{"host":"rolltorest","time":1612236671,"event":{"mods":["BaseMod","Minty Spire (QoL Compilation)","Relic Stats","Slay the Relics Exporter","StSLib"],"gold_per_floor":[113,263,263,282,296,296,331,346,346,381,381,408,168,181,181,260,260,272,272,291,303,240,240,240],"floor_reached":23,"language":"ENG","playtime":1741,"items_purged":["Doubt"],"score":447,"play_id":"9d5aa0e7-cf90-466f-8916-56fd63a2796e","local_time":"20210201193111","is_ascension_mode":true,"campfire_choices":[{"data":"Fire Breathing","floor":6,"key":"SMITH"},{"data":"Spot Weakness","floor":11,"key":"SMITH"},{"data":"Metallicize","floor":15,"key":"SMITH"}],"circlet_count":0,"master_deck":["AscendersBane","Strike_R","Strike_R","Strike_R","Strike_R","Strike_R","Defend_R","Defend_R","Defend_R","Defend_R","Bash","Fire Breathing+1","Metallicize+1","Pommel Strike","Clothesline","Feel No Pain","Spot Weakness+1","Offering","Headbutt","Blind","Thunderclap","Feed","CurseOfTheBell","Feel No Pain+1","Dropkick"],"relics":["Mark of Pain","Eternal Feather","Mango","Charon\u0027s Ashes","Pen Nib","Calling Bell","Juzu Bracelet","Kunai","Calipers","Bronze Scales"],"acts_visited":["Exordium","TheCity"],"potions_floor_usage":[10,16,20],"damage_taken":[{"damage":2,"enemies":"2 Louse","floor":1,"turns":3},{"damage":9,"enemies":"Jaw Worm","floor":4,"turns":4},{"damage":8,"enemies":"Cultist","floor":5,"turns":4},{"damage":9,"enemies":"3 Sentries","floor":7,"turns":4},{"damage":2,"enemies":"2 Fungi Beasts","floor":8,"turns":4},{"damage":20,"enemies":"Gremlin Nob","floor":10,"turns":4},{"damage":18,"enemies":"3 Sentries","floor":12,"turns":5},{"damage":6,"enemies":"Blue Slaver","floor":14,"turns":2},{"damage":26,"enemies":"The Guardian","floor":16,"turns":12},{"damage":25,"enemies":"2 Thieves","floor":18,"turns":3},{"damage":6,"enemies":"Chosen","floor":20,"turns":3},{"damage":14,"enemies":"Snecko","floor":21,"turns":5},{"damage":31,"enemies":"Gremlin Leader","floor":23,"turns":3}],"seed_played":"-4959600528392183937","potions_obtained":[{"floor":1,"key":"Fire Potion"},{"floor":5,"key":"Block Potion"},{"floor":7,"key":"BloodPotion"},{"floor":10,"key":"SneckoOil"}],"is_trial":false,"path_per_floor":["M","?","?","M","M","R","E","M","T","E","R","E","$","M","R","B",null,"M","?","M","M","?","E"],"character_chosen":"IRONCLAD","items_purchased":["Headbutt","Blind"],"campfire_rested":0,"item_purchase_floors":[13,13],"current_hp_per_floor":[66,66,71,62,54,54,45,43,57,37,46,28,28,22,34,26,77,55,46,40,29,29,0,0],"gold":240,"neow_bonus":"BOSS_RELIC","is_daily":false,"chose_seed":false,"campfire_upgraded":3,"win_rate":0.0,"timestamp":1612236671,"path_taken":["M","?","?","M","M","R","E","M","T","E","R","E","$","M","R","BOSS","M","?","M","M","?","E"],"items_purchased_type":["Card","Card"],"build_version":"2020-12-18","purchased_purges":1,"victory":false,"max_hp_per_floor":[75,75,80,80,80,80,80,80,94,94,94,94,94,94,94,94,94,97,97,97,100,100,100,100],"relic_stats":{"counters":[13,56],"Bronze Scales":[9],"Eternal Feather":21,"Charon\u0027s Ashes":[54],"Pen Nib":[5],"Juzu Bracelet":0,"Kunai":[5],"obtain_stats":[{"Calling Bell":17,"Calipers":17,"Bronze Scales":22,"Eternal Feather":7,"Mango":9,"Mark of Pain":0,"Charon\u0027s Ashes":10,"Pen Nib":12,"Juzu Bracelet":17,"Kunai":17,"Burning Blood":0},{"Calling Bell":9,"Calipers":9,"Bronze Scales":12,"Eternal Feather":4,"Mango":5,"Mark of Pain":0,"Charon\u0027s Ashes":6,"Pen Nib":7,"Juzu Bracelet":9,"Kunai":9,"Burning Blood":0},{"Calling Bell":42,"Calipers":42,"Bronze Scales":53,"Eternal Feather":15,"Mango":19,"Mark of Pain":0,"Charon\u0027s Ashes":23,"Pen Nib":28,"Juzu Bracelet":42,"Kunai":42,"Burning Blood":0}]},"card_choices":[{"not_picked":["Dark Embrace","Warcry"],"picked":"Fire Breathing","floor":1},{"not_picked":["Sever Soul","Seeing Red"],"picked":"Metallicize","floor":4},{"not_picked":["Dual Wield","Thunderclap"],"picked":"Pommel Strike","floor":5},{"not_picked":["Body Slam","Wild Strike"],"picked":"Clothesline","floor":7},{"not_picked":["Headbutt","Havoc"],"picked":"Feel No Pain","floor":8},{"not_picked":["Ghostly Armor","Wild Strike"],"picked":"Spot Weakness","floor":10},{"not_picked":["True Grit","Wild Strike"],"picked":"Offering","floor":12},{"not_picked":["Anger","Dual Wield"],"picked":"Thunderclap","floor":14},{"not_picked":["Bludgeon","Fiend Fire"],"picked":"Feed","floor":16},{"not_picked":["Perfected Strike","Rage"],"picked":"Feel No Pain+1","floor":18},{"not_picked":["Heavy Blade","Iron Wave"],"picked":"Dropkick","floor":20},{"not_picked":["Flex+1","Clothesline","Dropkick"],"picked":"SKIP","floor":21}],"player_experience":1795904,"relics_obtained":[{"floor":7,"key":"Eternal Feather"},{"floor":9,"key":"Mango"},{"floor":10,"key":"Charon\u0027s Ashes"},{"floor":12,"key":"Pen Nib"},{"floor":17,"key":"Juzu Bracelet"},{"floor":17,"key":"Kunai"},{"floor":17,"key":"Calipers"}],"event_choices":[{"damage_healed":0,"gold_gain":150,"player_choice":"AGREE","damage_taken":0,"max_hp_gain":0,"max_hp_loss":0,"event_name":"Liars Game","floor":2,"gold_loss":0,"cards_obtained":["Doubt"]},{"damage_healed":0,"gold_gain":0,"player_choice":"Donut","damage_taken":0,"max_hp_gain":5,"max_hp_loss":0,"event_name":"Big Fish","floor":3,"gold_loss":0},{"damage_healed":0,"gold_gain":0,"player_choice":"Stopped","damage_taken":9,"max_hp_gain":0,"max_hp_loss":0,"event_name":"Cursed Tome","floor":19,"gold_loss":0},{"damage_healed":0,"gold_gain":0,"player_choice":"Paid Gold","damage_taken":0,"relics_obtained":["Bronze Scales"],"max_hp_gain":0,"max_hp_loss":0,"event_name":"WeMeetAgain","floor":22,"gold_loss":63}],"is_beta":true,"boss_relics":[{"not_picked":["Fusion Hammer","SlaversCollar"],"picked":"Calling Bell"}],"items_purged_floors":[13],"is_endless":false,"potions_floor_spawned":[1,5,7,10],"killed_by":"Gremlin Leader","ascension_level":20}}