{"host":"gk336il5jfnqajsw","time":1612261527,"event":{"mods":["2.2 Compatiblity","AchievementEnabler","BaseMod","Colored Powertips","Minty Spire (QoL Compilation)","Relic Stats","StSLib"],"gold_per_floor":[118,118,133,308,328,253,263,278,332,366,366,379,66,77,77,178,178,190,209,0,18,31,62,62,62,62,91,91,91,103,30,30,30,30],"floor_reached":33,"language":"ENG","playtime":1320,"items_purged":["Doubt","Defend_G"],"score":289,"play_id":"3f40b4c7-9f46-4b3d-aa32-9d27183af769","local_time":"20210202032527","is_ascension_mode":false,"campfire_choices":[{"data":"Terror","floor":15,"key":"SMITH"},{"data":"Choke","floor":24,"key":"SMITH"},{"data":"Acrobatics","floor":29,"key":"SMITH"},{"data":"Accuracy","floor":32,"key":"SMITH"}],"circlet_count":0,"master_deck":["Strike_G","Strike_G","Strike_G","Strike_G","Strike_G","Defend_G","Defend_G","Defend_G","Defend_G","Survivor","Neutralize","Dramatic Entrance","Underhanded Strike","Slice","Deflect","Quick Slash","Slice","Infinite Blades+1","Terror+1","Venomology","Quick Slash","Prepared","Acrobatics+1","Choke+1","Acrobatics+1","Calculated Gamble+1","Backstab+1","Slice","Accuracy+1"],"relics":["Ring of the Snake","Nunchaku","Meat on the Bone","Art of War","Bag of Marbles","SlaversCollar","Akabeko","Toxic Egg 2","Tiny Chest"],"acts_visited":["TheCity"],"potions_floor_usage":[10,16,18,21,22,23,23,30,33,33],"damage_taken":[{"damage":0,"enemies":"2 Louse","floor":1,"turns":2},{"damage":0,"enemies":"Small Slimes","floor":3,"turns":3},{"damage":0,"enemies":"Jaw Worm","floor":5,"turns":2},{"damage":0,"enemies":"2 Fungi Beasts","floor":7,"turns":2},{"damage":0,"enemies":"Lots of Slimes","floor":8,"turns":2},{"damage":28,"enemies":"Lagavulin","floor":10,"turns":6},{"damage":0,"enemies":"Looter","floor":12,"turns":3},{"damage":0,"enemies":"Blue Slaver","floor":14,"turns":3},{"damage":14,"enemies":"Hexaghost","floor":16,"turns":9},{"damage":3,"enemies":"Spheric Guardian","floor":18,"turns":5},{"damage":18,"enemies":"Shell Parasite","floor":19,"turns":6},{"damage":0,"enemies":"Snecko","floor":21,"turns":3},{"damage":8,"enemies":"Snake Plant","floor":22,"turns":3},{"damage":3,"enemies":"Slavers","floor":23,"turns":2},{"damage":19,"enemies":"Gremlin Leader","floor":27,"turns":5},{"damage":8,"enemies":"Centurion and Healer","floor":30,"turns":4},{"damage":54,"enemies":"Champ","floor":33,"turns":8}],"seed_played":"-4679526627755862930","potions_obtained":[{"floor":1,"key":"Poison Potion"},{"floor":8,"key":"Explosive Potion"},{"floor":12,"key":"SkillPotion"},{"floor":19,"key":"SkillPotion"},{"floor":23,"key":"LiquidMemories"},{"floor":27,"key":"Regen Potion"}],"is_trial":false,"path_per_floor":["M","?","M","?","M","$","M","M","T","E","?","M","$","M","R","B",null,"M","M","$","M","M","E","R","?","T","E","?","R","M","$","R","B"],"character_chosen":"THE_SILENT","items_purchased":["Bag of Marbles","Infinite Blades","Akabeko","Acrobatics","Accuracy"],"campfire_rested":0,"item_purchase_floors":[13,13,20,20,31],"current_hp_per_floor":[70,75,75,75,75,75,75,75,75,47,29,41,41,41,41,39,75,72,54,54,54,46,43,43,68,68,49,49,49,53,53,53,0,0],"gold":30,"neow_bonus":"RANDOM_COLORLESS","is_daily":false,"chose_seed":false,"campfire_upgraded":4,"win_rate":0.0,"timestamp":1612261527,"path_taken":["M","?","M","?","M","?","M","M","T","E","?","M","$","M","R","BOSS","M","M","$","M","M","E","R","?","T","E","?","R","?","$","R","BOSS"],"items_purchased_type":["Relic","Card","Relic","Card","Card"],"build_version":"2020-12-22","purchased_purges":2,"victory":false,"max_hp_per_floor":[70,75,75,75,75,75,75,75,75,75,75,75,75,75,75,75,75,75,75,75,75,75,75,75,75,75,75,75,75,75,75,75,75,75],"relic_stats":{"Nunchaku":[18],"counters":[17,68],"Tiny Chest":0,"Art of War":[0],"obtain_stats":[{"SlaversCollar":17,"Nunchaku":9,"Tiny Chest":27,"Art of War":11,"Bag of Marbles":13,"Toxic Egg 2":23,"Akabeko":20,"Ring of the Snake":0,"Meat on the Bone":10},{"SlaversCollar":9,"Nunchaku":5,"Tiny Chest":15,"Art of War":6,"Bag of Marbles":7,"Toxic Egg 2":14,"Akabeko":11,"Ring of the Snake":0,"Meat on the Bone":6},{"SlaversCollar":32,"Nunchaku":11,"Tiny Chest":56,"Art of War":17,"Bag of Marbles":20,"Toxic Egg 2":51,"Akabeko":43,"Ring of the Snake":0,"Meat on the Bone":17}],"Ring of the Snake":[34],"Meat on the Bone":24},"card_choices":[{"not_picked":["Blind","Forethought"],"picked":"Dramatic Entrance","floor":0},{"not_picked":["Flying Knee","Quick Slash"],"picked":"Underhanded Strike","floor":1},{"not_picked":["Distraction","Deadly Poison"],"picked":"Slice","floor":3},{"not_picked":["Leg Sweep","Well Laid Plans","Escape Plan"],"picked":"SKIP","floor":5},{"not_picked":["Burst","Riddle With Holes"],"picked":"Deflect","floor":7},{"not_picked":["Well Laid Plans","Eviscerate"],"picked":"Quick Slash","floor":8},{"not_picked":["Poisoned Stab","Cloak And Dagger","Dodge and Roll"],"picked":"SKIP","floor":10},{"not_picked":["Cloak And Dagger","PiercingWail"],"picked":"Slice","floor":12},{"not_picked":["Leg Sweep","Corpse Explosion"],"picked":"Terror","floor":14},{"not_picked":["Grand Finale","Bullet Time"],"picked":"Venomology","floor":16},{"not_picked":["Concentrate","Underhanded Strike+1"],"picked":"Quick Slash","floor":18},{"not_picked":["Leg Sweep","Poisoned Stab"],"picked":"Prepared","floor":19},{"not_picked":["Deadly Poison","Backflip"],"picked":"Choke","floor":21},{"not_picked":["Reflex+1","Bullet Time"],"picked":"Acrobatics+1","floor":22},{"not_picked":["All Out Attack+1","Endless Agony+1"],"picked":"Calculated Gamble+1","floor":23},{"not_picked":["Flying Knee","Acrobatics+1"],"picked":"Backstab+1","floor":27},{"not_picked":["All Out Attack+1","Setup+1"],"picked":"Slice","floor":30}],"player_experience":564513,"relics_obtained":[{"floor":9,"key":"Nunchaku"},{"floor":10,"key":"Meat on the Bone"},{"floor":23,"key":"Toxic Egg 2"},{"floor":27,"key":"Tiny Chest"}],"event_choices":[{"damage_healed":0,"gold_gain":0,"player_choice":"Donut","damage_taken":0,"max_hp_gain":5,"max_hp_loss":0,"event_name":"Big Fish","floor":2,"gold_loss":0},{"damage_healed":0,"gold_gain":175,"player_choice":"AGREE","damage_taken":0,"max_hp_gain":0,"max_hp_loss":0,"event_name":"Liars Game","floor":4,"gold_loss":0,"cards_obtained":["Doubt"]},{"damage_healed":0,"gold_gain":0,"player_choice":"Success","damage_taken":18,"relics_obtained":["Art of War"],"max_hp_gain":0,"max_hp_loss":0,"event_name":"Scrap Ooze","floor":11,"gold_loss":0},{"damage_healed":25,"gold_gain":0,"player_choice":"Heal","damage_taken":0,"max_hp_gain":0,"max_hp_loss":0,"event_name":"The Library","floor":25,"gold_loss":0},{"damage_healed":0,"gold_gain":0,"player_choice":"Upgraded","damage_taken":0,"max_hp_gain":0,"max_hp_loss":0,"event_name":"Upgrade Shrine","floor":28,"gold_loss":0,"cards_upgraded":["Infinite Blades"]}],"is_beta":false,"boss_relics":[{"not_picked":["Ectoplasm","Runic Dome"],"picked":"SlaversCollar"}],"items_purged_floors":[6,13],"is_endless":false,"potions_floor_spawned":[1,8,12,19,23,27],"killed_by":"Champ","ascension_level":0}}