{"host":"takgv9cv6xf64vhq","time":1612251932,"event":{"mods":["BaseMod","Colored Powertips","Conspire","Decade(王小明)","Downfall","Energized Spire","Hermit","Hubris","LagranYue(拉格朗・月)","Marisa（F雨　魔理沙）","Minty Spire (QoL Compilation)","Replay The Spire","StSLib","The Cursed","The Hierophant","The Jungle","The Servant 0.9.4","TheHeartMod"],"gold_per_floor":[112,112,387,399,75,104,122,136,162,162,174,6,6,21,21,125,125,145,20,20,34,34,61,61,96,96,96,195,195,207,218,218,317,317,348,348,365,381,381,381],"floor_reached":39,"language":"ZHS","playtime":2726,"items_purged":["Regret","Strike_G","Strike_G"],"score":732,"play_id":"090d23bc-82ff-41f5-8179-15e02ac7f43d","local_time":"20210202154532","is_ascension_mode":true,"campfire_choices":[{"data":"Catalyst","floor":10.0,"key":"SMITH"},{"data":"Fluid Movement","floor":15.0,"key":"SMITH"},{"data":"Envenom","floor":24.0,"key":"SMITH"},{"data":"Cloak And Dagger","floor":27.0,"key":"SMITH"},{"data":"Backflip","floor":29.0,"key":"SMITH"},{"data":"Survivor","floor":32.0,"key":"SMITH"}],"circlet_count":0,"master_deck":["AscendersBane","Defend_G","Defend_G","Defend_G","Defend_G","Defend_G","Survivor+1","Neutralize+1","Phantasmal Killer+1","Underhanded Strike+1","Prepared+1","Acrobatics","Calculated Gamble","Poison Darts","Catalyst+1","Cloak And Dagger+1","Fluid Movement+1","Footwork","Quick Slash","Die Die Die","Deadly Poison","ReplayTheSpireMod:Scrap Shanks","Envenom+1","Night Terror","ReplayTheSpireMod:Splinters","Backflip+1","Bane+1","Catalyst","hubris:SlightOfHand+1","PiercingWail","A Thousand Cuts","CurseOfTheBell","Backflip+1","Footwork+1","Hidden Blade"],"relics":["Astrolabe","Shuriken","hubris:SphereOfDissonance","Vajra","ReplayTheSpireMod:Shallot","hubris:RunicObelisk","theJungle:WildStrawberry","theJungle:BirthdayCakeSlice","ReplayTheSpireMod:Ninjato","conspire:BottledYoYo","Calling Bell","Ancient Tea Set","Question Card","LagranYue:ReturningEmperorRelic","hubris:Icosahedron"],"acts_visited":["Exordium","Exordium","TheBeyond"],"potions_floor_usage":[39,39],"damage_taken":[{"damage":1.0,"enemies":"2 Louse","floor":1.0,"turns":3.0},{"damage":0.0,"enemies":"Cultist","floor":4.0,"turns":3.0},{"damage":26.0,"enemies":"Gremlin Nob","floor":6.0,"turns":5.0},{"damage":0.0,"enemies":"Small Slimes","floor":7.0,"turns":2.0},{"damage":6.0,"enemies":"Looter","floor":8.0,"turns":3.0},{"damage":3.0,"enemies":"Large Slime","floor":11.0,"turns":4.0},{"damage":14.0,"enemies":"Exordium Wildlife","floor":14.0,"turns":3.0},{"damage":4.0,"enemies":"Hexaghost","floor":16.0,"turns":8.0},{"damage":2.0,"enemies":"theJungle:MUSHROOMGANG","floor":18.0,"turns":4.0},{"damage":7.0,"enemies":"theJungle:Flameango_and_Byrd","floor":21.0,"turns":3.0},{"damage":11.0,"enemies":"theJungle:MamaSnecko","floor":23.0,"turns":7.0},{"damage":4.0,"enemies":"theJungle:Cassacara","floor":25.0,"turns":5.0},{"damage":12.0,"enemies":"theJungle:2_Flameangoes","floor":30.0,"turns":5.0},{"damage":2.0,"enemies":"Snake Plant","floor":31.0,"turns":4.0},{"damage":0.0,"enemies":"theJungle:QueenSpyder","floor":33.0,"turns":5.0},{"damage":16.0,"enemies":"3 Shapes","floor":35.0,"turns":7.0},{"damage":13.0,"enemies":"3 Darklings","floor":37.0,"turns":7.0},{"damage":6.0,"enemies":"4 Shapes","floor":38.0,"turns":8.0},{"damage":22,"enemies":"Orin","floor":39,"turns":7}],"seed_played":"-7886684593051458364","potions_obtained":[{"floor":6.0,"key":"Elixir"},{"floor":8.0,"key":"champ:CounterPotion"},{"floor":16.0,"key":"SkillPotion"},{"floor":18.0,"key":"SpeedPotion"},{"floor":30.0,"key":"CunningPotion"},{"floor":33.0,"key":"ColorlessPotion"},{"floor":37.0,"key":"Weak Potion"},{"floor":38.0,"key":"Elixir"}],"is_trial":false,"path_per_floor":["M","?","?","M","$","E","M","M","T","R","M","$","T","M","R","B",null,"M","$","?","M","?","E","R","E","T","R","?","R","M","M","R","B",null,"M","?","M","M","?"],"character_chosen":"THE_SILENT","items_purchased":["Shuriken","Footwork"],"campfire_rested":0,"item_purchase_floors":[5,12],"current_hp_per_floor":[62,62,62,62,62,36,36,30,30,30,27,27,27,13,13,9,55,53,53,46,39,44,33,33,29,29,29,29,29,17,15,15,15,65,49,49,36,30,8,8],"gold":381,"neow_bonus":"BOSS_RELIC","is_daily":false,"chose_seed":false,"campfire_upgraded":6,"win_rate":0.0,"timestamp":1612251932,"path_taken":["M","?","?","M","$","E","?","M","T","R","M","$","?","M","R","BOSS","M","$","?","M","?","E","R","E","T","R","?","R","M","M","R","BOSS","M","?","M","M","?"],"items_purchased_type":["Relic","Card"],"build_version":"2020-12-22","purchased_purges":3,"victory":false,"max_hp_per_floor":[70,70,70,70,70,70,70,70,70,70,70,70,70,70,70,70,70,70,70,77,77,82,82,82,82,82,82,82,82,82,82,82,82,82,82,82,82,82,82,82],"card_choices":[{"not_picked":["Prepared","Deadly Poison"],"picked":"Acrobatics","floor":1.0},{"not_picked":["Underhanded Strike","All Out Attack"],"picked":"Calculated Gamble","floor":4.0},{"not_picked":["Dagger Throw","Deflect"],"picked":"Poison Darts","floor":6.0},{"not_picked":["Skewer","Underhanded Strike"],"picked":"Catalyst","floor":7.0},{"not_picked":["Quick Slash","Accuracy"],"picked":"Cloak And Dagger","floor":8.0},{"not_picked":["Dagger Throw","Deadly Poison"],"picked":"Fluid Movement","floor":11.0},{"not_picked":["Flying Knee","Slice"],"picked":"Quick Slash","floor":14.0},{"not_picked":["Unload","Wraith Form v2"],"picked":"Die Die Die","floor":16.0},{"not_picked":["Eviscerate+1","Outmaneuver"],"picked":"Deadly Poison","floor":18.0},{"not_picked":["hubris:Sniper","Deflect"],"picked":"ReplayTheSpireMod:Scrap Shanks","floor":21.0},{"not_picked":["Finisher","Distraction"],"picked":"Envenom","floor":23.0},{"not_picked":["Outmaneuver","Dash"],"picked":"Night Terror","floor":25.0},{"not_picked":["Bane","All Out Attack"],"picked":"Backflip","floor":28.0},{"not_picked":["PiercingWail","Sucker Punch+1"],"picked":"Bane+1","floor":28.0},{"not_picked":["PiercingWail","Envenom"],"picked":"Catalyst","floor":28.0},{"not_picked":["Bane","Outmaneuver"],"picked":"hubris:SlightOfHand+1","floor":30.0},{"not_picked":["Deadly Poison+1","Bane"],"picked":"PiercingWail","floor":31.0},{"not_picked":["Die Die Die","Poison Darts"],"picked":"A Thousand Cuts","floor":33.0},{"not_picked":["Deadly Poison","Hidden Blade+1","Outmaneuver"],"picked":"Backflip+1","floor":35.0},{"not_picked":["Quick Slash+1","hubris:TrickCloak+1","Toxin Wave+1"],"picked":"Footwork+1","floor":37.0},{"not_picked":["Expertise","Choke+1","Dagger Spray"],"picked":"Hidden Blade","floor":38.0}],"player_experience":318152,"relics_obtained":[{"floor":6.0,"key":"hubris:SphereOfDissonance"},{"floor":9.0,"key":"Vajra"},{"floor":13.0,"key":"ReplayTheSpireMod:Shallot"},{"floor":23.0,"key":"ReplayTheSpireMod:Ninjato"},{"floor":25.0,"key":"conspire:BottledYoYo"},{"floor":34.0,"key":"Ancient Tea Set"},{"floor":34.0,"key":"Question Card"},{"floor":34.0,"key":"LagranYue:ReturningEmperorRelic"}],"event_choices":[{"damage_healed":0.0,"max_hp_gain":0.0,"max_hp_loss":0.0,"gold_gain":275.0,"event_name":"Golden Shrine","player_choice":"Desecrate","floor":3.0,"gold_loss":0.0,"damage_taken":0.0,"cards_obtained":["Regret"]},{"damage_healed":0,"gold_gain":0,"player_choice":"Fight","damage_taken":0,"max_hp_gain":0,"max_hp_loss":0,"event_name":"OrinTheCat","floor":39,"gold_loss":0}],"is_beta":false,"boss_relics":[{"not_picked":["Replay:Fungal Core","energizedSpire:SpiderWeb"],"picked":"hubris:RunicObelisk"},{"not_picked":["Replay:Drink Me","HoveringKite"],"picked":"Calling Bell"}],"items_purged_floors":[5,12,19],"is_endless":false,"potions_floor_spawned":[6,8,16,18,30,33,37,38],"killed_by":"Orin","ascension_level":10}}