{"host":"2se5dq1do2gp0x9k","time":1612238202,"event":{"mods":["AchievementEnabler","BaseMod","Block Reminder","Colored Map","Colored Powertips","Minty Spire (QoL Compilation)","Relic Stats","StSLib","SuperFastMode"],"gold_per_floor":[111,124,138,138,154,154,184,184,230,262,262,277,114,132,132,205,205,217,217,217],"floor_reached":19,"language":"ENG","playtime":659,"items_purged":["Defend_P"],"score":388,"play_id":"8cfd8a62-8440-4cbd-b30c-ec29a8ee7008","local_time":"20210201195642","is_ascension_mode":true,"campfire_choices":[{"data":"Eruption","floor":6.0,"key":"SMITH"},{"data":"BowlingBash","floor":8.0,"key":"SMITH"},{"floor":15.0,"key":"REST"}],"circlet_count":0,"master_deck":["AscendersBane","Strike_P","Strike_P","Strike_P","Strike_P","Defend_P","Defend_P","Defend_P","Eruption+1","Vigilance","BowlingBash+1","ReachHeaven","JustLucky","Indignation","Pray","Worship","ThirdEye","Sanctity","ThirdEye","LessonLearned","Pray"],"relics":["PureWater","NeowsBlessing","StrikeDummy","Bag of Preparation","Anchor","Eternal Feather","Runic Pyramid"],"acts_visited":["Exordium","TheCity"],"potions_floor_usage":[16],"damage_taken":[{"damage":0.0,"enemies":"2 Louse","floor":1.0,"turns":2.0},{"damage":0.0,"enemies":"Jaw Worm","floor":2.0,"turns":1.0},{"damage":0.0,"enemies":"Small Slimes","floor":3.0,"turns":1.0},{"damage":5.0,"enemies":"Exordium Thugs","floor":5.0,"turns":3.0},{"damage":0.0,"enemies":"3 Sentries","floor":7.0,"turns":4.0},{"damage":27.0,"enemies":"Lagavulin","floor":10.0,"turns":6.0},{"damage":19.0,"enemies":"Red Slaver","floor":12.0,"turns":4.0},{"damage":0.0,"enemies":"Lots of Slimes","floor":14.0,"turns":3.0},{"damage":4,"enemies":"Slime Boss","floor":16,"turns":6},{"damage":9,"enemies":"Chosen","floor":18,"turns":5},{"damage":4,"enemies":"Shell Parasite","floor":19,"turns":3}],"seed_played":"1004487678852255258","potions_obtained":[{"floor":1.0,"key":"Explosive Potion"},{"floor":5.0,"key":"BlessingOfTheForge"},{"floor":7.0,"key":"GamblersBrew"},{"floor":14.0,"key":"SpeedPotion"}],"is_trial":false,"path_per_floor":["M","M","M","?","M","R","E","R","T","E","?","M","$","M","R","B",null,"M","M"],"character_chosen":"WATCHER","items_purchased":["Sanctity"],"campfire_rested":1,"item_purchase_floors":[13],"current_hp_per_floor":[61,61,61,61,56,56,56,56,56,29,24,5,5,5,34,30,59,50,46,46],"gold":217,"neow_bonus":"THREE_ENEMY_KILL","is_daily":false,"chose_seed":false,"campfire_upgraded":2,"win_rate":0.0,"timestamp":1612238202,"path_taken":["M","M","M","?","M","R","E","R","T","E","?","M","$","?","R","BOSS","M","M"],"items_purchased_type":["Card"],"build_version":"2020-12-22","purchased_purges":1,"victory":false,"max_hp_per_floor":[68,68,68,68,68,68,68,68,68,68,68,68,68,68,68,68,68,68,68,68],"relic_stats":{"counters":[11,38],"Eternal Feather":9,"Bag of Preparation":[12],"obtain_stats":[{"Anchor":10,"NeowsBlessing":0,"Eternal Feather":11,"Bag of Preparation":9,"PureWater":0,"StrikeDummy":7,"Runic Pyramid":17},{"Anchor":6,"NeowsBlessing":0,"Eternal Feather":6,"Bag of Preparation":5,"PureWater":0,"StrikeDummy":5,"Runic Pyramid":9},{"Anchor":17,"NeowsBlessing":0,"Eternal Feather":17,"Bag of Preparation":11,"PureWater":0,"StrikeDummy":11,"Runic Pyramid":30}]},"card_choices":[{"not_picked":["Halt","Crescendo"],"picked":"BowlingBash","floor":1.0},{"not_picked":["DeceiveReality","WheelKick"],"picked":"ReachHeaven","floor":2.0},{"not_picked":["WindmillStrike","FlyingSleeves"],"picked":"JustLucky","floor":3.0},{"not_picked":["Halt","Study"],"picked":"Indignation","floor":5.0},{"not_picked":["Crescendo","PathToVictory"],"picked":"Pray","floor":7.0},{"not_picked":["ThirdEye","Judgement"],"picked":"Worship","floor":10.0},{"not_picked":["Worship","FollowUp"],"picked":"ThirdEye","floor":12.0},{"not_picked":["Evaluate","EmptyBody"],"picked":"ThirdEye","floor":14.0},{"not_picked":["Wish","Devotion"],"picked":"LessonLearned","floor":16},{"not_picked":["Conclude","Study"],"picked":"Pray","floor":18}],"player_experience":4049130,"relics_obtained":[{"floor":7.0,"key":"StrikeDummy"},{"floor":9.0,"key":"Bag of Preparation"},{"floor":10.0,"key":"Anchor"}],"event_choices":[{"damage_healed":0.0,"max_hp_gain":0.0,"max_hp_loss":0.0,"gold_gain":0.0,"event_name":"Liars Game","player_choice":"Ignored","floor":4.0,"gold_loss":0.0,"damage_taken":0.0},{"damage_healed":0.0,"max_hp_gain":0.0,"max_hp_loss":0.0,"gold_gain":0.0,"event_name":"Scrap Ooze","player_choice":"Success","floor":11.0,"gold_loss":0.0,"damage_taken":5.0,"relics_obtained":["Eternal Feather"]}],"is_beta":false,"boss_relics":[{"not_picked":["Astrolabe","Velvet Choker"],"picked":"Runic Pyramid"}],"items_purged_floors":[13],"is_endless":false,"potions_floor_spawned":[1,5,7,14],"killed_by":"Shell Parasite","ascension_level":18}}