{"host":"2ty4h143nj8vwezc","time":1612237404,"event":{"mods":["BaseMod","Colored Map","Googly Eyes","Highlight Path","Minty Spire (QoL Compilation)","Quick Restart","StSLib"],"gold_per_floor":[119,119,130,130,45,75,75,110,134,153,153,153,166,185,185,262,262,275,275,275],"floor_reached":19,"language":"ENG","playtime":863,"items_purged":[],"score":384,"play_id":"7f12ba0e-b395-42bc-8c6a-5c2b52fd2b90","local_time":"20210201224324","is_ascension_mode":true,"campfire_choices":[{"data":"Neutralize","floor":7.0,"key":"SMITH"},{"floor":11.0,"key":"REST"},{"data":"Envenom","floor":15.0,"key":"SMITH"}],"circlet_count":0,"master_deck":["AscendersBane","Strike_G","Strike_G","Strike_G","Strike_G","Strike_G","Defend_G","Defend_G","Defend_G","Defend_G","Defend_G","Survivor","Neutralize+1","Dagger Throw","Regret","Deflect+1","Outmaneuver+1","Dodge and Roll+1","Envenom+1","Blade Dance+1","Setup+1","Prepared+1","Corpse Explosion+1","Backstab"],"relics":["Ring of the Snake","NeowsBlessing","Paper Crane","Toxic Egg 2","Art of War","Snake Skull","Strawberry","Black Star"],"acts_visited":["Exordium","TheCity"],"potions_floor_usage":[],"damage_taken":[{"damage":0.0,"enemies":"Cultist","floor":1.0,"turns":1.0},{"damage":0.0,"enemies":"2 Louse","floor":3.0,"turns":1.0},{"damage":0.0,"enemies":"Lagavulin","floor":6.0,"turns":1.0},{"damage":38.0,"enemies":"3 Sentries","floor":8.0,"turns":19.0},{"damage":0.0,"enemies":"Small Slimes","floor":10.0,"turns":3.0},{"damage":1.0,"enemies":"2 Fungi Beasts","floor":13.0,"turns":4.0},{"damage":3.0,"enemies":"Blue Slaver","floor":14.0,"turns":4.0},{"damage":21.0,"enemies":"Hexaghost","floor":16.0,"turns":9.0},{"damage":20.0,"enemies":"2 Thieves","floor":18.0,"turns":4.0},{"damage":42,"enemies":"Spheric Guardian","floor":19,"turns":7}],"seed_played":"427535565555540413","potions_obtained":[{"floor":3.0,"key":"EssenceOfSteel"},{"floor":8.0,"key":"CunningPotion"},{"floor":16.0,"key":"FearPotion"}],"is_trial":false,"path_per_floor":["M","T","M","?","$","E","R","E","T","M","R","?","M","M","R","B",null,"M","M"],"character_chosen":"THE_SILENT","items_purchased":["Deflect+1","Outmaneuver+1"],"campfire_rested":1,"item_purchase_floors":[5,5],"current_hp_per_floor":[59,59,59,59,59,59,59,21,28,28,49,49,48,45,45,24,61,41,0,0],"gold":275,"neow_bonus":"THREE_ENEMY_KILL","is_daily":false,"chose_seed":false,"campfire_upgraded":2,"win_rate":0.0,"timestamp":1612237404,"path_taken":["M","?","?","?","$","E","R","E","T","M","R","?","M","M","R","BOSS","M","M"],"items_purchased_type":["Card","Card"],"build_version":"2020-12-22","purchased_purges":0,"victory":false,"max_hp_per_floor":[66,66,66,66,66,66,66,66,73,73,73,73,73,73,73,73,73,73,73,73],"card_choices":[{"not_picked":["Bane","Poisoned Stab","Riddle With Holes"],"picked":"SKIP","floor":1.0},{"not_picked":["Concentrate","Poisoned Stab"],"picked":"Dagger Throw","floor":3.0},{"not_picked":["Dagger Throw","Quick Slash"],"picked":"Dodge and Roll+1","floor":6.0},{"not_picked":["Poisoned Stab","Skewer"],"picked":"Envenom","floor":8.0},{"not_picked":["Masterful Stab","Backflip+1"],"picked":"Blade Dance+1","floor":10.0},{"not_picked":["Caltrops","Prepared+1"],"picked":"Setup+1","floor":13.0},{"not_picked":["Underhanded Strike","Backflip+1"],"picked":"Prepared+1","floor":14.0},{"not_picked":["Phantasmal Killer+1","Doppelganger+1"],"picked":"Corpse Explosion+1","floor":16.0},{"not_picked":["Dodge and Roll+1","Expertise+1"],"picked":"Backstab","floor":18.0}],"player_experience":323729,"relics_obtained":[{"floor":2.0,"key":"Paper Crane"},{"floor":6.0,"key":"Art of War"},{"floor":8.0,"key":"Snake Skull"},{"floor":9.0,"key":"Strawberry"}],"event_choices":[{"damage_healed":0.0,"max_hp_gain":0.0,"max_hp_loss":0.0,"gold_gain":0.0,"event_name":"Big Fish","player_choice":"Box","floor":4.0,"gold_loss":0.0,"damage_taken":0.0,"relics_obtained":["Toxic Egg 2"],"cards_obtained":["Regret"]},{"damage_healed":0.0,"max_hp_gain":0.0,"max_hp_loss":0.0,"gold_gain":0.0,"event_name":"Shining Light","player_choice":"Ignored","floor":12.0,"gold_loss":0.0,"damage_taken":0.0}],"is_beta":false,"boss_relics":[{"not_picked":["Astrolabe","Snecko Eye"],"picked":"Black Star"}],"items_purged_floors":[],"is_endless":false,"potions_floor_spawned":[3,8,16],"killed_by":"Spheric Guardian","ascension_level":18}}