{"host":"og6lam4kt3nibbw0","time":1612283605,"event":{"mods":["AchievementEnabler","BaseMod","Colored Map","DeckTracker","Highlight Path","Keyboard Shortcuts","Minty Spire (QoL Compilation)","Permanent Neow","Quick Restart","StSLib","SuperFastMode"],"gold_per_floor":[111,123,138,63,75,75,102,102,102,102,122,122,135,155,155,155,155],"floor_reached":16,"language":"KOR","playtime":409,"items_purged":["Injury"],"score":208,"play_id":"fefae7a4-0e70-4b26-b1ef-d6b8382f29a5","local_time":"20210203013325","is_ascension_mode":true,"campfire_choices":[{"data":"Dagger Spray","floor":6.0,"key":"SMITH"},{"data":"Poisoned Stab","floor":10.0,"key":"SMITH"},{"floor":12.0,"key":"REST"},{"floor":15.0,"key":"REST"}],"circlet_count":0,"master_deck":["AscendersBane","Strike_G","Strike_G","Strike_G","Strike_G","Defend_G","Defend_G","Defend_G","Defend_G","Defend_G","Survivor","Neutralize","Dagger Throw","Sucker Punch","Dagger Spray+1","Poisoned Stab+1","Bouncing Flask","Distraction","Bane"],"relics":["Ring of the Snake","Gambling Chip","Mummified Hand","Sundial"],"acts_visited":["Exordium"],"potions_floor_usage":[],"damage_taken":[{"damage":0.0,"enemies":"Cultist","floor":1.0,"turns":3.0},{"damage":4.0,"enemies":"Jaw Worm","floor":2.0,"turns":5.0},{"damage":1.0,"enemies":"2 Louse","floor":3.0,"turns":3.0},{"damage":11.0,"enemies":"2 Fungi Beasts","floor":5.0,"turns":5.0},{"damage":24.0,"enemies":"Gremlin Nob","floor":7.0,"turns":4.0},{"damage":0.0,"enemies":"Gremlin Gang","floor":11.0,"turns":2.0},{"damage":0.0,"enemies":"Large Slime","floor":13.0,"turns":4.0},{"damage":11.0,"enemies":"Looter","floor":14.0,"turns":3.0},{"damage":33,"enemies":"Slime Boss","floor":16,"turns":5}],"seed_played":"-941653840292871227","potions_obtained":[{"floor":3.0,"key":"Weak Potion"},{"floor":7.0,"key":"SmokeBomb"}],"is_trial":false,"path_per_floor":["M","M","M","$","M","R","E","?","T","R","M","R","M","M","R","B"],"character_chosen":"THE_SILENT","items_purchased":[],"campfire_rested":2,"item_purchase_floors":[],"current_hp_per_floor":[59,55,54,54,43,43,19,19,19,19,19,38,38,27,46,13,13],"gold":155,"neow_bonus":"ONE_RARE_RELIC","is_daily":false,"chose_seed":false,"campfire_upgraded":2,"win_rate":0.0,"timestamp":1612283605,"path_taken":["M","?","M","$","M","R","E","?","T","R","?","R","M","M","M","R","BOSS"],"items_purchased_type":[],"build_version":"2020-12-22","purchased_purges":1,"victory":false,"max_hp_per_floor":[66,66,66,66,66,66,66,66,66,66,66,66,66,66,66,66,66],"card_choices":[{"not_picked":["Cloak And Dagger","Prepared"],"picked":"Dagger Throw","floor":1.0},{"not_picked":["Acrobatics","Heel Hook"],"picked":"Sucker Punch","floor":2.0},{"not_picked":["Dagger Throw","Bane","Sucker Punch"],"picked":"SKIP","floor":3.0},{"not_picked":["Well Laid Plans","Flying Knee"],"picked":"Dagger Spray","floor":5.0},{"not_picked":["Sucker Punch","Expertise"],"picked":"Poisoned Stab","floor":7.0},{"not_picked":["Poisoned Stab","Blade Dance"],"picked":"Bouncing Flask","floor":11.0},{"not_picked":["Dagger Spray","Caltrops"],"picked":"Distraction","floor":13.0},{"not_picked":["PiercingWail","Terror"],"picked":"Bane","floor":14.0}],"player_experience":974534,"relics_obtained":[{"floor":7.0,"key":"Mummified Hand"},{"floor":9.0,"key":"Sundial"}],"event_choices":[{"cards_removed":["Strike_G"],"damage_healed":0.0,"max_hp_gain":0.0,"max_hp_loss":0.0,"gold_gain":0.0,"event_name":"Bonfire Elementals","player_choice":"Offered Basic","floor":8.0,"gold_loss":0.0,"damage_taken":0.0}],"is_beta":false,"boss_relics":[],"items_purged_floors":[4],"is_endless":false,"potions_floor_spawned":[3,7],"killed_by":"Slime Boss","ascension_level":20}}