{"host":"92wx9z21c4p52du4","time":1612299144,"event":{"mods":["BaseMod","Downfall","Hermit","Minty Spire (QoL Compilation)","Reliquary","StSLib","The Hierophant"],"gold_per_floor":[99,549,724,44,63,118,164,164,194,194,285,285,285,310,361,456,456,456,488,523,523,554,554,579,579,611,645,665,701,701,729,769,769,769,769],"floor_reached":33,"language":"ENG","playtime":2536,"items_purged":[],"score":372,"play_id":"23c61720-4830-42a1-82c2-6e776110c15d","local_time":"20210202145224","is_ascension_mode":false,"campfire_choices":[{"data":"bronze:Replicate","floor":1,"key":"SMITH"},{"data":"bronze:Goto","floor":8,"key":"SMITH"},{"data":"bronze:Return","floor":12,"key":"SMITH"},{"data":"bronze:Format","floor":18,"key":"SMITH"},{"data":"bronze:Repulsor","floor":30,"key":"SMITH"}],"circlet_count":0,"master_deck":["bronze:Strike","bronze:Strike","bronze:Defend","bronze:Defend","bronze:Defend","bronze:Replicate+1","bronze:Goto+1","downfall:Icky","downfall:Icky","downfall:Icky","bronze:OilSpill","HandOfGreed","bronze:DigitalCarnage","bronze:Flail","bronze:Return+1","bronze:Safeguard","bronze:ChildClass","bronze:Iterate","bronze:Repulsor+1","bronze:Format+1","bronze:Boost+1","bronze:CleanCode+1","bronze:Flail+1","bronze:ChildClass","bronze:Repair+1","Slimebound:CheckThePlaybook","downfall:Icky","bronze:ChosenStrike","bronze:FollowUp+1","bronze:BurnOut","bronze:BuggyMess+1"],"relics":["bronze:BronzeCore","Torii","ClockworkSouvenir","reliquary:RoseTintedGlasses","reliquary:TridentHead","Astrolabe","reliquary:Knoch","Kunai","Bottled Lightning","PreservedInsect"],"acts_visited":["Exordium","TheCity"],"potions_floor_usage":[11,13,14,14,16,19,22,27,33,33],"damage_taken":[{"damage":10,"enemies":"downfall:FleeingMerchant","floor":4,"turns":4},{"damage":2,"enemies":"Small Slimes","floor":5,"turns":4},{"damage":3,"enemies":"2 Louse","floor":6,"turns":6},{"damage":1,"enemies":"Cultist","floor":9,"turns":3},{"damage":12,"enemies":"3 Sentries","floor":11,"turns":11},{"damage":0,"enemies":"Lagavulin","floor":14,"turns":3},{"damage":2,"enemies":"2 Fungi Beasts","floor":15,"turns":6},{"damage":43,"enemies":"SI_SHIV_ARCHETYPE","floor":16,"turns":8},{"damage":1,"enemies":"Shell Parasite","floor":19,"turns":5},{"damage":2,"enemies":"Cultist and Chosen","floor":20,"turns":4},{"damage":0,"enemies":"Centurion and Healer","floor":22,"turns":4},{"damage":2,"enemies":"Snecko","floor":26,"turns":5},{"damage":56,"enemies":"Slavers","floor":27,"turns":7},{"damage":0,"enemies":"3 Cultists","floor":28,"turns":5},{"damage":10,"enemies":"Centurion and Healer","floor":29,"turns":9},{"damage":43,"enemies":"Book of Stabbing","floor":31,"turns":6},{"damage":4,"enemies":"Chosen and Byrds","floor":32,"turns":5},{"damage":45,"enemies":"WA_ARCHETYPE_CALM","floor":33,"turns":12}],"seed_played":"469026979959631051","potions_obtained":[{"floor":5,"key":"GamblersBrew"},{"floor":9,"key":"Slimebound:ThreeZeroPotion"},{"floor":13,"key":"SkillPotion"},{"floor":13,"key":"Fruit Juice"},{"floor":13,"key":"Fire Potion"},{"floor":15,"key":"champ:CounterPotion"},{"floor":16,"key":"Block Potion"},{"floor":19,"key":"bronze:FreeFunctionsPotion"},{"floor":20,"key":"DistilledChaos"},{"floor":26,"key":"Regen Potion"},{"floor":31,"key":"hexamod:SoulburnPotion"},{"floor":32,"key":"GamblersBrew"}],"is_trial":false,"path_per_floor":["R","?","?","$","M","M","T","R","M","?","E","R","?","E","M","B",null,"R","M","M","?","M","?","T","T","M","E","M","M","R","E","M","B"],"character_chosen":"THE_AUTOMATON","items_purchased":["Torii","ClockworkSouvenir","HandOfGreed"],"campfire_rested":0,"item_purchase_floors":[4,4,4],"current_hp_per_floor":[77,77,77,67,65,62,62,62,61,61,49,49,54,54,52,9,82,82,81,79,79,82,82,82,82,80,49,59,59,59,26,32,0,0,0],"gold":769,"neow_bonus":"TEN_PERCENT_HP_BONUS","is_daily":false,"chose_seed":false,"campfire_upgraded":5,"win_rate":0.0,"timestamp":1612299144,"path_taken":["R","?","?","$","M","M","T","R","M","?","E","R","?","E","M","BOSS","R","?","M","?","M","?","T","?","?","E","M","M","R","E","M","BOSS"],"items_purchased_type":["Relic","Relic","Card"],"build_version":"2020-12-22","purchased_purges":0,"victory":false,"max_hp_per_floor":[77,77,77,77,77,77,77,77,77,77,77,77,82,82,82,82,82,82,82,82,82,82,82,82,82,82,82,82,82,82,82,82,82,82,82],"card_choices":[{"not_picked":["bronze:BronzeArmor","bronze:Deprecate"],"picked":"bronze:OilSpill","floor":4},{"not_picked":["bronze:ForceShield","bronze:FineTuning"],"picked":"bronze:DigitalCarnage","floor":5},{"not_picked":["bronze:OilSpill","bronze:Invalidate"],"picked":"bronze:Flail","floor":6},{"not_picked":["bronze:DelayedGuard","bronze:Frontload"],"picked":"bronze:Return","floor":9},{"not_picked":["bronze:SpaghettiCode","bronze:Overheat"],"picked":"bronze:ChildClass","floor":11},{"not_picked":["bronze:DarkDash","bronze:Deprecate"],"picked":"bronze:Iterate","floor":14},{"not_picked":["bronze:WildBeam","bronze:DigitalCarnage"],"picked":"bronze:Repulsor","floor":15},{"not_picked":["bronze:RecursiveStrike","bronze:FindAndReplace"],"picked":"bronze:Format","floor":16},{"not_picked":["bronze:BugBarrage+1","bronze:NullPointer"],"picked":"bronze:ChildClass","floor":19},{"not_picked":["bronze:ClassDefault","bronze:FineTuning"],"picked":"bronze:Repair+1","floor":20},{"not_picked":["bronze:DelayedSlice","bronze:Deprecate","bronze:WildBeam"],"picked":"SKIP","floor":22},{"not_picked":["bronze:Repulsor","bronze:Shield"],"picked":"bronze:ChosenStrike","floor":26},{"not_picked":["bronze:DigitalCarnage+1","bronze:MaxOutput","bronze:BitShift+1"],"picked":"SKIP","floor":27},{"not_picked":["bronze:Philosophize+1","bronze:Shield+1"],"picked":"bronze:FollowUp+1","floor":28},{"not_picked":["bronze:Shield","bronze:DelayedGuard+1"],"picked":"bronze:BurnOut","floor":29},{"not_picked":["bronze:Deprecate+1","bronze:Safeguard+1"],"picked":"bronze:BuggyMess+1","floor":31},{"not_picked":["bronze:BronzeArmor+1","bronze:WhirlingStrike","bronze:CutThrough"],"picked":"SKIP","floor":32}],"player_experience":208549,"relics_obtained":[{"floor":7,"key":"reliquary:RoseTintedGlasses"},{"floor":11,"key":"reliquary:TatteredRug"},{"floor":14,"key":"reliquary:TridentHead"},{"floor":24,"key":"reliquary:Knoch"},{"floor":25,"key":"Kunai"},{"floor":27,"key":"Bottled Lightning"},{"floor":31,"key":"PreservedInsect"}],"event_choices":[{"damage_healed":0,"gold_gain":0,"player_choice":"Ignored","damage_taken":0,"max_hp_gain":0,"max_hp_loss":0,"event_name":"Ghosts","floor":21,"gold_loss":0}],"is_beta":false,"boss_relics":[{"not_picked":["Busted Crown","reliquary:Ember"],"picked":"Astrolabe"}],"items_purged_floors":[],"is_endless":false,"potions_floor_spawned":[5,9,15,16,19,20,26,31,32],"killed_by":"WA_ARCHETYPE_CALM","ascension_level":0}}