{"host":"92wx9z21c4p52du4","time":1612307411,"event":{"mods":["BaseMod","Downfall","Hermit","Minty Spire (QoL Compilation)","Reliquary","StSLib","The Hierophant"],"gold_per_floor":[99,119,139,414,430,460,460,476,376,376,401,431,442,469,486,486,486,486],"floor_reached":16,"language":"ENG","playtime":912,"items_purged":[],"score":139,"play_id":"a3e7a55a-9da6-4f2d-8786-488f8e5965aa","local_time":"20210202171011","is_ascension_mode":false,"campfire_choices":[{"data":"sneckomod:SnekBite","floor":1,"key":"SMITH"},{"data":"sneckomod:SoulCleanse","floor":9,"key":"SMITH"}],"circlet_count":0,"master_deck":["sneckomod:Strike","sneckomod:Strike","sneckomod:Strike","sneckomod:Defend","sneckomod:Defend","sneckomod:Defend","sneckomod:TailWhip","sneckomod:SnekBite+1","sneckomod:Unknown","sneckomod:Unknown","sneckomod:UnknownVulnerable","sneckomod:SoulCleanse+1","Regret","sneckomod:SlitherStrike","sneckomod:UnknownX","sneckomod:Mudshield","sneckomod:UnknownUncommonSkill","sneckomod:UnknownRareAttack+1","sneckomod:RainOfDice+1","sneckomod:Unknown2Cost"],"relics":["sneckomod:SneckoSoul","Molten Egg 2","downfall:HeartBlessingBlue","downfall:ShatteredFragment","Akabeko","MealTicket"],"acts_visited":["Exordium"],"potions_floor_usage":[5,6,12,15],"damage_taken":[{"damage":4,"enemies":"Small Slimes","floor":2,"turns":3},{"damage":0,"enemies":"Cultist","floor":3,"turns":3},{"damage":9,"enemies":"2 Louse","floor":5,"turns":3},{"damage":26,"enemies":"Gremlin Nob","floor":6,"turns":4},{"damage":8,"enemies":"Blue Slaver","floor":8,"turns":4},{"damage":33,"enemies":"Lagavulin","floor":12,"turns":6},{"damage":6,"enemies":"Exordium Wildlife","floor":13,"turns":2},{"damage":3,"enemies":"Lots of Slimes","floor":14,"turns":5},{"damage":2,"enemies":"Large Slime","floor":15,"turns":3},{"damage":3,"enemies":"WA_ARCHETYPE_RETAIN","floor":16,"turns":2}],"seed_played":"1441504589583104197","potions_obtained":[{"floor":2,"key":"Swift Potion"},{"floor":3,"key":"PowerPotion"},{"floor":5,"key":"DistilledChaos"},{"floor":14,"key":"PowerPotion"}],"is_trial":false,"path_per_floor":["R","M","M","?","M","E","T","M","R","?","T","E","M","M","M","B"],"character_chosen":"THE_SNECKO","items_purchased":[],"campfire_rested":0,"item_purchase_floors":[],"current_hp_per_floor":[99,95,95,95,91,65,65,57,67,46,46,13,7,4,2,0,0,0],"gold":486,"neow_bonus":"TEN_PERCENT_HP_BONUS","is_daily":false,"chose_seed":false,"campfire_upgraded":2,"win_rate":0.0,"timestamp":1612307411,"path_taken":["R","M","M","?","M","E","T","?","R","?","?","E","M","M","M","BOSS"],"items_purchased_type":[],"build_version":"2020-12-22","purchased_purges":0,"victory":false,"max_hp_per_floor":[99,99,99,99,99,99,99,99,109,109,109,109,109,109,109,109,109,109],"card_choices":[{"not_picked":["sneckomod:UnknownDraw","sneckomod:SlitherStrike"],"picked":"sneckomod:UnknownVulnerable","floor":2},{"not_picked":["sneckomod:UnknownCommonSkill","sneckomod:QuickMove"],"picked":"sneckomod:SoulCleanse","floor":3},{"not_picked":["sneckomod:UnknownVulnerable","sneckomod:SoulDraw"],"picked":"sneckomod:SlitherStrike","floor":5},{"not_picked":["sneckomod:UnknownBlock","sneckomod:TrashToTreasure"],"picked":"sneckomod:UnknownX","floor":6},{"not_picked":["sneckomod:QuickMove","sneckomod:IronFang+1"],"picked":"sneckomod:Mudshield","floor":8},{"not_picked":["sneckomod:RainOfDice+1","sneckomod:DiceBoulder+1"],"picked":"sneckomod:UnknownUncommonSkill","floor":12},{"not_picked":["sneckomod:UnknownCommonSkill","sneckomod:UnknownStrike+1"],"picked":"sneckomod:UnknownRareAttack+1","floor":13},{"not_picked":["sneckomod:SlitherStrike+1","sneckomod:SoulDraw"],"picked":"sneckomod:RainOfDice+1","floor":14},{"not_picked":["sneckomod:DiceCrush+1","sneckomod:IronFang+1"],"picked":"sneckomod:Unknown2Cost","floor":15}],"player_experience":211085,"relics_obtained":[{"floor":6,"key":"Molten Egg 2"},{"floor":11,"key":"Akabeko"},{"floor":12,"key":"MealTicket"}],"event_choices":[],"is_beta":false,"boss_relics":[],"items_purged_floors":[],"is_endless":false,"potions_floor_spawned":[2,3,5,14],"killed_by":"WA_ARCHETYPE_RETAIN","ascension_level":0}}