{"host":"w01zow3jg16g8jdh","time":1612261707,"event":{"mods":["AchievementEnabler","BaseMod","DeckTracker","Keyboard Shortcuts","Minty Spire (QoL Compilation)","Permanent Neow","StSLib","SuperFastMode"],"gold_per_floor":[119,138,151,76,76,76,106,106,129,147,181,181,200,244,244,334,334,353,253,272,306,306,306,319,352,376,376,416,416,202,218,218,316,316,341,75,75,75,95,131,147,191,216,254,254,274,37,61,61,61,61,61,61,61,99,99],"floor_reached":57,"language":"KOR","playtime":2098,"items_purged":["Strike_G","Predator","Neutralize","Flechettes+1"],"score":3176,"play_id":"cb5ae4dd-a3b2-436e-92a7-2f2755f98cbb","local_time":"20210202192827","is_ascension_mode":true,"campfire_choices":[{"data":"Flechettes","floor":6.0,"key":"SMITH"},{"data":"Underhanded Strike","floor":8.0,"key":"SMITH"},{"floor":12.0,"key":"REST"},{"data":"Blur","floor":15.0,"key":"SMITH"},{"data":"Acrobatics","floor":23.0,"key":"SMITH"},{"data":"Prepared","floor":27.0,"key":"SMITH"},{"data":"Tactician","floor":32.0,"key":"SMITH"},{"floor":45.0,"key":"RECALL"},{"data":"Reflex","floor":49.0,"key":"SMITH"},{"data":"Adrenaline","floor":53.0,"key":"SMITH"}],"circlet_count":0,"master_deck":["AscendersBane","Survivor","Underhanded Strike+1","Quick Slash","Prepared+1","Acrobatics+1","Blur+1","PiercingWail","Adrenaline+1","Bouncing Flask","Leg Sweep","Escape Plan","Endless Agony","Endless Agony","Deflect","Grand Finale","Backflip","Tactician+1","Reflex+1"],"relics":["Ring of the Snake","Golden Idol","Odd Mushroom","MealTicket","Mummified Hand","Kunai","Pandora\u0027s Box","Red Mask","Prayer Wheel","Art of War","Snake Skull","Black Star","Sundial","Oddly Smooth Stone","Mango","Orichalcum","Lantern","Anchor","Membership Card","Toy Ornithopter","Eternal Feather"],"acts_visited":["Exordium","TheCity","TheBeyond","TheEnding"],"potions_floor_usage":[55,56],"damage_taken":[{"damage":7.0,"enemies":"Small Slimes","floor":1.0,"turns":3.0},{"damage":2.0,"enemies":"2 Louse","floor":2.0,"turns":3.0},{"damage":7.0,"enemies":"Jaw Worm","floor":3.0,"turns":5.0},{"damage":6.0,"enemies":"The Mushroom Lair","floor":7.0,"turns":4.0},{"damage":0.0,"enemies":"3 Louse","floor":10.0,"turns":3.0},{"damage":17.0,"enemies":"Gremlin Nob","floor":11.0,"turns":4.0},{"damage":12.0,"enemies":"Gremlin Gang","floor":13.0,"turns":6.0},{"damage":20.0,"enemies":"Lagavulin","floor":14.0,"turns":7.0},{"damage":0.0,"enemies":"Slime Boss","floor":16.0,"turns":3.0},{"damage":0.0,"enemies":"2 Thieves","floor":18.0,"turns":4.0},{"damage":2.0,"enemies":"Shell Parasite","floor":20.0,"turns":4.0},{"damage":2.0,"enemies":"Masked Bandits","floor":21.0,"turns":6.0},{"damage":0.0,"enemies":"Snecko","floor":24.0,"turns":5.0},{"damage":10.0,"enemies":"Gremlin Leader","floor":25.0,"turns":5.0},{"damage":7.0,"enemies":"Book of Stabbing","floor":28.0,"turns":7.0},{"damage":0.0,"enemies":"3 Cultists","floor":31.0,"turns":2.0},{"damage":0.0,"enemies":"Collector","floor":33.0,"turns":5.0},{"damage":0.0,"enemies":"Orb Walker","floor":35.0,"turns":4.0},{"damage":0.0,"enemies":"3 Shapes","floor":39.0,"turns":1.0},{"damage":0.0,"enemies":"Nemesis","floor":40.0,"turns":3.0},{"damage":0.0,"enemies":"Maw","floor":41.0,"turns":6.0},{"damage":0.0,"enemies":"Giant Head","floor":42.0,"turns":5.0},{"damage":17.0,"enemies":"Reptomancer","floor":44.0,"turns":7.0},{"damage":0.0,"enemies":"Jaw Worm Horde","floor":46.0,"turns":4.0},{"damage":0.0,"enemies":"4 Shapes","floor":48.0,"turns":1.0},{"damage":3.0,"enemies":"Donu and Deca","floor":50.0,"turns":8.0},{"damage":7.0,"enemies":"Awakened One","floor":51.0,"turns":6.0},{"damage":0,"enemies":"Shield and Spear","floor":55,"turns":4},{"damage":60,"enemies":"The Heart","floor":56,"turns":11}],"seed_played":"4560675236303636426","potions_obtained":[{"floor":1.0,"key":"PowerPotion"},{"floor":2.0,"key":"SkillPotion"},{"floor":11.0,"key":"EntropicBrew"},{"floor":16.0,"key":"SteroidPotion"},{"floor":18.0,"key":"EssenceOfSteel"},{"floor":21.0,"key":"Dexterity Potion"},{"floor":31.0,"key":"Strength Potion"},{"floor":33.0,"key":"Fire Potion"},{"floor":42.0,"key":"Energy Potion"},{"floor":46.0,"key":"Block Potion"}],"is_trial":false,"path_per_floor":["M","M","M","$","?","R","?","R","T","M","E","R","M","E","R","B",null,"M","$","M","?","?","R","M","E","T","R","E","?","$","M","R","B",null,"M","$","?","?","M","E","M","E","T","E","R","M","$","M","R","B","B",null,"R","$","E","B",null],"character_chosen":"THE_SILENT","items_purchased":["Tactician","Sundial","Membership Card"],"campfire_rested":1,"item_purchase_floors":[30,36,47],"current_hp_per_floor":[37,35,28,28,28,28,22,22,22,22,5,23,11,18,18,18,50,50,60,58,56,56,56,56,46,46,46,39,39,54,54,54,54,59,59,60,57,54,54,68,68,68,68,51,51,51,66,66,66,63,56,67,67,71,71,11],"gold":99,"neow_bonus":"TRANSFORM_TWO_CARDS","is_daily":false,"chose_seed":false,"campfire_upgraded":8,"win_rate":0.0,"timestamp":1612261707,"path_taken":["M","M","M","$","?","R","?","R","T","M","E","R","M","E","R","BOSS","M","$","M","?","?","R","M","E","T","R","E","?","$","?","R","BOSS","M","$","?","?","M","E","M","E","T","E","R","?","$","M","R","BOSS","BOSS","R","$","E","BOSS"],"items_purchased_type":["Card","Relic","Relic"],"build_version":"2020-12-22","purchased_purges":4,"victory":true,"max_hp_per_floor":[66,66,66,66,60,60,60,60,60,60,60,60,60,60,60,60,60,60,60,60,60,60,60,60,60,60,60,60,60,60,60,60,60,60,60,60,57,57,57,71,71,71,71,71,71,71,71,71,71,71,71,71,71,71,71,71],"card_choices":[{"not_picked":["All Out Attack","Riddle With Holes"],"picked":"Flechettes","floor":1.0},{"not_picked":["Bane","Outmaneuver"],"picked":"Prepared","floor":2.0},{"not_picked":["Outmaneuver","Quick Slash","Prepared"],"picked":"SKIP","floor":3.0},{"not_picked":["Dodge and Roll","Bane"],"picked":"Acrobatics","floor":7.0},{"not_picked":["Blur","Dagger Spray","Acrobatics"],"picked":"SKIP","floor":10.0},{"not_picked":["Dagger Spray","Acrobatics"],"picked":"Blur","floor":10.0},{"not_picked":["Quick Slash","Malaise","Expertise"],"picked":"SKIP","floor":11.0},{"not_picked":["Underhanded Strike","Acrobatics","Infinite Blades"],"picked":"SKIP","floor":13.0},{"not_picked":["Dodge and Roll","Finisher"],"picked":"PiercingWail","floor":14.0},{"not_picked":["Burst","Unload"],"picked":"Adrenaline","floor":16.0},{"not_picked":["Acrobatics","Dagger Throw","Underhanded Strike"],"picked":"SKIP","floor":18.0},{"not_picked":["Catalyst","Deadly Poison","Infinite Blades"],"picked":"SKIP","floor":20.0},{"not_picked":["Quick Slash","Heel Hook"],"picked":"Grand Finale","floor":21.0},{"not_picked":["Acrobatics","Predator+1","Dagger Spray"],"picked":"SKIP","floor":24.0},{"not_picked":["Cloak And Dagger","Prepared","Flying Knee"],"picked":"SKIP","floor":25.0},{"not_picked":["Cloak And Dagger","Dagger Throw"],"picked":"Backflip","floor":28.0},{"not_picked":["Dagger Throw+1","Sucker Punch","Crippling Poison"],"picked":"SKIP","floor":31.0},{"not_picked":["Predator","Footwork","Acrobatics"],"picked":"SKIP","floor":31.0},{"not_picked":["Heel Hook","Riddle With Holes","Poisoned Stab+1"],"picked":"SKIP","floor":35.0},{"not_picked":["Deflect+1","PiercingWail","Dagger Spray"],"picked":"SKIP","floor":35.0},{"not_picked":["Poisoned Stab","Backflip+1","Dagger Spray"],"picked":"SKIP","floor":39.0},{"not_picked":["Bane","Poisoned Stab","Quick Slash"],"picked":"SKIP","floor":39.0},{"not_picked":["Glass Knife","Poisoned Stab","Deflect"],"picked":"SKIP","floor":40.0},{"not_picked":["Backstab","Caltrops","Choke"],"picked":"SKIP","floor":41.0},{"not_picked":["Deflect","Dagger Spray","Backflip"],"picked":"SKIP","floor":41.0},{"not_picked":["Dodge and Roll","Backflip","Blade Dance"],"picked":"SKIP","floor":42.0},{"not_picked":["Deflect","Dagger Throw","Die Die Die"],"picked":"SKIP","floor":44.0},{"not_picked":["All Out Attack","Blade Dance","Cloak And Dagger"],"picked":"SKIP","floor":46.0},{"not_picked":["Cloak And Dagger","Outmaneuver","Sucker Punch+1"],"picked":"SKIP","floor":46.0},{"not_picked":["Infinite Blades","Deadly Poison"],"picked":"Reflex","floor":48.0},{"not_picked":["Poisoned Stab","Prepared","Blade Dance"],"picked":"SKIP","floor":48.0},{"not_picked":["Dagger Spray","Caltrops","Infinite Blades+1"],"picked":"SKIP","floor":55}],"player_experience":340898,"relics_obtained":[{"floor":7.0,"key":"Odd Mushroom"},{"floor":9.0,"key":"MealTicket"},{"floor":11.0,"key":"Mummified Hand"},{"floor":14.0,"key":"Kunai"},{"floor":21.0,"key":"Red Mask"},{"floor":25.0,"key":"Prayer Wheel"},{"floor":26.0,"key":"Art of War"},{"floor":28.0,"key":"Snake Skull"},{"floor":40.0,"key":"Oddly Smooth Stone"},{"floor":40.0,"key":"Mango"},{"floor":42.0,"key":"Orichalcum"},{"floor":44.0,"key":"Lantern"},{"floor":44.0,"key":"Anchor"},{"floor":55,"key":"Toy Ornithopter"},{"floor":55,"key":"Eternal Feather"}],"event_choices":[{"damage_healed":0.0,"max_hp_gain":0.0,"max_hp_loss":6.0,"gold_gain":0.0,"event_name":"Golden Idol","player_choice":"Lose Max HP","floor":5.0,"gold_loss":0.0,"damage_taken":0.0,"relics_obtained":["Golden Idol"]},{"damage_healed":0.0,"max_hp_gain":0.0,"max_hp_loss":0.0,"gold_gain":0.0,"event_name":"Mushrooms","player_choice":"Fought Mushrooms","floor":7.0,"gold_loss":0.0,"damage_taken":0.0},{"damage_healed":0.0,"max_hp_gain":0.0,"max_hp_loss":0.0,"gold_gain":0.0,"event_name":"Masked Bandits","player_choice":"Fought Bandits","floor":21.0,"gold_loss":0.0,"damage_taken":0.0},{"damage_healed":0.0,"max_hp_gain":0.0,"max_hp_loss":0.0,"gold_gain":0.0,"event_name":"The Mausoleum","player_choice":"Ignored","floor":22.0,"gold_loss":0.0,"damage_taken":0.0},{"damage_healed":0.0,"max_hp_gain":0.0,"max_hp_loss":0.0,"gold_gain":0.0,"event_name":"Match and Keep!","player_choice":"0 cards matched","floor":29.0,"gold_loss":0.0,"damage_taken":0.0,"cards_obtained":[]},{"damage_healed":0.0,"max_hp_gain":0.0,"max_hp_loss":3.0,"gold_gain":0.0,"event_name":"Winding Halls","player_choice":"Max HP","floor":37.0,"gold_loss":0.0,"damage_taken":0.0},{"damage_healed":0.0,"max_hp_gain":0.0,"max_hp_loss":0.0,"gold_gain":0.0,"event_name":"The Woman in Blue","player_choice":"Bought 0 Potions","floor":38.0,"gold_loss":0.0,"damage_taken":0.0}],"is_beta":false,"boss_relics":[{"not_picked":["WristBlade","SlaversCollar"],"picked":"Pandora\u0027s Box"},{"not_picked":["Velvet Choker","Ring of the Serpent"],"picked":"Black Star"}],"items_purged_floors":[4,19,30,47],"is_endless":false,"potions_floor_spawned":[1,2,11,13,16,18,21,31,33,42,46],"ascension_level":20}}