{"host":"qrt7o4dq2qslzw13","time":1612237711,"event":{"mods":["AchievementEnabler","BaseMod","Colored Map","Colored Powertips","Minty Spire (QoL Compilation)","Quick Restart","StSLib","SuperFastMode"],"gold_per_floor":[112,128,128,144,144,144,188,65,89,89,114,114,79,12,12,131,131,149,149,349,197,210,210,246,171,171,171,196,219,74,99,99,224,224,247,272,292,305,368,368,407,99,123,157,157,157,28,53,53,53],"floor_reached":51,"language":"ENG","playtime":1399,"items_purged":["Strike_B"],"score":923,"play_id":"dacd2df2-8be0-48aa-ad11-a45e3f0bfbf8","local_time":"20210201224831","is_ascension_mode":true,"campfire_choices":[{"data":"Tempest","floor":6.0,"key":"SMITH"},{"data":"Echo Form","floor":10.0,"key":"SMITH"},{"data":"Dualcast","floor":15.0,"key":"SMITH"},{"data":"Creative AI","floor":23.0,"key":"SMITH"},{"floor":27.0,"key":"REST"},{"floor":32.0,"key":"REST"},{"floor":40.0,"key":"REST"},{"floor":45.0,"key":"REST"},{"data":"Storm","floor":49.0,"key":"SMITH"}],"circlet_count":0,"master_deck":["Strike_B","Strike_B","Strike_B","Defend_B","Defend_B","Defend_B","Defend_B","Zap","Dualcast+1","Tempest+1","Cold Snap","BootSequence","Streamline","Echo Form+1","Leap","Force Field","Auto Shields","Creative AI+1","Storm+1","Biased Cognition","Coolheaded","Capacitor","Creative AI","CurseOfTheBell","Conserve Battery+1","Fission","Defragment+1","Biased Cognition","Tempest","Leap"],"relics":["Cracked Core","NeowsBlessing","DataDisk","Golden Idol","FossilizedHelix","Boot","Busted Crown","Orrery","Smiling Mask","Mummified Hand","Lantern","Calling Bell","Nunchaku","Question Card","Thread and Needle","Unceasing Top","Letter Opener","Orichalcum","Blood Vial","Toy Ornithopter"],"acts_visited":["Exordium","TheCity","TheBeyond"],"potions_floor_usage":[50,50],"damage_taken":[{"damage":0.0,"enemies":"2 Louse","floor":1.0,"turns":1.0},{"damage":0.0,"enemies":"Jaw Worm","floor":2.0,"turns":1.0},{"damage":0.0,"enemies":"Cultist","floor":4.0,"turns":1.0},{"damage":21.0,"enemies":"3 Sentries","floor":7.0,"turns":6.0},{"damage":4.0,"enemies":"3 Louse","floor":11.0,"turns":2.0},{"damage":0.0,"enemies":"The Guardian","floor":16.0,"turns":11.0},{"damage":4.0,"enemies":"Shell Parasite","floor":18.0,"turns":4.0},{"damage":0.0,"enemies":"Spheric Guardian","floor":22.0,"turns":2.0},{"damage":25.0,"enemies":"Gremlin Leader","floor":24.0,"turns":4.0},{"damage":8.0,"enemies":"Snake Plant","floor":28.0,"turns":3.0},{"damage":21.0,"enemies":"3 Cultists","floor":29.0,"turns":4.0},{"damage":0.0,"enemies":"Cultist and Chosen","floor":31.0,"turns":4.0},{"damage":15.0,"enemies":"Automaton","floor":33.0,"turns":8.0},{"damage":0.0,"enemies":"3 Shapes","floor":35.0,"turns":5.0},{"damage":0.0,"enemies":"Orb Walker","floor":36.0,"turns":3.0},{"damage":0.0,"enemies":"Maw","floor":37.0,"turns":7.0},{"damage":21.0,"enemies":"3 Darklings","floor":38.0,"turns":4.0},{"damage":10.0,"enemies":"Mind Bloom Boss Battle","floor":39.0,"turns":6.0},{"damage":0.0,"enemies":"Giant Head","floor":41.0,"turns":7.0},{"damage":31.0,"enemies":"Nemesis","floor":44.0,"turns":5.0},{"damage":0.0,"enemies":"Jaw Worm Horde","floor":48.0,"turns":3.0},{"damage":36,"enemies":"Time Eater","floor":50,"turns":7}],"seed_played":"-3501437073235875884","potions_obtained":[{"floor":1.0,"key":"EntropicBrew"},{"floor":2.0,"key":"PowerPotion"},{"floor":11.0,"key":"FocusPotion"},{"floor":33.0,"key":"LiquidBronze"},{"floor":35.0,"key":"FocusPotion"}],"is_trial":false,"path_per_floor":["M","M","?","M","?","R","E","$","T","R","M","?","?","$","R","B",null,"M","?","?","$","M","R","E","?","T","R","M","M","$","M","R","B",null,"M","M","M","M","?","R","E","$","T","E","R","?","$","M","R","B",null],"character_chosen":"DEFECT","items_purchased":["Echo Form","Leap","Auto Shields","Orrery","Lantern","FairyPotion","Orichalcum","Tempest","Leap"],"campfire_rested":4,"item_purchase_floors":[8,8,14,21,30,42,42,47,47],"current_hp_per_floor":[75,75,75,75,75,75,54,54,54,54,50,43,61,61,61,61,75,71,71,71,71,71,71,46,46,46,68,60,39,39,39,61,46,75,75,75,75,54,44,66,66,66,66,37,59,59,59,61,61,37],"gold":53,"neow_bonus":"THREE_ENEMY_KILL","is_daily":false,"chose_seed":false,"campfire_upgraded":5,"win_rate":0.0,"timestamp":1612237711,"path_taken":["M","M","?","M","?","R","E","?","T","R","?","?","?","$","R","BOSS","M","?","?","$","?","R","E","?","T","R","M","M","?","M","R","BOSS","M","?","M","M","?","R","E","$","T","E","R","?","$","?","R","BOSS"],"items_purchased_type":["Card","Card","Card","Relic","Relic","Potion","Relic","Card","Card"],"build_version":"2020-12-22","purchased_purges":1,"victory":true,"max_hp_per_floor":[75,75,75,75,75,75,75,75,75,75,75,75,75,75,75,75,75,75,75,75,75,75,75,75,75,75,75,75,75,75,75,75,75,75,75,75,75,75,75,75,75,75,75,75,75,75,75,75,75,75],"card_choices":[{"not_picked":["Darkness","Sweeping Beam"],"picked":"Tempest","floor":1.0},{"not_picked":["Rebound","Steam"],"picked":"Cold Snap","floor":2.0},{"not_picked":["Coolheaded","Rip and Tear"],"picked":"BootSequence","floor":4.0},{"not_picked":["Chill","Fusion"],"picked":"Streamline","floor":7.0},{"not_picked":["Streamline","Compile Driver"],"picked":"Force Field","floor":11.0},{"not_picked":["Multi-Cast","Fission"],"picked":"Creative AI","floor":16.0},{"not_picked":[],"picked":"Storm","floor":18.0},{"not_picked":[],"picked":"Biased Cognition","floor":21.0},{"not_picked":[],"picked":"Coolheaded","floor":21.0},{"not_picked":["Streamline+1"],"picked":"SKIP","floor":22.0},{"not_picked":["Steam"],"picked":"SKIP","floor":24.0},{"not_picked":["Go for the Eyes"],"picked":"SKIP","floor":28.0},{"not_picked":["Stack"],"picked":"SKIP","floor":29.0},{"not_picked":[],"picked":"Capacitor","floor":31.0},{"not_picked":[],"picked":"Creative AI","floor":33.0},{"not_picked":["Gash"],"picked":"Conserve Battery+1","floor":35.0},{"not_picked":["Leap","Redo"],"picked":"SKIP","floor":36.0},{"not_picked":["Sweeping Beam","Streamline+1"],"picked":"SKIP","floor":37.0},{"not_picked":["Stack+1"],"picked":"Fission","floor":38.0},{"not_picked":["Lockon"],"picked":"Defragment+1","floor":41.0},{"not_picked":["Reprogram+1","Blizzard+1"],"picked":"SKIP","floor":44.0},{"not_picked":["Beam Cell+1","Leap"],"picked":"SKIP","floor":48.0}],"player_experience":614128,"relics_obtained":[{"floor":7.0,"key":"FossilizedHelix"},{"floor":9.0,"key":"Boot"},{"floor":24.0,"key":"Smiling Mask"},{"floor":26.0,"key":"Mummified Hand"},{"floor":34.0,"key":"Nunchaku"},{"floor":34.0,"key":"Question Card"},{"floor":34.0,"key":"Thread and Needle"},{"floor":39.0,"key":"Unceasing Top"},{"floor":41.0,"key":"Letter Opener"},{"floor":43.0,"key":"Blood Vial"},{"floor":44.0,"key":"Toy Ornithopter"}],"event_choices":[{"damage_healed":0.0,"max_hp_gain":0.0,"max_hp_loss":0.0,"gold_gain":0.0,"event_name":"Big Fish","player_choice":"Box","floor":3.0,"gold_loss":0.0,"damage_taken":0.0,"relics_obtained":["DataDisk"],"cards_obtained":["Regret"]},{"damage_healed":0.0,"max_hp_gain":0.0,"max_hp_loss":0.0,"gold_gain":0.0,"event_name":"Golden Idol","player_choice":"Take Wound","floor":5.0,"gold_loss":0.0,"damage_taken":0.0,"relics_obtained":["Golden Idol"],"cards_obtained":["Injury"]},{"cards_removed":["Regret"],"damage_healed":0.0,"max_hp_gain":0.0,"max_hp_loss":0.0,"gold_gain":0.0,"event_name":"Golden Wing","player_choice":"Card Removal","floor":12.0,"gold_loss":0.0,"damage_taken":7.0},{"damage_healed":18.0,"max_hp_gain":0.0,"max_hp_loss":0.0,"gold_gain":0.0,"event_name":"The Cleric","player_choice":"Healed","floor":13.0,"gold_loss":35.0,"damage_taken":0.0},{"damage_healed":0.0,"max_hp_gain":0.0,"max_hp_loss":0.0,"gold_gain":0.0,"event_name":"Vampires","player_choice":"Ignored","floor":19.0,"gold_loss":0.0,"damage_taken":0.0},{"damage_healed":0.0,"max_hp_gain":0.0,"max_hp_loss":0.0,"gold_gain":250.0,"event_name":"The Joust","player_choice":"Bet on Owner","floor":20.0,"gold_loss":50.0,"damage_taken":0.0},{"cards_removed":["Injury"],"damage_healed":0.0,"max_hp_gain":0.0,"max_hp_loss":0.0,"gold_gain":0.0,"event_name":"Beggar","player_choice":"Gave Gold","floor":25.0,"gold_loss":75.0,"damage_taken":0.0},{"damage_healed":0.0,"max_hp_gain":0.0,"max_hp_loss":0.0,"gold_gain":0.0,"event_name":"MindBloom","player_choice":"Fight","floor":39.0,"gold_loss":0.0,"damage_taken":0.0},{"damage_healed":0.0,"max_hp_gain":0.0,"max_hp_loss":0.0,"gold_gain":0.0,"event_name":"Duplicator","player_choice":"Copied","floor":46.0,"gold_loss":0.0,"damage_taken":0.0,"cards_obtained":["Biased Cognition"]}],"is_beta":false,"boss_relics":[{"not_picked":["Runic Dome","Black Star"],"picked":"Busted Crown"},{"not_picked":["Snecko Eye","Fusion Hammer"],"picked":"Calling Bell"}],"items_purged_floors":[42],"is_endless":false,"potions_floor_spawned":[1,2,11,16,22,28,33,35,37,38,41],"ascension_level":2}}