{"host":"zlryddw6xv0ljf8b","time":1612279227,"event":{"mods":["AchievementEnabler","BaseMod","Colored Map","Colored Powertips","Highlight Path","Minty Spire (QoL Compilation)","Permanent Neow","Quick Restart","StSLib"],"gold_per_floor":[118,47,60,60,79,104,124,124,173,173,193,193,193,118,118,218,218,230,248,248,114,114,114,144,90,172,183,197,467,267,286,286,386,386,401,401,415,427,203,233,251,280,333,415,226,239,239,258,258,258],"floor_reached":51,"language":"ENG","playtime":3263,"items_purged":["Strike_P","Strike_P+1","Strike_P+1","Defend_P","Defend_P"],"score":1002,"play_id":"a4f28ae5-ee9b-40df-8d94-b2e1396ae71c","local_time":"20210202092027","is_ascension_mode":false,"campfire_choices":[{"data":"LikeWater","floor":8.0,"key":"SMITH"},{"data":"PathToVictory","floor":12.0,"key":"SMITH"},{"data":"PathToVictory","floor":15.0,"key":"SMITH"},{"data":"Vault","floor":23.0,"key":"SMITH"},{"floor":32.0,"key":"REST"},{"data":"Study","floor":47,"key":"SMITH"},{"data":"DevaForm","floor":49,"key":"SMITH"}],"circlet_count":0,"master_deck":["Defend_P","Defend_P","Vigilance","Protect","LikeWater+1","PathToVictory+1","Wireheading","PathToVictory+1","Vault+1","LikeWater","Evaluate","PathToVictory+1","Sanctity","LikeWater","DevaForm+1","Meditate+1","DeceiveReality+1","Study+1"],"relics":["Sozu","Mummified Hand","Whetstone","Black Star","Pen Nib","Bag of Preparation","HornCleat","Membership Card","Orichalcum","Toxic Egg 2","Nunchaku","Pear","Happy Flower","The Courier","TeardropLocket"],"acts_visited":["Exordium","TheCity","TheBeyond"],"potions_floor_usage":[],"damage_taken":[{"damage":0.0,"enemies":"Cultist","floor":1.0,"turns":3.0},{"damage":5.0,"enemies":"Small Slimes","floor":3.0,"turns":3.0},{"damage":0.0,"enemies":"2 Louse","floor":5.0,"turns":2.0},{"damage":5.0,"enemies":"3 Sentries","floor":6.0,"turns":18.0},{"damage":10.0,"enemies":"Exordium Thugs","floor":7.0,"turns":5.0},{"damage":0.0,"enemies":"Looter","floor":11.0,"turns":3.0},{"damage":0.0,"enemies":"The Guardian","floor":16.0,"turns":6.0},{"damage":0.0,"enemies":"Shell Parasite","floor":18.0,"turns":4.0},{"damage":1.0,"enemies":"Spheric Guardian","floor":19.0,"turns":5.0},{"damage":5.0,"enemies":"Gremlin Leader","floor":24.0,"turns":6.0},{"damage":14.0,"enemies":"Snake Plant","floor":27.0,"turns":4.0},{"damage":0.0,"enemies":"Cultist and Chosen","floor":28.0,"turns":3.0},{"damage":0.0,"enemies":"Shelled Parasite and Fungi","floor":31.0,"turns":4.0},{"damage":0.0,"enemies":"Collector","floor":33.0,"turns":6.0},{"damage":0.0,"enemies":"3 Darklings","floor":35.0,"turns":5.0},{"damage":0.0,"enemies":"Orb Walker","floor":37.0,"turns":4.0},{"damage":1.0,"enemies":"Jaw Worm Horde","floor":38.0,"turns":3.0},{"damage":0,"enemies":"Giant Head","floor":40,"turns":6},{"damage":0,"enemies":"Writhing Mass","floor":41,"turns":4},{"damage":0,"enemies":"Reptomancer","floor":42,"turns":6},{"damage":0,"enemies":"Sphere and 2 Shapes","floor":46,"turns":5},{"damage":0,"enemies":"Jaw Worm Horde","floor":48,"turns":3},{"damage":0,"enemies":"Donu and Deca","floor":50,"turns":8}],"seed_played":"1612279809318669583","potions_obtained":[],"is_trial":false,"path_per_floor":["M","$","M","?","M","E","M","R","T","?","M","R","?","$","R","B",null,"M","M","?","$","?","R","E","$","T","M","M","?","$","M","R","B",null,"M","?","M","M","$","E","M","E","T","T","$","M","R","M","R","B",null],"character_chosen":"WATCHER","items_purchased":["LikeWater","LikeWater","Evaluate","LikeWater","Membership Card","TeardropLocket"],"campfire_rested":1,"item_purchase_floors":[2,21,25,30,39,45],"current_hp_per_floor":[72,72,67,60,60,55,45,45,45,45,45,45,45,45,45,45,72,72,71,71,71,71,71,66,66,66,52,52,25,25,25,46,46,72,72,72,72,71,71,71,71,81,81,81,81,81,81,81,81,81],"gold":258,"neow_bonus":"BOSS_RELIC","is_daily":false,"chose_seed":false,"campfire_upgraded":6,"win_rate":0.0,"timestamp":1612279227,"path_taken":["M","$","M","?","M","E","M","R","T","?","?","R","?","?","R","BOSS","M","M","?","$","?","R","E","?","T","M","M","?","$","?","R","BOSS","M","?","M","?","$","E","M","E","T","?","$","M","R","M","R","BOSS"],"items_purchased_type":["Card","Card","Card","Card","Relic","Relic"],"build_version":"2020-12-22","purchased_purges":5,"victory":true,"max_hp_per_floor":[72,72,72,72,72,72,72,72,72,72,72,72,72,72,72,72,72,72,72,72,72,72,72,72,72,72,72,72,72,72,72,72,72,72,72,72,72,72,72,72,72,82,82,82,82,82,82,82,82,82],"card_choices":[{"not_picked":["Sanctity","EmptyBody"],"picked":"Protect","floor":1.0},{"not_picked":["JustLucky","Sanctity"],"picked":"PathToVictory","floor":3.0},{"not_picked":["EmptyFist","Pray","EmptyBody"],"picked":"SKIP","floor":5.0},{"not_picked":["FearNoEvil","BowlingBash"],"picked":"Wireheading","floor":6.0},{"not_picked":["FlyingSleeves","EmptyBody","Wireheading"],"picked":"SKIP","floor":7.0},{"not_picked":["Halt","Nirvana"],"picked":"PathToVictory","floor":11.0},{"not_picked":["Scrawl","SpiritShield"],"picked":"Vault","floor":16.0},{"not_picked":["SashWhip","Prostrate","CutThroughFate"],"picked":"SKIP","floor":18.0},{"not_picked":["Consecrate","Prostrate","EmptyMind"],"picked":"SKIP","floor":19.0},{"not_picked":["ClearTheMind","SashWhip","Crescendo"],"picked":"SKIP","floor":24.0},{"not_picked":["JustLucky","WaveOfTheHand"],"picked":"PathToVictory","floor":27.0},{"not_picked":["EmptyBody","ForeignInfluence+1"],"picked":"Sanctity","floor":28.0},{"not_picked":["Weave+1","Wish","Pray+1"],"picked":"SKIP","floor":31.0},{"not_picked":["LessonLearned","Brilliance"],"picked":"DevaForm","floor":33.0},{"not_picked":["Halt+1","CrushJoints","TalkToTheHand+1"],"picked":"SKIP","floor":35.0},{"not_picked":["Halt","ThirdEye","Wallop+1"],"picked":"SKIP","floor":37.0},{"not_picked":["FlyingSleeves+1","Vault","Weave"],"picked":"SKIP","floor":38.0},{"not_picked":["Crescendo+1","Fasting2"],"picked":"Meditate+1","floor":40},{"not_picked":["Consecrate+1","CarveReality+1"],"picked":"DeceiveReality+1","floor":41},{"not_picked":["JustLucky","EmptyBody+1","ClearTheMind+1"],"picked":"SKIP","floor":42},{"not_picked":["EmptyMind+1","Wallop"],"picked":"Study","floor":46},{"not_picked":["Protect+1","Collect+1","FlurryOfBlows+1"],"picked":"SKIP","floor":48}],"player_experience":54855,"relics_obtained":[{"floor":6.0,"key":"Mummified Hand"},{"floor":9.0,"key":"Whetstone"},{"floor":24.0,"key":"Pen Nib"},{"floor":24.0,"key":"Bag of Preparation"},{"floor":26.0,"key":"HornCleat"},{"floor":40,"key":"Orichalcum"},{"floor":40,"key":"Toxic Egg 2"},{"floor":42,"key":"Nunchaku"},{"floor":42,"key":"Pear"},{"floor":43,"key":"Happy Flower"},{"floor":44,"key":"The Courier"}],"event_choices":[{"cards_removed":["Strike_P"],"damage_healed":0.0,"max_hp_gain":0.0,"max_hp_loss":0.0,"gold_gain":0.0,"event_name":"Golden Wing","player_choice":"Card Removal","floor":4.0,"gold_loss":0.0,"damage_taken":7.0},{"damage_healed":0.0,"max_hp_gain":0.0,"max_hp_loss":0.0,"gold_gain":0.0,"event_name":"NoteForYourself","player_choice":"Ignored","floor":10.0,"gold_loss":0.0,"damage_taken":0.0},{"cards_removed":["Eruption"],"damage_healed":0.0,"max_hp_gain":0.0,"max_hp_loss":0.0,"gold_gain":0.0,"event_name":"Purifier","player_choice":"Purged","floor":13.0,"gold_loss":0.0,"damage_taken":0.0},{"damage_healed":0.0,"max_hp_gain":0.0,"max_hp_loss":0.0,"gold_gain":0.0,"event_name":"Ghosts","player_choice":"Ignored","floor":20.0,"gold_loss":0.0,"damage_taken":0.0},{"damage_healed":0.0,"max_hp_gain":0.0,"max_hp_loss":0.0,"gold_gain":0.0,"event_name":"Vampires","player_choice":"Ignored","floor":22.0,"gold_loss":0.0,"damage_taken":0.0},{"damage_healed":0.0,"max_hp_gain":0.0,"max_hp_loss":0.0,"gold_gain":270.0,"event_name":"Knowing Skull","player_choice":"GOLD GOLD GOLD ","floor":29.0,"potions_obtained":[],"gold_loss":0.0,"damage_taken":27.0,"cards_obtained":[]},{"damage_healed":0.0,"max_hp_gain":0.0,"max_hp_loss":0.0,"gold_gain":0.0,"event_name":"Accursed Blacksmith","player_choice":"Forge","floor":36.0,"gold_loss":0.0,"damage_taken":0.0,"cards_upgraded":["PathToVictory"]}],"is_beta":false,"boss_relics":[{"not_picked":["VioletLotus","SacredBark"],"picked":"Black Star"},{"not_picked":["Pandora\u0027s Box","Snecko Eye","Astrolabe"]}],"items_purged_floors":[14,21,30,39,45],"is_endless":false,"potions_floor_spawned":[1,5,6,16,19,24,31,35,37,40,42,48],"ascension_level":0}}