{"host":"kgj3hkp928synzkd","time":1612302534,"event":{"mods":["2.2 Compatiblity","A Magickal Journey","AchievementEnabler","Act Like it!","AlwaysNeverKeys","Aspiration","BaseMod","Better Altar","Better Match","Better Note","Better Sensory Stone","Better Synergies","Better Third Choice","Better Vampires","Block Reminder","Colored Map","Colored Powertips","Conspire","Curses Come First","Disable Question Mark Monsters","Downfall","GifTheSpireLib","Gremlin Skip","GungeonMod","Hallownest","Infinite Spire","Luminous","Marisa????????","Marked Mod","Minty Spire (QoL Compilation)","Permanent Neow","Quick Restart","Random Character Button","Rare Cards Sparkle","Replay The Spire","Spicy Shops","StSLib","SuperFastMode","The Bug Knight","The Exalted","Uncapped"],"gold_per_floor":[216,216,233,233,158,191,191,225,225,257,257,257,257,292,292,395,445,463,463,481,493,448,448,495,537,537,537,587,607,607,607],"floor_reached":30,"language":"ENG","playtime":1293,"items_purged":[],"score":303,"play_id":"c6ad0283-b265-4686-9bfe-28c92c626ae3","local_time":"20210202164853","is_ascension_mode":true,"campfire_choices":[{"floor":7.0,"key":"REST"},{"floor":11.0,"key":"REST"},{"floor":13.0,"key":"REST"},{"floor":15.0,"key":"REST"},{"floor":23,"key":"REST"},{"floor":27,"key":"REST"}],"circlet_count":0,"master_deck":["Strike_MRS","Strike_MRS","Strike_MRS","Strike_MRS","Defend_MRS","Defend_MRS","Defend_MRS","Defend_MRS+1","MasterSpark","UpSweep","6A","EnergyFlow","GalacticHalo+1","CasketOfStar","6A","SatelliteIllusion","MilkyWay","WitchOfGreed","IllusionStar","NonDirectionalLaser","CollectingQuirk","AsteroidBelt"],"relics":["MiniHakkero","AmplifyWand","DemoMod:Metronome","Pantograph","Replay:Bottled Eggs","Shuriken","Tiny House","Bag of Marbles","Unceasing Top","aspiration:SeaSaltIceCream","aspiration:Nostalgia","m_SlimeRing","DemoMod:LamentConfigurum"],"acts_visited":["Exordium","Hallownest:Greenpath"],"potions_floor_usage":[29,30],"damage_taken":[{"damage":7.0,"enemies":"Hallownest:monsterHuskGuard","floor":1.0,"turns":5.0},{"damage":5.0,"enemies":"2_ Uuma","floor":3.0,"turns":4.0},{"damage":30.0,"enemies":"Hallownest:eliteMossKnight","floor":6.0,"turns":10.0},{"damage":34.0,"enemies":"Hallownest:eliteCrystalGuardian","floor":8.0,"turns":7.0},{"damage":13.0,"enemies":"Hallownest:eliteMossKnight","floor":10.0,"turns":13.0},{"damage":33.0,"enemies":"Hallownest:eliteCrystalGuardian","floor":14.0,"turns":6.0},{"damage":35,"enemies":"Hallownest:BossHornet","floor":16,"turns":12},{"damage":25,"enemies":"Hallownest:3_Youths","floor":18,"turns":8},{"damage":25,"enemies":"Hallownest:Flukemon_and_Top","floor":20,"turns":6},{"damage":37,"enemies":"Hallownest:3_Mistakes","floor":21,"turns":9},{"damage":18,"enemies":"Hallownest:eliteSoulWarrior","floor":25,"turns":8},{"damage":14,"enemies":"Hallownest:Nosk","floor":28,"turns":9},{"damage":17,"enemies":"Hallownest:2_Husk_Sentries","floor":29,"turns":3},{"damage":12,"enemies":"Hallownest:eliteWatcherKnight","floor":30,"turns":3}],"seed_played":"-2250395086184750711","potions_obtained":[{"floor":1.0,"key":"LifebloodPotion"},{"floor":8.0,"key":"sneckomod:MuddlingPotion"},{"floor":17,"key":"Guardian:BlockOnCardUsePotion"},{"floor":21,"key":"Dexterity Potion"}],"is_trial":false,"path_per_floor":["M","$","M","?","?","E","R","E","T","E","R","?","R","E","R","B",null,"M","?","M","M","?","R","T","E","T","R","E","M","E"],"character_chosen":"MARISA","items_purchased":[],"campfire_rested":6,"item_purchase_floors":[],"current_hp_per_floor":[68,68,63,63,63,33,55,21,21,8,30,30,52,19,41,31,80,55,63,38,1,7,32,32,14,14,39,25,8,0,0],"gold":607,"neow_bonus":"HUNDRED_GOLD","is_daily":false,"chose_seed":false,"campfire_upgraded":0,"win_rate":0.0,"timestamp":1612302533,"path_taken":["M","$","M","?","?","E","R","E","T","E","R","?","R","E","R","BOSS","M","?","M","?","?","R","?","E","T","R","E","?","E"],"items_purchased_type":[],"build_version":"2020-12-22","purchased_purges":0,"victory":false,"max_hp_per_floor":[75,75,75,75,75,75,75,75,75,75,75,75,75,75,75,75,80,80,80,80,80,86,86,86,86,86,86,86,86,86,86],"card_choices":[{"not_picked":["DoubleSpark","Singularity"],"picked":"6A","floor":1.0},{"not_picked":["PulseMagic","SporeBomb","RefractionSpark"],"picked":"SKIP","floor":3.0},{"not_picked":["EnergyRecoil","UnstableBomb"],"picked":"EnergyFlow","floor":6.0},{"not_picked":["MilkyWay","GasGiant"],"picked":"GalacticHalo","floor":8.0},{"not_picked":["DoubleSpark","MagicAbsorber"],"picked":"CasketOfStar","floor":10.0},{"not_picked":["StarlightTyphoon","DC"],"picked":"6A","floor":14.0},{"not_picked":["UltimateShortwave","TreasureHunter"],"picked":"SatelliteIllusion","floor":16},{"not_picked":["SuperPerseids","OpenUniverse"],"picked":"MilkyWay","floor":17},{"not_picked":["UnstableBomb+1","BlazeAway"],"picked":"WitchOfGreed","floor":18},{"not_picked":["MagicChant","RefractionSpark+1","PropBag+1"],"picked":"SKIP","floor":20},{"not_picked":["MysteriousBeam","UnstableBomb"],"picked":"IllusionStar","floor":21},{"not_picked":["ManaConvection","DC+1"],"picked":"NonDirectionalLaser","floor":25},{"not_picked":["DarkSpark","AlicesGift"],"picked":"CollectingQuirk","floor":28},{"not_picked":["UnstableBomb","SuperPerseids"],"picked":"AsteroidBelt","floor":29}],"player_experience":326706,"relics_obtained":[{"floor":6.0,"key":"AmplifyWand"},{"floor":8.0,"key":"DemoMod:Metronome"},{"floor":9.0,"key":"Pantograph"},{"floor":10.0,"key":"Replay:Bottled Eggs"},{"floor":14.0,"key":"Shuriken"},{"floor":24,"key":"Bag of Marbles"},{"floor":25,"key":"Unceasing Top"},{"floor":26,"key":"aspiration:SeaSaltIceCream"},{"floor":28,"key":"DemoMod:LamentConfigurum"}],"event_choices":[{"damage_healed":0.0,"max_hp_gain":0.0,"max_hp_loss":0.0,"gold_gain":0.0,"event_name":"betterMatch:BetterMatch","player_choice":"3","floor":5.0,"gold_loss":0.0,"damage_taken":0.0,"cards_obtained":[]}],"is_beta":false,"boss_relics":[{"not_picked":["Runic Pyramid","Ectoplasm"],"picked":"Tiny House"}],"items_purged_floors":[],"is_endless":false,"potions_floor_spawned":[1,8,21,28],"killed_by":"Hallownest:eliteWatcherKnight","ascension_level":1}}