{"host":"28bpuzdckreop5i0","time":1612229658,"event":{"mods":["BaseMod","Challenge The Spire","Defuse TimeMaze Blight","Downfall","Energized Spire","Googly Eyes","Minty Spire (QoL Compilation)","Relic Stats","Shop Mod","Spicy Shops","StSLib","The Awakened One except there are too many feathers","The IronCluck","Transform Curses","slay the spire mod where everything is the same but ironclad has a cowboy hat"],"gold_per_floor":[119,45,62,62,78,108,108,119,119,119,119,34,54,54,54,149,149,135,152,77,77,96,96,96,96],"floor_reached":24,"language":"ENG","playtime":1064,"items_purged":[],"score":294,"play_id":"8cdbf177-aa68-4d94-9c83-4b617a458a83","local_time":"20210201193418","is_ascension_mode":true,"campfire_choices":[{"floor":7,"key":"REST"},{"data":"Burning Pact","floor":15,"key":"SMITH"},{"data":"Anger","floor":23,"key":"SMITH"}],"circlet_count":0,"master_deck":["AscendersBane","Strike_R","Strike_R","Strike_R","Strike_R","Defend_R","Defend_R","Defend_R","Defend_R+1","Anger+1","Pommel Strike+1","Battle Trance","Warcry","Pummel","Flash of Steel","Burning Pact+1","Rampage+1","Uppercut+1","True Grit+1","Writhe"],"relics":["Burning Blood","HornCleat","Pear","Bottled Tornado","Meat on the Bone","Astrolabe","Ice Cream"],"acts_visited":["Exordium","TheCity"],"potions_floor_usage":[6,16,16,22],"damage_taken":[{"damage":8,"enemies":"Jaw Worm","floor":1,"turns":4},{"damage":7,"enemies":"Small Slimes","floor":3,"turns":3},{"damage":7,"enemies":"2 Louse","floor":5,"turns":3},{"damage":21,"enemies":"Gremlin Nob","floor":6,"turns":4},{"damage":1,"enemies":"Looter","floor":8,"turns":3},{"damage":21,"enemies":"Lots of Slimes","floor":13,"turns":4},{"damage":74,"enemies":"The Guardian","floor":16,"turns":12},{"damage":9,"enemies":"2 Thieves","floor":18,"turns":4},{"damage":35,"enemies":"3 Byrds","floor":19,"turns":10},{"damage":28,"enemies":"Snake Plant","floor":22,"turns":7},{"damage":64,"enemies":"Gremlin Leader","floor":24,"turns":6}],"seed_played":"2390393511065700023","potions_obtained":[{"floor":1,"key":"ColorlessPotion"},{"floor":6,"key":"sneckomod:MuddlingPotion"},{"floor":8,"key":"bronze:BurnAndBuffPotion"},{"floor":14,"key":"FairyPotion"},{"floor":14,"key":"Strength Potion"},{"floor":14,"key":"DistilledChaos"},{"floor":22,"key":"BloodPotion"}],"is_trial":false,"path_per_floor":["M","$","M","?","M","E","R","M","T","T","?","$","M","?","R","B",null,"M","M","?","?","M","R","E"],"character_chosen":"IRONCLAD","items_purchased":["Pommel Strike","Flash of Steel"],"campfire_rested":1,"item_purchase_floors":[2,12],"current_hp_per_floor":[70,70,69,53,52,37,61,66,76,76,69,69,54,54,54,34,76,73,56,56,56,64,64,0,0],"gold":96,"neow_bonus":"ONE_RANDOM_RARE_CARD","is_daily":false,"chose_seed":false,"campfire_upgraded":2,"win_rate":0.0,"timestamp":1612229658,"path_taken":["M","$","M","?","M","E","R","M","T","?","?","?","M","?","R","BOSS","M","?","?","?","M","R","E"],"items_purchased_type":["Card","Card"],"build_version":"2020-12-22","purchased_purges":0,"victory":false,"max_hp_per_floor":[80,80,80,80,80,80,80,80,90,90,90,90,90,90,90,90,90,90,90,90,90,90,90,90,90],"relic_stats":{"counters":[11,60],"Astrolabe":["Rampage","Uppercut","True Grit"],"obtain_stats":[{"Ice Cream":21,"HornCleat":6,"Pear":9,"Astrolabe":17,"Bottled Tornado":10,"Burning Blood":0,"Meat on the Bone":11},{"Ice Cream":9,"HornCleat":4,"Pear":5,"Astrolabe":7,"Bottled Tornado":5,"Burning Blood":0,"Meat on the Bone":5},{"Ice Cream":47,"HornCleat":14,"Pear":17,"Astrolabe":33,"Bottled Tornado":17,"Burning Blood":0,"Meat on the Bone":17}],"Burning Blood":60,"Meat on the Bone":36},"card_choices":[{"not_picked":["Havoc","Reckless Charge"],"picked":"Anger","floor":1},{"not_picked":["Cleave","Flex"],"picked":"Battle Trance","floor":3},{"not_picked":["Entrench","Iron Wave","Heavy Blade"],"picked":"SKIP","floor":5},{"not_picked":["Reckless Charge","Havoc"],"picked":"Warcry","floor":6},{"not_picked":["Reaper","Spot Weakness"],"picked":"Pummel","floor":8},{"not_picked":["Hemokinesis","Whirlwind"],"picked":"Burning Pact","floor":13},{"not_picked":["Body Slam","Battle Trance+1"],"picked":"Dark Embrace","floor":18},{"not_picked":["Hemokinesis","Clothesline+1","Whirlwind"],"picked":"SKIP","floor":19},{"not_picked":["Rupture","Seeing Red","Hemokinesis"],"picked":"SKIP","floor":22}],"player_experience":944503,"relics_obtained":[{"floor":6,"key":"HornCleat"},{"floor":9,"key":"Pear"},{"floor":10,"key":"Bottled Tornado"}],"event_choices":[{"damage_healed":0,"gold_gain":0,"player_choice":"Entered Light","damage_taken":16,"max_hp_gain":0,"max_hp_loss":0,"event_name":"Shining Light","floor":4,"gold_loss":0,"cards_upgraded":["Pommel Strike","Defend_R"]},{"damage_healed":0,"gold_gain":0,"player_choice":"Success","damage_taken":7,"relics_obtained":["Meat on the Bone"],"max_hp_gain":0,"max_hp_loss":0,"event_name":"Scrap Ooze","floor":11,"gold_loss":0},{"damage_healed":0,"gold_gain":0,"player_choice":"Got Potions","damage_taken":0,"max_hp_gain":0,"max_hp_loss":0,"event_name":"Lab","floor":14,"gold_loss":0},{"cards_removed":["Dark Embrace"],"damage_healed":0,"gold_gain":0,"player_choice":"Gave Gold","damage_taken":0,"max_hp_gain":0,"max_hp_loss":0,"event_name":"Beggar","floor":20,"gold_loss":75},{"damage_healed":0,"gold_gain":0,"player_choice":"Opened","damage_taken":0,"relics_obtained":["Ice Cream"],"max_hp_gain":0,"max_hp_loss":0,"event_name":"The Mausoleum","floor":21,"gold_loss":0,"cards_obtained":["Writhe"]}],"is_beta":false,"boss_relics":[{"not_picked":["Calling Bell","Runic Pyramid"],"picked":"Astrolabe"}],"items_purged_floors":[],"is_endless":false,"potions_floor_spawned":[1,6,8,22],"killed_by":"Gremlin Leader","ascension_level":10}}