{"host":"a5lz0e76zb3fcwkm","time":1612281121,"event":{"mods":["AchievementEnabler","BaseMod","Colored Map","Colored Powertips","Minty Spire (QoL Compilation)","StSLib","SuperFastMode"],"gold_per_floor":[110,385,144,161,311,311,326,107,107,107,125,7,7,35,35,109,109,119,34,34,34,34],"floor_reached":21,"language":"KOR","playtime":348,"items_purged":["Normality","Doubt","Strike_R"],"score":350,"play_id":"abf11b83-d2f9-473a-a67b-4fd47caafd8d","local_time":"20210203005200","is_ascension_mode":true,"campfire_choices":[{"data":"Immolate","floor":6,"key":"SMITH"},{"data":"Evolve","floor":13,"key":"SMITH"},{"data":"Fire Breathing","floor":15,"key":"SMITH"}],"circlet_count":0,"master_deck":["AscendersBane","Strike_R","Strike_R","Strike_R","Strike_R","Defend_R","Defend_R","Defend_R","Defend_R","Bash","Metamorphosis","Immolate+1","Fire Breathing+1","Thunderclap","Warcry+1","Evolve+1","Shrug It Off+1","Exhume+1"],"relics":["Burning Blood","Membership Card","Toxic Egg 2","Ginger","SlaversCollar","Bag of Preparation"],"acts_visited":["Exordium","TheCity"],"potions_floor_usage":[14,16],"damage_taken":[{"damage":1,"enemies":"2 Louse","floor":1,"turns":3},{"damage":9,"enemies":"Cultist","floor":4,"turns":3},{"damage":12,"enemies":"Jaw Worm","floor":7,"turns":4},{"damage":9,"enemies":"Large Slime","floor":11,"turns":6},{"damage":15,"enemies":"3 Sentries","floor":14,"turns":3},{"damage":26,"enemies":"Hexaghost","floor":16,"turns":7},{"damage":40,"enemies":"Spheric Guardian","floor":18,"turns":6},{"damage":30,"enemies":"3 Byrds","floor":21,"turns":2}],"seed_played":"7471739183790362868","potions_obtained":[{"floor":4,"key":"Fire Potion"},{"floor":7,"key":"FearPotion"}],"is_trial":false,"path_per_floor":["M","?","$","M","?","R","M","$","T","?","M","$","R","E","R","B",null,"M","?","?","M"],"character_chosen":"IRONCLAD","items_purchased":["Immolate","Fire Breathing","Membership Card","Evolve","Shrug It Off+1"],"campfire_rested":0,"item_purchase_floors":[3,3,8,12,12],"current_hp_per_floor":[73,73,73,70,70,70,64,64,64,57,54,54,54,45,45,25,63,29,29,29,0,0],"gold":34,"neow_bonus":"RANDOM_COLORLESS_2","is_daily":false,"chose_seed":false,"campfire_upgraded":3,"win_rate":0.0,"timestamp":1612281120,"path_taken":["M","?","$","?","?","R","M","$","T","?","M","$","R","E","R","BOSS","M","?","?","M"],"items_purchased_type":["Card","Card","Relic","Card","Card"],"build_version":"2020-12-22","purchased_purges":3,"victory":false,"max_hp_per_floor":[75,75,75,75,75,75,75,75,75,75,75,75,75,75,75,75,75,75,75,75,75,75],"card_choices":[{"not_picked":["Magnetism","Thinking Ahead"],"picked":"Metamorphosis","floor":0},{"not_picked":["Havoc","Searing Blow","Uppercut"],"picked":"SKIP","floor":1},{"not_picked":["Perfected Strike","Thunderclap","Iron Wave"],"picked":"SKIP","floor":4},{"not_picked":["Perfected Strike","Iron Wave"],"picked":"Thunderclap","floor":4},{"not_picked":["Wild Strike","Armaments","Bloodletting"],"picked":"SKIP","floor":7},{"not_picked":["Anger","Heavy Blade"],"picked":"Warcry+1","floor":11},{"not_picked":["Armaments+1","Cleave","Spot Weakness+1"],"picked":"SKIP","floor":14},{"not_picked":["Bludgeon","Feed"],"picked":"Exhume+1","floor":16},{"not_picked":["Dark Embrace","Blood for Blood","Pummel"],"picked":"SKIP","floor":18}],"player_experience":1832452,"relics_obtained":[{"floor":9,"key":"Toxic Egg 2"},{"floor":14,"key":"Ginger"}],"event_choices":[{"damage_healed":0,"gold_gain":275,"player_choice":"Desecrate","damage_taken":0,"max_hp_gain":0,"max_hp_loss":0,"event_name":"Golden Shrine","floor":2,"gold_loss":0,"cards_obtained":["Regret"]},{"damage_healed":0,"gold_gain":150,"player_choice":"AGREE","damage_taken":0,"max_hp_gain":0,"max_hp_loss":0,"event_name":"Liars Game","floor":5,"gold_loss":0,"cards_obtained":["Doubt"]},{"cards_removed":["Regret"],"damage_healed":0,"gold_gain":0,"player_choice":"Card Removal","damage_taken":7,"max_hp_gain":0,"max_hp_loss":0,"event_name":"Golden Wing","floor":10,"gold_loss":0},{"damage_healed":0,"gold_gain":0,"player_choice":"Obtained Relic","damage_taken":0,"relics_obtained":["Bag of Preparation"],"max_hp_gain":0,"max_hp_loss":0,"event_name":"Addict","floor":19,"gold_loss":85},{"damage_healed":0,"gold_gain":0,"player_choice":"Ignored","damage_taken":0,"max_hp_gain":0,"max_hp_loss":0,"event_name":"N\u0027loth","floor":20,"gold_loss":0}],"is_beta":false,"boss_relics":[{"not_picked":["Snecko Eye","Runic Cube"],"picked":"SlaversCollar"}],"items_purged_floors":[3,8,12],"is_endless":false,"potions_floor_spawned":[4,7],"killed_by":"3 Byrds","ascension_level":20}}