{"host":"soyfmymeou4emntr","time":1612245088,"event":{"mods":["BaseMod","BetterRewards","Minty Spire (QoL Compilation)","Relic Sorter","Relic Stats","StSLib"],"gold_per_floor":[165,179,179,12,12,12,45,57,57,85,85,96,116,142,142,217,217,233,233,233,9,9,9,35,47,47,47,65,27,27,55,55,128,128,146,165,165,178,128,128,156,156,210,226,256,256,256,256,256,256,256,256],"floor_reached":51,"language":"ENG","playtime":11428,"items_purged":["Strike_P"],"score":1418,"play_id":"0354f786-c70b-4345-b37a-e68bb043f83e","local_time":"20210201225128","is_ascension_mode":true,"campfire_choices":[{"data":"SashWhip","floor":6.0,"key":"SMITH"},{"data":"DeusExMachina","floor":11.0,"key":"SMITH"},{"floor":15.0,"key":"REST"},{"floor":23.0,"key":"REST"},{"data":"Blasphemy","floor":27.0,"key":"SMITH"},{"floor":30.0,"key":"REST"},{"floor":32.0,"key":"REST"},{"data":"WaveOfTheHand","floor":40.0,"key":"SMITH"},{"floor":42.0,"key":"REST"},{"data":"MentalFortress","floor":49,"key":"SMITH"}],"circlet_count":0,"master_deck":["AscendersBane","Strike_P+1","Strike_P","Defend_P","Defend_P","Defend_P+1","Eruption+1","Vigilance","Protect+1","FlyingSleeves+1","SashWhip+1","Halt+1","DeusExMachina+1","EmptyBody","EmptyMind+1","FlurryOfBlows","MentalFortress+1","Blasphemy+1","LessonLearned","FlyingSleeves","Fasting2+1","FlurryOfBlows","Tantrum+1","ClearTheMind","TalkToTheHand+1","Adaptation+1","Brilliance+1","Wireheading+1","WaveOfTheHand+1","MentalFortress+1"],"relics":["Tiny House","Centennial Puzzle","Question Card","Meat on the Bone","Torii","Pen Nib","Runic Pyramid","MutagenicStrength","Membership Card","Lizard Tail","Du-Vu Doll","Singing Bowl","Sozu","Juzu Bracelet","Omamori","Smiling Mask"],"acts_visited":["Exordium","TheCity","TheBeyond"],"potions_floor_usage":[50],"damage_taken":[{"damage":0.0,"enemies":"Small Slimes","floor":1.0,"turns":6.0},{"damage":1.0,"enemies":"2 Louse","floor":2.0,"turns":4.0},{"damage":7.0,"enemies":"Lagavulin","floor":7.0,"turns":6.0},{"damage":0.0,"enemies":"Cultist","floor":8.0,"turns":2.0},{"damage":8.0,"enemies":"Gremlin Nob","floor":10.0,"turns":3.0},{"damage":1.0,"enemies":"3 Louse","floor":12.0,"turns":3.0},{"damage":0.0,"enemies":"Blue Slaver","floor":13.0,"turns":5.0},{"damage":1.0,"enemies":"3 Sentries","floor":14.0,"turns":6.0},{"damage":12.0,"enemies":"Hexaghost","floor":16.0,"turns":9.0},{"damage":22.0,"enemies":"Shell Parasite","floor":18.0,"turns":4.0},{"damage":14.0,"enemies":"Book of Stabbing","floor":24.0,"turns":3.0},{"damage":0.0,"enemies":"Spheric Guardian","floor":25.0,"turns":1.0},{"damage":0.0,"enemies":"Snecko","floor":28.0,"turns":4.0},{"damage":23.0,"enemies":"Gremlin Leader","floor":31.0,"turns":4.0},{"damage":60.0,"enemies":"Collector","floor":33.0,"turns":12.0},{"damage":1.0,"enemies":"Orb Walker","floor":35.0,"turns":3.0},{"damage":12.0,"enemies":"3 Darklings","floor":36.0,"turns":3.0},{"damage":14.0,"enemies":"Transient","floor":38.0,"turns":6.0},{"damage":33.0,"enemies":"Giant Head","floor":41.0,"turns":7.0},{"damage":17.0,"enemies":"Jaw Worm Horde","floor":44.0,"turns":3.0},{"damage":1,"enemies":"Nemesis","floor":45,"turns":5},{"damage":59,"enemies":"Awakened One","floor":50,"turns":14},{"damage":88,"enemies":"Donu and Deca","floor":51,"turns":7}],"seed_played":"-8216376407572437396","potions_obtained":[{"floor":0.0,"key":"Strength Potion"},{"floor":10.0,"key":"Block Potion"},{"floor":12.0,"key":"SkillPotion"},{"floor":14.0,"key":"Strength Potion"},{"floor":31.0,"key":"Dexterity Potion"},{"floor":33.0,"key":"SpeedPotion"}],"is_trial":false,"path_per_floor":["M","M","?","$","?","R","E","M","T","E","R","M","M","E","R","B",null,"M","?","?","$","?","R","E","M","T","R","M","$","R","E","R","B",null,"M","M","?","M","?","R","E","R","T","M","E","?","?","?","R","B","B"],"character_chosen":"WATCHER","items_purchased":["Centennial Puzzle","Membership Card","Fasting2","FlurryOfBlows"],"campfire_rested":5,"item_purchase_floors":[4,21,21,21],"current_hp_per_floor":[66,65,43,43,43,43,36,36,36,40,40,39,39,38,59,47,67,45,24,24,24,24,47,45,45,45,45,45,45,68,45,68,20,64,63,51,51,51,51,51,30,54,54,51,52,84,84,84,84,37,0,0],"gold":256,"neow_bonus":"BOSS_RELIC","is_daily":false,"chose_seed":false,"campfire_upgraded":5,"win_rate":0.0,"timestamp":1612245088,"path_taken":["M","M","?","$","?","R","E","M","T","E","R","M","M","E","R","BOSS","M","?","?","$","?","R","E","M","T","R","?","$","R","E","R","BOSS","M","M","?","M","?","R","E","R","T","M","E","?","?","?","R","BOSS","BOSS"],"items_purchased_type":["Relic","Relic","Card","Card"],"build_version":"2020-12-22","purchased_purges":1,"victory":false,"max_hp_per_floor":[73,73,73,73,73,73,73,73,73,73,73,73,73,73,73,73,73,73,78,78,78,78,78,78,78,78,78,78,78,78,78,78,78,78,78,78,78,80,80,80,80,80,80,82,84,84,84,84,84,84,84,84],"relic_stats":{"Sozu":5,"Centennial Puzzle":[54],"Lizard Tail":42,"Torii":27,"Singing Bowl":6,"counters":[23,120],"Pen Nib":[23],"Juzu Bracelet":2,"Question Card":18,"Smiling Mask":0,"obtain_stats":[{"Tiny House":0,"Torii":10,"Singing Bowl":31,"Pen Nib":14,"Juzu Bracelet":41,"Omamori":43,"Question Card":7,"Smiling Mask":45,"Du-Vu Doll":26,"Sozu":34,"Centennial Puzzle":4,"Lizard Tail":24,"MutagenicStrength":20,"Membership Card":21,"PureWater":0,"Meat on the Bone":9,"Runic Pyramid":17},{"Tiny House":0,"Torii":5,"Singing Bowl":14,"Pen Nib":8,"Juzu Bracelet":19,"Omamori":19,"Question Card":3,"Smiling Mask":21,"Du-Vu Doll":12,"Sozu":15,"Centennial Puzzle":2,"Lizard Tail":11,"MutagenicStrength":10,"Membership Card":10,"PureWater":0,"Meat on the Bone":4,"Runic Pyramid":9},{"Tiny House":0,"Torii":21,"Singing Bowl":60,"Pen Nib":35,"Juzu Bracelet":91,"Omamori":91,"Question Card":16,"Smiling Mask":99,"Du-Vu Doll":52,"Sozu":72,"Centennial Puzzle":10,"Lizard Tail":51,"MutagenicStrength":48,"Membership Card":48,"PureWater":0,"Meat on the Bone":18,"Runic Pyramid":44}],"Meat on the Bone":84},"card_choices":[{"not_picked":["EmptyBody","Crescendo"],"picked":"Protect","floor":0.0},{"not_picked":["Nirvana","Halt"],"picked":"FlyingSleeves","floor":1.0},{"not_picked":["CrushJoints","Protect"],"picked":"SashWhip","floor":2.0},{"not_picked":["ThirdEye","JustLucky"],"picked":"DeusExMachina","floor":7.0},{"not_picked":["FlyingSleeves","Collect","SandsOfTime"],"picked":"EmptyBody","floor":8.0},{"not_picked":["WheelKick","Consecrate","BowlingBash"],"picked":"EmptyMind","floor":10.0},{"not_picked":["ClearTheMind","JustLucky","WheelKick"],"picked":"FlurryOfBlows","floor":12.0},{"not_picked":["Halt","InnerPeace","Prostrate"],"picked":"MentalFortress","floor":13.0},{"not_picked":["SignatureMove","BowlingBash","MasterReality"],"picked":"Blasphemy","floor":14.0},{"not_picked":["Ragnarok","Vault","DeusExMachina"],"picked":"LessonLearned","floor":16.0},{"not_picked":["Study","Nirvana","SashWhip"],"picked":"FlyingSleeves","floor":18.0},{"not_picked":["CutThroughFate","CrushJoints","Adaptation"],"picked":"Tantrum","floor":24.0},{"not_picked":["Collect","PathToVictory","Crescendo"],"picked":"ClearTheMind","floor":25.0},{"not_picked":["DeusExMachina","Pray+1","EmptyFist"],"picked":"TalkToTheHand","floor":28.0},{"not_picked":["Crescendo","Vengeance","FollowUp"],"picked":"Adaptation","floor":31.0},{"not_picked":["Wish","Blasphemy","Establishment"],"picked":"Brilliance","floor":33.0},{"not_picked":["CarveReality+1","CutThroughFate+1","ForeignInfluence"],"picked":"Wireheading+1","floor":35.0},{"not_picked":["Halt","JustLucky","Collect"],"picked":"WaveOfTheHand","floor":36.0},{"not_picked":["ClearTheMind+1","ThirdEye","FlyingSleeves","DeceiveReality"],"picked":"Singing Bowl","floor":38.0},{"not_picked":["Blasphemy","CutThroughFate","Protect"],"picked":"MentalFortress","floor":41.0},{"not_picked":["Prostrate","Halt","SashWhip","Vengeance"],"picked":"Singing Bowl","floor":44.0},{"not_picked":["Consecrate","Prostrate","PathToVictory","Protect+1"],"picked":"Singing Bowl","floor":45}],"player_experience":2980249,"relics_obtained":[{"floor":7.0,"key":"Question Card"},{"floor":9.0,"key":"Meat on the Bone"},{"floor":10.0,"key":"Torii"},{"floor":14.0,"key":"Pen Nib"},{"floor":24.0,"key":"Lizard Tail"},{"floor":26.0,"key":"Du-Vu Doll"},{"floor":31.0,"key":"Singing Bowl"},{"floor":41.0,"key":"Juzu Bracelet"},{"floor":43.0,"key":"Omamori"},{"floor":45,"key":"Smiling Mask"}],"event_choices":[{"damage_healed":0.0,"max_hp_gain":0.0,"max_hp_loss":0.0,"gold_gain":0.0,"event_name":"Shining Light","player_choice":"Entered Light","floor":3.0,"gold_loss":0.0,"damage_taken":22.0,"cards_upgraded":["Strike_P","FlyingSleeves"]},{"damage_healed":0.0,"max_hp_gain":0.0,"max_hp_loss":0.0,"gold_gain":0.0,"cards_transformed":["Strike_P"],"event_name":"Transmorgrifier","player_choice":"Transformed","floor":5.0,"gold_loss":0.0,"damage_taken":0.0,"cards_obtained":["Halt"]},{"damage_healed":0.0,"max_hp_gain":5.0,"max_hp_loss":0.0,"gold_gain":0.0,"event_name":"Forgotten Altar","player_choice":"Shed Blood","floor":19.0,"gold_loss":0.0,"damage_taken":26.0},{"damage_healed":0.0,"max_hp_gain":0.0,"max_hp_loss":0.0,"gold_gain":0.0,"event_name":"Drug Dealer","player_choice":"Inject Mutagens","floor":20.0,"gold_loss":0.0,"damage_taken":0.0,"relics_obtained":["MutagenicStrength"]},{"damage_healed":0.0,"max_hp_gain":0.0,"max_hp_loss":0.0,"gold_gain":0.0,"event_name":"Upgrade Shrine","player_choice":"Upgraded","floor":22.0,"gold_loss":0.0,"damage_taken":0.0,"cards_upgraded":["Fasting2"]},{"cards_removed":["Defend_P"],"damage_healed":0.0,"max_hp_gain":0.0,"max_hp_loss":0.0,"gold_gain":0.0,"event_name":"Falling","player_choice":"Removed Skill","floor":37.0,"gold_loss":0.0,"damage_taken":0.0},{"damage_healed":0.0,"max_hp_gain":0.0,"max_hp_loss":0.0,"gold_gain":0.0,"event_name":"Designer","player_choice":"Upgrade","floor":39.0,"gold_loss":50.0,"damage_taken":0.0,"cards_upgraded":["TalkToTheHand"]},{"damage_healed":32,"gold_gain":0,"player_choice":"Heal","damage_taken":0,"max_hp_gain":0,"max_hp_loss":0,"event_name":"MindBloom","floor":46,"gold_loss":0,"cards_obtained":["Doubt"]},{"damage_healed":0,"gold_gain":0,"player_choice":"Got Potions","damage_taken":0,"max_hp_gain":0,"max_hp_loss":0,"event_name":"Lab","floor":47,"gold_loss":0},{"damage_healed":17,"gold_gain":0,"player_choice":"Writhe","damage_taken":0,"max_hp_gain":0,"max_hp_loss":0,"event_name":"Winding Halls","floor":48,"gold_loss":0,"cards_obtained":["Writhe"]}],"is_beta":false,"boss_relics":[{"not_picked":["Runic Dome","Empty Cage"],"picked":"Runic Pyramid"},{"not_picked":["SlaversCollar","Snecko Eye"],"picked":"Sozu"}],"items_purged_floors":[29],"is_endless":false,"potions_floor_spawned":[10,12,14,31,33,35,36,38],"killed_by":"Donu and Deca","ascension_level":20}}