{"host":"i09pxcjttd31eh4q","time":1612265024,"event":{"mods":["AchievementEnabler","BaseMod","Colored Map","Keyboard Shortcuts","Minty Spire (QoL Compilation)","StSLib","SuperFastMode"],"gold_per_floor":[118,118,138,138,149,183,183,210,287,287,124,136,154,164,164,164,164],"floor_reached":16,"language":"KOR","playtime":360,"items_purged":["Strike_B"],"score":224,"play_id":"01d865ee-0d4b-49ed-8911-dbd49ee28040","local_time":"20210202202344","is_ascension_mode":true,"campfire_choices":[{"data":"Chaos","floor":7,"key":"SMITH"},{"data":"Barrage","floor":10,"key":"SMITH"},{"data":"Defragment","floor":15,"key":"SMITH"}],"circlet_count":0,"master_deck":["AscendersBane","Strike_B","Strike_B","Strike_B","Defend_B","Defend_B","Defend_B","Defend_B","Zap","Dualcast","Gash","BootSequence","Ball Lightning","Chaos+1","Barrage+1","Loop","Defragment+1","Heatsinks","Turbo"],"relics":["Cracked Core","NeowsBlessing","Pocketwatch","Vajra","Bottled Lightning"],"acts_visited":["Exordium"],"potions_floor_usage":[6,8,8,16],"damage_taken":[{"damage":0,"enemies":"2 Louse","floor":1,"turns":1},{"damage":0,"enemies":"Cultist","floor":3,"turns":1},{"damage":0,"enemies":"Small Slimes","floor":5,"turns":1},{"damage":11,"enemies":"3 Sentries","floor":6,"turns":6},{"damage":10,"enemies":"Lagavulin","floor":8,"turns":4},{"damage":0,"enemies":"3 Louse","floor":12,"turns":2},{"damage":2,"enemies":"Exordium Wildlife","floor":13,"turns":3},{"damage":35,"enemies":"Exordium Thugs","floor":14,"turns":4},{"damage":1,"enemies":"The Guardian","floor":16,"turns":8}],"seed_played":"7596855908898660968","potions_obtained":[{"floor":2,"key":"EntropicBrew"},{"floor":2,"key":"AttackPotion"},{"floor":13,"key":"SteroidPotion"}],"is_trial":false,"path_per_floor":["M","?","M","?","M","E","R","E","T","R","$","M","M","M","R","B"],"character_chosen":"DEFECT","items_purchased":["Loop"],"campfire_rested":0,"item_purchase_floors":[11],"current_hp_per_floor":[64,64,64,69,69,58,58,48,48,48,48,48,46,11,11,10,10],"gold":164,"neow_bonus":"THREE_ENEMY_KILL","is_daily":false,"chose_seed":false,"campfire_upgraded":3,"win_rate":0.0,"timestamp":1612265024,"path_taken":["M","?","?","?","M","E","R","E","T","R","$","M","M","M","R","BOSS"],"items_purchased_type":["Card"],"build_version":"2020-12-22","purchased_purges":1,"victory":false,"max_hp_per_floor":[71,71,71,76,76,76,76,76,76,76,76,76,76,76,76,76,76],"card_choices":[{"not_picked":["Rebound","Leap"],"picked":"Gash","floor":1},{"not_picked":["Conserve Battery","Aggregate"],"picked":"BootSequence","floor":3},{"not_picked":["Compile Driver","Streamline"],"picked":"Ball Lightning","floor":5},{"not_picked":["Redo","Go for the Eyes"],"picked":"Chaos","floor":6},{"not_picked":["Meteor Strike","Sweeping Beam"],"picked":"Barrage","floor":8},{"not_picked":["Beam Cell","Steam"],"picked":"Defragment","floor":12},{"not_picked":["Chill","Conserve Battery"],"picked":"Heatsinks","floor":13},{"not_picked":["Barrage","Rebound"],"picked":"Turbo","floor":14}],"player_experience":881100,"relics_obtained":[{"floor":6,"key":"Pocketwatch"},{"floor":8,"key":"Vajra"},{"floor":9,"key":"Bottled Lightning"}],"event_choices":[{"damage_healed":0,"gold_gain":0,"player_choice":"Got Potions","damage_taken":0,"max_hp_gain":0,"max_hp_loss":0,"event_name":"Lab","floor":2,"gold_loss":0},{"damage_healed":0,"gold_gain":0,"player_choice":"Donut","damage_taken":0,"max_hp_gain":5,"max_hp_loss":0,"event_name":"Big Fish","floor":4,"gold_loss":0}],"is_beta":false,"boss_relics":[],"items_purged_floors":[11],"is_endless":false,"potions_floor_spawned":[3,5,13],"killed_by":"The Guardian","ascension_level":20}}