{"host":"4lch21uqe3ag08cj","time":1612232980,"event":{"mods":["AchievementEnabler","BaseMod","Block Reminder","Colored Map","Colored Powertips","Minty Spire (QoL Compilation)","Permanent Neow","Relic Stats"],"gold_per_floor":[111,131,131,147,160,195,209,209,209,239,239,270,270,270,270,371,371,390,390,401,428,60,60,88,102,149,149,149,149,177,177,177,273,273,291,308,308,323,333,365,376,386,431,458,476,476,698,731,731,731,731,731,50,78,78],"floor_reached":56,"language":"ENG","playtime":3146,"items_purged":["Defend_B"],"score":1442,"play_id":"6c50efd6-a708-4394-a8d0-0bc8a8eddcad","local_time":"20210201232940","is_ascension_mode":true,"campfire_choices":[{"data":"Coolheaded","floor":8,"key":"SMITH"},{"floor":11,"key":"REST"},{"data":"Biased Cognition","floor":15,"key":"SMITH"},{"data":"Fission","floor":23,"key":"SMITH"},{"floor":29,"key":"REST"},{"data":"Echo Form","floor":32,"key":"SMITH"},{"floor":46,"key":"RECALL"},{"data":"Fission","floor":49,"key":"SMITH"},{"data":"Ghostly","floor":52,"key":"SMITH"}],"circlet_count":0,"master_deck":["Defend_B","Defend_B","Defend_B","Zap","Dualcast","Ball Lightning","Compile Driver","Go for the Eyes","Recycle","Biased Cognition+1","Coolheaded+1","Leap","Echo Form+1","Cold Snap","Stack+1","Fission+1","Genetic Algorithm","Bite","Bite","Bite","Bite","Core Surge","Cold Snap","Ghostly","Ghostly+1","Ghostly","Ghostly+1","Ghostly+1","Electrodynamics","White Noise","Glacier+1","Glacier+1","Fission+1","Defragment"],"relics":["Cracked Core","Incense Burner","Potion Belt","Bottled Flame","White Beast Statue","Anchor","Cables","SacredBark","Red Mask","Runic Capacitor","Bronze Scales","Dream Catcher","PreservedInsect","Shovel","Snecko Eye","Juzu Bracelet","War Paint","Kunai","Strange Spoon","Bottled Tornado","Pen Nib"],"acts_visited":["Exordium","TheCity","TheBeyond","TheEnding"],"potions_floor_usage":[6,6,7,16,20,21,33,33,33,33,48,48,48,54,55,55,55,55],"damage_taken":[{"damage":1,"enemies":"Jaw Worm","floor":1,"turns":3},{"damage":6,"enemies":"Cultist","floor":2,"turns":3},{"damage":0,"enemies":"Small Slimes","floor":4,"turns":2},{"damage":0,"enemies":"3 Louse","floor":5,"turns":3},{"damage":12,"enemies":"Gremlin Nob","floor":6,"turns":4},{"damage":0,"enemies":"Looter","floor":7,"turns":1},{"damage":6,"enemies":"3 Sentries","floor":10,"turns":6},{"damage":14,"enemies":"Lagavulin","floor":12,"turns":6},{"damage":6,"enemies":"The Guardian","floor":16,"turns":7},{"damage":5,"enemies":"Spheric Guardian","floor":18,"turns":3},{"damage":2,"enemies":"2 Thieves","floor":20,"turns":2},{"damage":20,"enemies":"Masked Bandits","floor":21,"turns":4},{"damage":9,"enemies":"Book of Stabbing","floor":24,"turns":5},{"damage":0,"enemies":"Shelled Parasite and Fungi","floor":25,"turns":5},{"damage":0,"enemies":"Gremlin Leader","floor":30,"turns":4},{"damage":9,"enemies":"Automaton","floor":33,"turns":11},{"damage":0,"enemies":"Orb Walker","floor":35,"turns":5},{"damage":0,"enemies":"3 Shapes","floor":36,"turns":4},{"damage":0,"enemies":"3 Darklings","floor":38,"turns":7},{"damage":1,"enemies":"Sphere and 2 Shapes","floor":39,"turns":5},{"damage":2,"enemies":"Nemesis","floor":40,"turns":5},{"damage":1,"enemies":"4 Shapes","floor":41,"turns":4},{"damage":0,"enemies":"Jaw Worm Horde","floor":42,"turns":4},{"damage":0,"enemies":"Transient","floor":45,"turns":5},{"damage":1,"enemies":"Giant Head","floor":48,"turns":9},{"damage":0,"enemies":"Time Eater","floor":50,"turns":11},{"damage":0,"enemies":"Shield and Spear","floor":54,"turns":5},{"damage":11,"enemies":"The Heart","floor":55,"turns":11}],"seed_played":"7101110707504809791","potions_obtained":[{"floor":2,"key":"Weak Potion"},{"floor":4,"key":"LiquidBronze"},{"floor":5,"key":"Block Potion"},{"floor":6,"key":"ColorlessPotion"},{"floor":12,"key":"FocusPotion"},{"floor":16,"key":"Energy Potion"},{"floor":18,"key":"PowerPotion"},{"floor":20,"key":"GamblersBrew"},{"floor":21,"key":"Block Potion"},{"floor":24,"key":"GamblersBrew"},{"floor":25,"key":"Strength Potion"},{"floor":30,"key":"Explosive Potion"},{"floor":33,"key":"BlessingOfTheForge"},{"floor":35,"key":"LiquidMemories"},{"floor":36,"key":"SpeedPotion"},{"floor":38,"key":"Strength Potion"},{"floor":39,"key":"Energy Potion"},{"floor":42,"key":"Swift Potion"},{"floor":48,"key":"SteroidPotion"},{"floor":54,"key":"Energy Potion"}],"is_trial":false,"path_per_floor":["M","M","?","M","M","E","M","R","T","E","R","E","T","?","R","B",null,"M","?","M","?","$","R","E","M","T","?","?","R","E","?","R","B",null,"M","M","?","M","M","E","M","M","T","T","M","R","?","E","R","B",null,"R","$","E","B",null],"character_chosen":"DEFECT","items_purchased":["Fission","Runic Capacitor","Bronze Scales","Defragment","Strange Spoon","Bottled Tornado","LiquidMemories","PotionOfCapacity"],"campfire_rested":2,"item_purchase_floors":[22,22,22,53,53,53,53,53],"current_hp_per_floor":[53,47,47,47,47,35,35,35,35,29,51,37,37,30,30,24,75,70,70,68,48,48,48,39,39,39,25,25,41,51,28,28,27,28,28,28,28,28,28,26,27,28,28,28,28,28,28,28,28,28,28,28,28,28,25],"gold":78,"neow_bonus":"ONE_RARE_RELIC","is_daily":false,"chose_seed":false,"campfire_upgraded":6,"win_rate":0.0,"timestamp":1612232980,"path_taken":["M","M","?","M","M","E","?","R","T","E","R","E","?","?","R","BOSS","M","?","M","?","$","R","E","M","T","?","?","R","E","?","R","BOSS","M","M","?","M","M","E","M","M","T","?","M","R","?","E","R","BOSS","R","$","E","BOSS"],"items_purchased_type":["Card","Relic","Relic","Card","Relic","Relic","Potion","Potion"],"build_version":"2020-12-22","purchased_purges":1,"victory":true,"max_hp_per_floor":[75,75,75,75,75,75,75,75,75,75,75,75,75,75,75,75,75,75,75,75,75,75,75,75,75,75,80,56,56,56,28,28,28,28,28,28,28,28,28,28,28,28,28,28,28,28,28,28,28,28,28,28,28,28,28],"relic_stats":{"counters":[28,144],"PreservedInsect":281,"Pen Nib":[1],"Juzu Bracelet":0,"War Paint":["Ghostly","Ghostly"],"Cables":[100,70,30,0,0],"Strange Spoon":[12],"Dream Catcher":1,"Shovel":0,"Bronze Scales":[393],"Snecko Eye":[156,162,138,151],"Kunai":[7],"obtain_stats":[{"Potion Belt":6,"SacredBark":17,"PreservedInsect":26,"Pen Nib":54,"Incense Burner":0,"Runic Capacitor":22,"Juzu Bracelet":40,"War Paint":44,"Bottled Tornado":53,"White Beast Statue":10,"Cables":13,"Strange Spoon":53,"Bottled Flame":9,"Anchor":12,"Dream Catcher":24,"Shovel":30,"Bronze Scales":22,"Snecko Eye":34,"Red Mask":21,"Kunai":48,"Cracked Core":0},{"Potion Belt":5,"SacredBark":9,"PreservedInsect":14,"Pen Nib":27,"Incense Burner":0,"Runic Capacitor":12,"Juzu Bracelet":21,"War Paint":23,"Bottled Tornado":26,"White Beast Statue":7,"Cables":8,"Strange Spoon":26,"Bottled Flame":6,"Anchor":8,"Dream Catcher":13,"Shovel":15,"Bronze Scales":12,"Snecko Eye":16,"Red Mask":12,"Kunai":25,"Cracked Core":0},{"Potion Belt":15,"SacredBark":35,"PreservedInsect":54,"Pen Nib":133,"Incense Burner":0,"Runic Capacitor":44,"Juzu Bracelet":95,"War Paint":103,"Bottled Tornado":128,"White Beast Statue":22,"Cables":28,"Strange Spoon":128,"Bottled Flame":16,"Anchor":28,"Dream Catcher":49,"Shovel":58,"Bronze Scales":44,"Snecko Eye":69,"Red Mask":44,"Kunai":117,"Cracked Core":0}]},"card_choices":[{"not_picked":["Stack","Static Discharge"],"picked":"Ball Lightning","floor":1},{"not_picked":["Barrage","Redo"],"picked":"Compile Driver","floor":2},{"not_picked":["Stack","Sweeping Beam"],"picked":"Go for the Eyes","floor":4},{"not_picked":["Steam","Hologram"],"picked":"Recycle","floor":5},{"not_picked":["Reinforced Body","Beam Cell"],"picked":"Biased Cognition","floor":6},{"not_picked":["Ball Lightning","Melter"],"picked":"Coolheaded","floor":7},{"not_picked":["Recycle","Hello World","Sweeping Beam"],"picked":"SKIP","floor":10},{"not_picked":["Gash","All For One"],"picked":"Leap","floor":12},{"not_picked":["Meteor Strike","Multi-Cast"],"picked":"Echo Form","floor":16},{"not_picked":["Turbo+1","Leap+1"],"picked":"Cold Snap","floor":18},{"not_picked":["Barrage","Conserve Battery"],"picked":"Stack+1","floor":20},{"not_picked":["Storm","Go for the Eyes"],"picked":"Genetic Algorithm","floor":24},{"not_picked":["Redo","Melter","Sunder"],"picked":"SKIP","floor":25},{"not_picked":["Redo","Steam Power"],"picked":"Core Surge","floor":29},{"not_picked":["Capacitor+1","Genetic Algorithm"],"picked":"Cold Snap","floor":30},{"not_picked":["Core Surge","Rainbow"],"picked":"Electrodynamics","floor":33},{"not_picked":["Streamline","Beam Cell","Hologram"],"picked":"SKIP","floor":35},{"not_picked":["Conserve Battery+1","Compile Driver"],"picked":"White Noise","floor":36},{"not_picked":["Chill+1","Redo+1"],"picked":"Glacier+1","floor":38},{"not_picked":["Gash+1","Storm+1","Redo"],"picked":"SKIP","floor":39},{"not_picked":["Storm+1","Beam Cell","Skim+1"],"picked":"SKIP","floor":40},{"not_picked":["Turbo+1","Redo"],"picked":"Glacier+1","floor":41},{"not_picked":["Steam+1","Beam Cell","Ball Lightning+1"],"picked":"SKIP","floor":42},{"not_picked":["Hologram+1","Go for the Eyes+1"],"picked":"Fission","floor":45},{"not_picked":["Gash+1","Steam Power+1","Sweeping Beam"],"picked":"SKIP","floor":48},{"not_picked":["Compile Driver+1","BootSequence","Hello World+1"],"picked":"SKIP","floor":54}],"player_experience":16263,"relics_obtained":[{"floor":6,"key":"Potion Belt"},{"floor":9,"key":"Bottled Flame"},{"floor":10,"key":"White Beast Statue"},{"floor":12,"key":"Anchor"},{"floor":13,"key":"Cables"},{"floor":21,"key":"Red Mask"},{"floor":24,"key":"Dream Catcher"},{"floor":26,"key":"PreservedInsect"},{"floor":30,"key":"Shovel"},{"floor":40,"key":"Juzu Bracelet"},{"floor":44,"key":"War Paint"},{"floor":48,"key":"Kunai"},{"floor":54,"key":"Pen Nib"}],"event_choices":[{"cards_removed":["Strike_B"],"damage_healed":0,"gold_gain":0,"player_choice":"Purged","damage_taken":0,"max_hp_gain":0,"max_hp_loss":0,"event_name":"Purifier","floor":3,"gold_loss":0},{"cards_removed":["Strike_B"],"damage_healed":0,"gold_gain":0,"player_choice":"Card Removal","damage_taken":7,"max_hp_gain":0,"max_hp_loss":0,"event_name":"Golden Wing","floor":14,"gold_loss":0},{"cards_removed":["Strike_B"],"damage_healed":0,"gold_gain":0,"player_choice":"Elegance","damage_taken":0,"max_hp_gain":0,"max_hp_loss":0,"event_name":"Back to Basics","floor":19,"gold_loss":0},{"damage_healed":0,"gold_gain":0,"player_choice":"Fought Bandits","damage_taken":0,"max_hp_gain":0,"max_hp_loss":0,"event_name":"Masked Bandits","floor":21,"gold_loss":0},{"damage_healed":0,"gold_gain":0,"player_choice":"Shed Blood","damage_taken":19,"max_hp_gain":5,"max_hp_loss":0,"event_name":"Forgotten Altar","floor":27,"gold_loss":0},{"damage_healed":0,"gold_gain":0,"player_choice":"Became a vampire","damage_taken":0,"max_hp_gain":0,"max_hp_loss":24,"event_name":"Vampires","floor":28,"gold_loss":0,"cards_obtained":["Bite","Bite","Bite","Bite","Bite"]},{"damage_healed":0,"gold_gain":0,"player_choice":"Became a Ghost","damage_taken":0,"max_hp_gain":0,"max_hp_loss":28,"event_name":"Ghosts","floor":31,"gold_loss":0,"cards_obtained":["Ghostly","Ghostly","Ghostly","Ghostly","Ghostly"]},{"cards_removed":["Bite"],"damage_healed":0,"gold_gain":0,"player_choice":"Removed Attack","damage_taken":0,"max_hp_gain":0,"max_hp_loss":0,"event_name":"Falling","floor":37,"gold_loss":0},{"damage_healed":0,"gold_gain":222,"player_choice":"Wore Mask","damage_taken":0,"max_hp_gain":0,"max_hp_loss":0,"event_name":"Tomb of Lord Red Mask","floor":47,"gold_loss":0}],"is_beta":false,"boss_relics":[{"not_picked":["Nuclear Battery","FrozenCore"],"picked":"SacredBark"},{"not_picked":["Cursed Key","Busted Crown"],"picked":"Snecko Eye"}],"items_purged_floors":[53],"is_endless":false,"potions_floor_spawned":[2,4,5,6,12,16,18,20,21,24,25,30,33,35,36,38,39,40,41,42,45,48,54],"ascension_level":1}}