{"host":"4rvakrj1idbgia3f","time":1612275490,"event":{"mods":["BaseMod","Colored Map","Colored Powertips","DeckTracker","Highlight Path","Minty Spire (QoL Compilation)","Random Character Button","StSLib"],"gold_per_floor":[113,128,128,142,67,67,67,96,96,96,114,114,133,168,168,168,168],"floor_reached":16,"language":"JPN","playtime":565,"items_purged":["Defend_G"],"score":220,"play_id":"c7dea873-79ec-4b5a-9712-961c50817c0b","local_time":"20210202231810","is_ascension_mode":true,"campfire_choices":[{"data":"Accuracy","floor":6,"key":"SMITH"},{"data":"Leg Sweep","floor":10,"key":"SMITH"},{"data":"Doppelganger","floor":15,"key":"SMITH"}],"circlet_count":0,"master_deck":["AscendersBane","Strike_G","Strike_G","Strike_G","Strike_G","Defend_G","Defend_G","Defend_G","Defend_G","Survivor","Neutralize+1","Blade Dance+1","Accuracy+1","Leg Sweep+1","PiercingWail","Dodge and Roll","Doppelganger+1"],"relics":["Ring of the Snake","Letter Opener","Regal Pillow","Golden Idol","Matryoshka"],"acts_visited":["Exordium"],"potions_floor_usage":[8,8,14],"damage_taken":[{"damage":0,"enemies":"Small Slimes","floor":1,"turns":5},{"damage":0,"enemies":"2 Louse","floor":2,"turns":2},{"damage":0,"enemies":"Jaw Worm","floor":4,"turns":3},{"damage":5,"enemies":"Gremlin Nob","floor":8,"turns":4},{"damage":0,"enemies":"Red Slaver","floor":11,"turns":1},{"damage":0,"enemies":"3 Louse","floor":13,"turns":2},{"damage":3,"enemies":"Lagavulin","floor":14,"turns":6},{"damage":45,"enemies":"Slime Boss","floor":16,"turns":9}],"seed_played":"4761081358581349347","potions_obtained":[{"floor":1,"key":"ColorlessPotion"},{"floor":4,"key":"Block Potion"},{"floor":13,"key":"LiquidMemories"}],"is_trial":false,"path_per_floor":["M","M","?","M","$","R","?","E","T","R","M","?","M","E","R","B"],"character_chosen":"THE_SILENT","items_purchased":[],"campfire_rested":0,"item_purchase_floors":[],"current_hp_per_floor":[59,59,59,59,59,59,52,47,47,47,47,47,47,44,44,0,0],"gold":168,"neow_bonus":"UPGRADE_CARD","is_daily":false,"chose_seed":false,"campfire_upgraded":3,"win_rate":0.0,"timestamp":1612275490,"path_taken":["M","M","?","M","$","R","?","E","T","R","M","?","M","E","R","BOSS"],"items_purchased_type":[],"build_version":"2020-12-22","purchased_purges":1,"victory":false,"max_hp_per_floor":[66,66,66,66,66,66,66,66,66,66,66,60,60,60,60,60,60],"card_choices":[{"not_picked":["Terror","Slice"],"picked":"Blade Dance","floor":1},{"not_picked":["Outmaneuver","Distraction"],"picked":"Accuracy","floor":2},{"not_picked":["Acrobatics","Outmaneuver"],"picked":"Leg Sweep","floor":4},{"not_picked":["Slice","Bouncing Flask"],"picked":"PiercingWail","floor":8},{"not_picked":["Masterful Stab","Poisoned Stab","Eviscerate"],"picked":"SKIP","floor":11},{"not_picked":["Riddle With Holes","Deflect"],"picked":"Dodge and Roll","floor":13},{"not_picked":["Blur","Dagger Spray"],"picked":"Doppelganger","floor":14}],"player_experience":2193074,"relics_obtained":[{"floor":8,"key":"Letter Opener"},{"floor":9,"key":"Regal Pillow"},{"floor":14,"key":"Matryoshka"}],"event_choices":[{"damage_healed":0,"gold_gain":0,"player_choice":"Grow","damage_taken":0,"max_hp_gain":0,"max_hp_loss":0,"event_name":"Living Wall","floor":3,"gold_loss":0,"cards_upgraded":["Blade Dance"]},{"cards_removed":["Strike_G"],"damage_healed":0,"gold_gain":0,"player_choice":"Card Removal","damage_taken":7,"max_hp_gain":0,"max_hp_loss":0,"event_name":"Golden Wing","floor":7,"gold_loss":0},{"damage_healed":0,"gold_gain":0,"player_choice":"Lose Max HP","damage_taken":0,"relics_obtained":["Golden Idol"],"max_hp_gain":0,"max_hp_loss":6,"event_name":"Golden Idol","floor":12,"gold_loss":0}],"is_beta":false,"boss_relics":[],"items_purged_floors":[5],"is_endless":false,"potions_floor_spawned":[1,4,13],"killed_by":"Slime Boss","ascension_level":20}}