{"host":"Sylvester","time":1612245157,"event":{"mods":["BaseMod","Filter the Spire","Lobotomy","Minty Spire (QoL Compilation)","Replay The Spire","StSLib"],"gold_per_floor":[119,134,134,152,185,211,226,242,242,242,253,278,278,317,317,408,408,423,70,70,88,88,109,133,158,158,83,102,102,152,177,177,177,267,267,283,348,348,371,155,155,171,190,213,254,254,285,285,300,300,300,300,300,300,300,18,49,49],"floor_reached":59,"language":"ENG","playtime":3051,"items_purged":["Strike_G","Strike_G"],"score":2692,"play_id":"ac4a9981-37e5-4cfa-96b2-b7ea2f3b5a07","local_time":"20210201215237","is_ascension_mode":true,"campfire_choices":[{"floor":10.0,"key":"REST"},{"floor":15.0,"key":"REST"},{"data":"Replay:Bag of Tricks","floor":32.0,"key":"SMITH"},{"data":"Reflex","floor":33.0,"key":"SMITH"},{"floor":41.0,"key":"RECALL"},{"data":"Strike_G","floor":46.0,"key":"PURGE"},{"data":"Well Laid Plans","floor":48.0,"key":"SMITH"},{"data":"ReplayTheSpireMod:Scrap Shanks","floor":50.0,"key":"SMITH"},{"data":"Footwork","floor":55.0,"key":"SMITH"}],"circlet_count":0,"master_deck":["AscendersBane","Defend_G","Defend_G","Defend_G","Defend_G","Defend_G","Survivor","Neutralize","Quick Slash","Accuracy","Blade Dance","Hidden Blade","Footwork+1","Infinite Blades","Dodge and Roll","Sucker Punch","Blade Dance","Accuracy","Phantasmal Killer+1","Tactician+1","Reflex+1","ReplayTheSpireMod:Speed Training","Hidden Blade","Cloak And Dagger","Writhe","Replay:Bag of Tricks+1","Acrobatics","Prepared","Prepared","ReplayTheSpireMod:Scrap Shanks+1","Well Laid Plans+1","Footwork"],"relics":["WristBlade","Mango","Bottled Flame","Vajra","Pear","TungstenRod","Golden Idol","Gambling Chip","Snecko Scales","ReplayTheSpireMod:Shallot","Eternal Feather","Sundial","Busted Crown","Peace Pipe","White Beast Statue","Art of War","Kunai","Unceasing Top"],"acts_visited":["Exordium","TheCity","TheBeyond","TheEnding"],"potions_floor_usage":[58,58],"damage_taken":[{"damage":6.0,"enemies":"Small Slimes","floor":1.0,"turns":4.0},{"damage":11.0,"enemies":"Jaw Worm","floor":2.0,"turns":6.0},{"damage":0.0,"enemies":"2 Louse","floor":4.0,"turns":2.0},{"damage":16.0,"enemies":"Lagavulin","floor":6.0,"turns":8.0},{"damage":1.0,"enemies":"2 Fungi Beasts","floor":7.0,"turns":4.0},{"damage":1.0,"enemies":"Blue Slaver","floor":8.0,"turns":4.0},{"damage":0.0,"enemies":"Red Slaver","floor":11.0,"turns":4.0},{"damage":15.0,"enemies":"3 Sentries","floor":12.0,"turns":7.0},{"damage":10.0,"enemies":"Gremlin Nob","floor":14.0,"turns":3.0},{"damage":21.0,"enemies":"The Guardian","floor":16.0,"turns":8.0},{"damage":9.0,"enemies":"2 Thieves","floor":18.0,"turns":4.0},{"damage":4.0,"enemies":"Shell Parasite","floor":21.0,"turns":3.0},{"damage":18.0,"enemies":"Chosen and Byrds","floor":23.0,"turns":4.0},{"damage":8.0,"enemies":"3 Cultists","floor":24.0,"turns":4.0},{"damage":4.0,"enemies":"Centurion and Healer","floor":25.0,"turns":3.0},{"damage":0.0,"enemies":"Sentry and Sphere","floor":28.0,"turns":2.0},{"damage":1.0,"enemies":"Snake Plant","floor":31.0,"turns":3.0},{"damage":7.0,"enemies":"Automaton","floor":34.0,"turns":5.0},{"damage":0.0,"enemies":"Orb Walker","floor":36.0,"turns":3.0},{"damage":10.0,"enemies":"2 Orb Walkers","floor":37.0,"turns":4.0},{"damage":0.0,"enemies":"3 Darklings","floor":39.0,"turns":4.0},{"damage":6.0,"enemies":"Sphere and 2 Shapes","floor":42.0,"turns":3.0},{"damage":0.0,"enemies":"Writhing Mass","floor":43.0,"turns":2.0},{"damage":1.0,"enemies":"Reptomancer","floor":45.0,"turns":3.0},{"damage":5.0,"enemies":"Giant Head","floor":47.0,"turns":4.0},{"damage":15.0,"enemies":"4 Shapes","floor":49.0,"turns":3.0},{"damage":6.0,"enemies":"Donu and Deca","floor":51.0,"turns":3.0},{"damage":44.0,"enemies":"Time Eater","floor":52.0,"turns":5.0},{"damage":9.0,"enemies":"Shield and Spear","floor":57.0,"turns":3.0},{"damage":57,"enemies":"The Heart","floor":58,"turns":7}],"seed_played":"-6283825233490422717","potions_obtained":[{"floor":7.0,"key":"Fruit Juice"},{"floor":8.0,"key":"Energy Potion"},{"floor":11.0,"key":"Venom Potion"},{"floor":14.0,"key":"LiquidMemories"},{"floor":18.0,"key":"Adrenaline Potion"},{"floor":25.0,"key":"ColorlessPotion"},{"floor":31.0,"key":"Poison Potion"},{"floor":34.0,"key":"FearPotion"},{"floor":42.0,"key":"Fruit Juice"},{"floor":45.0,"key":"LifebloodPotion"},{"floor":57.0,"key":"Block Potion"}],"is_trial":false,"path_per_floor":["M","M","?","M","?","E","M","M","T","R","M","E","?","E","R","B",null,"M","$","?","M","?","M","M","M","T","?","M","?","?","M","R","R","B",null,"M","?","?","M","$","R","M","M","T","E","R","E","R","M","R","B","B",null,null,"R","$","E","B",null],"character_chosen":"THE_SILENT","items_purchased":["ReplayTheSpireMod:Shallot","Prepared","ReplayTheSpireMod:Scrap Shanks","Kunai"],"campfire_rested":2,"item_purchase_floors":[19,40,40,56],"current_hp_per_floor":[53,42,51,51,19,3,7,6,16,44,44,29,29,19,44,23,70,61,61,61,57,57,39,31,27,27,27,27,27,27,26,41,56,49,77,77,67,67,67,67,85,84,84,84,83,91,86,91,76,91,85,41,41,79,91,91,82,25],"gold":49,"neow_bonus":"BOSS_RELIC","is_daily":false,"chose_seed":false,"campfire_upgraded":5,"win_rate":0.0,"timestamp":1612245157,"path_taken":["M","M","?","M","?","E","M","M","T","R","M","E","?","E","R","BOSS","M","$","?","M","?","M","M","M","T","?","M","?","?","M","R","R","BOSS","M","?","?","?","$","R","M","M","T","E","R","E","R","?","R","BOSS","BOSS","R","$","E","BOSS"],"items_purchased_type":["Relic","Card","Card","Relic"],"build_version":"2020-11-17","purchased_purges":2,"victory":true,"max_hp_per_floor":[66,66,80,80,80,80,85,85,95,95,95,95,86,86,86,86,86,86,86,86,86,86,86,86,86,86,86,86,86,86,86,86,86,86,86,86,86,86,86,86,86,91,91,91,91,91,91,91,91,91,91,91,91,91,91,91,91,91],"card_choices":[{"not_picked":["Backflip","Bouncing Flask"],"picked":"Quick Slash","floor":1.0},{"not_picked":["Acrobatics","Reflex"],"picked":"Accuracy","floor":2.0},{"not_picked":["Malaise","Deflect"],"picked":"Blade Dance","floor":4.0},{"not_picked":["Underhanded Strike","Dagger Spray"],"picked":"Hidden Blade","floor":5.0},{"not_picked":["Predator","Dodge and Roll"],"picked":"Footwork","floor":5.0},{"not_picked":["Dagger Throw","Quick Slash","Deadly Poison"],"picked":"SKIP","floor":6.0},{"not_picked":["Noxious Fumes","Poisoned Stab"],"picked":"Infinite Blades","floor":7.0},{"not_picked":["Outmaneuver","ReplayTheSpireMod:Speed Training"],"picked":"Dodge and Roll","floor":8.0},{"not_picked":["Noxious Fumes","Catalyst"],"picked":"Sucker Punch","floor":11.0},{"not_picked":["Draining Mist","Dodge and Roll"],"picked":"Blade Dance","floor":12.0},{"not_picked":["Finisher","Sucker Punch"],"picked":"Accuracy","floor":14.0},{"not_picked":["Malaise","Unload"],"picked":"Phantasmal Killer","floor":16.0},{"not_picked":["Sneak Up","Quick Slash"],"picked":"Tactician+1","floor":18.0},{"not_picked":["Tactician","Distraction"],"picked":"Reflex","floor":21.0},{"not_picked":["Flying Knee","Dagger Spray"],"picked":"ReplayTheSpireMod:Speed Training","floor":23.0},{"not_picked":["PiercingWail","Riddle With Holes"],"picked":"Hidden Blade","floor":24.0},{"not_picked":["Deadly Poison","Acrobatics","Dodge and Roll"],"picked":"SKIP","floor":25.0},{"not_picked":["Outmaneuver","Riddle With Holes+1"],"picked":"Cloak And Dagger","floor":28.0},{"not_picked":["Draining Mist+1","Backflip"],"picked":"Replay:Bag of Tricks","floor":31.0},{"not_picked":["Deflect+1"],"picked":"SKIP","floor":36.0},{"not_picked":[],"picked":"Acrobatics","floor":39.0},{"not_picked":["Underhanded Strike"],"picked":"SKIP","floor":42.0},{"not_picked":["Underhanded Strike+1"],"picked":"SKIP","floor":43.0},{"not_picked":["Toxin Wave"],"picked":"SKIP","floor":45.0},{"not_picked":[],"picked":"Well Laid Plans","floor":47.0},{"not_picked":["Replay:Poison Smokescreen"],"picked":"SKIP","floor":49.0},{"not_picked":[],"picked":"Footwork","floor":57.0}],"player_experience":187171,"relics_obtained":[{"floor":5.0,"key":"Bottled Flame"},{"floor":6.0,"key":"Vajra"},{"floor":9.0,"key":"Pear"},{"floor":12.0,"key":"TungstenRod"},{"floor":14.0,"key":"Gambling Chip"},{"floor":26.0,"key":"Eternal Feather"},{"floor":37.0,"key":"Peace Pipe"},{"floor":45.0,"key":"White Beast Statue"},{"floor":47.0,"key":"Art of War"},{"floor":57.0,"key":"Unceasing Top"}],"event_choices":[{"damage_healed":0.0,"max_hp_gain":0.0,"max_hp_loss":0.0,"gold_gain":0.0,"event_name":"Scrap Ooze","player_choice":"Success","floor":3.0,"gold_loss":0.0,"damage_taken":5.0,"relics_obtained":["Mango"]},{"damage_healed":0.0,"max_hp_gain":0.0,"max_hp_loss":9.0,"gold_gain":0.0,"event_name":"Golden Idol","player_choice":"Lose Max HP","floor":13.0,"gold_loss":0.0,"damage_taken":0.0,"relics_obtained":["Golden Idol"]},{"damage_healed":0.0,"max_hp_gain":0.0,"max_hp_loss":0.0,"gold_gain":0.0,"event_name":"Accursed Blacksmith","player_choice":"Forge","floor":20.0,"gold_loss":0.0,"damage_taken":0.0,"cards_upgraded":["Phantasmal Killer"]},{"damage_healed":0.0,"max_hp_gain":0.0,"max_hp_loss":0.0,"gold_gain":0.0,"event_name":"Ghosts","player_choice":"Ignored","floor":22.0,"gold_loss":0.0,"damage_taken":0.0},{"cards_removed":["Strike_G"],"damage_healed":0.0,"max_hp_gain":0.0,"max_hp_loss":0.0,"gold_gain":0.0,"event_name":"Beggar","player_choice":"Gave Gold","floor":27.0,"gold_loss":75.0,"damage_taken":0.0},{"damage_healed":0.0,"max_hp_gain":0.0,"max_hp_loss":0.0,"gold_gain":0.0,"event_name":"The Mausoleum","player_choice":"Opened","floor":29.0,"gold_loss":0.0,"damage_taken":0.0,"relics_obtained":["Sundial"],"cards_obtained":["Writhe"]},{"damage_healed":0.0,"max_hp_gain":0.0,"max_hp_loss":0.0,"gold_gain":50.0,"event_name":"Nest","player_choice":"Stole From Cult","floor":30.0,"gold_loss":0.0,"damage_taken":0.0},{"damage_healed":0.0,"max_hp_gain":0.0,"max_hp_loss":0.0,"gold_gain":0.0,"event_name":"Mysterious Sphere","player_choice":"Fight","floor":37.0,"gold_loss":0.0,"damage_taken":0.0},{"cards_removed":["Strike_G"],"damage_healed":0.0,"max_hp_gain":0.0,"max_hp_loss":0.0,"gold_gain":0.0,"event_name":"Bonfire Elementals","player_choice":"Offered Basic","floor":38.0,"gold_loss":0.0,"damage_taken":0.0}],"is_beta":true,"boss_relics":[{"not_picked":["Black Star","Coffee Dripper"],"picked":"Snecko Scales"},{"not_picked":["Fusion Hammer","Painkiller Herb"],"picked":"Busted Crown"}],"items_purged_floors":[19,40],"is_endless":false,"potions_floor_spawned":[7,8,11,14,18,25,31,34,42,45,47,49,57],"ascension_level":20}}