{"host":"yaxsefyig1et0yi2","time":1612233942,"event":{"mods":["Aspiration","BaseMod","BetterRewards","Colored Powertips","Conspire","Displayed Cursed Tome","Downfall","Halation","Hubris","Infinite Spire","JesterMod","Minty Spire (QoL Compilation)","Quick Restart","RatMod","Replay The Spire","Reworked Bosses","Spikes Relics","StSLib","The Bug Knight","The Jungle"],"gold_per_floor":[16,30,42,56,67,67,67,67,67,86,86,86,103,113,113,208,208,224,224,144,176,176,176,176,176,176,187,187,187,197,224,239,239,239,335,335,347,362,373,73,90,115,166,181,206,221,231,256,256,274,274,274],"floor_reached":53,"language":"ENG","playtime":5313,"items_purged":[],"score":805,"play_id":"3d639445-4e1a-4c8b-8040-07edc7f1c558","local_time":"20210201214542","is_ascension_mode":false,"campfire_choices":[{"data":"HollowMod:MidwifesHunger","floor":6.0,"key":"SMITH"},{"data":"HollowMod:RecoilStrike","floor":8.0,"key":"SMITH"},{"data":"HollowMod:FocusHealStart","floor":11.0,"key":"SMITH"},{"data":"HollowMod:AwokenDreamNail","floor":15.0,"key":"SMITH"},{"floor":23.0,"key":"REST"},{"floor":26.0,"key":"REST"},{"data":"RitualDagger","floor":29.0,"key":"SMITH"},{"data":"J.A.X.","floor":34.0,"key":"SMITH"},{"data":"HollowMod:SlysStrikes","floor":49,"key":"SMITH"},{"data":"HollowMod:HornetsHelp","floor":51,"key":"SMITH"}],"circlet_count":0,"master_deck":["HollowMod:NailStrikeStart","HollowMod:NailStrikeStart","HollowMod:QuickDashStart","HollowMod:QuickDashStart","HollowMod:QuickDashStart","HollowMod:FocusHealStart+1","HollowMod:PogoStrike","HollowMod:ZotesMagnificence","HollowMod:SharpenedNail","HollowMod:PureNailStrike","HollowMod:MidwifesHunger+1","HollowMod:RecoilStrike+1","HollowMod:HeavyBlow","HollowMod:AwokenDreamNail+1","HollowMod:HornetsHelp+1","HollowMod:DreamGate","RitualDagger+1","HollowMod:QuirrelsAssistance","HollowMod:MantisMark","HollowMod:HowlingWraiths","HollowMod:DashSlash+1","HollowMod:NewLittleFool","J.A.X.+1","HollowMod:PureVessel","HollowMod:MantisMark","HollowMod:CycloneSlash+1","HollowMod:DungDefenderAura","HollowMod:DungDefenderAura+1","HollowMod:QuirrelsAssistance+1","HollowMod:NewLastStag","HollowMod:SoulStrike","HollowMod:DesolateDive+1","HollowMod:CornifersMapStart","Pot Of Greed","Pot Of Greed","Pot Of Greed","HollowMod:SoulStrike","HollowMod:PerfectDash","HollowMod:QuirrelsAssistance+1","Pot Of Greed","HollowMod:CloakDash+1","HollowMod:FallenFury+1","HollowMod:SlysStrikes+1","HollowMod:SiblingsSouls+1"],"relics":["HollowMod:VesselMask","conspire:GiftBox","White Beast Statue","Empty Cage","halation:LostSnail","Red Mask","Bag of Preparation","Prayer Wheel","Replay:Mystery Machine","Replay:Drink Me","halation:AfternoonTea","Grinning Jar","MiniBlackHole","halation:PromiseList"],"acts_visited":["Exordium","TheCity","TheBeyond"],"potions_floor_usage":[37,46,46],"damage_taken":[{"damage":0.0,"enemies":"conspire:RoseBush","floor":1.0,"turns":2.0},{"damage":0.0,"enemies":"Small Slimes","floor":2.0,"turns":1.0},{"damage":0.0,"enemies":"Cultist","floor":3.0,"turns":2.0},{"damage":1.0,"enemies":"3 Louse","floor":4.0,"turns":4.0},{"damage":10.0,"enemies":"conspire:2 RoseBushes","floor":5.0,"turns":4.0},{"damage":0.0,"enemies":"HollowMod:HuskWarrior","floor":10.0,"turns":4.0},{"damage":0.0,"enemies":"Exordium Wildlife","floor":13.0,"turns":2.0},{"damage":8.0,"enemies":"Large Slime","floor":14.0,"turns":5.0},{"damage":30.0,"enemies":"The Guardian","floor":16.0,"turns":13.0},{"damage":47.0,"enemies":"conspire:FuzzyDice","floor":18.0,"turns":8.0},{"damage":28.0,"enemies":"Masked Bandits","floor":21.0,"turns":6.0},{"damage":24.0,"enemies":"Spheric Guardian","floor":27.0,"turns":4.0},{"damage":24.0,"enemies":"Snake Plant","floor":30.0,"turns":5.0},{"damage":15.0,"enemies":"Gremlin Leader","floor":31.0,"turns":7.0},{"damage":4.0,"enemies":"conspire:HollyBat","floor":32.0,"turns":5.0},{"damage":57.0,"enemies":"bossMod:newCollector","floor":35.0,"turns":10.0},{"damage":26,"enemies":"3 Darklings","floor":37,"turns":8},{"damage":26,"enemies":"3 Shapes","floor":38,"turns":5},{"damage":38,"enemies":"Jaw Worm Horde","floor":39,"turns":5},{"damage":14,"enemies":"HollowMod:SlobberingHusk","floor":41,"turns":3},{"damage":0,"enemies":"conspire:MimicChest","floor":42,"turns":1},{"damage":0,"enemies":"3 Darklings","floor":44,"turns":1},{"damage":0,"enemies":"4 Shapes","floor":46,"turns":3},{"damage":0,"enemies":"Jaw Worm Horde","floor":47,"turns":3},{"damage":3,"enemies":"Reptomancer","floor":48,"turns":1},{"damage":4,"enemies":"Sphere and 2 Shapes","floor":50,"turns":4},{"damage":0,"enemies":"Time Eater","floor":52,"turns":1}],"seed_played":"6998156491918559287","potions_obtained":[{"floor":4.0,"key":"BlessingOfTheForge"},{"floor":5.0,"key":"Fire Potion"},{"floor":10.0,"key":"Dexterity Potion"},{"floor":14.0,"key":"Cursed Concoction"},{"floor":21.0,"key":"EntropicBrew"},{"floor":27.0,"key":"Ancient Potion"},{"floor":31.0,"key":"FearPotion"},{"floor":32.0,"key":"BlessingOfTheForge"},{"floor":35.0,"key":"SkillPotion"},{"floor":37,"key":"FearPotion"},{"floor":38,"key":"Dexterity Potion"},{"floor":39,"key":"FearPotion"},{"floor":46,"key":"Fire Potion"},{"floor":47,"key":"Milkshake"},{"floor":48,"key":"DuplicationPotion"}],"is_trial":false,"path_per_floor":["M","M","M","M","M","R","?","R","T","M","R","?","M","M","R","B",null,"M","?","$","?","T","R","PTL","PTL","R","M","T","R","M","E","M","?","R","B",null,"M","M","M","?","M","?","T","M","T","M","M","E","R","M","R","B",null],"character_chosen":"THE_BUGKNIGHT","items_purchased":["halation:LostSnail"],"campfire_rested":2,"item_purchase_floors":[20],"current_hp_per_floor":[75,75,75,74,70,70,70,70,70,75,75,75,75,67,67,43,75,38,32,32,14,14,36,36,36,58,34,34,34,16,11,71,71,71,20,57,31,5,22,22,8,8,8,8,8,8,8,5,5,7,7,7],"gold":274,"neow_bonus":"ONE_RARE_RELIC","is_daily":false,"chose_seed":false,"campfire_upgraded":8,"win_rate":0.0,"timestamp":1612233942,"path_taken":["M","M","M","M","M","R","?","R","T","M","R","?","M","M","R","BOSS","M","?","$","?","?","R","PTL","PTL","R","M","T","R","M","E","?","?","R","BOSS","M","M","M","?","M","?","?","M","T","M","?","E","R","M","R","BOSS"],"items_purchased_type":["Relic"],"build_version":"2020-12-22","purchased_purges":0,"victory":true,"max_hp_per_floor":[75,75,75,75,75,75,75,75,75,75,75,75,75,75,75,75,75,75,75,75,75,75,75,75,75,75,75,75,75,75,75,75,75,75,75,57,57,57,57,57,57,57,57,57,57,57,57,57,57,57,57,57],"card_choices":[{"not_picked":["HollowMod:NewInfectedGuardian","HollowMod:Hiveblood"],"picked":"HollowMod:ZotesMagnificence","floor":0.0},{"not_picked":["HollowMod:NewJinnsSoul","HollowMod:TaintedHusks"],"picked":"HollowMod:SharpenedNail","floor":1.0},{"not_picked":["HollowMod:BlackTendrils","HollowMod:InfectedAttack"],"picked":"HollowMod:ChannelNail","floor":2.0},{"not_picked":["HollowMod:SiblingsSouls","HollowMod:DungDefenderAura"],"picked":"HollowMod:PureNailStrike","floor":3.0},{"not_picked":["HollowMod:LifebloodCocoon","HollowMod:SoulStrike"],"picked":"HollowMod:MidwifesHunger","floor":4.0},{"not_picked":["HollowMod:CornifersMapStart","HollowMod:FallenFury"],"picked":"HollowMod:RecoilStrike","floor":5.0},{"not_picked":["HollowMod:CycloneSlash","HollowMod:VengefulVoid"],"picked":"HollowMod:HeavyBlow","floor":10.0},{"not_picked":["HollowMod:MawleksShell","HollowMod:NewJinnsSoul"],"picked":"HollowMod:BaldurShell","floor":13.0},{"not_picked":["HollowMod:MothsMistake","HollowMod:InfectionAssault","HollowMod:LifebloodCocoon"],"picked":"SKIP","floor":14.0},{"not_picked":["HollowMod:ElderbugsWisdom","HollowMod:SoulMaster"],"picked":"HollowMod:HornetsHelp","floor":16.0},{"not_picked":["HollowMod:ShadowDash","HollowMod:TaintedHusks"],"picked":"HollowMod:DreamGate","floor":18.0},{"not_picked":["HollowMod:NewJinnsSoul","HollowMod:SiblingsSouls"],"picked":"HollowMod:QuirrelsAssistance","floor":21.0},{"not_picked":["HollowMod:CrystalDash","HollowMod:MawleksShell"],"picked":"HollowMod:PureNailStrike","floor":27.0},{"not_picked":["HollowMod:CornifersMapStart","HollowMod:SiblingsShadow+1"],"picked":"HollowMod:MantisMark","floor":30.0},{"not_picked":["HollowMod:DoubleDash+1","HollowMod:DesolateDive+1"],"picked":"HollowMod:HowlingWraiths","floor":30.0},{"not_picked":["HollowMod:ShadowDash","HollowMod:ChannelNail"],"picked":"HollowMod:DashSlash+1","floor":31.0},{"not_picked":["HollowMod:NewJinnsSoul","HollowMod:InfectedCysts"],"picked":"HollowMod:NewLittleFool","floor":32.0},{"not_picked":["HollowMod:MonarchWings","HollowMod:TaintedHusks+1","HollowMod:FastStrike"],"picked":"SKIP","floor":32.0},{"not_picked":["HollowMod:MonarchWings","HollowMod:TaintedHusks+1","HollowMod:FastStrike"],"picked":"SKIP","floor":32.0},{"not_picked":["HollowMod:MidwifesHunger","HollowMod:ZotesMagnificence"],"picked":"HollowMod:PureVessel","floor":35.0},{"not_picked":["HollowMod:SoulVessel+1","HollowMod:GoodIntentions"],"picked":"HollowMod:MantisMark","floor":37},{"not_picked":["HollowMod:ShadowDash+1","HollowMod:VengefulSpirit+1"],"picked":"HollowMod:CycloneSlash+1","floor":37},{"not_picked":["HollowMod:QuirrelsAssistance+1","HollowMod:WraithStrike"],"picked":"HollowMod:DungDefenderAura","floor":38},{"not_picked":["HollowMod:RecoilStrike+1","HollowMod:SharpenedNail+1"],"picked":"HollowMod:DungDefenderAura+1","floor":38},{"not_picked":["HollowMod:HeavyBlow","HollowMod:SoulSplash"],"picked":"HollowMod:QuirrelsAssistance+1","floor":39},{"not_picked":["HollowMod:InfectedAttack+1","HollowMod:DescendingDark+1","HollowMod:TaintedHusks+1"],"picked":"SKIP","floor":39},{"not_picked":["HollowMod:NewJinnsSoul+1","HollowMod:DashSlash+1"],"picked":"HollowMod:SoulStrike","floor":41},{"not_picked":["HollowMod:DashSlash+1","HollowMod:Grubsong"],"picked":"HollowMod:DesolateDive+1","floor":41},{"not_picked":["HollowMod:DoubleDash+1","HollowMod:ShapeofUnn+1"],"picked":"HollowMod:CornifersMapStart","floor":42},{"not_picked":["HollowMod:SoulVessel","HollowMod:TaintedHusks+1"],"picked":"HollowMod:SoulStrike","floor":44},{"not_picked":["HollowMod:GoodIntentions","HollowMod:VengefulSpirit+1"],"picked":"HollowMod:PerfectDash","floor":44},{"not_picked":["HollowMod:HowlingWraiths","HollowMod:LifebloodCocoon"],"picked":"HollowMod:QuirrelsAssistance+1","floor":46},{"not_picked":["HollowMod:DreamGate","HollowMod:InfectedCysts","HollowMod:AwokenDreamNail"],"picked":"SKIP","floor":46},{"not_picked":["HollowMod:NewJinnsSoul","HollowMod:SharpenedNail+1"],"picked":"HollowMod:CloakDash+1","floor":47},{"not_picked":["HollowMod:GoodIntentions+1","HollowMod:VengefulVoid+1"],"picked":"HollowMod:FallenFury+1","floor":47},{"not_picked":["HollowMod:SiblingsSouls","HollowMod:DesolateDive"],"picked":"HollowMod:SlysStrikes","floor":48},{"not_picked":["HollowMod:DreamGate","HollowMod:MawleksShell+1"],"picked":"HollowMod:SiblingsSouls+1","floor":50},{"not_picked":["HollowMod:CycloneSlash+1","HollowMod:DreamGate","HollowMod:VengefulVoid+1"],"picked":"SKIP","floor":50}],"player_experience":277326,"relics_obtained":[{"floor":9.0,"key":"White Beast Statue"},{"floor":21.0,"key":"Red Mask"},{"floor":22.0,"key":"Bag of Preparation"},{"floor":28.0,"key":"Prayer Wheel"},{"floor":31.0,"key":"Replay:Mystery Machine"},{"floor":42,"key":"halation:AfternoonTea"},{"floor":43,"key":"Grinning Jar"},{"floor":45,"key":"MiniBlackHole"},{"floor":48,"key":"halation:PromiseList"}],"event_choices":[{"damage_healed":0.0,"max_hp_gain":0.0,"max_hp_loss":0.0,"gold_gain":0.0,"cards_transformed":["HollowMod:ChannelNail"],"event_name":"Transmorgrifier","player_choice":"Transformed","floor":12.0,"gold_loss":0.0,"damage_taken":0.0,"cards_obtained":["HollowMod:AwokenDreamNail"]},{"damage_healed":0.0,"max_hp_gain":0.0,"max_hp_loss":0.0,"gold_gain":0.0,"event_name":"Nest","player_choice":"Joined the Cult","floor":19.0,"gold_loss":0.0,"damage_taken":6.0,"cards_obtained":["RitualDagger"]},{"damage_healed":0.0,"max_hp_gain":0.0,"max_hp_loss":0.0,"gold_gain":0.0,"event_name":"Masked Bandits","player_choice":"Fought Bandits","floor":21.0,"gold_loss":0.0,"damage_taken":0.0},{"damage_healed":0.0,"max_hp_gain":0.0,"max_hp_loss":0.0,"gold_gain":0.0,"event_name":"Drug Dealer","player_choice":"Obtain J.A.X.","floor":33.0,"gold_loss":0.0,"damage_taken":0.0,"cards_obtained":["J.A.X."]}],"is_beta":false,"boss_relics":[{"not_picked":["aspiration:RitualDagger","Snecko Eye"],"picked":"Empty Cage"},{"not_picked":["aspiration:SilentSkillbook","Replay:Ancient Bell"],"picked":"Replay:Drink Me"}],"items_purged_floors":[],"is_endless":false,"potions_floor_spawned":[4,5,10,13,14,16,18,21,27,30,31,32,35,37,38,39,41,42,44,46,47,48,50],"ascension_level":0}}