{"host":"noo4i9da5rqp3a2i","time":1612283244,"event":{"mods":["AchievementEnabler","Aspiration","Bard","BaseMod","Beaked The Cultist","Better Altar","Better Match","Better Note","Better Sensory Stone","Better Skull","Better Third Choice","BetterRewards","CCEM2","Card Forge","Colored Map","Conspire","Custom Start","GifTheSpireLib","Googly Eyes","Halation","Highlight Path","Hubris","Infinite Spire","Jedi Mod","Jorbs\u0027s Wanderer Trilogy","Mad Scientist","Mari Mod (Legacy)","Mari\u0027s V1 Patch","Mimic Mod","Minty Spire (QoL Compilation)","Permanent Neow","Replay The Spire","Shop Mod","StSLib","Stuff the Spire","The Administrix","The Blackbeard","The Construct","The Gatherer","The Jungle","The Necromancer","The Servant 0.9.4","Unceasing Turn Reminder"],"gold_per_floor":[110,122,122,122,135,135,135,150,175,175,204,204,216,243,243,343,343,362,215,215,234,249,274,274,274,297,310,324,324,356,372,372,470,470,521,188,218,118,150,226,226,283,357,445,530,581,640,745,745,745,745,745],"floor_reached":50,"language":"ENG","playtime":8284,"items_purged":[],"score":808,"play_id":"555c9795-12ca-4640-99bb-370a9da286a0","local_time":"20210202172724","is_ascension_mode":false,"metric_token":2769,"campfire_choices":[{"floor":6.0,"key":"REST"},{"floor":12.0,"key":"REST"},{"floor":15.0,"key":"REST"},{"data":"Gatherer:StoneFence","floor":24.0,"key":"SMITH"},{"floor":32.0,"key":"DIG"},{"floor":41,"key":"REST"},{"floor":49,"key":"RECALL"}],"circlet_count":0,"master_deck":["Gatherer:Strike_Gatherer","Gatherer:Strike_Gatherer+1","Gatherer:Strike_Gatherer","Gatherer:Strike_Gatherer","Gatherer:Strike_Gatherer","Gatherer:Defend_Gatherer","Gatherer:Defend_Gatherer+1","Gatherer:Defend_Gatherer","Gatherer:Defend_Gatherer","Gatherer:Defend_Gatherer","Gatherer:Centralize","Gatherer:Snatch","Gatherer:Misfortune","infinitespire:NeuralNetwork","Gatherer:BalancedGrowth","Gatherer:WitheringStrike","conspire:Banana","Gatherer:QuickSynthesis","Gatherer:CarefulStrike","Gatherer:GlowingPlant","Gatherer:Shadow","Gatherer:Light","Gatherer:LuckyClover","Gatherer:GatherMaterial","Gatherer:Liquidism","Gatherer:FlowerShield","Gatherer:Uplift","Gatherer:StoneFence+1","Gatherer:ScherryThrow+1","Gatherer:QuickSynthesis","Gatherer:SaveValuables","Gatherer:BambuSword+1","Gatherer:FlamingBottle","Gatherer:FlowerWhip","Gatherer:TreeGrowth+1","Gatherer:Pollute","Gatherer:QuickSynthesis+1","conspire:SpireCoStock","conspire:SpireCoStock","Gatherer:FlowerShield+1","Gatherer:CollectorsShot+1","Parasite","Gatherer:Transmute","Gatherer:UpgradeBag","Gatherer:Snatch","Gatherer:FlowerShield","Gatherer:FlowerShield+1","Gatherer:BambuSword+1"],"relics":["Gatherer:AlchemyBag","Hammer of Thor","Seething Fire","Anvil of the Gods","StuffTheSpire:Mouthbags","jedi:firstaidkit","jedi:arcanewood","CCEMRelics:Barrel","conspire:SlowCooker","MerchantsRug","Replay:Rubber Ducky","StuffTheSpire:HeavyRock","Replay:Bottled Steam","halation:AfternoonTea","CCEMRelics:SoftDrink","infinitespire:EvilPickle","hubris:ScarierMask","infinitespire:EmpoweringShard","conspire:GlowingRock","halation:Toothbrush","Whetstone"],"acts_visited":["Exordium","TheCity","TheBeyond"],"potions_floor_usage":[39,40,48,50,50,50],"damage_taken":[{"damage":0.0,"enemies":"Jaw Worm","floor":1.0,"turns":4.0},{"damage":5.0,"enemies":"Small Slimes","floor":2.0,"turns":3.0},{"damage":0.0,"enemies":"Cultist","floor":5.0,"turns":3.0},{"damage":7.0,"enemies":"2 Fungi Beasts","floor":8.0,"turns":3.0},{"damage":1.0,"enemies":"Lagavulin","floor":11.0,"turns":7.0},{"damage":6.0,"enemies":"Blue Slaver","floor":13.0,"turns":2.0},{"damage":21.0,"enemies":"Gremlin Nob","floor":14.0,"turns":5.0},{"damage":35.0,"enemies":"Fading Forest","floor":16.0,"turns":11.0},{"damage":6.0,"enemies":"Spheric Guardian","floor":18.0,"turns":4.0},{"damage":48.0,"enemies":"2 Thieves","floor":21.0,"turns":5.0},{"damage":29.0,"enemies":"Snake Plant","floor":22.0,"turns":7.0},{"damage":51.0,"enemies":"Book of Stabbing","floor":23.0,"turns":8.0},{"damage":2.0,"enemies":"Snecko","floor":27.0,"turns":7.0},{"damage":14.0,"enemies":"Chosen and Byrds","floor":28.0,"turns":7.0},{"damage":67.0,"enemies":"Slavers","floor":30.0,"turns":7.0},{"damage":15.0,"enemies":"Centurion and Healer","floor":31.0,"turns":8.0},{"damage":43.0,"enemies":"Pondfish","floor":33.0,"turns":10.0},{"damage":39,"enemies":"3 Darklings","floor":35,"turns":6},{"damage":11,"enemies":"3 Shapes","floor":37,"turns":4},{"damage":39,"enemies":"Transient","floor":39,"turns":5},{"damage":39,"enemies":"Reptomancer","floor":40,"turns":9},{"damage":21,"enemies":"Writhing Mass","floor":42,"turns":7},{"damage":9,"enemies":"Sphere and 2 Shapes","floor":44,"turns":52},{"damage":16,"enemies":"Giant Head","floor":45,"turns":11},{"damage":9,"enemies":"3 Darklings","floor":46,"turns":7},{"damage":1,"enemies":"Maw","floor":47,"turns":9},{"damage":34,"enemies":"Transient","floor":48,"turns":5},{"damage":40,"enemies":"Awakened One","floor":50,"turns":5}],"seed_played":"3545052377897281204","potions_obtained":[{"floor":5.0,"key":"Weak Potion"},{"floor":8.0,"key":"PowerPotion"},{"floor":13.0,"key":"EntropicBrew"},{"floor":16.0,"key":"Ancient Potion"},{"floor":22.0,"key":"Adrenaline Potion"},{"floor":23.0,"key":"Regen Potion"},{"floor":28.0,"key":"Venom Potion"},{"floor":31.0,"key":"AttackPotion"},{"floor":42,"key":"SkillPotion"},{"floor":45,"key":"AttackPotion"},{"floor":48,"key":"Weak Potion"}],"is_trial":false,"path_per_floor":["M","M","?","?","M","R","$","M","T","?","E","R","M","E","R","B",null,"M","$","?","M","M","E","R","?","T","M","M","AVR","E","M","R_BF","B",null,"M","$","M","?","M","E","R","M","T","M","E","M","M","M","R_BF","B"],"character_chosen":"THE_GATHERER","items_purchased":["jedi:firstaidkit","MerchantsRug","Gatherer:Liquidism","Gatherer:Pollute","infinitespire:EmpoweringShard"],"campfire_rested":4,"item_purchase_floors":[7,19,19,36,36],"current_hp_per_floor":[72,67,53,35,35,56,37,32,32,32,35,56,50,30,52,43,75,71,71,71,43,43,47,47,55,55,53,82,82,71,67,67,86,86,68,68,65,65,37,36,63,60,60,55,41,44,47,20,20,0,0,0],"gold":745,"neow_bonus":"RANDOM_COMMON_RELIC","is_daily":false,"chose_seed":false,"campfire_upgraded":1,"win_rate":0.0,"timestamp":1612283244,"path_taken":["M","M","?","?","M","R","?","M","T","?","E","R","M","E","R","BOSS","M","$","?","M","M","E","R","?","T","M","M","AVR","E","?","R_BF","BOSS","M","$","?","?","M","E","R","M","T","M","E","M","?","?","R_BF","BOSS"],"items_purchased_type":["Relic","Relic","Card","Card","Relic"],"build_version":"2020-12-22","purchased_purges":0,"victory":false,"max_hp_per_floor":[72,72,72,72,72,72,72,72,72,72,73,73,73,74,74,75,75,77,77,77,78,79,81,81,81,81,81,82,82,84,85,85,86,86,88,88,89,89,90,91,91,92,92,93,95,97,98,99,99,100,100,100],"card_choices":[{"not_picked":["Gatherer:TacticalStrike","Gatherer:FeelingFine"],"picked":"Gatherer:Snatch","floor":1.0},{"not_picked":["Gatherer:RecipeChange","Gatherer:Uplift"],"picked":"Gatherer:Misfortune","floor":2.0},{"not_picked":["infinitespire:FinalStrike","ReplayTheSpireMod:Echoes of Time"],"picked":"infinitespire:NeuralNetwork","floor":4.0},{"not_picked":["Gatherer:Convert","Gatherer:FlowerFalling"],"picked":"Gatherer:BalancedGrowth","floor":5.0},{"not_picked":["Gatherer:DrugPower","Gatherer:EnergyBasket"],"picked":"Gatherer:WitheringStrike","floor":8.0},{"not_picked":["Blind","Secret Weapon"],"picked":"conspire:Banana","floor":10.0},{"not_picked":["Gatherer:EnergyBasket","Gatherer:TreeGrowth"],"picked":"Gatherer:QuickSynthesis","floor":11.0},{"not_picked":["Gatherer:WoolGloves","Gatherer:PotentialSlash"],"picked":"Gatherer:CarefulStrike","floor":13.0},{"not_picked":["Gatherer:Herbalism","Gatherer:Pollute"],"picked":"Gatherer:GlowingPlant","floor":14.0},{"not_picked":["Gatherer:FinishingStrike","Gatherer:MindSearch"],"picked":"Gatherer:LuckyClover","floor":16.0},{"not_picked":["Gatherer:AromaProtection","Gatherer:BalancedGrowth"],"picked":"Gatherer:GatherMaterial","floor":18.0},{"not_picked":["Gatherer:Herbalism","Gatherer:FeelingFine+1"],"picked":"Gatherer:FlowerShield","floor":21.0},{"not_picked":["Gatherer:PotentialSlash","Gatherer:Duality"],"picked":"Gatherer:Uplift","floor":22.0},{"not_picked":["Gatherer:TreeGrowth","Gatherer:Frenzy+1"],"picked":"Gatherer:StoneFence","floor":23.0},{"not_picked":["Gatherer:Snatch+1","Gatherer:AcidicSpray+1"],"picked":"Gatherer:ScherryThrow","floor":27.0},{"not_picked":["Gatherer:GrowBook","Gatherer:CarefulStrike"],"picked":"Gatherer:QuickSynthesis","floor":28.0},{"not_picked":["Gatherer:UpgradeBag","Gatherer:Uplift"],"picked":"Gatherer:SaveValuables","floor":30.0},{"not_picked":["Gatherer:Solidify","Gatherer:ScentOfRosmari+1"],"picked":"Gatherer:BambuSword","floor":31.0},{"not_picked":["Gatherer:FinishingStrike","Gatherer:ScrollOfPurity"],"picked":"Gatherer:FlamingBottle","floor":33.0},{"not_picked":["Gatherer:BambuSword+1","Gatherer:TacticalStrike"],"picked":"Gatherer:TreeGrowth+1","floor":35},{"not_picked":["Gatherer:GatherMaterial","Gatherer:EnergyBasket+1"],"picked":"Gatherer:QuickSynthesis+1","floor":37},{"not_picked":["Gatherer:Pollute","Gatherer:CarefulStrike+1"],"picked":"Gatherer:FlowerShield+1","floor":39},{"not_picked":["Gatherer:SaveValuables+1","Gatherer:Snatch"],"picked":"Gatherer:CollectorsShot+1","floor":40},{"not_picked":["Gatherer:GatherMaterial","Gatherer:Herbalism"],"picked":"Gatherer:Transmute","floor":42},{"not_picked":["Gatherer:ScentOfRosmari+1","Gatherer:ScherryThrow"],"picked":"Gatherer:UpgradeBag","floor":44},{"not_picked":["Gatherer:SaveValuables","Gatherer:CarefulStrike+1"],"picked":"Gatherer:Snatch","floor":45},{"not_picked":["Gatherer:Solidify+1","Gatherer:AcidicSpray+1"],"picked":"Gatherer:FlowerShield","floor":46},{"not_picked":["Gatherer:Solidify","Gatherer:FlamingBottle"],"picked":"Gatherer:FlowerShield+1","floor":47},{"not_picked":["Gatherer:CarefulStrike+1","Gatherer:Duality+1"],"picked":"Gatherer:BambuSword+1","floor":48}],"player_experience":263731,"relics_obtained":[{"floor":11.0,"key":"jedi:arcanewood"},{"floor":14.0,"key":"CCEMRelics:Barrel"},{"floor":23.0,"key":"Replay:Rubber Ducky"},{"floor":26.0,"key":"StuffTheSpire:HeavyRock"},{"floor":30.0,"key":"halation:AfternoonTea"},{"floor":32.0,"key":"CCEMRelics:SoftDrink"},{"floor":40,"key":"conspire:GlowingRock"},{"floor":43,"key":"halation:Toothbrush"},{"floor":45,"key":"Whetstone"}],"event_choices":[{"damage_healed":67.0,"max_hp_gain":0.0,"max_hp_loss":72.0,"gold_gain":0.0,"event_name":"betterThird:BetterShining","player_choice":"Upgrade","floor":3.0,"gold_loss":0.0,"damage_taken":14.0,"cards_upgraded":["Gatherer:Strike_Gatherer","Gatherer:Defend_Gatherer"]},{"damage_healed":0.0,"max_hp_gain":0.0,"max_hp_loss":0.0,"gold_gain":1.0,"event_name":"betterStone:BetterStone","player_choice":"1","floor":10.0,"gold_loss":0.0,"damage_taken":0.0},{"cards_removed":["infinitespire:NeuralNetwork"],"damage_healed":0.0,"max_hp_gain":0.0,"max_hp_loss":0.0,"gold_gain":0.0,"event_name":"betterNote:BetterNote","player_choice":"Give","floor":20.0,"gold_loss":0.0,"damage_taken":0.0,"cards_obtained":["Bouncing Flask"]},{"damage_healed":0,"gold_gain":0,"player_choice":"Invest 2","damage_taken":0,"max_hp_gain":0,"max_hp_loss":0,"event_name":"conspire:Investor","floor":38,"gold_loss":0}],"is_beta":false,"boss_relics":[{"not_picked":["StuffTheSpire:RunicConfusion","aspiration:RunicSpoon"],"picked":"conspire:SlowCooker"},{"not_picked":["StuffTheSpire:RunicHypercube","Painkiller Herb"],"picked":"hubris:ScarierMask"}],"items_purged_floors":[],"is_endless":false,"potions_floor_spawned":[5,8,13,16,22,23,28,31,35,37,42,45,48],"killed_by":"Awakened One","ascension_level":0}}