{"host":"30t73aj4w3oq1hk8","time":1612226621,"event":{"mods":["BaseMod","Colored Map","Colored Powertips","Minty Spire (QoL Compilation)","Random Character Button","StSLib"],"gold_per_floor":[112,125,125,300,300,300,331,341,365,383,383,383,396,408,408,510,510,510,208,208,208,133,133,36,36,36,36,36,36,36,36,36,36,36,36,36,36,36,36,36,36,0,0,0,0,0,0,0,0,0],"floor_reached":51,"language":"ENG","playtime":1569,"items_purged":[],"score":729,"play_id":"f43fa1f0-6d3b-49e5-911a-a2b51b556ea8","local_time":"20210201194341","is_ascension_mode":false,"campfire_choices":[{"data":"Immolate","floor":6,"key":"SMITH"},{"floor":15,"key":"REST"},{"floor":23,"key":"REST"},{"floor":28,"key":"REST"},{"floor":30,"key":"REST"},{"data":"Limit Break","floor":32,"key":"SMITH"},{"data":"Rupture","floor":49,"key":"SMITH"}],"circlet_count":0,"master_deck":["Strike_R+1","Strike_R+1","Strike_R+1","Strike_R+1","Strike_R+1","Defend_R+1","Defend_R+1","Defend_R+1","Defend_R+1","Bash","Immolate+1","Spot Weakness+1","Cleave","Shrug It Off","Infernal Blade+1","Rupture+1","Limit Break+1","Iron Wave+1","RitualDagger","Shrug It Off+1","Shrug It Off+1","Sword Boomerang+1","Double Tap","Disarm","Combust","Rupture+1","Shockwave","Heavy Blade+1","Body Slam+1","Writhe"],"relics":["Burning Blood","Omamori","Strawberry","Dead Branch","Ectoplasm","Oddly Smooth Stone","Bag of Marbles","Mercury Hourglass","Cursed Key","Champion Belt","Red Mask","Bottled Lightning","War Paint"],"acts_visited":["Exordium","TheCity","TheBeyond"],"potions_floor_usage":[33,33,33,33,50,50],"damage_taken":[{"damage":1,"enemies":"Cultist","floor":1,"turns":3},{"damage":7,"enemies":"2 Louse","floor":2,"turns":3},{"damage":38,"enemies":"Lagavulin","floor":7,"turns":8},{"damage":5,"enemies":"Small Slimes","floor":8,"turns":3},{"damage":0,"enemies":"2 Fungi Beasts","floor":10,"turns":2},{"damage":13,"enemies":"Lots of Slimes","floor":13,"turns":2},{"damage":26,"enemies":"Exordium Wildlife","floor":14,"turns":4},{"damage":41,"enemies":"The Guardian","floor":16,"turns":9},{"damage":34,"enemies":"Spheric Guardian","floor":18,"turns":6},{"damage":31,"enemies":"3 Byrds","floor":21,"turns":5},{"damage":12,"enemies":"Centurion and Healer","floor":27,"turns":2},{"damage":8,"enemies":"Cultist and Chosen","floor":29,"turns":3},{"damage":0,"enemies":"Snecko","floor":31,"turns":4},{"damage":75,"enemies":"Automaton","floor":33,"turns":12},{"damage":0,"enemies":"Orb Walker","floor":35,"turns":1},{"damage":3,"enemies":"3 Darklings","floor":36,"turns":3},{"damage":7,"enemies":"Spire Growth","floor":38,"turns":2},{"damage":14,"enemies":"Giant Head","floor":40,"turns":5},{"damage":9,"enemies":"Maw","floor":44,"turns":7},{"damage":26,"enemies":"4 Shapes","floor":46,"turns":2},{"damage":0,"enemies":"Jaw Worm Horde","floor":48,"turns":3},{"damage":54,"enemies":"Time Eater","floor":50,"turns":9}],"seed_played":"1692925995231500884","potions_obtained":[{"floor":10,"key":"Regen Potion"},{"floor":14,"key":"DistilledChaos"},{"floor":16,"key":"Weak Potion"},{"floor":18,"key":"LiquidMemories"},{"floor":33,"key":"PowerPotion"},{"floor":36,"key":"FairyPotion"},{"floor":39,"key":"DuplicationPotion"}],"is_trial":false,"path_per_floor":["M","M","$","?","?","R","E","M","T","M","?","?","M","M","R","B",null,"M","$","?","M","?","R","$","?","T","M","R","M","R","M","R","B",null,"M","M","?","M","?","E","$","?","T","M","T","M","?","M","R","B",null],"character_chosen":"IRONCLAD","items_purchased":["Oddly Smooth Stone","Bag of Marbles","EntropicBrew"],"campfire_rested":4,"item_purchase_floors":[19,19,24],"current_hp_per_floor":[80,79,79,79,63,63,31,32,39,45,74,74,67,47,73,38,87,59,59,53,28,28,54,54,54,54,48,74,72,87,87,87,18,87,87,87,87,86,86,78,78,78,78,75,75,55,77,83,83,35],"gold":0,"neow_bonus":"ONE_RANDOM_RARE_CARD","is_daily":false,"chose_seed":false,"campfire_upgraded":3,"win_rate":0.0,"timestamp":1612226621,"path_taken":["M","?","$","?","?","R","E","M","T","M","?","?","?","M","R","BOSS","M","$","?","M","?","R","?","?","T","?","R","M","R","M","R","BOSS","M","M","?","?","?","E","?","?","T","?","?","M","?","M","R","BOSS"],"items_purchased_type":["Relic","Relic","Potion"],"build_version":"2020-12-22","purchased_purges":0,"victory":true,"max_hp_per_floor":[80,80,80,80,80,80,80,80,87,87,87,87,87,87,87,87,87,87,87,87,87,87,87,87,87,87,87,87,87,87,87,87,87,87,87,87,87,87,87,87,87,87,87,87,87,87,87,87,87,87],"card_choices":[{"not_picked":["Pommel Strike","Entrench"],"picked":"Spot Weakness","floor":1},{"not_picked":["Headbutt","Sword Boomerang"],"picked":"Cleave","floor":2},{"not_picked":["Demon Form","Corruption"],"picked":"Pommel Strike","floor":7},{"not_picked":["Headbutt","Thunderclap"],"picked":"Shrug It Off","floor":8},{"not_picked":["Heavy Blade","Combust"],"picked":"Infernal Blade","floor":10},{"not_picked":["Clash","Warcry","Pommel Strike"],"picked":"SKIP","floor":13},{"not_picked":["Headbutt","Cleave"],"picked":"Rupture","floor":14},{"not_picked":["Exhume","Juggernaut"],"picked":"Limit Break","floor":16},{"not_picked":["Shrug It Off","Twin Strike"],"picked":"Iron Wave+1","floor":18},{"not_picked":["Clash","Anger","Searing Blow+1"],"picked":"SKIP","floor":21},{"not_picked":["Perfected Strike","Reaper"],"picked":"Shrug It Off","floor":27},{"not_picked":["Sentinel","Thunderclap+1"],"picked":"Shrug It Off+1","floor":29},{"not_picked":["Shrug It Off+1","Headbutt"],"picked":"Sword Boomerang+1","floor":31},{"not_picked":["Impervious","Offering"],"picked":"Double Tap","floor":33},{"not_picked":["Shrug It Off","Body Slam"],"picked":"Disarm","floor":35},{"not_picked":["Sword Boomerang+1","Ghostly Armor"],"picked":"Combust","floor":36},{"not_picked":["Battle Trance","Dropkick+1"],"picked":"Rupture+1","floor":38},{"not_picked":["Blood for Blood+1","Anger+1"],"picked":"Shockwave","floor":40},{"not_picked":["Sever Soul","Carnage+1"],"picked":"Heavy Blade+1","floor":44},{"not_picked":["Cleave+1","Second Wind+1"],"picked":"Body Slam+1","floor":46},{"not_picked":["Dual Wield","Wild Strike","Sword Boomerang"],"picked":"SKIP","floor":48}],"player_experience":724103,"relics_obtained":[{"floor":7,"key":"Omamori"},{"floor":9,"key":"Strawberry"},{"floor":26,"key":"Mercury Hourglass"},{"floor":40,"key":"Champion Belt"},{"floor":43,"key":"Bottled Lightning"},{"floor":45,"key":"War Paint"}],"event_choices":[{"damage_healed":0,"gold_gain":175,"player_choice":"AGREE","damage_taken":0,"max_hp_gain":0,"max_hp_loss":0,"event_name":"Liars Game","floor":4,"gold_loss":0,"cards_obtained":["Doubt"]},{"damage_healed":0,"gold_gain":0,"player_choice":"Entered Light","damage_taken":16,"max_hp_gain":0,"max_hp_loss":0,"event_name":"Shining Light","floor":5,"gold_loss":0,"cards_upgraded":["Defend_R","Spot Weakness"]},{"damage_healed":29,"gold_gain":0,"player_choice":"Banana","damage_taken":0,"max_hp_gain":0,"max_hp_loss":0,"event_name":"Big Fish","floor":11,"gold_loss":0},{"damage_healed":0,"gold_gain":0,"player_choice":"Gave Potion","damage_taken":0,"relics_obtained":["Dead Branch"],"max_hp_gain":0,"max_hp_loss":0,"event_name":"WeMeetAgain","floor":12,"gold_loss":0},{"damage_healed":0,"gold_gain":0,"player_choice":"Joined the Cult","damage_taken":6,"max_hp_gain":0,"max_hp_loss":0,"event_name":"Nest","floor":20,"gold_loss":0,"cards_obtained":["RitualDagger"]},{"cards_removed":["Doubt"],"damage_healed":0,"gold_gain":0,"player_choice":"Gave Gold","damage_taken":0,"max_hp_gain":0,"max_hp_loss":0,"event_name":"Beggar","floor":22,"gold_loss":75},{"damage_healed":0,"gold_gain":0,"player_choice":"Simplicity","damage_taken":0,"max_hp_gain":0,"max_hp_loss":0,"event_name":"Back to Basics","floor":25,"gold_loss":0,"cards_upgraded":["Strike_R","Strike_R","Strike_R","Strike_R","Strike_R","Defend_R","Defend_R","Defend_R"]},{"cards_removed":["Pommel Strike"],"damage_healed":5,"gold_gain":0,"player_choice":"Offered Common","damage_taken":0,"max_hp_gain":0,"max_hp_loss":0,"event_name":"Bonfire Elementals","floor":37,"gold_loss":0},{"cards_removed":["Pommel Strike"],"damage_healed":5,"gold_gain":0,"player_choice":"Offered Special","damage_taken":0,"max_hp_gain":0,"max_hp_loss":0,"event_name":"Bonfire Elementals","floor":37,"gold_loss":0},{"damage_healed":0,"gold_gain":0,"player_choice":"Got Potions","damage_taken":0,"max_hp_gain":0,"max_hp_loss":0,"event_name":"Lab","floor":39,"gold_loss":0},{"damage_healed":0,"gold_gain":0,"player_choice":"Paid","damage_taken":0,"relics_obtained":["Red Mask"],"max_hp_gain":0,"max_hp_loss":0,"event_name":"Tomb of Lord Red Mask","floor":42,"gold_loss":36},{"damage_healed":22,"gold_gain":0,"player_choice":"Writhe","damage_taken":0,"max_hp_gain":0,"max_hp_loss":0,"event_name":"Winding Halls","floor":47,"gold_loss":0,"cards_obtained":["Writhe"]}],"is_beta":false,"boss_relics":[{"not_picked":["Empty Cage","Philosopher\u0027s Stone"],"picked":"Ectoplasm"},{"not_picked":["SacredBark","Fusion Hammer"],"picked":"Cursed Key"}],"items_purged_floors":[],"is_endless":false,"potions_floor_spawned":[10,14,16,18,27,33,36,40,46,48],"ascension_level":0}}