{"host":"m8o7tt929h4qck9e","time":1612278128,"event":{"mods":["Act Like it!","Aspiration","BaseMod","Better Third Choice","BetterRewards","Card Forge","Colored Powertips","Conspire","Defuse TimeMaze Blight","Friendly Minions","Gensokyo","Halation","Hubris","Infinite Spire","Jedi Mod","Minty Spire (QoL Compilation)","Replay The Spire","Shop Mod","Spicy Shops","StSLib","The Jungle","The Vixen","Transform Curses","??????REMEMod"],"gold_per_floor":[116,127,127,142,142,142,153,153,153,173,186,186,227,34,34,132,132,150,0,0,17,17,17,17,32,55,55,55,72,84,96,96,199,199,214,214,231,20,40,40,90,90,90,144,38,51,51,62,62,62],"floor_reached":51,"language":"ENG","playtime":10495,"items_purged":["TheVixenMod:Strike_TheVixen","TheVixenMod:Strike_TheVixen","Looming Evil"],"score":766,"play_id":"36cdae0e-d389-44e4-89ab-3aee75986d35","local_time":"20210202100208","is_ascension_mode":false,"campfire_choices":[{"data":"Replay:Fractal Strike","floor":6.0,"key":"SMITH"},{"floor":12.0,"key":"REST"},{"data":"TheVixenMod:Inferno","floor":15.0,"key":"SMITH"},{"data":"Gensokyo:HAARP","floor":23.0,"key":"SMITH"},{"data":"TheVixenMod:Psyshock","floor":40.0,"key":"SMITH"},{"data":"TheVixenMod:Ember","floor":42.0,"key":"SMITH"},{"floor":49,"key":"REST"}],"circlet_count":0,"master_deck":["TheVixenMod:Defend_TheVixen+1","TheVixenMod:Defend_TheVixen+1","TheVixenMod:Defend_TheVixen+1","TheVixenMod:Defend_TheVixen+1","TheVixenMod:SunnyDay+1","TheVixenMod:Ember+1","TheVixenMod:Defiant+1","TheVixenMod:FlareBlitz+1","Replay:Fractal Strike+1","TheVixenMod:Inferno+1","TheVixenMod:Psyshock+1","TheVixenMod:Safeguard+1","TheVixenMod:Guts+1","Gensokyo:HAARP+1","TheVixenMod:PerishSong+1","TheVixenMod:FireBlast+1","TheVixenMod:PsychoShift+1","Replay:Fractal Strike+1","TheVixenMod:MagicCoat+1"],"relics":["TheVixenMod:BurningStick","Hammer of Thor","Seething Fire","Anvil of the Gods","REME_ComplimentaryCards","Replay:Bottled Eggs","infinitespire:Satchel","Prayer Wheel","Gensokyo:CelestialsFlawlessClothing","Golden Egg","TheVixenMod:ShellBell","REME_CardOfGreed","halation:LoveArrow","hubris:BottledRain","conspire:RoyalGoblet","War Paint","jedi:shrinkray","Empty Cage","DollysMirror","Toxic Egg 2","Oddly Smooth Stone","ReplayTheSpireMod:CursedCoin","jedi:heavyjacket","hubris:GlazedTorus","TheVixenMod:EternalFlame"],"acts_visited":["Exordium","Gensokyo:Gensokyo","Gensokyo:Gensokyoer"],"potions_floor_usage":[50,50,50],"damage_taken":[{"damage":4.0,"enemies":"Gensokyo:2_Kodama","floor":1.0,"turns":6.0},{"damage":0.0,"enemies":"Gensokyo:Gryphon","floor":2.0,"turns":4.0},{"damage":0.0,"enemies":"Gensokyo:Python","floor":4.0,"turns":4.0},{"damage":0.0,"enemies":"Gensokyo:VengefulSpirit","floor":7.0,"turns":3.0},{"damage":0.0,"enemies":"Gensokyo:Gryphon_and_Rabbit","floor":10.0,"turns":4.0},{"damage":0.0,"enemies":"Gensokyo:LivingMonolith","floor":11.0,"turns":2.0},{"damage":0.0,"enemies":"conspire:MimicChest","floor":13.0,"turns":6.0},{"damage":0.0,"enemies":"Gensokyo:Reimu","floor":16.0,"turns":6.0},{"damage":0.0,"enemies":"Gensokyo:Chomper","floor":18.0,"turns":4.0},{"damage":0.0,"enemies":"Gensokyo:2_Gloops","floor":21.0,"turns":4.0},{"damage":0.0,"enemies":"Gensokyo:Wraith","floor":25.0,"turns":3.0},{"damage":8.0,"enemies":"Gensokyo:Swordslinger","floor":29.0,"turns":4.0},{"damage":1.0,"enemies":"Gensokyo:Slime_Group","floor":30.0,"turns":4.0},{"damage":0.0,"enemies":"Gensokyo:3_Gloops","floor":31.0,"turns":3.0},{"damage":78.0,"enemies":"Gensokyo:Eternal_Rivals","floor":33.0,"turns":8.0},{"damage":0.0,"enemies":"Gensokyo:3_Boulders","floor":35.0,"turns":4.0},{"damage":0.0,"enemies":"Gensokyo:AncientGuardian","floor":37.0,"turns":4.0},{"damage":0.0,"enemies":"Gensokyo:Sharpion","floor":39.0,"turns":4.0},{"damage":0.0,"enemies":"Gensokyo:Rafflesia","floor":41.0,"turns":5.0},{"damage":0.0,"enemies":"Gensokyo:AtlasGolem","floor":46.0,"turns":4.0},{"damage":0,"enemies":"Gensokyo:Sharpion","floor":48,"turns":3},{"damage":3,"enemies":"Gensokyo:Yuyuko","floor":50,"turns":3}],"seed_played":"-2944937867925271695","potions_obtained":[{"floor":2.0,"key":"AttackPotion"},{"floor":4.0,"key":"Fire Potion"},{"floor":7.0,"key":"BlessingOfTheForge"},{"floor":10.0,"key":"Regen Potion"},{"floor":25.0,"key":"Dexterity Potion"},{"floor":29.0,"key":"FearPotion"},{"floor":31.0,"key":"jedi:tentaclejuice"},{"floor":35.0,"key":"infinitespire:BlackPotion"},{"floor":39.0,"key":"REME_GoldPotion"},{"floor":41.0,"key":"jedi:tentaclejuice"},{"floor":44.0,"key":"Toxic Potion"}],"is_trial":false,"path_per_floor":["M","M","?","M","?","R","M","?","T","M","M","R","?","COS","R","B",null,"M","?","AVR","M","?","R","?","M","T","?","$","M","M","M","R","B",null,"M","?","M","COS","M","R","M","R","T","?","$","M","AVR","M","R","B",null],"character_chosen":"THE_VIXEN","items_purchased":["Replay:Bottled Eggs","TheVixenMod:Defiant","infinitespire:Satchel","Explosive Potion","Energy Potion","ReplayTheSpireMod:CursedCoin","jedi:heavyjacket"],"campfire_rested":2,"item_purchase_floors":[0,0,0,0,0,45,45],"current_hp_per_floor":[34,34,41,41,23,23,23,6,6,6,11,32,32,32,32,32,70,70,70,70,70,63,63,63,63,63,63,63,55,54,54,63,49,63,63,63,63,63,63,63,63,63,63,48,48,56,56,56,63,60],"gold":62,"neow_bonus":"","is_daily":false,"chose_seed":false,"campfire_upgraded":5,"win_rate":0.0,"timestamp":1612278128,"path_taken":["M","M","?","?","?","R","M","?","T","?","M","R","?","COS","R","BOSS","M","?","AVR","M","?","R","?","M","T","?","?","M","?","M","R","BOSS","M","?","M","COS","M","R","M","R","T","?","?","?","AVR","M","R","BOSS"],"items_purchased_type":["Relic","Card","Relic","Potion","Potion","Relic","Relic"],"build_version":"2020-12-22","purchased_purges":3,"victory":true,"max_hp_per_floor":[70,70,70,70,70,70,70,70,70,70,70,70,70,70,70,70,70,70,70,70,70,63,63,63,63,63,63,63,63,63,63,63,63,63,63,63,63,63,63,63,63,63,63,63,63,63,63,63,63,63],"card_choices":[{"not_picked":["TheVixenMod:CalmMind","TheVixenMod:Protect"],"picked":"TheVixenMod:FlareBlitz","floor":1.0},{"not_picked":["TheVixenMod:NastyPlot","TheVixenMod:FlameCharge","TheVixenMod:Blaze"],"picked":"SKIP","floor":1.0},{"not_picked":["TheVixenMod:ConfuseRay","TheVixenMod:HeatWave","TheVixenMod:PerishSong"],"picked":"SKIP","floor":2.0},{"not_picked":["TheVixenMod:Swagger","TheVixenMod:TailWhip","TheVixenMod:Psychic"],"picked":"SKIP","floor":2.0},{"not_picked":["TheVixenMod:MindReader","TheVixenMod:FlameBurst","TheVixenMod:Protect"],"picked":"SKIP","floor":4.0},{"not_picked":["TheVixenMod:Flamethrower","TheVixenMod:Telepathy","TheVixenMod:ConfuseRay"],"picked":"SKIP","floor":4.0},{"not_picked":["infinitespire:Gouge","ReplayTheSpireMod:Echoes of Time"],"picked":"Replay:Fractal Strike","floor":5.0},{"not_picked":["TheVixenMod:Facade","TheVixenMod:Hypnosis"],"picked":"TheVixenMod:Inferno","floor":7.0},{"not_picked":["TheVixenMod:LightScreen","TheVixenMod:Facade","TheVixenMod:Incinerate"],"picked":"SKIP","floor":7.0},{"not_picked":["TheVixenMod:Flamethrower","TheVixenMod:Defiant"],"picked":"TheVixenMod:Psyshock","floor":10.0},{"not_picked":["TheVixenMod:Curse","TheVixenMod:FirePunch","TheVixenMod:HeatWave"],"picked":"SKIP","floor":10.0},{"not_picked":["TheVixenMod:DoubleTeam","TheVixenMod:Flamethrower"],"picked":"TheVixenMod:Safeguard","floor":11.0},{"not_picked":["TheVixenMod:Feint","TheVixenMod:TailWhip","TheVixenMod:FlameCharge"],"picked":"SKIP","floor":11.0},{"not_picked":["TheVixenMod:Copycat","TheVixenMod:BlastBurn"],"picked":"TheVixenMod:Guts","floor":16.0},{"not_picked":["TheVixenMod:Refresh","TheVixenMod:Confusion","TheVixenMod:Hypnosis"],"picked":"SKIP","floor":18.0},{"not_picked":["TheVixenMod:TailWhip","TheVixenMod:Agility","TheVixenMod:HeatWave"],"picked":"SKIP","floor":18.0},{"not_picked":["TheVixenMod:Facade","TheVixenMod:Protect","TheVixenMod:Feint"],"picked":"SKIP","floor":21.0},{"not_picked":["TheVixenMod:FlareBlitz+1","TheVixenMod:FireFang","TheVixenMod:Spite"],"picked":"SKIP","floor":21.0},{"not_picked":["Gensokyo:SevenSchoolMysteries","Gensokyo:ManorOfTheDishes"],"picked":"Gensokyo:HAARP","floor":22.0},{"not_picked":["TheVixenMod:NastyPlot","TheVixenMod:ShadowBall","TheVixenMod:FlameCharge"],"picked":"SKIP","floor":25.0},{"not_picked":["TheVixenMod:FireFang","TheVixenMod:Spite","TheVixenMod:MindReader"],"picked":"SKIP","floor":25.0},{"not_picked":["TheVixenMod:FlareBlitz+1","TheVixenMod:CADC"],"picked":"TheVixenMod:FireBlast+1","floor":29.0},{"not_picked":["TheVixenMod:CADC+1","TheVixenMod:Amnesia+1","TheVixenMod:WonderRoom"],"picked":"SKIP","floor":29.0},{"not_picked":["TheVixenMod:ShadowBall","TheVixenMod:Extrasensory+1","TheVixenMod:HeatWave"],"picked":"SKIP","floor":30.0},{"not_picked":["TheVixenMod:Flamethrower+1","TheVixenMod:LavaPlume","TheVixenMod:Incinerate+1"],"picked":"SKIP","floor":30.0},{"not_picked":["TheVixenMod:FlareBlitz","TheVixenMod:Psyshock+1","TheVixenMod:CalmMind"],"picked":"SKIP","floor":31.0},{"not_picked":["TheVixenMod:Protect+1","TheVixenMod:Curse+1","TheVixenMod:Dazzling"],"picked":"SKIP","floor":31.0},{"not_picked":["TheVixenMod:Inferno","TheVixenMod:FutureSight"],"picked":"TheVixenMod:PsychoShift","floor":33.0},{"not_picked":["TheVixenMod:FlareBlitz+1","TheVixenMod:Disable","TheVixenMod:FirePledge+1"],"picked":"SKIP","floor":35.0},{"not_picked":["TheVixenMod:Curse","TheVixenMod:CalmMind","TheVixenMod:Facade"],"picked":"SKIP","floor":35.0},{"not_picked":["TheVixenMod:Defiant+1","TheVixenMod:Swagger+1","TheVixenMod:Analytic+1"],"picked":"SKIP","floor":37.0},{"not_picked":["TheVixenMod:Confusion+1","TheVixenMod:ShadowBall","TheVixenMod:Wish+1"],"picked":"SKIP","floor":37.0},{"not_picked":["TheVixenMod:TailWhip","TheVixenMod:TrumpCard","TheVixenMod:Swagger"],"picked":"SKIP","floor":39.0},{"not_picked":["TheVixenMod:BlastBurn","TheVixenMod:HeatWave","TheVixenMod:TailWhip+1"],"picked":"SKIP","floor":39.0},{"not_picked":["TheVixenMod:Psyshock","TheVixenMod:CalmMind+1","TheVixenMod:HeatWave+1"],"picked":"SKIP","floor":41.0},{"not_picked":["TheVixenMod:HeatWave+1","TheVixenMod:Confusion+1","TheVixenMod:FlareBlitz+1"],"picked":"SKIP","floor":41.0},{"not_picked":["TheVixenMod:Dazzling","TheVixenMod:LavaPlume+1"],"picked":"TheVixenMod:MagicCoat+1","floor":44.0},{"not_picked":["TheVixenMod:Confusion+1","TheVixenMod:TailWhip+1","TheVixenMod:Flamethrower+1"],"picked":"SKIP","floor":46.0},{"not_picked":["TheVixenMod:Swagger","TheVixenMod:Flamethrower","TheVixenMod:FlameBurst"],"picked":"SKIP","floor":46.0},{"not_picked":["TheVixenMod:TailWhip+1","TheVixenMod:SynergyBurst","TheVixenMod:FlameWheel+1"],"picked":"SKIP","floor":48},{"not_picked":["TheVixenMod:HeatWave+1","TheVixenMod:Protect+1","TheVixenMod:Flamethrower+1"],"picked":"SKIP","floor":48}],"player_experience":29783,"relics_obtained":[{"floor":9.0,"key":"Golden Egg"},{"floor":13.0,"key":"TheVixenMod:ShellBell"},{"floor":26.0,"key":"jedi:shrinkray"},{"floor":43.0,"key":"Toxic Egg 2"},{"floor":44.0,"key":"Oddly Smooth Stone"}],"event_choices":[{"damage_healed":0.0,"max_hp_gain":0.0,"max_hp_loss":0.0,"gold_gain":0.0,"event_name":"conspire:Investor","player_choice":"Leave","floor":27.0,"gold_loss":0.0,"damage_taken":0.0}],"is_beta":false,"boss_relics":[{"not_picked":["aspiration:RitualDagger","ReplayTheSpireMod:DimensionalGlitch"],"picked":"halation:LoveArrow"},{"not_picked":["hubris:TerracottaHorce","Snecko Eye"],"picked":"Empty Cage"}],"items_purged_floors":[0,0,47],"is_endless":false,"potions_floor_spawned":[2,4,7,10,25,29,31,35,39,41],"ascension_level":0}}