{"host":"kgj3hkp928synzkd","time":1612300172,"event":{"mods":["2.2 Compatiblity","A Magickal Journey","AchievementEnabler","Act Like it!","AlwaysNeverKeys","Aspiration","BaseMod","Better Altar","Better Match","Better Note","Better Sensory Stone","Better Synergies","Better Third Choice","Better Vampires","Block Reminder","Colored Map","Colored Powertips","Conspire","Curses Come First","Disable Question Mark Monsters","Downfall","GifTheSpireLib","Googly Eyes","Gremlin Skip","GungeonMod","Hallownest","Infinite Spire","Luminous","Marisa????????","Marked Mod","Minty Spire (QoL Compilation)","Permanent Neow","Quick Restart","Random Character Button","Rare Cards Sparkle","Replay The Spire","Spicy Shops","StSLib","SuperFastMode","The Bug Knight","The Exalted","Uncapped"],"gold_per_floor":[112,37,37,50,50,50,82,8,8,8,8,8,8,19,19,123,123,134,134,134],"floor_reached":19,"language":"ENG","playtime":697,"items_purged":[],"score":171,"play_id":"084c754a-6335-4f7b-aae5-7e585fa06c05","local_time":"20210202160932","is_ascension_mode":true,"campfire_choices":[{"data":"Neutralize","floor":6,"key":"SMITH"},{"floor":10,"key":"REST"},{"data":"Infinite Blades","floor":15,"key":"SMITH"}],"circlet_count":0,"master_deck":["Strike_G","Strike_G","Strike_G","Strike_G","Strike_G","Defend_G","Defend_G","Defend_G","Defend_G","Defend_G","Survivor","Neutralize+1","Finisher+1","Quick Slash+1","Blade Dance","Infinite Blades+1","Hallownest:curseDreamersLament","Cloak And Dagger","infinitespire:Neurotoxin","Outmaneuver"],"relics":["Ring of the Snake","Bromod:ArcaneTempo","DemoMod:Relodestone","DemoMod:JetPack","Hallownest:TeacherSealRelic","SlaversCollar"],"acts_visited":["Exordium","Hallownest:Greenpath"],"potions_floor_usage":[18],"damage_taken":[{"damage":1,"enemies":"Hallownest:monsterHuskWarrior","floor":1,"turns":5},{"damage":1,"enemies":"Hallownest:2_MossCreeps","floor":4,"turns":7},{"damage":11,"enemies":"Hallownest:eliteMossKnight","floor":7,"turns":9},{"damage":1,"enemies":"Hallownest:monsterHuskGuard","floor":14,"turns":3},{"damage":58,"enemies":"Hallownest:BossHornet","floor":16,"turns":16},{"damage":26,"enemies":"Hallownest:Guard_and_Sentry","floor":18,"turns":7},{"damage":46,"enemies":"Hallownest:2_Mistakes","floor":19,"turns":4}],"seed_played":"-843539433183609634","potions_obtained":[{"floor":4,"key":"DemoMod:BlankPotion"},{"floor":16,"key":"LiquidBronze"}],"is_trial":false,"path_per_floor":["M","?","?","M","?","R","E","$","T","R","$","?","$","M","R","B",null,"M","M"],"character_chosen":"THE_SILENT","items_purchased":["Infinite Blades"],"campfire_rested":1,"item_purchase_floors":[8],"current_hp_per_floor":[69,69,69,68,68,68,57,57,57,70,70,70,70,69,69,11,70,44,0,0],"gold":134,"neow_bonus":"RANDOM_COMMON_RELIC","is_daily":false,"chose_seed":false,"campfire_upgraded":2,"win_rate":0.0,"timestamp":1612300172,"path_taken":["M","?","?","M","?","R","E","$","T","R","?","?","?","M","R","BOSS","M","M"],"items_purchased_type":["Card"],"build_version":"2020-12-22","purchased_purges":0,"victory":false,"max_hp_per_floor":[70,70,70,70,70,70,70,70,70,70,70,70,70,70,70,70,70,70,70,70],"card_choices":[{"not_picked":["Backflip","Choke"],"picked":"Finisher","floor":1},{"not_picked":["Bane+1","PiercingWail+1"],"picked":"Quick Slash+1","floor":2},{"not_picked":["Endless Agony","Acrobatics","Underhanded Strike"],"picked":"SKIP","floor":4},{"not_picked":["Dagger Throw","All Out Attack"],"picked":"Blade Dance","floor":7},{"not_picked":["Outmaneuver","Slice"],"picked":"Cloak And Dagger","floor":14},{"not_picked":["Grand Finale","Glass Knife"],"picked":"infinitespire:Neurotoxin","floor":16},{"not_picked":["Setup","Poisoned Stab"],"picked":"Outmaneuver","floor":18}],"player_experience":321082,"relics_obtained":[{"floor":7,"key":"DemoMod:Relodestone"},{"floor":9,"key":"DemoMod:JetPack"}],"event_choices":[{"damage_healed":0,"gold_gain":0,"player_choice":"2","damage_taken":0,"max_hp_gain":0,"max_hp_loss":0,"event_name":"betterMatch:BetterMatch","floor":2,"gold_loss":0,"cards_obtained":["betterMatch:CommonCard"]}],"is_beta":false,"boss_relics":[{"not_picked":["Velvet Choker","conspire:SeveredTorchhead"],"picked":"SlaversCollar"}],"items_purged_floors":[],"is_endless":false,"potions_floor_spawned":[4,16],"killed_by":"Hallownest:2_Mistakes","ascension_level":1}}