{"host":"Oniwa","time":1612265766,"event":{"mods":["BaseMod","Colored Map","Colored Powertips","Minty Spire (QoL Compilation)","Relic Stats","Slay the Relics Exporter","SpireBot","StSLib","ojb\u0027s Better Paths Mod","ojb\u0027s Info Mod"],"gold_per_floor":[114,114,133,133,133,133,145,178,224,224,234,251,251,282,282,357,357,367,380,380,11,11,11,31,48,48,63,74,86,86,113,113,187,187,197,212,48,0,14,43,43,75,75,127,127,145,179,139,139,139,139],"floor_reached":50,"language":"JPN","playtime":4552,"items_purged":["Strike_B"],"score":1174,"play_id":"d42208e5-d84c-4154-b5dd-f6437e0271be","local_time":"20210202203606","is_ascension_mode":true,"campfire_choices":[{"data":"Zap","floor":6,"key":"SMITH"},{"data":"Capacitor","floor":10,"key":"SMITH"},{"data":"Coolheaded","floor":13,"key":"SMITH"},{"floor":15,"key":"REST"},{"floor":23,"key":"REST"},{"floor":30,"key":"REST"},{"floor":32,"key":"REST"},{"floor":45,"key":"REST"},{"floor":49,"key":"RECALL"}],"circlet_count":0,"master_deck":["AscendersBane","Strike_B","Strike_B","Defend_B","Defend_B","Defend_B","Defend_B+1","Zap+1","Dualcast","Streamline+1","Coolheaded+1","Capacitor+1","Core Surge","Ball Lightning","Compile Driver","Auto Shields","Seek","Go for the Eyes+1","Ball Lightning","Genetic Algorithm+1","Chill","BootSequence","Coolheaded","Defragment","Glacier","Creative AI","Chill","Compile Driver","Hologram+1","Electrodynamics","Defragment","Decay","Coolheaded+1","Chaos"],"relics":["Cracked Core","Dead Branch","Pen Nib","Orichalcum","Bag of Marbles","Fusion Hammer","Runic Capacitor","Pear","Happy Flower","Cursed Key","Frozen Eye","Red Mask","Emotion Chip","Juzu Bracelet","Gambling Chip","Question Card"],"acts_visited":["Exordium","TheCity","TheBeyond"],"potions_floor_usage":[8,18,18,18,25,33,39,40,50,50],"damage_taken":[{"damage":12,"enemies":"Jaw Worm","floor":1,"turns":3},{"damage":0,"enemies":"2 Louse","floor":3,"turns":1},{"damage":0,"enemies":"Cultist","floor":7,"turns":3},{"damage":13,"enemies":"3 Sentries","floor":8,"turns":7},{"damage":6,"enemies":"Looter","floor":11,"turns":3},{"damage":4,"enemies":"Lots of Slimes","floor":12,"turns":3},{"damage":17,"enemies":"Lagavulin","floor":14,"turns":6},{"damage":24,"enemies":"Slime Boss","floor":16,"turns":8},{"damage":5,"enemies":"3 Byrds","floor":18,"turns":4},{"damage":0,"enemies":"Chosen","floor":19,"turns":3},{"damage":6,"enemies":"Centurion and Healer","floor":24,"turns":7},{"damage":0,"enemies":"Chosen and Byrds","floor":25,"turns":4},{"damage":16,"enemies":"Shelled Parasite and Fungi","floor":27,"turns":6},{"damage":11,"enemies":"Cultist and Chosen","floor":28,"turns":6},{"damage":0,"enemies":"Snake Plant","floor":29,"turns":2},{"damage":5,"enemies":"Book of Stabbing","floor":31,"turns":7},{"damage":10,"enemies":"Collector","floor":33,"turns":12},{"damage":4,"enemies":"3 Shapes","floor":35,"turns":5},{"damage":0,"enemies":"3 Darklings","floor":36,"turns":5},{"damage":10,"enemies":"Spire Growth","floor":39,"turns":8},{"damage":22,"enemies":"Giant Head","floor":40,"turns":11},{"damage":0,"enemies":"Reptomancer","floor":42,"turns":7},{"damage":17,"enemies":"2 Orb Walkers","floor":44,"turns":5},{"damage":0,"enemies":"Transient","floor":46,"turns":6},{"damage":15,"enemies":"Giant Head","floor":47,"turns":12},{"damage":35,"enemies":"Awakened One","floor":50,"turns":16}],"seed_played":"-6556552577283466448","potions_obtained":[{"floor":1,"key":"DistilledChaos"},{"floor":7,"key":"LiquidMemories"},{"floor":16,"key":"EntropicBrew"},{"floor":25,"key":"PowerPotion"},{"floor":36,"key":"Block Potion"},{"floor":47,"key":"LiquidMemories"},{"floor":48,"key":"Block Potion"}],"is_trial":false,"path_per_floor":["M","?","M","?","?","R","M","E","T","R","M","M","R","E","R","B",null,"M","M","?","$","?","R","M","M","T","M","M","M","R","E","R","B",null,"M","M","$","?","M","E","?","E","T","?","R","M","E","?","R","B"],"character_chosen":"DEFECT","items_purchased":["Runic Capacitor","Genetic Algorithm","FocusPotion","Frozen Eye"],"campfire_rested":5,"item_purchase_floors":[21,21,21,37],"current_hp_per_floor":[52,33,33,54,54,54,54,41,41,41,35,31,31,14,33,9,50,45,45,45,45,45,64,58,58,68,52,41,41,63,58,74,64,72,68,68,68,68,58,36,36,36,36,19,41,41,26,26,26,0,0],"gold":139,"neow_bonus":"ONE_RARE_RELIC","is_daily":false,"chose_seed":false,"campfire_upgraded":3,"win_rate":0.0,"timestamp":1612265766,"path_taken":["M","?","M","?","?","R","M","E","T","R","M","M","R","E","R","BOSS","M","?","?","$","?","R","M","M","T","M","?","M","R","E","R","BOSS","M","M","$","?","M","E","?","E","T","?","R","M","E","?","R","BOSS"],"items_purchased_type":["Relic","Card","Potion","Relic"],"build_version":"2020-12-18","purchased_purges":1,"victory":false,"max_hp_per_floor":[64,64,64,64,64,64,64,64,64,64,64,64,64,64,64,64,64,64,64,64,64,64,64,64,64,74,74,74,74,74,74,74,74,74,74,74,74,74,74,74,74,74,74,74,74,74,74,74,74,74,74],"relic_stats":{"Emotion Chip":[48,24,24,0,0],"Happy Flower":[29],"counters":[26,160],"Dead Branch":[132],"Gambling Chip":[8],"Pen Nib":[25],"Juzu Bracelet":1,"Orichalcum":[240],"Cursed Key":1,"Question Card":0,"obtain_stats":[{"Pear":26,"Happy Flower":31,"Dead Branch":0,"Pen Nib":8,"Runic Capacitor":21,"Juzu Bracelet":42,"Orichalcum":9,"Cursed Key":34,"Question Card":47,"Frozen Eye":37,"Emotion Chip":40,"Gambling Chip":44,"Fusion Hammer":17,"Bag of Marbles":14,"Red Mask":38,"Cracked Core":0},{"Pear":12,"Happy Flower":16,"Dead Branch":0,"Pen Nib":4,"Runic Capacitor":10,"Juzu Bracelet":22,"Orichalcum":4,"Cursed Key":17,"Question Card":25,"Frozen Eye":19,"Emotion Chip":21,"Gambling Chip":23,"Fusion Hammer":8,"Bag of Marbles":7,"Red Mask":19,"Cracked Core":0},{"Pear":52,"Happy Flower":73,"Dead Branch":0,"Pen Nib":14,"Runic Capacitor":41,"Juzu Bracelet":121,"Orichalcum":14,"Cursed Key":85,"Question Card":144,"Frozen Eye":95,"Emotion Chip":114,"Gambling Chip":126,"Fusion Hammer":34,"Bag of Marbles":26,"Red Mask":95,"Cracked Core":0}]},"card_choices":[{"not_picked":["Skim","Rebound"],"picked":"Streamline","floor":1},{"not_picked":["White Noise","Barrage"],"picked":"Coolheaded","floor":3},{"not_picked":["FTL","Rebound"],"picked":"Capacitor","floor":7},{"not_picked":["Sweeping Beam","Leap"],"picked":"Core Surge","floor":8},{"not_picked":["Compile Driver","Stack"],"picked":"Ball Lightning","floor":11},{"not_picked":["Conserve Battery","Rebound"],"picked":"Compile Driver","floor":12},{"not_picked":["Force Field","Stack"],"picked":"Auto Shields","floor":14},{"not_picked":["Multi-Cast","Thunder Strike"],"picked":"Seek","floor":16},{"not_picked":["Chaos+1","Redo"],"picked":"Go for the Eyes+1","floor":18},{"not_picked":["Go for the Eyes","Streamline"],"picked":"Ball Lightning","floor":19},{"not_picked":["Ball Lightning","Beam Cell+1"],"picked":"Chill","floor":24},{"not_picked":["FTL","Turbo"],"picked":"BootSequence","floor":25},{"not_picked":["Hologram","Compile Driver"],"picked":"Coolheaded","floor":27},{"not_picked":["Melter","Steam","Stack"],"picked":"SKIP","floor":28},{"not_picked":["Go for the Eyes","Compile Driver"],"picked":"Defragment","floor":29},{"not_picked":["Rebound","Amplify"],"picked":"Glacier","floor":31},{"not_picked":["Fission","Rainbow"],"picked":"Creative AI","floor":33},{"not_picked":["Tempest","Rebound"],"picked":"Chill","floor":35},{"not_picked":["Redo+1","Rebound+1"],"picked":"Compile Driver","floor":36},{"not_picked":["Steam","Rip and Tear"],"picked":"Hologram+1","floor":39},{"not_picked":["Scrape+1","Chaos"],"picked":"Electrodynamics","floor":40},{"not_picked":["Coolheaded","Turbo"],"picked":"Defragment","floor":42},{"not_picked":["Rebound","Go for the Eyes"],"picked":"Coolheaded+1","floor":44},{"not_picked":["Beam Cell","Gash+1","Steam"],"picked":"SKIP","floor":46},{"not_picked":["Beam Cell","Gash+1","Steam"],"picked":"SKIP","floor":46},{"not_picked":["Reboot","Ball Lightning"],"picked":"Chaos","floor":47}],"player_experience":2640895,"relics_obtained":[{"floor":8,"key":"Pen Nib"},{"floor":9,"key":"Orichalcum"},{"floor":14,"key":"Bag of Marbles"},{"floor":26,"key":"Pear"},{"floor":31,"key":"Happy Flower"},{"floor":40,"key":"Emotion Chip"},{"floor":42,"key":"Juzu Bracelet"},{"floor":44,"key":"Gambling Chip"},{"floor":47,"key":"Question Card"}],"event_choices":[{"damage_healed":0,"gold_gain":0,"player_choice":"Entered Light","damage_taken":19,"max_hp_gain":0,"max_hp_loss":0,"event_name":"Shining Light","floor":2,"gold_loss":0,"cards_upgraded":["Defend_B","Streamline"]},{"damage_healed":21,"gold_gain":0,"player_choice":"Banana","damage_taken":0,"max_hp_gain":0,"max_hp_loss":0,"event_name":"Big Fish","floor":4,"gold_loss":0},{"cards_removed":["Strike_B"],"damage_healed":0,"gold_gain":0,"player_choice":"Purged","damage_taken":0,"max_hp_gain":0,"max_hp_loss":0,"event_name":"Purifier","floor":5,"gold_loss":0},{"damage_healed":0,"gold_gain":0,"player_choice":"Ignored","damage_taken":0,"max_hp_gain":0,"max_hp_loss":0,"event_name":"Vampires","floor":20,"gold_loss":0},{"damage_healed":0,"gold_gain":0,"player_choice":"Upgraded","damage_taken":0,"max_hp_gain":0,"max_hp_loss":0,"event_name":"Upgrade Shrine","floor":22,"gold_loss":0,"cards_upgraded":["Genetic Algorithm"]},{"damage_healed":0,"gold_gain":0,"player_choice":"Paid","damage_taken":0,"relics_obtained":["Red Mask"],"max_hp_gain":0,"max_hp_loss":0,"event_name":"Tomb of Lord Red Mask","floor":38,"gold_loss":48},{"damage_healed":0,"gold_gain":0,"player_choice":"Ignored","damage_taken":0,"max_hp_gain":0,"max_hp_loss":0,"event_name":"The Moai Head","floor":41,"gold_loss":0},{"damage_healed":0,"gold_gain":0,"player_choice":"Fight","damage_taken":0,"max_hp_gain":0,"max_hp_loss":0,"event_name":"Mysterious Sphere","floor":44,"gold_loss":0},{"damage_healed":0,"gold_gain":0,"player_choice":"Bought 3 Potions","damage_taken":0,"max_hp_gain":0,"max_hp_loss":0,"event_name":"The Woman in Blue","floor":48,"gold_loss":0}],"is_beta":true,"boss_relics":[{"not_picked":["Runic Pyramid","Philosopher\u0027s Stone"],"picked":"Fusion Hammer"},{"not_picked":["Tiny House","Black Star"],"picked":"Cursed Key"}],"items_purged_floors":[21],"is_endless":false,"potions_floor_spawned":[1,7,16,25,28,31,36,47],"killed_by":"Awakened One","ascension_level":20}}