{"host":"0s8kyghz8ihx2r41","time":1612296113,"event":{"mods":["2.2 Compatiblity","Act Like it!","Bard","BaseMod","CapriCore","Chen","Conspire","Downfall","Friendly Minions","Hermit","HololiveMod","Hubris","Koishi","Lobotomy","LobotomyExtend","Marisa（霧雨　魔理沙）","Minty Spire (QoL Compilation)","Prisma Mod","READ ME - Snecko Mod","Reimu（博??梦）","Replay The Spire","Spire Birthday Party","StSLib","The Clintock","The Construct","The Cursed","The Disciple","The Druid","The Gatherer","The Immortal","The Mystic","The Servant 0.9.4","TheVacant","Waifu the Spire","Yuyuko","everything is the same but u backflip on backflip","slay the spire mod where everything is the same but ironclad has a cowboy hat"],"gold_per_floor":[112,126,140,169,187,187,39,49,72,104,104,117,39,49,49,144,144,164,175,140,140,239,264,264,264],"floor_reached":24,"language":"ENG","playtime":1049,"items_purged":[],"score":218,"play_id":"66273f97-16f1-48fc-ad80-1d9b94ec8fde","local_time":"20210202150153","is_ascension_mode":false,"campfire_choices":[{"data":"Koishi:JumpScare","floor":6,"key":"SMITH"},{"floor":11,"key":"REST"},{"floor":15,"key":"REST"}],"circlet_count":0,"master_deck":["Koishi:BasicStrike","Koishi:BasicDefend","Koishi:BasicDefend","Koishi:BasicDefend","Koishi:BasicDefend","Koishi:Provoke","Koishi:HauntingSlash","Koishi:SubterraneanRose","Koishi:BloodcurdlingScream","Koishi:JumpScare+1","Koishi:DreadfulBlow","Koishi:PhantomStrike","Koishi:StingingMind","Koishi:Untouchable","Koishi:GrowingPain","Koishi:StrangeCloudFist","Koishi:SprinkleStarAndHeart","Koishi:SuperEgo","Koishi:MindStellarRelief+1","Koishi:TerrifyingSpectre+1","Koishi:Untouchable+1","Koishi:DreadfulBlow+1","Koishi:UnseenTerror","Koishi:PhantomStrike+1"],"relics":["Koishi:ImaginaryFriend","Koishi:AHoleWhereASisterShouldBe","LetterFromLob","Lantern","Ancient Tea Set","Matryoshka","Astrolabe","CaptainsWheel"],"acts_visited":["Exordium","TheCity"],"potions_floor_usage":[4,16,16,23],"damage_taken":[{"damage":2,"enemies":"Cultist","floor":1,"turns":4},{"damage":2,"enemies":"2 Louse","floor":2,"turns":2},{"damage":2,"enemies":"Jaw Worm","floor":3,"turns":5},{"damage":1,"enemies":"conspire:MimicChest","floor":4,"turns":6},{"damage":8,"enemies":"Looter","floor":5,"turns":3},{"damage":17,"enemies":"Exordium Thugs","floor":8,"turns":4},{"damage":35,"enemies":"3 Sentries","floor":10,"turns":7},{"damage":0,"enemies":"Large Slime","floor":12,"turns":4},{"damage":4,"enemies":"Gremlin Gang","floor":14,"turns":2},{"damage":59,"enemies":"Hexaghost","floor":16,"turns":13},{"damage":0,"enemies":"Chosen","floor":18,"turns":4},{"damage":7,"enemies":"conspire:FuzzyDice","floor":19,"turns":4},{"damage":45,"enemies":"Slavers","floor":23,"turns":6},{"damage":31,"enemies":"Snake Plant","floor":24,"turns":2}],"seed_played":"3049984995135684688","potions_obtained":[{"floor":2,"key":"ZuzhouPotion:ReiMu"},{"floor":3,"key":"DistilledChaos"},{"floor":5,"key":"Elixir"},{"floor":12,"key":"Elixir"},{"floor":19,"key":"Fire Potion"}],"is_trial":false,"path_per_floor":["M","M","M","?","M","R","$","M","T","E","R","M","$","M","R","B",null,"M","M","$","M","?","E","M"],"character_chosen":"KOISHI","items_purchased":["Lantern","Koishi:StrangeCloudFist","Koishi:UnseenTerror"],"campfire_rested":2,"item_purchase_floors":[7,13,20],"current_hp_per_floor":[66,65,65,66,63,63,63,51,51,19,38,40,40,41,60,18,66,66,66,66,66,66,28,0,0],"gold":264,"neow_bonus":"TEN_PERCENT_HP_BONUS","is_daily":false,"chose_seed":false,"campfire_upgraded":1,"win_rate":0.0,"timestamp":1612296113,"path_taken":["M","?","M","?","M","R","$","M","T","E","R","M","$","M","R","BOSS","M","M","$","M","?","E","M"],"items_purchased_type":["Card","Card","Card"],"build_version":"2020-12-22","purchased_purges":0,"victory":false,"max_hp_per_floor":[66,66,66,66,66,66,66,66,66,66,66,66,66,66,66,66,66,66,66,66,66,66,66,66,66],"card_choices":[{"not_picked":["Koishi:UnconsciousUprising","Koishi:Prune"],"picked":"Koishi:SubterraneanRose","floor":1},{"not_picked":["Koishi:Prune","Koishi:MentalBreakdown"],"picked":"Koishi:BloodcurdlingScream","floor":2},{"not_picked":["Koishi:FleetingPhantom","Koishi:UnansweredLove"],"picked":"Koishi:JumpScare","floor":3},{"not_picked":["Koishi:PhilosophyOfTheDespised","Koishi:PhantomStrike"],"picked":"Koishi:DreadfulBlow","floor":4},{"not_picked":["Koishi:UnansweredLove","Koishi:HeartfeltFancy"],"picked":"Koishi:PhantomStrike","floor":5},{"not_picked":["Koishi:CatchAndRose","Koishi:UnconsciousUprising"],"picked":"Koishi:StingingMind","floor":8},{"not_picked":["Koishi:ReflexRadar","Koishi:Jaunt"],"picked":"Koishi:Untouchable","floor":10},{"not_picked":["Koishi:SubterraneanRose","Koishi:SubconsciousSweep"],"picked":"Koishi:GrowingPain","floor":12},{"not_picked":["Koishi:Catatonia","Koishi:UnansweredLove"],"picked":"Koishi:SprinkleStarAndHeart","floor":14},{"not_picked":["Koishi:MentalBreakdown","Koishi:ConditionedTeleport"],"picked":"Koishi:SuperEgo","floor":16},{"not_picked":["Koishi:DanmakuParanoia","Koishi:CatchAndRose+1"],"picked":"Koishi:DreadfulBlow+1","floor":18},{"not_picked":["Koishi:SubconsciousSweep","Koishi:Prune","Koishi:DanmakuParanoia"],"picked":"SKIP","floor":19},{"not_picked":["Koishi:SuperEgo","Koishi:IdleWhim"],"picked":"Koishi:PhantomStrike+1","floor":23}],"player_experience":324969,"relics_obtained":[{"floor":4,"key":"Koishi:AHoleWhereASisterShouldBe"},{"floor":5,"key":"LetterFromLob"},{"floor":9,"key":"Ancient Tea Set"},{"floor":10,"key":"Matryoshka"},{"floor":23,"key":"CaptainsWheel"}],"event_choices":[{"damage_healed":0,"gold_gain":99,"player_choice":"Stole From Cult","damage_taken":0,"max_hp_gain":0,"max_hp_loss":0,"event_name":"Nest","floor":22,"gold_loss":0}],"is_beta":false,"boss_relics":[{"not_picked":["Abe\u0027s Treasure","Runic Pyramid"],"picked":"Astrolabe"}],"items_purged_floors":[],"is_endless":false,"potions_floor_spawned":[2,3,5,12,19],"killed_by":"Snake Plant","ascension_level":0}}