{"host":"4u4xibnmtqpdl4qa","time":1612224933,"event":{"mods":["2.2 Compatiblity","AchievementEnabler","BaseMod","Colored Map","Colored Powertips","Curses Come First","DeckTracker","Highlight Path","Minty Spire (QoL Compilation)","Quick Restart","Rare Cards Sparkle","Relic Stats","Slay-I","StSLib","SuperFastMode","Waifu the Spire"],"gold_per_floor":[113,123,73,3,14,14,49,49,49,84,84,94,94,121,121,226,226,246,256,32,50,66,66,101,101,101,101,111,111,128,128,128,229,279,279],"floor_reached":34,"language":"ENG","playtime":2440,"items_purged":[],"score":449,"play_id":"a33c0037-f459-4e7d-94cc-7187d4d23260","local_time":"20210202011533","is_ascension_mode":true,"campfire_choices":[{"data":"Hologram","floor":6.0,"key":"SMITH"},{"floor":8.0,"key":"REST"},{"data":"Conserve Battery","floor":11.0,"key":"SMITH"},{"floor":15.0,"key":"REST"},{"data":"Capacitor","floor":23.0,"key":"SMITH"},{"floor":25.0,"key":"REST"},{"data":"Self Repair","floor":27.0,"key":"SMITH"},{"data":"Secret Technique","floor":32.0,"key":"SMITH"}],"circlet_count":0,"master_deck":["Strike_B","Strike_B","Defend_B","Defend_B","Defend_B","Defend_B","Zap","Dualcast","Secret Technique+1","Hologram+1","Go for the Eyes","FTL","Conserve Battery+1","Turbo","BootSequence","BootSequence","Auto Shields+1","Buffer","Coolheaded","Electrodynamics","Self Repair+1","Conserve Battery","Capacitor+1","FTL","Leap+1","Thunder Strike","Buffer","Sweeping Beam+1"],"relics":["Cracked Core","Meat on the Bone","Oddly Smooth Stone","Blue Candle","Juzu Bracelet","Velvet Choker","ClockworkSouvenir","Orichalcum","Pantograph","Tiny House"],"acts_visited":["Exordium","TheCity","TheBeyond"],"potions_floor_usage":[],"damage_taken":[{"damage":0.0,"enemies":"Cultist","floor":1.0,"turns":4.0},{"damage":18.0,"enemies":"Small Slimes","floor":2.0,"turns":2.0},{"damage":0.0,"enemies":"2 Louse","floor":5.0,"turns":2.0},{"damage":18.0,"enemies":"Lagavulin","floor":7.0,"turns":7.0},{"damage":20.0,"enemies":"3 Sentries","floor":10.0,"turns":8.0},{"damage":14.0,"enemies":"Lots of Slimes","floor":12.0,"turns":4.0},{"damage":28.0,"enemies":"Gremlin Nob","floor":14.0,"turns":4.0},{"damage":22.0,"enemies":"The Guardian","floor":16.0,"turns":17.0},{"damage":0.0,"enemies":"Chosen","floor":18.0,"turns":6.0},{"damage":4.0,"enemies":"Spheric Guardian","floor":19.0,"turns":7.0},{"damage":0.0,"enemies":"Centurion and Healer","floor":21.0,"turns":11.0},{"damage":20.0,"enemies":"Shelled Parasite and Fungi","floor":22.0,"turns":12.0},{"damage":46.0,"enemies":"Gremlin Leader","floor":24.0,"turns":13.0},{"damage":2.0,"enemies":"Snake Plant","floor":28.0,"turns":7.0},{"damage":0.0,"enemies":"Centurion and Healer","floor":30.0,"turns":11.0},{"damage":53,"enemies":"Champ","floor":33,"turns":19}],"seed_played":"-7425914014095795141","potions_obtained":[{"floor":5.0,"key":"Swift Potion"},{"floor":7.0,"key":"CultistPotion"},{"floor":12.0,"key":"ColorlessPotion"},{"floor":16.0,"key":"Dexterity Potion"},{"floor":18.0,"key":"Ancient Potion"},{"floor":28.0,"key":"Dexterity Potion"}],"is_trial":false,"path_per_floor":["M","M","?","$","M","R","E","R","T","E","R","M","?","E","R","B",null,"M","M","$","M","M","R","E","R","T","R","M","?","M","?","R","B",null],"character_chosen":"DEFECT","items_purchased":["FTL","ClockworkSouvenir","Self Repair"],"campfire_rested":3,"item_purchase_floors":[4,20,20],"current_hp_per_floor":[75,57,57,57,57,57,39,61,61,41,41,39,39,23,45,35,75,75,71,71,75,62,62,35,57,57,57,65,65,75,75,75,44,80,80],"gold":279,"neow_bonus":"RANDOM_COLORLESS_2","is_daily":false,"chose_seed":false,"campfire_upgraded":5,"win_rate":0.0,"timestamp":1612224933,"path_taken":["M","M","?","$","M","R","E","R","T","E","R","M","?","E","R","BOSS","M","M","$","M","M","R","E","R","T","R","M","?","M","?","R","BOSS"],"items_purchased_type":["Card","Relic","Card"],"build_version":"2020-12-22","purchased_purges":0,"victory":false,"max_hp_per_floor":[75,75,75,75,75,75,75,75,75,75,75,75,75,75,75,75,75,75,75,75,75,75,75,75,75,75,75,75,75,75,75,75,75,80,80],"relic_stats":{"counters":[16,134],"Blue Candle":[0],"Pantograph":0,"Juzu Bracelet":1,"Orichalcum":[18],"obtain_stats":[{"Tiny House":34,"Blue Candle":10,"Pantograph":26,"Oddly Smooth Stone":9,"Velvet Choker":17,"Juzu Bracelet":14,"Orichalcum":24,"Cracked Core":0,"Meat on the Bone":7,"ClockworkSouvenir":20},{"Tiny House":16,"Blue Candle":5,"Pantograph":13,"Oddly Smooth Stone":4,"Velvet Choker":8,"Juzu Bracelet":7,"Orichalcum":13,"Cracked Core":0,"Meat on the Bone":4,"ClockworkSouvenir":10},{"Tiny House":134,"Blue Candle":23,"Pantograph":97,"Oddly Smooth Stone":15,"Velvet Choker":48,"Juzu Bracelet":31,"Orichalcum":97,"Cracked Core":0,"Meat on the Bone":15,"ClockworkSouvenir":61}],"Meat on the Bone":60},"card_choices":[{"not_picked":["Violence","Transmutation"],"picked":"Secret Technique","floor":0.0},{"not_picked":["Melter","Stack"],"picked":"Hologram","floor":1.0},{"not_picked":["Gash","Redo"],"picked":"Go for the Eyes","floor":2.0},{"not_picked":["Sweeping Beam","Steam"],"picked":"Conserve Battery","floor":5.0},{"not_picked":["Streamline","Steam","Amplify"],"picked":"SKIP","floor":7.0},{"not_picked":["Hologram","Go for the Eyes"],"picked":"Turbo","floor":10.0},{"not_picked":["Force Field","Rebound"],"picked":"BootSequence","floor":12.0},{"not_picked":["Loop","Leap"],"picked":"Auto Shields","floor":14.0},{"not_picked":["Reboot","Multi-Cast"],"picked":"Buffer","floor":16.0},{"not_picked":["Streamline+1","Recycle+1"],"picked":"Coolheaded","floor":18.0},{"not_picked":["Go for the Eyes+1","FTL"],"picked":"Electrodynamics","floor":19.0},{"not_picked":["Go for the Eyes","Stack"],"picked":"Conserve Battery","floor":21.0},{"not_picked":["Recycle","Compile Driver"],"picked":"Capacitor","floor":22.0},{"not_picked":["Compile Driver","Rebound"],"picked":"FTL","floor":24.0},{"not_picked":["Steam","Electrodynamics"],"picked":"Leap+1","floor":28.0},{"not_picked":["BootSequence+1","Beam Cell","Streamline"],"picked":"SKIP","floor":30.0},{"not_picked":["Reboot","Multi-Cast"],"picked":"Buffer","floor":33},{"not_picked":["Rebound","Force Field"],"picked":"Sweeping Beam+1","floor":34}],"player_experience":151394,"relics_obtained":[{"floor":7.0,"key":"Meat on the Bone"},{"floor":9.0,"key":"Oddly Smooth Stone"},{"floor":10.0,"key":"Blue Candle"},{"floor":14.0,"key":"Juzu Bracelet"},{"floor":24.0,"key":"Orichalcum"},{"floor":26.0,"key":"Pantograph"}],"event_choices":[{"cards_removed":["Writhe"],"damage_healed":0.0,"max_hp_gain":0.0,"max_hp_loss":0.0,"gold_gain":0.0,"event_name":"The Cleric","player_choice":"Card Removal","floor":3.0,"gold_loss":50.0,"damage_taken":0.0},{"damage_healed":0.0,"max_hp_gain":0.0,"max_hp_loss":0.0,"gold_gain":0.0,"cards_transformed":["Strike_B"],"event_name":"Living Wall","player_choice":"Change","floor":13.0,"gold_loss":0.0,"damage_taken":0.0,"cards_obtained":["BootSequence"]},{"damage_healed":0.0,"max_hp_gain":0.0,"max_hp_loss":0.0,"gold_gain":0.0,"cards_transformed":["Strike_B"],"event_name":"Transmorgrifier","player_choice":"Transformed","floor":29.0,"gold_loss":0.0,"damage_taken":0.0,"cards_obtained":["Thunder Strike"]},{"damage_healed":0.0,"max_hp_gain":0.0,"max_hp_loss":0.0,"gold_gain":0.0,"event_name":"Vampires","player_choice":"Ignored","floor":31.0,"gold_loss":0.0,"damage_taken":0.0}],"is_beta":false,"boss_relics":[{"not_picked":["Snecko Eye","Nuclear Battery"],"picked":"Velvet Choker"},{"not_picked":["Fusion Hammer","Sozu"],"picked":"Tiny House"}],"items_purged_floors":[],"is_endless":false,"potions_floor_spawned":[5,7,12,16,18,28,30],"ascension_level":3}}