{"host":"bg0cyinkrjnqf173","time":1612301232,"event":{"mods":["2.2 Compatiblity","Aspiration","BaseMod","Beaked The Cultist","Better Third Choice","BetterRewards","Colored Map","Conspire","Curses Come First","Defuse TimeMaze Blight","Displayed Cursed Tome","Googly Eyes","Halation","Hubris","Infinite Spire","Jedi Mod","Minty Spire (QoL Compilation)","Permanent Neow","Quick Restart","Rare Cards Sparkle","Relic Sorter","Replay The Spire","Shop Mod","Spicy Shops","Spikes Relics","StSLib","The Bladedancer","The Construct","The Valiant"],"gold_per_floor":[117,133,16,32,44,69,69,86,86,86,86,102,37,37,37,37,37,37,37,37,37,37,37,37],"floor_reached":23,"language":"ENG","playtime":1105,"items_purged":[],"score":205,"play_id":"256f9ac2-1249-4fe2-a4c8-490267f39688","local_time":"20210202162712","is_ascension_mode":true,"campfire_choices":[{"data":"beaked:StunningBlow","floor":7,"key":"SMITH"},{"data":"beaked:LiftOff","floor":11,"key":"SMITH"},{"data":"beaked:VigorBurst","floor":15,"key":"SMITH"}],"circlet_count":0,"master_deck":["beaked:Strike_Y","beaked:Strike_Y","beaked:Strike_Y","beaked:Strike_Y","beaked:Strike_Y","beaked:Defend_Y","beaked:Defend_Y","beaked:Defend_Y","beaked:Defend_Y","beaked:Ceremony","beaked:Ceremony","beaked:Ceremony","beaked:StickSmack","beaked:StunningBlow+1","Pride","beaked:Windmill","beaked:Overexert","beaked:CheekyTricks","beaked:Flinch","beaked:LiftOff+1","beaked:SurvivalInstinct","beaked:VigorBurst+1","beaked:ScreechingChant","beaked:Poke+1","beaked:CrazyRituals","beaked:Evade"],"relics":["beaked:MendingPlumage","NeowsBlessing","Counterbalance","Bag of Preparation","Turnip","jedi:ominousloannote","MerchantsRug","aspiration:AnachronicSnailShell","hubris:TerracottaHorce","hubris:Towel"],"acts_visited":["Exordium","TheCity"],"potions_floor_usage":[6,8,12,23,23],"damage_taken":[{"damage":0,"enemies":"Cultist","floor":1,"turns":1},{"damage":0,"enemies":"2 Louse","floor":2,"turns":1},{"damage":0,"enemies":"Small Slimes","floor":4,"turns":1},{"damage":3,"enemies":"3 Louse","floor":5,"turns":4},{"damage":32,"enemies":"Gremlin Nob","floor":6,"turns":5},{"damage":19,"enemies":"Lots of Slimes","floor":8,"turns":3},{"damage":11,"enemies":"Looter","floor":12,"turns":4},{"damage":14,"enemies":"3 Louse","floor":14,"turns":6},{"damage":32,"enemies":"Hexaghost","floor":16,"turns":12},{"damage":53,"enemies":"3 Byrds","floor":18,"turns":7},{"damage":6,"enemies":"Chosen","floor":19,"turns":9},{"damage":15,"enemies":"Centurion and Healer","floor":20,"turns":7},{"damage":82,"enemies":"Slavers","floor":23,"turns":5}],"seed_played":"-4629929601678358308","potions_obtained":[{"floor":4,"key":"jedi:StrikingPotion"},{"floor":5,"key":"Languid Potion"},{"floor":6,"key":"Toxic Potion"},{"floor":8,"key":"Regen Potion"},{"floor":14,"key":"SteroidPotion"},{"floor":16,"key":"EssenceOfSteel"}],"is_trial":false,"path_per_floor":["M","M","$","M","M","E","R","M","T","?","R","M","$","M","R","B",null,"M","M","M","?","?","E"],"character_chosen":"BEAKED_THE_CULTIST","items_purchased":["Counterbalance","jedi:ominousloannote","MerchantsRug","aspiration:AnachronicSnailShell"],"campfire_rested":0,"item_purchase_floors":[3,13,13,13],"current_hp_per_floor":[50,50,50,50,50,31,31,24,24,24,24,22,22,25,25,42,52,26,55,55,55,55,0,0],"gold":37,"neow_bonus":"THREE_ENEMY_KILL","is_daily":false,"chose_seed":false,"campfire_upgraded":3,"win_rate":0.0,"timestamp":1612301232,"path_taken":["M","M","$","M","M","E","R","?","T","?","R","M","$","M","R","BOSS","M","M","M","?","?","E"],"items_purchased_type":["Relic","Relic","Relic","Relic"],"build_version":"2020-12-22","purchased_purges":0,"victory":false,"max_hp_per_floor":[50,50,50,50,50,50,50,50,50,50,50,50,50,55,55,55,55,55,55,55,55,55,55,55],"card_choices":[{"not_picked":["beaked:Cower","beaked:SurvivalInstinct"],"picked":"beaked:StickSmack","floor":1},{"not_picked":["beaked:Foresight","beaked:Resilience"],"picked":"beaked:StunningBlow","floor":2},{"not_picked":["beaked:Overpower","beaked:RuinSticks"],"picked":"beaked:Windmill","floor":4},{"not_picked":["beaked:Hexing","beaked:Evade"],"picked":"beaked:Overexert","floor":5},{"not_picked":["beaked:Devastation","beaked:Windmill"],"picked":"beaked:CheekyTricks","floor":6},{"not_picked":["beaked:Poke","beaked:DigDeep"],"picked":"beaked:Flinch","floor":8},{"not_picked":["beaked:Foresight","beaked:TuckingFeathers"],"picked":"beaked:SurvivalInstinct","floor":12},{"not_picked":["beaked:DigDeep","beaked:Evade"],"picked":"beaked:VigorBurst","floor":14},{"not_picked":["beaked:FakeOut","beaked:SacrificialScars"],"picked":"beaked:ScreechingChant","floor":16},{"not_picked":["beaked:Foresight","beaked:Brace"],"picked":"beaked:Poke+1","floor":18},{"not_picked":["beaked:Struggle","ReplayTheSpireMod:RavenHex"],"picked":"beaked:CrazyRituals","floor":19},{"not_picked":["ReplayTheSpireMod:RavenHex","beaked:SurvivalInstinct"],"picked":"beaked:Evade","floor":20}],"player_experience":770259,"relics_obtained":[{"floor":6,"key":"Bag of Preparation"},{"floor":9,"key":"Turnip"}],"event_choices":[{"damage_healed":0,"gold_gain":0,"cards_transformed":["beaked:Strike_Y"],"player_choice":"Change","damage_taken":0,"max_hp_gain":0,"max_hp_loss":0,"event_name":"Living Wall","floor":10,"gold_loss":0,"cards_obtained":["beaked:LiftOff"]}],"is_beta":false,"boss_relics":[{"not_picked":["jedi:battlestandard","Tiny House"],"picked":"hubris:TerracottaHorce"}],"items_purged_floors":[],"is_endless":false,"potions_floor_spawned":[4,5,6,8,14,16,18],"killed_by":"Slavers","ascension_level":1}}