{"host":"cxvb37eaaiijvrl4","time":1612302926,"event":{"mods":["ATMod(阿瑾Mod)","BaseMod","Better Third Choice","Minty Spire (QoL Compilation)","MostiFishMod","Quick Restart","Rare Cards Sparkle","Shop Mod","Spicy Shops","StSLib","TestMod","Uncapped","残留之物"],"gold_per_floor":[109,509,102,152,171,171,190,223,223,234,71,90,90,90,90,168,168,184,5,22,472,482,482,482],"floor_reached":23,"language":"ZHS","playtime":839,"items_purged":["Strike_B","Dualcast","Strike_B"],"score":511,"play_id":"14699525-f788-4342-b7fa-b02aa2b6165e","local_time":"20210202135526","is_ascension_mode":true,"campfire_choices":[{"data":"Coolheaded","floor":6.0,"key":"SMITH"},{"data":"MostiFishMod:Distribution","floor":14.0,"key":"SMITH"},{"data":"Redo","floor":15.0,"key":"SMITH"}],"circlet_count":0,"master_deck":["AscendersBane","Strike_B","Strike_B","Defend_B","Defend_B","Defend_B","Defend_B","Zap+1","Redo+1","Storm","Coolheaded+1","Gash","MostiFishMod:Distribution+1","Capacitor","Capacitor","MostiFishMod:StrandedSiren","Coolheaded","Reinforced Body","Reinforced Body+1"],"relics":["DaveBox","AT_ATBox","Technique","testmod-Recursion","GreenFoldingFan","SynthV:TestCard","Chemical X","Symbiotic Virus","AT_TrinityForce"],"acts_visited":["Exordium","TheCity"],"potions_floor_usage":[23,23],"damage_taken":[{"damage":4.0,"enemies":"Cultist","floor":1.0,"turns":2.0},{"damage":7.0,"enemies":"2 Louse","floor":5.0,"turns":2.0},{"damage":7.0,"enemies":"Small Slimes","floor":7.0,"turns":3.0},{"damage":35.0,"enemies":"Lagavulin","floor":8.0,"turns":9.0},{"damage":18.0,"enemies":"Blue Slaver","floor":10.0,"turns":3.0},{"damage":9.0,"enemies":"Looter","floor":12.0,"turns":3.0},{"damage":15.0,"enemies":"Lots of Slimes","floor":13.0,"turns":2.0},{"damage":12.0,"enemies":"Hexaghost","floor":16.0,"turns":6.0},{"damage":13.0,"enemies":"2 Thieves","floor":18.0,"turns":4.0},{"damage":6.0,"enemies":"Spheric Guardian","floor":20.0,"turns":3.0},{"damage":8.0,"enemies":"Snecko","floor":22.0,"turns":4.0},{"damage":16,"enemies":"Slavers","floor":23,"turns":3}],"seed_played":"-1692700036360835484","potions_obtained":[{"floor":5.0,"key":"BlessingOfTheForge"},{"floor":10.0,"key":"Dexterity Potion"},{"floor":16.0,"key":"Strength Potion"}],"is_trial":false,"path_per_floor":["M","?","$","?","M","R","M","E","T","M","$","M","M","R","R","B",null,"M","$","M","?","M","E"],"character_chosen":"DEFECT","items_purchased":["Chemical X","Storm","Capacitor","Coolheaded"],"campfire_rested":0,"item_purchase_floors":[3,3,11,19],"current_hp_per_floor":[70,70,70,63,66,66,69,44,44,36,36,37,32,32,32,30,61,58,58,62,16,18,2,2],"gold":482,"neow_bonus":"BOSS_RELIC","is_daily":false,"chose_seed":false,"campfire_upgraded":3,"win_rate":0.0,"timestamp":1612302926,"path_taken":["M","?","$","?","M","R","?","E","T","M","$","M","M","M","R","BOSS","M","$","M","?","M","E"],"items_purchased_type":["Relic","Card","Card","Card"],"build_version":"2020-12-22","purchased_purges":3,"victory":false,"max_hp_per_floor":[71,71,71,71,71,71,71,71,71,71,71,71,71,71,71,71,71,71,71,71,71,71,71,71],"card_choices":[{"not_picked":["Cold Snap","Conserve Battery"],"picked":"Redo","floor":1.0},{"not_picked":["Auto Shields","Self Repair","AT_WarpDrive","Sweeping Beam"],"picked":"Coolheaded","floor":5.0},{"not_picked":["AT_EMC2","Beam Cell","Rebound","MostiFishMod:PushDownKick"],"picked":"Gash","floor":7.0},{"not_picked":["Hologram","Coolheaded","Sweeping Beam","Gash"],"picked":"MostiFishMod:Distribution","floor":8.0},{"not_picked":["AT_EMC2","FTL","Hello World","Sweeping Beam"],"picked":"Capacitor","floor":10.0},{"not_picked":["Go for the Eyes","FTL","MostiFishMod:Nova","Redo","Turbo"],"picked":"SKIP","floor":12.0},{"not_picked":["Reboot","MostiFishMod:Distribution","Rainbow","Seek"],"picked":"MostiFishMod:StrandedSiren","floor":16.0},{"not_picked":["Sweeping Beam","Streamline+1","AT_HeatAcrobatics","Steam","Beam Cell"],"picked":"SKIP","floor":18.0},{"not_picked":["Melter","White Noise","Rebound","Scrape"],"picked":"Reinforced Body","floor":20.0},{"not_picked":["Beam Cell+1","Sweeping Beam","Storm","Loop"],"picked":"Reinforced Body+1","floor":22.0}],"player_experience":724701,"relics_obtained":[{"floor":1.0,"key":"SynthV:TestCard"},{"floor":8.0,"key":"Symbiotic Virus"}],"event_choices":[{"damage_healed":0.0,"max_hp_gain":0.0,"max_hp_loss":0.0,"gold_gain":400.0,"event_name":"恩洛斯的盘子","player_choice":"Sell","floor":2.0,"relics_lost":["testmod-TestBox"],"gold_loss":0.0,"damage_taken":0.0},{"damage_healed":0.0,"max_hp_gain":0.0,"max_hp_loss":0.0,"gold_gain":50.0,"event_name":"FaceTrader","player_choice":"Touch","floor":4.0,"gold_loss":0.0,"damage_taken":7.0},{"damage_healed":0.0,"max_hp_gain":0.0,"max_hp_loss":0.0,"gold_gain":450.0,"event_name":"Knowing Skull","player_choice":"GOLD GOLD GOLD GOLD GOLD ","floor":21.0,"potions_obtained":[],"gold_loss":0.0,"damage_taken":46.0,"cards_obtained":[]}],"is_beta":false,"boss_relics":[{"not_picked":["EE1DDrone","testmod-EnergyCheck"],"picked":"AT_TrinityForce"}],"items_purged_floors":[3,3,19],"is_endless":false,"potions_floor_spawned":[5,10,16],"killed_by":"Slavers","ascension_level":20}}