{"host":"gaqyve1328ta0etl","time":1612260420,"event":{"mods":["BaseMod","Colored Map","Colored Powertips","Googly Eyes","Minty Spire (QoL Compilation)","Shop Mod","StSLib","SuperFastMode","The Hierophant","The Runesmith"],"gold_per_floor":[115,115,115,130,55,80,80,94,94,123,123,138,138,38,38,140,140,150,150,164,39,39,39],"floor_reached":22,"language":"ENG","playtime":568,"items_purged":["Strike_R","Strike_R","Defend_R"],"score":307,"play_id":"0c34c96e-157c-4fff-b44e-4cc969070fb3","local_time":"20210202020700","is_ascension_mode":true,"campfire_choices":[{"floor":7,"key":"REST"},{"data":"Feed","floor":11,"key":"SMITH"},{"data":"Fiend Fire","floor":13,"key":"SMITH"},{"data":"Iron Wave","floor":15,"key":"SMITH"}],"circlet_count":0,"master_deck":["AscendersBane","Defend_R","Defend_R","Defend_R","Fiend Fire+1","Battle Trance+1","Twin Strike","Sentinel","Feed+1","Iron Wave+1","Bludgeon","Dark Embrace"],"relics":["Burning Blood","Mercury Hourglass","Kunai","Self Forming Clay","Empty Cage"],"acts_visited":["Exordium","TheCity"],"potions_floor_usage":[6,10,12],"damage_taken":[{"damage":6,"enemies":"2 Louse","floor":1,"turns":3},{"damage":6,"enemies":"Cultist","floor":4,"turns":3},{"damage":20,"enemies":"Lagavulin","floor":6,"turns":5},{"damage":0,"enemies":"Small Slimes","floor":8,"turns":2},{"damage":15,"enemies":"3 Sentries","floor":10,"turns":5},{"damage":12,"enemies":"3 Louse","floor":12,"turns":2},{"damage":24,"enemies":"Slime Boss","floor":16,"turns":10},{"damage":11,"enemies":"Spheric Guardian","floor":18,"turns":3},{"damage":6,"enemies":"3 Byrds","floor":20,"turns":6},{"damage":31,"enemies":"Snake Plant","floor":22,"turns":2}],"seed_played":"-5193082281093920805","potions_obtained":[{"floor":1,"key":"BloodPotion"},{"floor":4,"key":"SteroidPotion"},{"floor":8,"key":"ColorlessPotion"},{"floor":18,"key":"FairyPotion"}],"is_trial":false,"path_per_floor":["M","?","?","M","$","E","R","M","T","E","R","M","R","$","R","B",null,"M","?","M","$","M"],"character_chosen":"IRONCLAD","items_purchased":[],"campfire_rested":1,"item_purchase_floors":[],"current_hp_per_floor":[72,65,49,49,49,35,59,65,65,56,56,66,66,66,66,48,72,71,71,75,75,44,44],"gold":39,"neow_bonus":"ONE_RANDOM_RARE_CARD","is_daily":false,"chose_seed":false,"campfire_upgraded":3,"win_rate":0.0,"timestamp":1612260420,"path_taken":["M","?","?","M","$","E","R","M","T","E","R","M","R","$","R","BOSS","M","?","?","$","M"],"items_purchased_type":[],"build_version":"2020-12-22","purchased_purges":3,"victory":false,"max_hp_per_floor":[80,80,80,80,80,80,80,80,80,80,80,80,80,80,80,80,80,84,84,88,88,88,88],"card_choices":[{"not_picked":["Feel No Pain","Metallicize"],"picked":"Battle Trance","floor":1},{"not_picked":["Rage","Second Wind","Flex"],"picked":"SKIP","floor":4},{"not_picked":["Dual Wield","Clothesline"],"picked":"Twin Strike","floor":6},{"not_picked":["Headbutt","Clothesline"],"picked":"Sentinel","floor":8},{"not_picked":["Body Slam","Armaments"],"picked":"Feed","floor":10},{"not_picked":["Hemokinesis","Cleave"],"picked":"Iron Wave","floor":12},{"not_picked":["Berserk","Demon Form"],"picked":"Bludgeon","floor":16},{"not_picked":["Infernal Blade","Flame Barrier"],"picked":"Dark Embrace","floor":18},{"not_picked":["Bloodletting","Reckless Charge+1","Clash"],"picked":"SKIP","floor":20}],"player_experience":2074794,"relics_obtained":[{"floor":6,"key":"Mercury Hourglass"},{"floor":9,"key":"Kunai"},{"floor":10,"key":"Self Forming Clay"}],"event_choices":[{"cards_removed":["Strike_R"],"damage_healed":0,"gold_gain":0,"player_choice":"Card Removal","damage_taken":7,"max_hp_gain":0,"max_hp_loss":0,"event_name":"Golden Wing","floor":2,"gold_loss":0},{"damage_healed":0,"gold_gain":0,"player_choice":"Entered Light","damage_taken":16,"max_hp_gain":0,"max_hp_loss":0,"event_name":"Shining Light","floor":3,"gold_loss":0,"cards_upgraded":["Strike_R","Battle Trance"]},{"cards_removed":["Strike_R"],"damage_healed":0,"gold_gain":0,"player_choice":"Purged","damage_taken":0,"max_hp_gain":0,"max_hp_loss":0,"event_name":"Purifier","floor":19,"gold_loss":0}],"is_beta":false,"boss_relics":[{"not_picked":["Cursed Key","Snecko Eye"],"picked":"Empty Cage"}],"items_purged_floors":[5,14,21],"is_endless":false,"potions_floor_spawned":[1,4,8,18],"killed_by":"Snake Plant","ascension_level":12}}