{"host":"0slg84fqeut6oegf","time":1612288057,"event":{"mods":["BaseMod","Colored Map","Downfall","Minty Spire (QoL Compilation)","StSLib","slay the spire mod where everything is the same but ironclad has a cowboy hat"],"gold_per_floor":[99,118,118,118,133,133,133,167,177,194,213,213,213,224,239,340,340,340,358,508,201,215,200,227,327,327,352,372,372,407,154,172,272,272,72,82,82,97,111,11,64,12,62,89,116,127,127,140,159,159,159,159],"floor_reached":50,"language":"ENG","playtime":4134,"items_purged":[],"score":614,"play_id":"93f6090f-6b44-4e92-91fc-841aee088ac4","local_time":"20210202124737","is_ascension_mode":false,"campfire_choices":[{"data":"hexamod:Float","floor":1.0,"key":"SMITH"},{"data":"hexamod:FastForward","floor":13.0,"key":"SMITH"},{"floor":18.0,"key":"RECALL"},{"data":"Apotheosis","floor":35.0,"key":"SMITH"},{"data":"hexamod:RetreatToShadows","floor":40.0,"key":"SMITH"},{"floor":47.0,"key":"REST"}],"circlet_count":0,"master_deck":["hexamod:Strike+1","hexamod:Strike","hexamod:Defend","hexamod:Defend","hexamod:Sear","hexamod:Float+1","Discovery+1","hexamod:FastForward+1","hexamod:FirstSeal","hexamod:GhostOfSpirePast","hexamod:FastForward+1","hexamod:HeatShield+1","hexamod:EmpoweredFlame+1","hexamod:FlamesFromBeyond","hexamod:GhostflameBarrier+1","hexamod:NightmareGuise+1","hexamod:SearingWound+1","hexamod:RetreatToShadows+1","hexamod:ForkedFlame+1","hexamod:FastForward+1","hexamod:SpectralAdrenaline+1","hexamod:SixthSeal","hexamod:Incineration+1","hexamod:SpectersWail+1","Apotheosis+1","hexamod:ParanormalForm+1","hexamod:EmpoweredFlame+1","hexamod:HeatShield","hexamod:AdvancingGuard+1"],"relics":["hexamod:SpiritBrand","hexamod:MatchstickCase","Sozu","Happy Flower","War Paint","MutagenicStrength","Molten Egg 2","Frozen Egg 2","Membership Card","Philosopher\u0027s Stone","downfall:HeartBlessingGreen","downfall:HeartBlessingBlue","downfall:HeartBlessingRed","Smiling Mask","Shovel","Letter Opener","Regal Pillow"],"acts_visited":["Exordium","TheCity","TheBeyond"],"potions_floor_usage":[],"damage_taken":[{"damage":6.0,"enemies":"2 Louse","floor":2.0,"turns":4.0},{"damage":5.0,"enemies":"Jaw Worm","floor":5.0,"turns":4.0},{"damage":30.0,"enemies":"Lagavulin","floor":8.0,"turns":7.0},{"damage":0.0,"enemies":"Cultist","floor":9.0,"turns":4.0},{"damage":3.0,"enemies":"Large Slime","floor":10.0,"turns":3.0},{"damage":0.0,"enemies":"2 Fungi Beasts","floor":11.0,"turns":4.0},{"damage":7.0,"enemies":"Exordium Thugs","floor":14.0,"turns":3.0},{"damage":0.0,"enemies":"Red Slaver","floor":15.0,"turns":3.0},{"damage":31.0,"enemies":"WA_ARCHETYPE_RETAIN","floor":16.0,"turns":8.0},{"damage":1.0,"enemies":"3 Byrds","floor":19.0,"turns":3.0},{"damage":0.0,"enemies":"downfall:FleeingMerchant","floor":21.0,"turns":4.0},{"damage":6.0,"enemies":"Shell Parasite","floor":22.0,"turns":3.0},{"damage":10.0,"enemies":"downfall:FleeingMerchant","floor":23.0,"turns":4.0},{"damage":21.0,"enemies":"downfall:Augmenter","floor":25.0,"turns":6.0},{"damage":6.0,"enemies":"Book of Stabbing","floor":27.0,"turns":4.0},{"damage":35.0,"enemies":"Cultist and Chosen","floor":28.0,"turns":6.0},{"damage":11.0,"enemies":"Slavers","floor":30.0,"turns":4.0},{"damage":6.0,"enemies":"downfall:FleeingMerchant","floor":31.0,"turns":4.0},{"damage":0.0,"enemies":"Centurion and Healer","floor":32.0,"turns":3.0},{"damage":13.0,"enemies":"DF_ARCHETYPE_CLAW","floor":33.0,"turns":8.0},{"damage":0.0,"enemies":"Orb Walker","floor":36.0,"turns":3.0},{"damage":7.0,"enemies":"3 Shapes","floor":38.0,"turns":4.0},{"damage":22.0,"enemies":"3 Darklings","floor":39.0,"turns":5.0},{"damage":24.0,"enemies":"downfall:FleeingMerchant","floor":42.0,"turns":4.0},{"damage":0.0,"enemies":"downfall:FleeingMerchant","floor":43.0,"turns":3.0},{"damage":37.0,"enemies":"Nemesis","floor":44.0,"turns":5.0},{"damage":3.0,"enemies":"Maw","floor":46.0,"turns":6.0},{"damage":6.0,"enemies":"Jaw Worm Horde","floor":48.0,"turns":6.0},{"damage":2.0,"enemies":"Sphere and 2 Shapes","floor":49.0,"turns":3.0},{"damage":133,"enemies":"IC_BLOCK_ARCHETYPE","floor":50,"turns":4}],"seed_played":"-9160101071909086992","potions_obtained":[{"floor":8.0,"key":"Strength Potion"},{"floor":9.0,"key":"Block Potion"},{"floor":10.0,"key":"SteroidPotion"},{"floor":14.0,"key":"Dexterity Potion"}],"is_trial":false,"path_per_floor":["R","M","?","?","M","?","T","E","M","M","M","?","R","M","M","B",null,"R","M","?","$","M","$","T","?","?","E","M","T","E","$","M","B",null,"R","M","?","M","M","R","T","$","?","E","T","M","R","M","M","B"],"character_chosen":"THE_SPIRIT","items_purchased":["hexamod:ForkedFlame","Happy Flower","Membership Card","Apotheosis","hexamod:HeatShield"],"campfire_rested":1,"item_purchase_floors":[21,21,31,31,42],"current_hp_per_floor":[70,64,57,57,59,64,64,41,48,52,59,59,59,59,66,35,75,75,74,74,75,75,72,72,58,58,59,31,31,27,28,28,15,75,85,85,85,85,63,63,63,46,53,23,23,27,67,68,73,0,0,0],"gold":159,"neow_bonus":"RANDOM_COLORLESS","is_daily":false,"chose_seed":false,"campfire_upgraded":4,"win_rate":0.0,"timestamp":1612288057,"path_taken":["R","M","?","?","?","?","T","E","M","M","M","?","R","M","M","BOSS","R","M","?","?","?","$","T","?","?","E","M","?","E","?","M","BOSS","R","M","?","M","M","R","T","?","?","E","?","M","R","M","M","BOSS"],"items_purchased_type":["Card","Relic","Relic","Card","Card"],"build_version":"2020-12-22","purchased_purges":0,"victory":false,"max_hp_per_floor":[70,70,70,70,70,75,75,75,75,75,75,75,75,75,75,75,75,75,75,75,75,75,75,75,75,75,75,75,75,75,75,75,75,75,85,85,85,85,85,85,85,85,85,85,85,85,85,85,85,85,85,85],"card_choices":[{"not_picked":["Impatience","Forethought"],"picked":"Discovery","floor":0.0},{"not_picked":["hexamod:ThirdSeal","hexamod:NightmareGuise"],"picked":"hexamod:FastForward","floor":2.0},{"not_picked":["hexamod:HeatCrush","hexamod:SpectralSpark","hexamod:NightmareStrike"],"picked":"SKIP","floor":5.0},{"not_picked":["hexamod:GhostOfSpireFuture","hexamod:ExtraCrispy"],"picked":"hexamod:FastForward","floor":8.0},{"not_picked":["hexamod:SwordOfDarkness","hexamod:RadiantFlame"],"picked":"hexamod:HeatShield","floor":9.0},{"not_picked":["hexamod:AdvancingGuard","hexamod:FlamesFromBeyond"],"picked":"hexamod:EmpoweredFlame","floor":10.0},{"not_picked":["hexamod:ShieldOfDarkness","hexamod:InspiringFlames"],"picked":"hexamod:FlamesFromBeyond","floor":11.0},{"not_picked":["hexamod:GhostLash","hexamod:RainOfEmbers"],"picked":"hexamod:GhostflameBarrier","floor":14.0},{"not_picked":["hexamod:StepThrough","hexamod:BacktrackSmack"],"picked":"hexamod:NightmareGuise","floor":15.0},{"not_picked":["hexamod:GhostOfSpirePresent","hexamod:TimeWarp"],"picked":"hexamod:SearingWound","floor":16.0},{"not_picked":["hexamod:BacktrackSmack","hexamod:SecondSeal"],"picked":"hexamod:RetreatToShadows","floor":19.0},{"not_picked":["hexamod:BurningTouch","hexamod:InspiringFlames","hexamod:RetreatToShadows"],"picked":"SKIP","floor":21.0},{"not_picked":["hexamod:Incineration+1","hexamod:SkipABeat"],"picked":"hexamod:FastForward+1","floor":22.0},{"not_picked":["hexamod:Firestarter","hexamod:FastForward","hexamod:ShieldOfDarkness"],"picked":"SKIP","floor":23.0},{"not_picked":["hexamod:TurnItUp","hexamod:SwordOfDarkness+1"],"picked":"hexamod:Incineration+1","floor":27.0},{"not_picked":["hexamod:HeatMetal+1","hexamod:FastForward","hexamod:GhostShield"],"picked":"SKIP","floor":28.0},{"not_picked":["hexamod:ExtraCrispy+1","hexamod:GhostOfSpirePast+1","hexamod:GhostShield"],"picked":"SKIP","floor":30.0},{"not_picked":["hexamod:ExtraCrispy+1","hexamod:GhostOfSpirePast+1","hexamod:GhostShield"],"picked":"SKIP","floor":30.0},{"not_picked":["hexamod:SwordOfDarkness+1","hexamod:SixthSeal"],"picked":"hexamod:SpectersWail+1","floor":31.0},{"not_picked":["hexamod:RetreatToShadows","hexamod:DynamicBlow+1","hexamod:BurningTouch"],"picked":"SKIP","floor":32.0},{"not_picked":["hexamod:UnleashSpirits+1","hexamod:TimeOfNeed"],"picked":"hexamod:ParanormalForm+1","floor":33.0},{"not_picked":["hexamod:FastForward","hexamod:SpectersWail+1","hexamod:EtherealExpedition"],"picked":"SKIP","floor":36.0},{"not_picked":["hexamod:FastForward+1","hexamod:Again+1","hexamod:SpectersWail+1"],"picked":"SKIP","floor":38.0},{"not_picked":["hexamod:DynamicBlow+1","hexamod:BacktrackSmack+1","hexamod:GhostShield"],"picked":"SKIP","floor":39.0},{"not_picked":["hexamod:BurningTouch+1","hexamod:HexaLevel+1"],"picked":"hexamod:EmpoweredFlame+1","floor":42.0},{"not_picked":["hexamod:ForkedFlame+1","hexamod:RecurringNightmare+1"],"picked":"hexamod:AdvancingGuard+1","floor":44.0},{"not_picked":["hexamod:FlamesFromBeyond+1","hexamod:BacktrackSmack+1","hexamod:Incineration+1"],"picked":"SKIP","floor":46.0},{"not_picked":["hexamod:AdvancingGuard","hexamod:ShieldOfDarkness","hexamod:RecurringNightmare"],"picked":"SKIP","floor":48.0},{"not_picked":["hexamod:BurningTouch+1","hexamod:BacktrackSmack+1","hexamod:NightmareStrike+1"],"picked":"SKIP","floor":49.0}],"player_experience":427545,"relics_obtained":[{"floor":7.0,"key":"hexamod:MatchstickCase"},{"floor":8.0,"key":"Boot"},{"floor":24.0,"key":"War Paint"},{"floor":25.0,"key":"MutagenicStrength"},{"floor":27.0,"key":"Molten Egg 2"},{"floor":30.0,"key":"Frozen Egg 2"},{"floor":41.0,"key":"Smiling Mask"},{"floor":43.0,"key":"Shovel"},{"floor":44.0,"key":"Letter Opener"},{"floor":45.0,"key":"Regal Pillow"}],"event_choices":[{"damage_healed":0.0,"max_hp_gain":5.0,"max_hp_loss":0.0,"gold_gain":0.0,"event_name":"Big Fish","player_choice":"Donut","floor":6.0,"gold_loss":0.0,"damage_taken":0.0},{"cards_removed":["hexamod:Defend"],"damage_healed":0.0,"max_hp_gain":0.0,"max_hp_loss":0.0,"gold_gain":0.0,"event_name":"The Cleric","player_choice":"Card Removal","floor":12.0,"gold_loss":0.0,"damage_taken":0.0}],"is_beta":false,"boss_relics":[{"not_picked":["Cursed Key","hexamod:UnbrokenSoul"],"picked":"Sozu"},{"not_picked":["Runic Dome","Runic Pyramid"],"picked":"Philosopher\u0027s Stone"}],"items_purged_floors":[],"is_endless":false,"potions_floor_spawned":[8,9,10,14,15,25,27,28,30,32,33,38,43,44,49],"killed_by":"IC_BLOCK_ARCHETYPE","ascension_level":0}}