{"host":"aceejw9th3i5ney6","time":1612251681,"event":{"mods":["2.2 Compatiblity","A Penny For Your Troubles","Abigail Mod","AchievementEnabler","Act Like it!","Alarm Clock","AlwaysNeverKeys","Ascension Unlocker","Aspiration","Astrologer","BaseMod","Better Synergies","Better Third Choice","Better-Laid Plans","BetterRewards","Block Reminder","Card Forge","CatGirl Mod","Chen","Colored Map","Colored Powertips","Conspire","Curses Come First","Defuse TimeMaze Blight","Downfall","Emptier Cage","Energized Spire","Evolution","Exacting","Fox Events","Friendly Minions","Gensokyo","Gold Saver","Gremlin Mod","Halation","Hallownest","HololiveMod","Hubris","Koishi","Luminous","Magitek Elite","Marisa????????","Mathemortician","Mimic Mod","Minty Spire (QoL Compilation)","Onozuka Komachi Mod","Permanent Neow","Poor People Problems","Practice Mode","Quick Restart","Railgun Mod","Random Character Button","Reimu??????","Relic Filter","Relic Sorter","Relic Stats","Remilia_Scarlet Moed?????·?????3.3.5","Reorder Act Four","SIMod","Shop Mod","Spikes Relics","StSLib","The Administrix","The Animator","The Bug Knight","The Florist","The Judge","The Jungle","The Problem Sleuth","The Senshi","The Vixen","TheHeartMod","Trackpad","Treasure Hunter","Unceasing Turn Reminder","Virulent Crown","Voiceroid Mod","WarShipGirlsR/????R mod","Yakumo Yukari mod","Youmu??????","Yuyuko","slay the spire mod where everything is the same but ironclad has a cowboy hat","??????REMEMod"],"gold_per_floor":[115,130,28,42,53,53,100,125,151,231,231,242,282,173,173,272,272,284,26,46,72,104,104,104],"floor_reached":23,"language":"ENG","playtime":2792,"items_purged":[],"score":193,"play_id":"1f99e5c8-4d71-49e0-8f1e-bb646607d8fd","local_time":"20210202024121","is_ascension_mode":false,"campfire_choices":[{"data":"animator:Demiurge","floor":6.0,"key":"SMITH"},{"data":"animator:Aqua","floor":11.0,"key":"SMITH"},{"data":"animator:SakuraMatou","floor":15,"key":"SMITH"}],"circlet_count":0,"master_deck":["animator:Strike_Konosuba","animator:Defend_Konosuba","animator:Strike","animator:Strike+1","animator:Defend","animator:Defend","animator:Kazuma","animator:Aqua+1","PinkiePromise","animator:TukaLunaMarceau","animator:Shuna","animator:Caster","animator:Demiurge+1","animator:SayakaMiki","animator:KyokoSakura","animator:Konayuki","animator:Emonzaemon","TH:CursedSword","animator:NarberalGamma","animator:Darkness","animator:SakuraMatou+1","animator:Kaijin","animator:Megumin","TH:Mimic","animator:Hans","animator:NarberalGamma","animator:Entoma+2","animator:Zero","animator:GazelDwargon","animator:Benimaru","animator:MisaKurobane","animator:Arpeggio"],"relics":["animator:LivingPicture","REME_ComplimentaryCards","animator:TheMissingPiece","Hammer of Thor","Seething Fire","Anvil of the Gods","EVO:Axolotl","animator:PurgingStone","Vajra","Bag of Preparation","Lantern","Gensokyo:Companionship","LugNut","REME_LowDesire","Boot","trackpad:Mousetrap","halation:LostSnail","Bottled Flame"],"acts_visited":["Exordium","TheCity"],"potions_floor_usage":[16,16,16,22],"damage_taken":[{"damage":0.0,"enemies":"Gensokyo:2_Kodama","floor":1.0,"turns":7.0},{"damage":2.0,"enemies":"Gensokyo:Python","floor":2.0,"turns":6.0},{"damage":0.0,"enemies":"Gensokyo:Gryphon","floor":4.0,"turns":7.0},{"damage":14.0,"enemies":"Gensokyo:2_Rabbits","floor":5.0,"turns":5.0},{"damage":0.0,"enemies":"Gensokyo:3_Kodama","floor":7.0,"turns":9.0},{"damage":10.0,"enemies":"Gensokyo:3_Kodama","floor":8.0,"turns":4.0},{"damage":4,"enemies":"Gensokyo:CorruptedTreant","floor":12,"turns":2},{"damage":5,"enemies":"Gensokyo:Aya","floor":13,"turns":6},{"damage":8,"enemies":"Gensokyo:Kokoro","floor":16,"turns":9},{"damage":10,"enemies":"3 Byrds","floor":18,"turns":3},{"damage":18,"enemies":"Shell Parasite","floor":20,"turns":8},{"damage":31,"enemies":"Centurion and Healer","floor":21,"turns":5},{"damage":8,"enemies":"conspire:MimicChest","floor":22,"turns":7},{"damage":13,"enemies":"conspire:SneckoGhost","floor":23,"turns":2}],"seed_played":"-4622837247951692236","potions_obtained":[{"floor":1.0,"key":"BlessingOfTheForge"},{"floor":4.0,"key":"hexamod:SoulburnPotion"},{"floor":8.0,"key":"animator:GrowthPotion"},{"floor":18,"key":"sneckomod:MuddlingPotion"}],"is_trial":false,"path_per_floor":["M","M","COS","M","M","R","MIM","M","T","?","R","M","E","$","R","B",null,"M","$","M","M","?","E"],"character_chosen":"THE_ANIMATOR","items_purchased":["animator:Kaijin","animator:Megumin","animator:Entoma","animator:Zero","halation:LostSnail","animator:GazelDwargon"],"campfire_rested":0,"item_purchase_floors":[14,14,19,19,19,19],"current_hp_per_floor":[60,60,60,60,57,57,59,52,52,52,52,48,46,46,46,45,62,52,52,39,13,11,0,0],"gold":104,"neow_bonus":"TRANSFORM_TWO_CARDS","is_daily":false,"chose_seed":false,"campfire_upgraded":3,"win_rate":0.0,"timestamp":1612251681,"path_taken":["M","M","COS","M","M","R","?","?","T","?","R","M","E","$","R","BOSS","M","$","M","M","?","E"],"items_purchased_type":["Card","Card","Card","Card","Relic","Card"],"build_version":"2020-12-22","purchased_purges":0,"victory":false,"max_hp_per_floor":[60,60,60,60,60,60,60,61,61,61,61,61,61,61,61,62,62,62,62,64,66,66,66,66],"relic_stats":{"counters":[14,79],"Bag of Preparation":[18],"Boot":[5],"obtain_stats":[{"trackpad:Mousetrap":17,"Lantern":9,"animator:TheMissingPiece":0,"Vajra":5,"Hammer of Thor":0,"Bag of Preparation":7,"EVO:Axolotl":0,"Seething Fire":0,"Boot":17,"Bottled Flame":22,"animator:PurgingStone":0,"Gensokyo:Companionship":12,"Anvil of the Gods":0,"animator:LivingPicture":0,"REME_LowDesire":17,"halation:LostSnail":19,"LugNut":13,"REME_ComplimentaryCards":0},{"trackpad:Mousetrap":9,"Lantern":6,"animator:TheMissingPiece":0,"Vajra":4,"Hammer of Thor":0,"Bag of Preparation":5,"EVO:Axolotl":0,"Seething Fire":0,"Boot":9,"Bottled Flame":13,"animator:PurgingStone":0,"Gensokyo:Companionship":7,"Anvil of the Gods":0,"animator:LivingPicture":0,"REME_LowDesire":9,"halation:LostSnail":10,"LugNut":8,"REME_ComplimentaryCards":0},{"trackpad:Mousetrap":55,"Lantern":38,"animator:TheMissingPiece":0,"Vajra":21,"Hammer of Thor":0,"Bag of Preparation":34,"EVO:Axolotl":0,"Seething Fire":0,"Boot":55,"Bottled Flame":77,"animator:PurgingStone":0,"Gensokyo:Companionship":39,"Anvil of the Gods":0,"animator:LivingPicture":0,"REME_LowDesire":55,"halation:LostSnail":58,"LugNut":46,"REME_ComplimentaryCards":0}]},"card_choices":[{"not_picked":["animator:Hakurou","animator:SakuraMatou"],"picked":"animator:Caster","floor":1.0},{"not_picked":["animator:Entoma","animator:Ciel"],"picked":"animator:Demiurge","floor":2.0},{"not_picked":["animator:Shichika","animator:EmiyaShirou"],"picked":"animator:SayakaMiki","floor":4.0},{"not_picked":["animator:MamiTomoe","animator:IrohaTamaki"],"picked":"animator:KyokoSakura","floor":5.0},{"not_picked":["animator:Genos","animator:ElricAlphonse"],"picked":"animator:Konayuki","floor":7.0},{"not_picked":["animator:Kazuma","animator:Vanir"],"picked":"animator:Emonzaemon","floor":8.0},{"not_picked":["TH:PixieDust"],"picked":"TH:CursedSword","floor":9.0},{"not_picked":["animator:Genos","animator:Tyuule"],"picked":"animator:NarberalGamma","floor":12},{"not_picked":["animator:Kazuma","animator:Aqua"],"picked":"animator:Darkness","floor":13},{"not_picked":["animator:YunYun","animator:Kaijin"],"picked":"animator:SakuraMatou","floor":13},{"not_picked":["TH:ArmorSpikes"],"picked":"TH:Mimic","floor":16},{"not_picked":["animator:Wiz","animator:Eris"],"picked":"animator:Hans","floor":16},{"not_picked":["animator:SakuraMatou","animator:Geryuganshoop","animator:Kuroyukihime"],"picked":"animator:NarberalGamma","floor":18},{"not_picked":["animator:Shichika","animator:Elsword","animator:Canti"],"picked":"animator:Benimaru","floor":20},{"not_picked":["animator:Melzalgald","animator:Lu","animator:Darkness"],"picked":"animator:MisaKurobane","floor":21},{"not_picked":["animator:Genos+1","animator:MumenRider","animator:Lelouch"],"picked":"animator:Arpeggio","floor":22}],"player_experience":318436,"relics_obtained":[{"floor":7.0,"key":"Bag of Preparation"},{"floor":9.0,"key":"Lantern"},{"floor":13,"key":"LugNut"},{"floor":17,"key":"Boot"},{"floor":17,"key":"trackpad:Mousetrap"},{"floor":22,"key":"Bottled Flame"}],"event_choices":[],"is_beta":false,"boss_relics":[{"not_picked":["trackpad:StolenKidneys","hubris:BlackHole"],"picked":"REME_LowDesire"}],"items_purged_floors":[],"is_endless":false,"potions_floor_spawned":[1,4,8,13,18],"killed_by":"conspire:SneckoGhost","ascension_level":0}}