{"host":"jhywql2x2v3ppvhm","time":1612235336,"event":{"mods":["BaseMod","Colored Map","Colored Powertips","Downfall","Googly Eyes","Hermit","Marisa????????","Minty Spire (QoL Compilation)","Rare Cards Sparkle","Shop Mod","Slay the Relics Exporter","StSLib","The Animator","The Bug Knight","The Cursed","The Disciple","The Necromancer","The Runesmith","The Servant 0.9.4","slay the spire mod where everything is the same but ironclad has a cowboy hat"],"gold_per_floor":[99,113,49,62,74,100,155,189,205,205,68,124,124,139,153,256,256,56,72,57,157,174,174,253,307,307,321,321,321,349,365,385,486,486,486,506,506,506,522,533,533,567,567,579,614,551,551,578,594,594,594,594],"floor_reached":50,"language":"ENG","playtime":2389,"items_purged":["Slimebound:Tackle","Slimebound:Defend_Slimebound","Slimebound:Strike_Slimebound"],"score":634,"play_id":"ce54a169-423b-435f-b245-e98654995499","local_time":"20210201220856","is_ascension_mode":false,"campfire_choices":[{"data":"Slimebound:CorrosiveSpit","floor":1,"key":"SMITH"},{"floor":10,"key":"RECALL"},{"data":"Slimebound:SamplingLick","floor":13,"key":"SMITH"},{"data":"Slimebound:SamplingLick","floor":18,"key":"SMITH"},{"data":"Pain","floor":26,"key":"PURGE"},{"data":"Decay","floor":28,"key":"PURGE"},{"data":"Slimebound:HauntingLick","floor":35,"key":"SMITH"},{"data":"Slimebound:SamplingLick","floor":43,"key":"SMITH"},{"data":"Slimebound:Schlurp","floor":47,"key":"SMITH"}],"circlet_count":0,"master_deck":["Slimebound:Strike_Slimebound","Slimebound:Strike_Slimebound","Slimebound:Defend_Slimebound","Slimebound:Defend_Slimebound","Slimebound:Defend_Slimebound","Slimebound:Split","Slimebound:CorrosiveSpit+1","Slimebound:SamplingLick+1","Slimebound:SamplingLick+1","Slimebound:LeechingTouch","Slimebound:Schlurp","Slimebound:SamplingLick+1","Slimebound:ItLooksTasty","Slimebound:HauntingLick+1","Slimebound:HauntingLick","Slimebound:Schlurp","Slimebound:LeechEnergy","Slimebound:Schlurp+1","Slimebound:RejuvenatingLick+1","Slimebound:MassRepurpose","Slimebound:LeechingTouch+1","Slimebound:TongueLash","Slimebound:HauntingLick+1","Slimebound:HauntingLick+1","Slimebound:Darklings","Slimebound:Gluttony+1","Slimebound:LeechLife","Slimebound:HauntingLick+1","Slimebound:Dissolve+1"],"relics":["Slimebound:AbsorbEndCombat","StoneCalendar","Omamori","Runesmith:AutoHammer","Mummified Hand","Peace Pipe","Black Star","downfall:HeartBlessingGreen","downfall:HeartBlessingRed","Darkstone Periapt","Letter Opener","Dream Catcher","HollowMod:LifeEnderRelic","Lantern","Slimebound:TarBlob","Runesmith:Nanobots","Membership Card","Bag of Marbles","Shuriken","Calipers","Eternal Feather","CaptainsWheel"],"acts_visited":["Exordium","TheCity","TheBeyond"],"potions_floor_usage":[8,50,50,50],"damage_taken":[{"damage":3,"enemies":"2 Louse","floor":2,"turns":2},{"damage":6,"enemies":"downfall:FleeingMerchant","floor":3,"turns":4},{"damage":3,"enemies":"Jaw Worm","floor":4,"turns":4},{"damage":1,"enemies":"Small Slimes","floor":5,"turns":4},{"damage":35,"enemies":"Lagavulin","floor":6,"turns":7},{"damage":23,"enemies":"Gremlin Nob","floor":8,"turns":4},{"damage":0,"enemies":"2 Fungi Beasts","floor":9,"turns":3},{"damage":10,"enemies":"downfall:FleeingMerchant","floor":11,"turns":4},{"damage":4,"enemies":"3 Sentries","floor":12,"turns":6},{"damage":1,"enemies":"Lots of Slimes","floor":14,"turns":4},{"damage":0,"enemies":"Exordium Thugs","floor":15,"turns":4},{"damage":37,"enemies":"DF_ARCHETYPE_STREAMLINE","floor":16,"turns":9},{"damage":0,"enemies":"Shell Parasite","floor":19,"turns":3},{"damage":0,"enemies":"downfall:FleeingMerchant","floor":20,"turns":4},{"damage":38,"enemies":"3 Byrds","floor":22,"turns":6},{"damage":17,"enemies":"Shelled Parasite and Fungi","floor":27,"turns":4},{"damage":5,"enemies":"Snake Plant","floor":29,"turns":3},{"damage":18,"enemies":"Book of Stabbing","floor":30,"turns":5},{"damage":0,"enemies":"Centurion and Healer","floor":31,"turns":4},{"damage":0,"enemies":"Sentry and Sphere","floor":32,"turns":3},{"damage":15,"enemies":"IC_MUSHROOM_ARCHETYPE","floor":33,"turns":6},{"damage":0,"enemies":"Orb Walker","floor":36,"turns":2},{"damage":1,"enemies":"3 Shapes","floor":39,"turns":3},{"damage":17,"enemies":"Sphere and 2 Shapes","floor":40,"turns":4},{"damage":0,"enemies":"downfall:FleeingMerchant","floor":42,"turns":3},{"damage":0,"enemies":"Transient","floor":44,"turns":5},{"damage":9,"enemies":"Giant Head","floor":45,"turns":5},{"damage":24,"enemies":"Nemesis","floor":48,"turns":5},{"damage":0,"enemies":"Spire Growth","floor":49,"turns":3},{"damage":99,"enemies":"WA_ARCHETYPE_DIVINITY","floor":50,"turns":5}],"seed_played":"-6619712845251589873","potions_obtained":[{"floor":2,"key":"EssenceOfSteel"},{"floor":4,"key":"Regen Potion"},{"floor":6,"key":"Explosive Potion"},{"floor":15,"key":"PowerPotion"},{"floor":16,"key":"Explosive Potion"},{"floor":27,"key":"DistilledChaos"},{"floor":38,"key":"Slimebound:SlimedPotion"},{"floor":39,"key":"Slimebound:SlimedPotion"}],"is_trial":false,"path_per_floor":["R","M","$","M","M","E","T","E","M","R","$","?","R","M","M","B",null,"R","M","$","?","M","?","T","T","R","M","R","M","E","M","M","B",null,"R","M","?","?","M","M","T","$","R","M","E","$","R","E","M","B"],"character_chosen":"SLIMEBOUND","items_purchased":["Slimebound:LeechingTouch","Slimebound:Schlurp","Membership Card","Bag of Marbles","Slimebound:LeechLife"],"campfire_rested":0,"item_purchase_floors":[3,11,42,42,42],"current_hp_per_floor":[59,58,55,56,59,30,30,13,17,17,15,19,19,26,34,5,59,59,59,59,82,50,50,50,50,50,39,39,38,28,36,42,35,82,82,82,82,82,82,71,71,77,77,82,77,77,77,58,66,0,0,0],"gold":594,"neow_bonus":"ONE_RARE_RELIC","is_daily":false,"chose_seed":false,"campfire_upgraded":6,"win_rate":0.0,"timestamp":1612235336,"path_taken":["R","M","$","M","M","E","T","E","M","R","$","?","R","M","M","BOSS","R","M","$","?","M","?","T","?","R","?","R","M","E","M","M","BOSS","R","M","?","?","M","M","T","$","R","?","E","$","R","E","M","BOSS"],"items_purchased_type":["Card","Card","Relic","Relic","Card"],"build_version":"2020-12-22","purchased_purges":3,"victory":false,"max_hp_per_floor":[59,59,59,59,59,59,59,59,59,59,59,59,59,59,59,59,59,59,59,59,82,82,82,82,82,82,82,82,82,82,82,82,82,82,82,82,82,82,82,82,82,82,82,82,82,82,82,82,82,82,82,82],"card_choices":[{"not_picked":["Slimebound:Grow","Slimebound:Prepare"],"picked":"Slimebound:SamplingLick","floor":2},{"not_picked":["Slimebound:LivingWall","Slimebound:SlimeTap"],"picked":"Slimebound:SamplingLick","floor":3},{"not_picked":["Slimebound:SplitLeeching","Slimebound:HauntingLick"],"picked":"Slimebound:Schlurp","floor":4},{"not_picked":["Slimebound:SplitAcid","Slimebound:Prepare"],"picked":"Slimebound:SamplingLick","floor":5},{"not_picked":["Slimebound:RallyTheTroops","Slimebound:SlimeBarrage"],"picked":"Slimebound:ItLooksTasty","floor":6},{"not_picked":["Slimebound:ItLooksTasty","Slimebound:ComboTackle","Slimebound:BestDefense"],"picked":"SKIP","floor":8},{"not_picked":["Slimebound:Overexert","Slimebound:SplitLeeching"],"picked":"Slimebound:HauntingLick","floor":9},{"not_picked":["Slimebound:ComboTackle","Slimebound:Replication"],"picked":"Slimebound:HauntingLick","floor":11},{"not_picked":["Slimebound:SplitMire","Slimebound:ItLooksTasty"],"picked":"Slimebound:LeechEnergy","floor":12},{"not_picked":["Slimebound:SamplingLick","Slimebound:ForwardTackle"],"picked":"Slimebound:Schlurp","floor":14},{"not_picked":["Slimebound:LeechEnergy","Slimebound:DisruptingSlam","Slimebound:SplitAcid"],"picked":"SKIP","floor":15},{"not_picked":["Slimebound:ViciousTackle","Slimebound:RejuvenatingLick","Slimebound:SplitBruiser"],"picked":"SKIP","floor":19},{"not_picked":["Slimebound:FinishingTackle","Slimebound:RollThrough"],"picked":"Slimebound:RejuvenatingLick+1","floor":20},{"not_picked":["Slimebound:ComboTackle","Slimebound:SplitBruiser","Slimebound:SplitAcid"],"picked":"SKIP","floor":22},{"not_picked":["Slimebound:Gluttony","Slimebound:DisruptingSlam"],"picked":"Slimebound:LeechingTouch+1","floor":27},{"not_picked":["Slimebound:ItLooksTasty+1","Slimebound:LeechingTouch"],"picked":"Slimebound:TongueLash","floor":29},{"not_picked":["Slimebound:PrepareCrush","Slimebound:Prepare"],"picked":"Slimebound:HauntingLick+1","floor":30},{"not_picked":["Slimebound:HauntingLick","Slimebound:SplitBruiser","Slimebound:FormOfPuddle"],"picked":"SKIP","floor":31},{"not_picked":["Slimebound:RollThrough+1","Slimebound:MegaLick+1"],"picked":"Slimebound:HauntingLick+1","floor":32},{"not_picked":["Slimebound:Teamwork","Slimebound:MassRepurpose"],"picked":"Slimebound:Darklings","floor":33},{"not_picked":["Slimebound:FinishingTackle+1","Slimebound:LivingWall+1","Slimebound:SplitLeeching"],"picked":"SKIP","floor":36},{"not_picked":["Slimebound:BestDefense+1","Slimebound:Chomp+1"],"picked":"Slimebound:Gluttony+1","floor":39},{"not_picked":["Slimebound:SplitBruiser","Slimebound:Replication+1","Slimebound:RollThrough+1"],"picked":"SKIP","floor":40},{"not_picked":["Slimebound:SpikyOuterGoop","Slimebound:FormOfPuddle","Slimebound:LivingWall+1"],"picked":"SKIP","floor":42},{"not_picked":["Slimebound:HungryTackle","Slimebound:FinishingTackle+1","Slimebound:LevelUp"],"picked":"SKIP","floor":44},{"not_picked":["Slimebound:GoopTackle","Slimebound:OneTwoCombo"],"picked":"Slimebound:HauntingLick+1","floor":45},{"not_picked":["Slimebound:Equalize","Slimebound:RollThrough"],"picked":"Slimebound:Dissolve+1","floor":48},{"not_picked":["Slimebound:Prepare+1","Slimebound:GoopSpray","Slimebound:ItLooksTasty+1"],"picked":"SKIP","floor":49}],"player_experience":194772,"relics_obtained":[{"floor":6,"key":"Omamori"},{"floor":7,"key":"Runesmith:AutoHammer"},{"floor":8,"key":"Mummified Hand"},{"floor":24,"key":"Letter Opener"},{"floor":25,"key":"Dream Catcher"},{"floor":30,"key":"HollowMod:LifeEnderRelic"},{"floor":30,"key":"Lantern"},{"floor":41,"key":"Runesmith:Nanobots"},{"floor":45,"key":"Shuriken"},{"floor":45,"key":"Calipers"},{"floor":48,"key":"Eternal Feather"},{"floor":48,"key":"CaptainsWheel"}],"event_choices":[{"damage_healed":0,"gold_gain":0,"player_choice":"Got Potions","damage_taken":0,"max_hp_gain":0,"max_hp_loss":0,"event_name":"Lab","floor":38,"gold_loss":0}],"is_beta":false,"boss_relics":[{"not_picked":["Empty Cage","Velvet Choker"],"picked":"Black Star"},{"not_picked":["SlaversCollar","Slimebound:AbsorbEndCombatUpgraded"],"picked":"Slimebound:TarBlob"}],"items_purged_floors":[11,42,46],"is_endless":false,"potions_floor_spawned":[2,4,6,15,16,19,27,30,32,33,39,45],"killed_by":"WA_ARCHETYPE_DIVINITY","ascension_level":0}}