{"host":"vlqej45p0v31lhdi","time":1612286591,"event":{"mods":["AchievementEnabler","BaseMod","Bestiary","Colored Powertips","DeckTracker","Googly Eyes","Minty Spire (QoL Compilation)","Relic Sorter","Relic Stats"],"gold_per_floor":[109,109,127,143,155,155,183,183,183,197,197,217,233,243,243,321,321,333,209,227,227,241,241,259,259,282,317,17,17,17,47,47,121,121,132,179,198,215,6,6,6,38,38,73,89,121,132,146,146,146,146],"floor_reached":50,"language":"ENG","playtime":41911,"items_purged":["Clash"],"score":1330,"play_id":"d7a2c83a-d353-495d-abaf-eb2802c43e7b","local_time":"20210202112311","is_ascension_mode":true,"campfire_choices":[{"data":"Carnage","floor":6.0,"key":"SMITH"},{"data":"Shockwave","floor":8.0,"key":"SMITH"},{"data":"Combust","floor":11.0,"key":"SMITH"},{"data":"Fire Breathing","floor":15.0,"key":"SMITH"},{"data":"Searing Blow","floor":23.0,"key":"SMITH"},{"data":"Searing Blow+1","floor":25.0,"key":"SMITH"},{"data":"Searing Blow+2","floor":30.0,"key":"SMITH"},{"data":"Searing Blow+3","floor":32.0,"key":"SMITH"},{"data":"Searing Blow+4","floor":40.0,"key":"SMITH"},{"floor":49.0,"key":"RECALL"}],"circlet_count":0,"master_deck":["AscendersBane","Bash","Uppercut","Headbutt","Twin Strike","Carnage+1","Shockwave+1","Second Wind","Cleave","Shrug It Off","Fire Breathing+1","Corruption","Double Tap","Searing Blow+5","Brutality","Spot Weakness","Cleave","Feed","Iron Wave","Shrug It Off","Evolve+1","Dark Embrace","True Grit","Limit Break","Pommel Strike","Dual Wield","Inflame","Offering","Barricade","Bloodletting","Warcry+1","Reaper"],"relics":["Mark of Pain","Eternal Feather","Meat on the Bone","Pandora\u0027s Box","Nilry\u0027s Codex","StrikeDummy","Membership Card","Blood Vial","Charon\u0027s Ashes","Busted Crown","Girya","Anchor","Shuriken","Pear","Torii","Oddly Smooth Stone"],"acts_visited":["Exordium","TheCity","TheBeyond"],"potions_floor_usage":[50,50],"damage_taken":[{"damage":15.0,"enemies":"2 Louse","floor":1.0,"turns":2.0},{"damage":4.0,"enemies":"Jaw Worm","floor":3.0,"turns":2.0},{"damage":0.0,"enemies":"Cultist","floor":4.0,"turns":2.0},{"damage":13.0,"enemies":"Large Slime","floor":5.0,"turns":3.0},{"damage":0.0,"enemies":"Gremlin Nob","floor":7.0,"turns":2.0},{"damage":0.0,"enemies":"2 Fungi Beasts","floor":10.0,"turns":2.0},{"damage":24.0,"enemies":"3 Louse","floor":12.0,"turns":2.0},{"damage":7.0,"enemies":"Exordium Thugs","floor":13.0,"turns":4.0},{"damage":0.0,"enemies":"Large Slime","floor":14.0,"turns":4.0},{"damage":10.0,"enemies":"Slime Boss","floor":16.0,"turns":6.0},{"damage":18.0,"enemies":"2 Thieves","floor":18.0,"turns":2.0},{"damage":22.0,"enemies":"Spheric Guardian","floor":20.0,"turns":4.0},{"damage":17.0,"enemies":"Centurion and Healer","floor":22.0,"turns":6.0},{"damage":4.0,"enemies":"Cultist and Chosen","floor":24.0,"turns":3.0},{"damage":34.0,"enemies":"Book of Stabbing","floor":27.0,"turns":4.0},{"damage":32.0,"enemies":"Slavers","floor":31.0,"turns":5.0},{"damage":52.0,"enemies":"Automaton","floor":33.0,"turns":8.0},{"damage":24.0,"enemies":"Orb Walker","floor":35.0,"turns":3.0},{"damage":44.0,"enemies":"2 Orb Walkers","floor":36.0,"turns":5.0},{"damage":6.0,"enemies":"3 Shapes","floor":37.0,"turns":2.0},{"damage":6.0,"enemies":"Transient","floor":38.0,"turns":5.0},{"damage":17.0,"enemies":"Giant Head","floor":42.0,"turns":5.0},{"damage":22.0,"enemies":"Reptomancer","floor":44.0,"turns":3.0},{"damage":7.0,"enemies":"Sphere and 2 Shapes","floor":45.0,"turns":3.0},{"damage":36.0,"enemies":"Nemesis","floor":46.0,"turns":8.0},{"damage":21.0,"enemies":"4 Shapes","floor":47.0,"turns":6.0},{"damage":38.0,"enemies":"Spire Growth","floor":48.0,"turns":6.0},{"damage":86,"enemies":"Time Eater","floor":50,"turns":9}],"seed_played":"9114316839326180776","potions_obtained":[{"floor":1.0,"key":"DuplicationPotion"},{"floor":13.0,"key":"FearPotion"},{"floor":14.0,"key":"Swift Potion"},{"floor":20.0,"key":"GamblersBrew"},{"floor":22.0,"key":"ElixirPotion"},{"floor":33.0,"key":"AttackPotion"},{"floor":36.0,"key":"FearPotion"},{"floor":38.0,"key":"SkillPotion"},{"floor":44.0,"key":"Block Potion"},{"floor":45.0,"key":"Dexterity Potion"},{"floor":46.0,"key":"Ancient Potion"},{"floor":48.0,"key":"LiquidMemories"}],"is_trial":false,"path_per_floor":["M","?","M","M","M","R","E","R","T","M","R","M","M","M","R","B",null,"M","$","M","?","M","R","M","R","T","E","$","?","R","E","R","B",null,"M","?","M","M","$","R","?","E","T","E","M","E","M","M","R","B"],"character_chosen":"IRONCLAD","items_purchased":["Shrug It Off","Membership Card","Blood Vial","Limit Break","Barricade","Anchor","Regen Potion","Bloodletting"],"campfire_rested":0,"item_purchase_floors":[19,28,28,28,39,39,39,39],"current_hp_per_floor":[57,57,53,53,40,40,40,49,49,49,58,46,51,51,63,53,73,55,55,48,32,27,39,50,62,62,43,43,43,58,43,58,20,74,52,22,33,41,41,59,59,60,70,55,65,43,40,19,37,0,0],"gold":146,"neow_bonus":"BOSS_RELIC","is_daily":false,"chose_seed":false,"campfire_upgraded":9,"win_rate":0.0,"timestamp":1612286591,"path_taken":["M","?","M","M","M","R","E","R","T","M","R","M","M","M","R","BOSS","M","$","M","?","M","R","M","R","T","E","$","?","R","E","R","BOSS","M","?","M","M","$","R","?","E","T","E","?","E","M","M","R","BOSS"],"items_purchased_type":["Card","Relic","Relic","Card","Card","Relic","Potion","Card"],"build_version":"2020-12-22","purchased_purges":1,"victory":false,"max_hp_per_floor":[80,80,80,80,80,80,80,80,80,80,80,80,80,80,80,80,80,80,80,83,83,83,83,86,86,86,89,89,89,89,92,92,92,92,92,92,95,95,95,95,95,99,109,109,112,112,115,118,118,118,118],"relic_stats":{"Blood Vial":26,"Busted Crown":20,"Torii":9,"counters":[28,116],"Shuriken":[11],"Eternal Feather":120,"Pandora\u0027s Box":["Double Tap","Searing Blow","Hemokinesis","Brutality","Spot Weakness","Cleave","Feed","Clash"],"Charon\u0027s Ashes":[609],"obtain_stats":[{"Girya":36,"Pear":43,"Torii":44,"Nilry\u0027s Codex":21,"Oddly Smooth Stone":46,"Eternal Feather":7,"Charon\u0027s Ashes":31,"Blood Vial":28,"Anchor":39,"Busted Crown":34,"Shuriken":42,"Pandora\u0027s Box":17,"Mark of Pain":0,"Membership Card":28,"StrikeDummy":27,"Meat on the Bone":9},{"Girya":19,"Pear":22,"Torii":23,"Nilry\u0027s Codex":12,"Oddly Smooth Stone":25,"Eternal Feather":5,"Charon\u0027s Ashes":16,"Blood Vial":15,"Anchor":21,"Busted Crown":17,"Shuriken":22,"Pandora\u0027s Box":10,"Mark of Pain":0,"Membership Card":15,"StrikeDummy":15,"Meat on the Bone":5},{"Girya":69,"Pear":81,"Torii":84,"Nilry\u0027s Codex":35,"Oddly Smooth Stone":95,"Eternal Feather":11,"Charon\u0027s Ashes":53,"Blood Vial":48,"Anchor":76,"Busted Crown":61,"Shuriken":81,"Pandora\u0027s Box":29,"Mark of Pain":0,"Membership Card":48,"StrikeDummy":48,"Meat on the Bone":11}],"Meat on the Bone":192},"card_choices":[{"not_picked":["Twin Strike","Rampage"],"picked":"Uppercut","floor":1.0},{"not_picked":["Wild Strike","Intimidate"],"picked":"Twin Strike","floor":3.0},{"not_picked":["Flame Barrier","Pommel Strike"],"picked":"Carnage","floor":4.0},{"not_picked":["Wild Strike","Demon Form"],"picked":"Combust","floor":5.0},{"not_picked":["Ghostly Armor","Armaments"],"picked":"Shockwave","floor":7.0},{"not_picked":["Wild Strike","Clash"],"picked":"Second Wind","floor":10.0},{"not_picked":["Rampage","Flex"],"picked":"Cleave","floor":12.0},{"not_picked":["Clash","Seeing Red"],"picked":"Shrug It Off","floor":13.0},{"not_picked":["Heavy Blade","Twin Strike"],"picked":"Fire Breathing","floor":14.0},{"not_picked":["Offering","Demon Form"],"picked":"Corruption","floor":16.0},{"not_picked":["Metallicize","Sword Boomerang+1"],"picked":"Iron Wave","floor":18.0},{"not_picked":["Thunderclap+1","Blood for Blood"],"picked":"Evolve+1","floor":20.0},{"not_picked":["Carnage","Wild Strike","Havoc"],"picked":"SKIP","floor":22.0},{"not_picked":["Perfected Strike","Warcry"],"picked":"Dark Embrace","floor":24.0},{"not_picked":["Carnage","Cleave"],"picked":"True Grit","floor":27.0},{"not_picked":["Anger","Havoc"],"picked":"Inflame","floor":31.0},{"not_picked":["Brutality","Immolate"],"picked":"Offering","floor":33.0},{"not_picked":["Infernal Blade+1"],"picked":"SKIP","floor":35.0},{"not_picked":["Twin Strike"],"picked":"SKIP","floor":37.0},{"not_picked":["Clash"],"picked":"SKIP","floor":38.0},{"not_picked":["Wild Strike"],"picked":"SKIP","floor":42.0},{"not_picked":["True Grit"],"picked":"SKIP","floor":44.0},{"not_picked":[],"picked":"Warcry+1","floor":45.0},{"not_picked":[],"picked":"Reaper","floor":46.0},{"not_picked":["Headbutt"],"picked":"SKIP","floor":47.0},{"not_picked":["Heavy Blade"],"picked":"SKIP","floor":48.0}],"player_experience":2326884,"relics_obtained":[{"floor":7.0,"key":"Eternal Feather"},{"floor":9.0,"key":"Meat on the Bone"},{"floor":21.0,"key":"Nilry\u0027s Codex"},{"floor":27.0,"key":"StrikeDummy"},{"floor":31.0,"key":"Charon\u0027s Ashes"},{"floor":36.0,"key":"Girya"},{"floor":42.0,"key":"Shuriken"},{"floor":43.0,"key":"Pear"},{"floor":44.0,"key":"Torii"},{"floor":46.0,"key":"Oddly Smooth Stone"}],"event_choices":[{"damage_healed":0.0,"max_hp_gain":0.0,"max_hp_loss":0.0,"gold_gain":0.0,"cards_transformed":["Strike_R"],"event_name":"Living Wall","player_choice":"Change","floor":2.0,"gold_loss":0.0,"damage_taken":0.0,"cards_obtained":["Headbutt"]},{"damage_healed":0.0,"max_hp_gain":0.0,"max_hp_loss":0.0,"gold_gain":0.0,"event_name":"Cursed Tome","player_choice":"Obtained Book","floor":21.0,"gold_loss":0.0,"damage_taken":16.0},{"damage_healed":0.0,"max_hp_gain":0.0,"max_hp_loss":0.0,"gold_gain":0.0,"cards_transformed":["Combust","Hemokinesis"],"event_name":"Drug Dealer","player_choice":"Became Test Subject","floor":29.0,"gold_loss":0.0,"damage_taken":0.0,"cards_obtained":["Pommel Strike","Dual Wield"]},{"damage_healed":0.0,"max_hp_gain":0.0,"max_hp_loss":0.0,"gold_gain":0.0,"event_name":"Mysterious Sphere","player_choice":"Fight","floor":36.0,"gold_loss":0.0,"damage_taken":0.0},{"damage_healed":0.0,"max_hp_gain":0.0,"max_hp_loss":0.0,"gold_gain":0.0,"event_name":"Match and Keep!","player_choice":"0 cards matched","floor":41.0,"gold_loss":0.0,"damage_taken":0.0,"cards_obtained":[]}],"is_beta":false,"boss_relics":[{"not_picked":["Cursed Key","Fusion Hammer"],"picked":"Pandora\u0027s Box"},{"not_picked":["Velvet Choker","Empty Cage"],"picked":"Busted Crown"}],"items_purged_floors":[19],"is_endless":false,"potions_floor_spawned":[1,13,14,16,20,22,24,33,36,38,44,45,46,48],"killed_by":"Time Eater","ascension_level":13}}