{"host":"5h6e4l6hpn0p5lap","time":1612239013,"event":{"mods":["AchievementEnabler","BaseMod","Better Altar","Better Match","Better Sensory Stone","Better Skull","Better Third Choice","Colored Map","Filter the Spire","Minty Spire (QoL Compilation)","StSLib"],"gold_per_floor":[109,119,14,24,42,68,68,79,79,154,154,182,147,147,147,242,242,257,276,52,69,89,89,107,107,131,131,131,166,166,180,180,277,277,288,298,53,53,53,72,72,72,72,72,85,85,119,138,138,138,138,138,102,134,134,134],"floor_reached":55,"language":"ENG","playtime":2704,"items_purged":["Strike_R","Decay"],"score":702,"play_id":"2dc4dde0-ad51-4a7c-b801-139696678a0f","local_time":"20210201231013","is_ascension_mode":false,"campfire_choices":[{"data":"Heavy Blade","floor":7,"key":"SMITH"},{"data":"Armaments","floor":11,"key":"SMITH"},{"data":"Pommel Strike","floor":15,"key":"SMITH"},{"data":"Shrug It Off","floor":23,"key":"SMITH"},{"data":"Pommel Strike","floor":30,"key":"SMITH"},{"data":"Heavy Blade","floor":32,"key":"SMITH"},{"floor":41,"key":"RECALL"},{"data":"Flame Barrier","floor":46,"key":"SMITH"},{"data":"Juggernaut","floor":49,"key":"SMITH"},{"data":"Shrug It Off","floor":52,"key":"SMITH"}],"circlet_count":0,"master_deck":["Strike_R","Strike_R+1","Strike_R","Strike_R","Defend_R","Defend_R","Defend_R","Defend_R","Bash","Pommel Strike+1","Spot Weakness","Anger","Shrug It Off+1","Heavy Blade+1","Pummel+1","Armaments+1","Battle Trance+1","Juggernaut+1","Shockwave+1","Uppercut+1","Shrug It Off+1","Flame Barrier+1","Feed","Disarm+1","Heavy Blade+1","Reaper","Apotheosis","Fire Breathing","Wild Strike+1"],"relics":["Burning Blood","Orichalcum","Gremlin Horn","Shuriken","Snecko Eye","Orrery","Anchor","Pantograph","Busted Crown","Whetstone","Pen Nib","White Beast Statue"],"acts_visited":["Exordium","TheCity","TheBeyond","TheEnding"],"potions_floor_usage":[6,12,12,18,21,29,33,47,50,50,55],"damage_taken":[{"damage":12,"enemies":"Cultist","floor":1,"turns":5},{"damage":7,"enemies":"Small Slimes","floor":2,"turns":4},{"damage":0,"enemies":"2 Louse","floor":4,"turns":3},{"damage":13,"enemies":"2 Fungi Beasts","floor":5,"turns":3},{"damage":16,"enemies":"3 Sentries","floor":6,"turns":6},{"damage":5,"enemies":"3 Louse","floor":8,"turns":4},{"damage":10,"enemies":"Gremlin Nob","floor":12,"turns":4},{"damage":33,"enemies":"Hexaghost","floor":16,"turns":8},{"damage":8,"enemies":"3 Byrds","floor":18,"turns":5},{"damage":18,"enemies":"2 Thieves","floor":19,"turns":5},{"damage":0,"enemies":"Centurion and Healer","floor":21,"turns":2},{"damage":3,"enemies":"Chosen and Byrds","floor":22,"turns":4},{"damage":9,"enemies":"Cultist and Chosen","floor":24,"turns":5},{"damage":7,"enemies":"Book of Stabbing","floor":29,"turns":4},{"damage":7,"enemies":"Centurion and Healer","floor":31,"turns":5},{"damage":68,"enemies":"Collector","floor":33,"turns":8},{"damage":9,"enemies":"Orb Walker","floor":35,"turns":4},{"damage":6,"enemies":"3 Darklings","floor":36,"turns":3},{"damage":13,"enemies":"Maw","floor":40,"turns":7},{"damage":11,"enemies":"Sphere and 2 Shapes","floor":45,"turns":5},{"damage":51,"enemies":"Nemesis","floor":47,"turns":7},{"damage":0,"enemies":"Transient","floor":48,"turns":5},{"damage":37,"enemies":"Awakened One","floor":50,"turns":9},{"damage":85,"enemies":"Shield and Spear","floor":54,"turns":6},{"damage":110,"enemies":"The Heart","floor":55,"turns":6}],"seed_played":"-3543902824330163348","potions_obtained":[{"floor":0,"key":"Energy Potion"},{"floor":0,"key":"ColorlessPotion"},{"floor":2,"key":"Block Potion"},{"floor":6,"key":"BlessingOfTheForge"},{"floor":16,"key":"SpeedPotion"},{"floor":18,"key":"DistilledChaos"},{"floor":19,"key":"ElixirPotion"},{"floor":29,"key":"FairyPotion"},{"floor":35,"key":"Dexterity Potion"},{"floor":45,"key":"DistilledChaos"},{"floor":48,"key":"DuplicationPotion"},{"floor":54,"key":"SkillPotion"}],"is_trial":false,"path_per_floor":["M","M","$","M","M","E","R","M","T","?","R","E","?","?","R","B",null,"M","M","$","M","M","R","M","?","T","?","?","E","R","M","R","B",null,"M","M","$","?","?","M","R","?","T","?","M","R","E","M","R","B",null,"R","$","E","B"],"character_chosen":"IRONCLAD","items_purchased":["Anger","Shrug It Off","Orrery","Whetstone","Fire Breathing"],"campfire_rested":0,"item_purchase_floors":[3,3,20,37,53],"current_hp_per_floor":[74,73,73,79,72,62,62,63,63,52,52,48,68,80,80,53,80,78,66,66,72,75,75,72,72,72,72,72,75,75,74,74,22,84,84,87,87,87,87,87,87,87,87,87,87,87,46,64,64,58,91,91,91,32,0,0],"gold":134,"neow_bonus":"THREE_SMALL_POTIONS","is_daily":false,"chose_seed":false,"campfire_upgraded":9,"win_rate":0.0,"timestamp":1612239013,"path_taken":["M","?","$","M","M","E","R","M","T","?","R","E","?","?","R","BOSS","M","M","$","M","M","R","M","?","T","?","?","E","R","M","R","BOSS","M","M","$","?","?","M","R","?","T","?","M","R","E","?","R","BOSS","R","$","E","BOSS"],"items_purchased_type":["Card","Card","Relic","Relic","Card"],"build_version":"2020-12-22","purchased_purges":2,"victory":false,"max_hp_per_floor":[80,80,80,80,80,80,80,80,80,80,80,80,80,80,80,80,80,80,80,80,80,80,80,80,80,80,80,80,84,84,84,84,84,84,84,87,87,87,87,87,87,87,87,87,87,87,91,91,91,91,91,91,91,91,91,91],"card_choices":[{"not_picked":["Anger","Flex"],"picked":"Pommel Strike","floor":1},{"not_picked":["Flex","Warcry"],"picked":"Spot Weakness","floor":2},{"not_picked":["Cleave","Dark Embrace"],"picked":"Heavy Blade","floor":4},{"not_picked":["Barricade","True Grit"],"picked":"Pummel","floor":5},{"not_picked":["Shrug It Off","True Grit"],"picked":"Armaments","floor":6},{"not_picked":["Sentinel","Heavy Blade"],"picked":"Battle Trance","floor":8},{"not_picked":["True Grit","Second Wind"],"picked":"Pommel Strike","floor":12},{"not_picked":["Demon Form","Berserk"],"picked":"Juggernaut","floor":16},{"not_picked":["Sword Boomerang","Thunderclap+1","Perfected Strike"],"picked":"SKIP","floor":18},{"not_picked":["Havoc","Twin Strike"],"picked":"Shockwave+1","floor":19},{"not_picked":["Iron Wave","Anger"],"picked":"Uppercut+1","floor":20},{"not_picked":["Clash","Iron Wave"],"picked":"Shrug It Off","floor":20},{"not_picked":["Dual Wield","Clothesline","Searing Blow"],"picked":"SKIP","floor":21},{"not_picked":["Perfected Strike","Cleave+1"],"picked":"Flame Barrier","floor":22},{"not_picked":["Flex","Uppercut"],"picked":"Feed","floor":24},{"not_picked":["Shockwave","Inflame"],"picked":"Disarm+1","floor":29},{"not_picked":["Perfected Strike","Rampage"],"picked":"Heavy Blade","floor":31},{"not_picked":["Double Tap","Limit Break"],"picked":"Reaper","floor":33},{"not_picked":["Thunderclap"],"picked":"SKIP","floor":35},{"not_picked":["Clothesline"],"picked":"SKIP","floor":36},{"not_picked":["Iron Wave"],"picked":"SKIP","floor":40},{"not_picked":[],"picked":"Apotheosis","floor":42},{"not_picked":["Havoc"],"picked":"SKIP","floor":45},{"not_picked":["Cleave"],"picked":"SKIP","floor":47},{"not_picked":["Armaments+1"],"picked":"SKIP","floor":48},{"not_picked":[],"picked":"Wild Strike+1","floor":54}],"player_experience":1040617,"relics_obtained":[{"floor":6,"key":"Orichalcum"},{"floor":9,"key":"Gremlin Horn"},{"floor":12,"key":"Shuriken"},{"floor":26,"key":"Anchor"},{"floor":29,"key":"Pantograph"},{"floor":47,"key":"Pen Nib"},{"floor":54,"key":"White Beast Statue"}],"event_choices":[{"damage_healed":0,"gold_gain":75,"player_choice":"Gold","damage_taken":11,"max_hp_gain":0,"max_hp_loss":0,"event_name":"betterThird:BetterGoop","floor":10,"gold_loss":0},{"damage_healed":20,"gold_gain":0,"player_choice":"Healed","damage_taken":0,"max_hp_gain":0,"max_hp_loss":0,"event_name":"The Cleric","floor":13,"gold_loss":35},{"damage_healed":26,"gold_gain":0,"player_choice":"Banana","damage_taken":0,"max_hp_gain":0,"max_hp_loss":0,"event_name":"Big Fish","floor":14,"gold_loss":0},{"damage_healed":0,"gold_gain":0,"player_choice":"Ignored","damage_taken":0,"max_hp_gain":0,"max_hp_loss":0,"event_name":"Beggar","floor":25,"gold_loss":0},{"damage_healed":0,"gold_gain":0,"player_choice":" Defy","damage_taken":0,"max_hp_gain":0,"max_hp_loss":0,"event_name":"betterAltar:BetterAltar","floor":27,"gold_loss":0,"cards_obtained":["Decay"]},{"damage_healed":0,"gold_gain":0,"player_choice":"Ignored","damage_taken":0,"max_hp_gain":0,"max_hp_loss":0,"event_name":"NoteForYourself","floor":28,"gold_loss":0},{"damage_healed":0,"gold_gain":0,"player_choice":"Ignored","damage_taken":0,"max_hp_gain":0,"max_hp_loss":0,"event_name":"Tomb of Lord Red Mask","floor":38,"gold_loss":0},{"cards_removed":["Pommel Strike"],"damage_healed":0,"gold_gain":0,"player_choice":"Removed Attack","damage_taken":0,"max_hp_gain":0,"max_hp_loss":0,"event_name":"Falling","floor":39,"gold_loss":0},{"damage_healed":0,"gold_gain":3,"player_choice":"1","damage_taken":0,"max_hp_gain":0,"max_hp_loss":0,"event_name":"betterStone:BetterStone","floor":42,"gold_loss":0},{"damage_healed":0,"gold_gain":0,"player_choice":"Upgraded","damage_taken":0,"max_hp_gain":0,"max_hp_loss":0,"event_name":"Upgrade Shrine","floor":44,"gold_loss":0,"cards_upgraded":["Battle Trance"]}],"is_beta":false,"boss_relics":[{"not_picked":["Runic Pyramid","Black Blood"],"picked":"Snecko Eye"},{"not_picked":["Velvet Choker","Runic Cube"],"picked":"Busted Crown"}],"items_purged_floors":[20,37],"is_endless":false,"potions_floor_spawned":[2,6,16,18,19,29,35,45,48,54],"killed_by":"The Heart","ascension_level":0}}