{"host":"nxma0dbhh74lxenq","time":1612277289,"event":{"mods":["Astrologer","BaseMod","Beaked The Cultist","CapriCore","Colored Map","DeckTracker","Gremlin Mod","HololiveMod","KinomotoSakuraMod(ñÿîVñ{?)","Koishi","Mad Scientist","Minty Spire (QoL Compilation)","Prisma Mod","StSLib","SuperFastMode","The Bladedancer","The Cursed","The Immortal","The Mystic","YoumuÅiç∞ÈÆódöÎÅj"],"gold_per_floor":[367,43,62,27,44,44,74,101,174,184,211,242,242,255,255,255,255],"floor_reached":16,"language":"JPN","playtime":438,"items_purged":["Koishi:BasicStrike"],"score":193,"play_id":"ca55caad-6cdf-4343-a747-f9daea1b698b","local_time":"20210202234809","is_ascension_mode":true,"campfire_choices":[{"data":"Koishi:HeartAttack","floor":6,"key":"SMITH"},{"data":"Koishi:MentalBreakdown","floor":13,"key":"SMITH"},{"floor":15,"key":"REST"}],"circlet_count":0,"master_deck":["AscendersBane","Koishi:BasicStrike","Koishi:BasicStrike","Koishi:BasicStrike","Koishi:BasicDefend","Koishi:BasicDefend","Koishi:BasicDefend","Koishi:BasicDefend","Koishi:Provoke","Koishi:HauntingSlash","Koishi:HeartAttack+1","Koishi:PhantomBarrier","Koishi:LastRemote","Koishi:YoukaiPolygraph","Koishi:VengefulSpirit","Koishi:Jaunt","Koishi:Prune","Koishi:PredatoryInstincts","Koishi:MentalBreakdown+1","Koishi:FleetingPhantom"],"relics":["Koishi:ImaginaryFriend","Lantern","Odd Mushroom","Koishi:BloodstainedWhiteRose","The Courier","Art of War","Shovel"],"acts_visited":["Exordium"],"potions_floor_usage":[12,16,16],"damage_taken":[{"damage":11,"enemies":"Cultist","floor":1,"turns":5},{"damage":1,"enemies":"Small Slimes","floor":3,"turns":2},{"damage":0,"enemies":"Jaw Worm","floor":5,"turns":2},{"damage":12,"enemies":"The Mushroom Lair","floor":7,"turns":4},{"damage":22,"enemies":"Lagavulin","floor":8,"turns":6},{"damage":2,"enemies":"Blue Slaver","floor":10,"turns":3},{"damage":8,"enemies":"Gremlin Nob","floor":12,"turns":3},{"damage":1,"enemies":"2 Fungi Beasts","floor":14,"turns":2},{"damage":44,"enemies":"The Guardian","floor":16,"turns":6}],"seed_played":"6991934070062453424","potions_obtained":[{"floor":7,"key":"Weak Potion"},{"floor":10,"key":"SpeedPotion"},{"floor":12,"key":"LiquidMemories"}],"is_trial":false,"path_per_floor":["M","$","M","?","M","R","?","E","T","M","T","E","R","M","R","B"],"character_chosen":"KOISHI","items_purchased":["Lantern","Koishi:PhantomBarrier","Koishi:LastRemote"],"campfire_rested":1,"item_purchase_floors":[2,2,2],"current_hp_per_floor":[42,42,42,52,52,52,41,21,21,22,22,18,18,29,44,0,0],"gold":255,"neow_bonus":"TWO_FIFTY_GOLD","is_daily":false,"chose_seed":false,"campfire_upgraded":2,"win_rate":0.0,"timestamp":1612277289,"path_taken":["M","$","?","?","M","R","?","E","T","M","?","E","R","M","R","BOSS"],"items_purchased_type":["Relic","Card","Card"],"build_version":"2020-12-22","purchased_purges":1,"victory":false,"max_hp_per_floor":[52,52,52,52,52,52,52,52,52,52,52,52,52,52,52,52,52],"card_choices":[{"not_picked":["Koishi:ReflexRadar","Koishi:UnconsciousUprising"],"picked":"Koishi:HeartAttack","floor":1},{"not_picked":["Koishi:Possession","Koishi:BloodcurdlingScream"],"picked":"Koishi:YoukaiPolygraph","floor":3},{"not_picked":["Koishi:StingingMind","Koishi:PhantomBarrier"],"picked":"Koishi:VengefulSpirit","floor":5},{"not_picked":["Koishi:GhostParty","Koishi:DreadfulBlow"],"picked":"Koishi:Jaunt","floor":7},{"not_picked":["Koishi:TremblingHands","Koishi:ReleaseOfTheId"],"picked":"Koishi:Prune","floor":8},{"not_picked":["Koishi:Catatonia","Koishi:DanmakuParanoia"],"picked":"Koishi:PredatoryInstincts","floor":10},{"not_picked":["Koishi:Possession","Koishi:StrangeCloudFist"],"picked":"Koishi:MentalBreakdown","floor":12},{"not_picked":["Koishi:BloodcurdlingScream","Koishi:Jaunt"],"picked":"Koishi:FleetingPhantom","floor":14}],"player_experience":569624,"relics_obtained":[{"floor":7,"key":"Odd Mushroom"},{"floor":8,"key":"Koishi:BloodstainedWhiteRose"},{"floor":9,"key":"The Courier"},{"floor":11,"key":"Art of War"},{"floor":12,"key":"Shovel"}],"event_choices":[{"damage_healed":13,"gold_gain":0,"player_choice":"Healed","damage_taken":0,"max_hp_gain":0,"max_hp_loss":0,"event_name":"The Cleric","floor":4,"gold_loss":35},{"damage_healed":0,"gold_gain":0,"player_choice":"Fought Mushrooms","damage_taken":0,"max_hp_gain":0,"max_hp_loss":0,"event_name":"Mushrooms","floor":7,"gold_loss":0}],"is_beta":false,"boss_relics":[],"items_purged_floors":[2],"is_endless":false,"potions_floor_spawned":[7,10,12],"killed_by":"The Guardian","ascension_level":15}}