{"host":"sav7uxregyirlf69","time":1612254066,"event":{"mods":["AchievementEnabler","BaseMod","Colored Map","DeckTracker","Keyboard Shortcuts","Minty Spire (QoL Compilation)","READ ME - Guardian Mod","StSLib","SuperFastMode"],"gold_per_floor":[115,130,130,145,158,158,83,93,116,116,116,116],"floor_reached":11,"language":"KOR","playtime":148,"items_purged":["Strike_B"],"score":130,"play_id":"2cc8a68a-d75b-43c3-84c4-cde5edab214b","local_time":"20210202172106","is_ascension_mode":true,"campfire_choices":[{"floor":6,"key":"REST"},{"data":"Recycle","floor":10,"key":"SMITH"}],"circlet_count":0,"master_deck":["AscendersBane","Strike_B","Strike_B","Strike_B+1","Defend_B","Defend_B","Defend_B","Defend_B","Zap","Dualcast","Cold Snap","Cold Snap+1","Ball Lightning","Recycle+1","Auto Shields"],"relics":["Cracked Core","Dream Catcher","Orichalcum"],"acts_visited":["Exordium"],"potions_floor_usage":[11],"damage_taken":[{"damage":4,"enemies":"2 Louse","floor":1,"turns":2},{"damage":0,"enemies":"Cultist","floor":2,"turns":3},{"damage":10,"enemies":"Jaw Worm","floor":4,"turns":2},{"damage":21,"enemies":"Exordium Thugs","floor":5,"turns":4},{"damage":2,"enemies":"Blue Slaver","floor":8,"turns":3},{"damage":29,"enemies":"Lagavulin","floor":11,"turns":7}],"seed_played":"2691820198626031170","potions_obtained":[{"floor":2,"key":"DistilledChaos"},{"floor":5,"key":"BlessingOfTheForge"}],"is_trial":false,"path_per_floor":["M","M","?","M","M","R","$","M","T","R","E"],"character_chosen":"DEFECT","items_purchased":[],"campfire_rested":1,"item_purchase_floors":[],"current_hp_per_floor":[60,60,39,29,8,29,29,27,27,27,0,0],"gold":116,"neow_bonus":"RANDOM_COMMON_RELIC","is_daily":false,"chose_seed":false,"campfire_upgraded":1,"win_rate":0.0,"timestamp":1612254066,"path_taken":["M","M","?","M","M","R","$","M","T","R","E"],"items_purchased_type":[],"build_version":"2020-12-22","purchased_purges":1,"victory":false,"max_hp_per_floor":[71,71,71,71,71,71,71,71,71,71,71,71],"card_choices":[{"not_picked":["Rebound","Barrage"],"picked":"Cold Snap","floor":1},{"not_picked":["Beam Cell","Go for the Eyes"],"picked":"Cold Snap","floor":2},{"not_picked":["Gash","Leap"],"picked":"Ball Lightning","floor":4},{"not_picked":["Redo","Hologram","Gash"],"picked":"SKIP","floor":5},{"not_picked":["Steam","Storm"],"picked":"Recycle","floor":6},{"not_picked":["All For One","Beam Cell"],"picked":"Auto Shields","floor":8}],"player_experience":1460750,"relics_obtained":[{"floor":9,"key":"Orichalcum"}],"event_choices":[{"damage_healed":0,"gold_gain":0,"player_choice":"Entered Light","damage_taken":21,"max_hp_gain":0,"max_hp_loss":0,"event_name":"Shining Light","floor":3,"gold_loss":0,"cards_upgraded":["Strike_B","Cold Snap"]}],"is_beta":false,"boss_relics":[],"items_purged_floors":[7],"is_endless":false,"potions_floor_spawned":[2,5],"killed_by":"Lagavulin","ascension_level":20}}