{"host":"takgv9cv6xf64vhq","time":1612255906,"event":{"mods":["BaseMod","Colored Powertips","Conspire","Decade(王小明)","Downfall","Energized Spire","Hermit","Hubris","LagranYue(拉格朗・月)","Marisa（F雨　魔理沙）","Minty Spire (QoL Compilation)","Replay The Spire","StSLib","The Cursed","The Hierophant","The Jungle","The Servant 0.9.4","TheHeartMod"],"gold_per_floor":[113,113,124,138,138,138,251,277,277,277,21,39,39,57,57,153,153,166,166,166,166,91,118,118,118,118,3,3,3,19,34,34,136,136,149,249,249,331,349,382,382,248,248,248,298,298,298,318,318,318,318,318,36,61,61],"floor_reached":56,"language":"ZHS","playtime":3540,"items_purged":["hubris:Greed","Voices","downfall:Aged"],"score":1809,"play_id":"b5287e0d-4774-4f74-a19a-3c21271af4b7","local_time":"20210202165146","is_ascension_mode":true,"campfire_choices":[{"data":"Survivor","floor":6.0,"key":"SMITH"},{"data":"Cloak And Dagger","floor":10.0,"key":"SMITH"},{"data":"Backflip","floor":15.0,"key":"SMITH"},{"floor":25.0,"key":"RECALL"},{"data":"Shame","floor":32.0,"key":"PURGE"},{"data":"After Image","floor":41.0,"key":"SMITH"},{"data":"Envenom","floor":44.0,"key":"SMITH"},{"data":"Accuracy","floor":46.0,"key":"SMITH"},{"data":"ReplayTheSpireMod:From All Sides","floor":49.0,"key":"SMITH"},{"data":"Hidden Blade","floor":52.0,"key":"SMITH"}],"circlet_count":0,"master_deck":["Defend_G","Defend_G","Defend_G","Defend_G","Defend_G","Survivor+1","Neutralize+1","Blade Dance","Predator","Hidden Blade+1","Cloak And Dagger+1","ReplayTheSpireMod:Scrap Shanks","Apotheosis+1","Accuracy+1","Backflip+1","Glass Knife","hubris:SlightOfHand+1","Finisher","Neutralize","Dodge and Roll","Deflect+1","Setup+1","Adrenaline","After Image+1","Envenom+1","After Image+1","Quick Slash+1","downfall:Malfunctioning","ReplayTheSpireMod:From All Sides+1","ReplayTheSpireMod:Shiv Toss+1","Caltrops+1","hubris:SlightOfHand+1","Caltrops+1","Sickly","hubris:Despair","Replay:Poison Smokescreen+1","Parasite","Prepared+1","Accuracy+1","Leg Sweep","Terror","hubris:DuctTapeCard"],"relics":["conspire:RoyalGoblet","hubris:Icosahedron","hubris:Reverence","Juzu Bracelet","hubris:SphereOfDissonance","Replay:Drink Me","Ring of Peace","Ring of Hypnosis","hubris:DuctTape","Ninja Scroll","theJungle:SneckoAutograph","energizedSpire:MagnifyingGlass","downfall:ExtraCursedKey","Snack Pack","Unceasing Top","Frozen Egg 2","LagranYue:ReturningEmperorRelic","hubris:Towel","Garlic"],"acts_visited":["Exordium","Exordium","TheBeyond","TheEnding"],"potions_floor_usage":[55,55,55],"damage_taken":[{"damage":8.0,"enemies":"Cultist","floor":1.0,"turns":6.0},{"damage":2.0,"enemies":"Small Slimes","floor":3.0,"turns":4.0},{"damage":0.0,"enemies":"2 Louse","floor":4.0,"turns":2.0},{"damage":10.0,"enemies":"Red Slaver","floor":7.0,"turns":4.0},{"damage":6.0,"enemies":"Gremlin Nob","floor":8.0,"turns":4.0},{"damage":0.0,"enemies":"3 Louse","floor":12.0,"turns":4.0},{"damage":7.0,"enemies":"Exordium Thugs","floor":14.0,"turns":4.0},{"damage":5.0,"enemies":"Hexaghost","floor":16.0,"turns":8.0},{"damage":21.0,"enemies":"theJungle:Flameango_and_Byrd","floor":18.0,"turns":3.0},{"damage":0.0,"enemies":"theJungle:MamaSnecko","floor":23.0,"turns":5.0},{"damage":0.0,"enemies":"Shell Parasite","floor":30.0,"turns":3.0},{"damage":4.0,"enemies":"theJungle:2_Flameangoes","floor":31.0,"turns":4.0},{"damage":0.0,"enemies":"theJungle:FunGuy","floor":33.0,"turns":7.0},{"damage":0.0,"enemies":"3 Darklings","floor":35.0,"turns":6.0},{"damage":0.0,"enemies":"conspire:MimicChest","floor":38.0,"turns":12.0},{"damage":0.0,"enemies":"Orb Walker","floor":39.0,"turns":4.0},{"damage":0.0,"enemies":"R_Hoarder","floor":40.0,"turns":8.0},{"damage":1.0,"enemies":"Mind Bloom Boss Battle","floor":45.0,"turns":5.0},{"damage":0.0,"enemies":"Writhing Mass","floor":48.0,"turns":5.0},{"damage":13.0,"enemies":"conspire:OrnateMirror","floor":50.0,"turns":9.0},{"damage":0.0,"enemies":"Shield and Spear","floor":54.0,"turns":7.0},{"damage":6,"enemies":"The Heart","floor":55,"turns":8}],"seed_played":"-8619974931059069175","potions_obtained":[{"floor":4.0,"key":"Poison Potion"},{"floor":8.0,"key":"Dexterity Potion"},{"floor":16.0,"key":"GamblersBrew"},{"floor":30.0,"key":"SkillPotion"},{"floor":33.0,"key":"Dexterity Potion"},{"floor":48.0,"key":"SteroidPotion"}],"is_trial":false,"path_per_floor":["M","?","M","M","?","R","M","E","T","R","$","M","?","M","R","B",null,"M","?","?","?","$","E","?","R","T","$","?","?","M","M","R","B",null,"M","?","?","?","M","E","R","$","T","R","?","R","?","M","R","B",null,"R","$","E","B",null],"character_chosen":"THE_SILENT","items_purchased":["Apotheosis","Accuracy","After Image+1","Caltrops","Accuracy+1","Leg Sweep"],"campfire_rested":0,"item_purchase_floors":[11,11,27,42,53,53],"current_hp_per_floor":[55,55,53,53,53,53,43,37,37,37,37,37,37,30,30,25,46,25,28,31,34,34,34,37,37,37,40,43,46,46,42,42,42,50,50,58,58,58,58,58,58,58,58,58,57,57,58,58,58,51,56,56,56,58,54],"gold":61,"neow_bonus":"BOSS_RELIC","is_daily":false,"chose_seed":false,"campfire_upgraded":8,"win_rate":0.0,"timestamp":1612255906,"path_taken":["M","?","M","?","?","R","M","E","T","R","$","M","?","M","R","BOSS","M","?","?","?","$","E","?","R","T","?","?","?","M","M","R","BOSS","M","?","?","?","M","E","R","$","T","R","?","R","?","M","R","BOSS","R","$","E","BOSS"],"items_purchased_type":["Card","Card","Card","Card","Card","Card"],"build_version":"2020-12-22","purchased_purges":3,"victory":true,"max_hp_per_floor":[70,70,70,70,70,70,70,70,70,70,70,70,70,70,70,70,53,53,53,53,53,53,53,53,53,53,53,53,53,53,53,53,53,53,53,58,58,58,58,58,58,58,58,58,58,58,58,58,58,58,58,58,58,58,58],"card_choices":[{"not_picked":["Heel Hook","Deadly Poison"],"picked":"Blade Dance","floor":1.0},{"not_picked":["Underhanded Strike","ReplayTheSpireMod:Shiv Toss"],"picked":"Predator","floor":3.0},{"not_picked":["Deflect","Draining Mist"],"picked":"Hidden Blade","floor":4.0},{"not_picked":["Dagger Throw","Backflip"],"picked":"Cloak And Dagger","floor":7.0},{"not_picked":["Dagger Spray","Acrobatics"],"picked":"ReplayTheSpireMod:Scrap Shanks","floor":8.0},{"not_picked":["Reflex","Flying Knee"],"picked":"ReplayTheSpireMod:The Works","floor":12.0},{"not_picked":["Terror","Outmaneuver"],"picked":"Backflip","floor":14.0},{"not_picked":["ReplayTheSpireMod:From All Sides","Unload"],"picked":"Glass Knife","floor":16.0},{"not_picked":["Outmaneuver","Cloak And Dagger"],"picked":"hubris:SlightOfHand+1","floor":18.0},{"not_picked":["hubris:SlightOfHand","Infinite Blades"],"picked":"Deflect+1","floor":23.0},{"not_picked":["PiercingWail","Deadly Poison"],"picked":"Envenom","floor":30.0},{"not_picked":["Dagger Spray","Dagger Throw","Flying Knee+1"],"picked":"SKIP","floor":31.0},{"not_picked":["Malaise","ReplayTheSpireMod:From All Sides"],"picked":"After Image","floor":33.0},{"not_picked":["Predator+1","PiercingWail+1"],"picked":"Quick Slash+1","floor":35.0},{"not_picked":["conspire:PoisonWeapons","PiercingWail"],"picked":"ReplayTheSpireMod:Shiv Toss+1","floor":38.0},{"not_picked":["Dodge and Roll+1","Masterful Stab"],"picked":"Caltrops+1","floor":39.0},{"not_picked":["Dagger Spray+1","Bane"],"picked":"hubris:SlightOfHand+1","floor":40.0},{"not_picked":["Dagger Spray+1","Distraction"],"picked":"Replay:Poison Smokescreen+1","floor":45.0},{"not_picked":["All Out Attack","Heel Hook+1"],"picked":"Prepared+1","floor":48.0},{"not_picked":["Hidden Blade+1","Leg Sweep"],"picked":"Terror","floor":54.0}],"player_experience":320878,"relics_obtained":[{"floor":8.0,"key":"hubris:Reverence"},{"floor":9.0,"key":"Juzu Bracelet"},{"floor":20.0,"key":"Ring of Peace"},{"floor":20.0,"key":"Ring of Hypnosis"},{"floor":23.0,"key":"hubris:DuctTape"},{"floor":26.0,"key":"Ninja Scroll"},{"floor":38.0,"key":"Snack Pack"},{"floor":40.0,"key":"Unceasing Top"},{"floor":45.0,"key":"LagranYue:ReturningEmperorRelic"},{"floor":54.0,"key":"Garlic"}],"event_choices":[{"damage_healed":0.0,"max_hp_gain":0.0,"max_hp_loss":0.0,"gold_gain":0.0,"event_name":"Upgrade Shrine","player_choice":"Upgraded","floor":2.0,"gold_loss":0.0,"damage_taken":0.0,"cards_upgraded":["Neutralize"]},{"cards_removed":["ReplayTheSpireMod:The Works"],"damage_healed":0.0,"max_hp_gain":0.0,"max_hp_loss":0.0,"gold_gain":0.0,"event_name":"WeMeetAgain","player_choice":"Gave Card","floor":13.0,"gold_loss":0.0,"damage_taken":0.0,"relics_obtained":["hubris:SphereOfDissonance"]},{"damage_healed":0.0,"max_hp_gain":0.0,"max_hp_loss":0.0,"gold_gain":0.0,"event_name":"Match and Keep!","player_choice":"2 cards matched","floor":19.0,"gold_loss":0.0,"damage_taken":0.0,"cards_obtained":["Finisher","Neutralize"]},{"damage_healed":0.0,"max_hp_gain":0.0,"max_hp_loss":0.0,"gold_gain":0.0,"cards_transformed":["Strike_G"],"event_name":"Transmorgrifier","player_choice":"Transformed","floor":21.0,"gold_loss":0.0,"damage_taken":0.0,"cards_obtained":["Dodge and Roll"]},{"damage_healed":0.0,"max_hp_gain":0.0,"max_hp_loss":0.0,"gold_gain":0.0,"event_name":"Match and Keep!","player_choice":"2 cards matched","floor":24.0,"gold_loss":0.0,"damage_taken":0.0,"cards_obtained":["Setup","Adrenaline"]},{"damage_healed":0.0,"max_hp_gain":0.0,"max_hp_loss":0.0,"gold_gain":0.0,"event_name":"Upgrade Shrine","player_choice":"Upgraded","floor":28.0,"gold_loss":0.0,"damage_taken":0.0,"cards_upgraded":["Setup"]},{"damage_healed":0.0,"max_hp_gain":0.0,"max_hp_loss":0.0,"gold_gain":0.0,"event_name":"MindBloom","player_choice":"Fight","floor":45.0,"gold_loss":0.0,"damage_taken":0.0}],"is_beta":false,"boss_relics":[{"not_picked":["energizedSpire:DeadBattery","energizedSpire:NeverEndingSparkler"],"picked":"Replay:Drink Me"},{"not_picked":["hubris:TerracottaHorce","energizedSpire:PogoStick"],"picked":"energizedSpire:MagnifyingGlass"}],"items_purged_floors":[22,42,53],"is_endless":false,"potions_floor_spawned":[4,8,16,18,30,33,40,48],"ascension_level":10}}