{"host":"28p8ce41sjwa6lzf","time":1612290454,"event":{"mods":["AchievementEnabler","BaseMod","Bestiary","Colored Map","Colored Powertips","Dark Map","Highlight Path","Minty Spire (QoL Compilation)","Permanent Neow","Quick Restart","Random Character Button","Rare Cards Sparkle","Relic Stats","StSLib"],"gold_per_floor":[111,27,39,50,70,70,99,118,118,19,69,83,94,160,160,235,235,252,252,302,39,59,87,87,100,100,119,119,119],"floor_reached":28,"language":"ENG","playtime":2382,"items_purged":["Strike_P"],"score":684,"play_id":"c3636671-11d9-4721-8293-56ec36a5548e","local_time":"20210202122734","is_ascension_mode":true,"campfire_choices":[{"floor":6.0,"key":"REST"},{"floor":15.0,"key":"REST"},{"floor":24,"key":"REST"}],"circlet_count":0,"master_deck":["AscendersBane","Strike_P","Strike_P","Strike_P","Defend_P","Defend_P","Defend_P","Defend_P","Eruption","Vigilance","Wireheading","Fasting2","CutThroughFate","EmptyFist","WheelKick","Weave","Fasting2+1","Prostrate","WaveOfTheHand","Halt","JustLucky","Vault","TalkToTheHand","Halt","Adaptation+1","ClearTheMind+1","Wireheading+1"],"relics":["Fusion Hammer","Dream Catcher","Frozen Egg 2","Sozu","Membership Card","Regal Pillow","Pear"],"acts_visited":["Exordium","TheCity"],"potions_floor_usage":[],"damage_taken":[{"damage":0.0,"enemies":"Jaw Worm","floor":1.0,"turns":2.0},{"damage":3.0,"enemies":"Cultist","floor":3.0,"turns":4.0},{"damage":5.0,"enemies":"Small Slimes","floor":4.0,"turns":3.0},{"damage":9.0,"enemies":"3 Louse","floor":5.0,"turns":3.0},{"damage":21.0,"enemies":"Lagavulin","floor":7.0,"turns":7.0},{"damage":6.0,"enemies":"Looter","floor":8.0,"turns":3.0},{"damage":2.0,"enemies":"Exordium Wildlife","floor":12.0,"turns":3.0},{"damage":10.0,"enemies":"Lots of Slimes","floor":13.0,"turns":4.0},{"damage":22,"enemies":"Slime Boss","floor":16,"turns":8},{"damage":12,"enemies":"Chosen","floor":18,"turns":5},{"damage":10,"enemies":"Spheric Guardian","floor":22,"turns":5},{"damage":27,"enemies":"Slavers","floor":23,"turns":7},{"damage":32,"enemies":"Shelled Parasite and Fungi","floor":25,"turns":6},{"damage":3,"enemies":"3 Cultists","floor":27,"turns":4},{"damage":21,"enemies":"Gremlin Leader","floor":28,"turns":2}],"seed_played":"-2240154097311022015","potions_obtained":[{"floor":1.0,"key":"LiquidMemories"},{"floor":12.0,"key":"Ancient Potion"},{"floor":13.0,"key":"SteroidPotion"}],"is_trial":false,"path_per_floor":["M","$","M","M","M","R","E","M","T","$","?","M","M","?","R","B",null,"M","?","?","$","M","E","R","M","T","M","E"],"character_chosen":"WATCHER","items_purchased":["Fasting2","Fasting2+1","Prostrate","Membership Card","TalkToTheHand","Halt"],"campfire_rested":3,"item_purchase_floors":[2,10,10,21,21,21],"current_hp_per_floor":[61,61,58,53,44,64,43,37,37,37,37,35,25,25,45,23,57,45,45,45,45,35,8,43,11,21,18,0,0],"gold":119,"neow_bonus":"BOSS_RELIC","is_daily":false,"chose_seed":false,"campfire_upgraded":0,"win_rate":0.0,"timestamp":1612290454,"path_taken":["M","$","M","M","M","R","E","M","T","$","?","M","?","?","R","BOSS","M","?","?","$","M","E","R","M","T","M","E"],"items_purchased_type":["Card","Card","Card","Relic","Card","Card"],"build_version":"2020-12-22","purchased_purges":1,"victory":false,"max_hp_per_floor":[68,68,68,68,68,68,68,68,68,68,68,68,68,68,68,68,68,68,68,68,68,68,68,68,68,78,78,78,78],"relic_stats":{"Sozu":2,"Dream Catcher":2,"Regal Pillow":15,"counters":[15,66],"obtain_stats":[{"Sozu":17,"Dream Catcher":7,"Regal Pillow":23,"Pear":26,"Fusion Hammer":0,"Membership Card":21,"PureWater":0,"Frozen Egg 2":9},{"Sozu":9,"Dream Catcher":5,"Regal Pillow":12,"Pear":13,"Fusion Hammer":0,"Membership Card":10,"PureWater":0,"Frozen Egg 2":6},{"Sozu":37,"Dream Catcher":19,"Regal Pillow":54,"Pear":60,"Fusion Hammer":0,"Membership Card":42,"PureWater":0,"Frozen Egg 2":22}]},"card_choices":[{"not_picked":["LikeWater","SandsOfTime"],"picked":"Wireheading","floor":1.0},{"not_picked":["Crescendo","SashWhip"],"picked":"CutThroughFate","floor":3.0},{"not_picked":["FollowUp","SandsOfTime"],"picked":"EmptyFist","floor":4.0},{"not_picked":["FollowUp","Consecrate"],"picked":"WheelKick","floor":5.0},{"not_picked":["WreathOfFlame","ThirdEye"],"picked":"Weave","floor":7.0},{"not_picked":["Study","WreathOfFlame","FlyingSleeves"],"picked":"SKIP","floor":8.0},{"not_picked":["FlyingSleeves","PathToVictory"],"picked":"WaveOfTheHand","floor":12.0},{"not_picked":["PathToVictory","FollowUp"],"picked":"Halt","floor":13.0},{"not_picked":["CutThroughFate","Judgement"],"picked":"JustLucky","floor":15.0},{"not_picked":["Omniscience","SpiritShield"],"picked":"Vault","floor":16},{"not_picked":["SashWhip","PathToVictory","BowlingBash"],"picked":"SKIP","floor":18},{"not_picked":["DeceiveReality","ConjureBlade"],"picked":"Adaptation+1","floor":22},{"not_picked":["WaveOfTheHand","EmptyMind+1"],"picked":"ClearTheMind+1","floor":23},{"not_picked":["LikeWater+1","CutThroughFate"],"picked":"Wireheading+1","floor":24},{"not_picked":["ClearTheMind","Collect","FlyingSleeves"],"picked":"SKIP","floor":25},{"not_picked":["CrushJoints","PathToVictory","EmptyBody+1"],"picked":"SKIP","floor":27}],"player_experience":1204534,"relics_obtained":[{"floor":7.0,"key":"Dream Catcher"},{"floor":9.0,"key":"Frozen Egg 2"},{"floor":23,"key":"Regal Pillow"},{"floor":26,"key":"Pear"}],"event_choices":[{"damage_healed":0.0,"max_hp_gain":0.0,"max_hp_loss":0.0,"gold_gain":50.0,"event_name":"Golden Shrine","player_choice":"Pray","floor":11.0,"gold_loss":0.0,"damage_taken":0.0},{"damage_healed":0.0,"max_hp_gain":0.0,"max_hp_loss":0.0,"gold_gain":66.0,"event_name":"Golden Wing","player_choice":"Gained Gold","floor":14.0,"gold_loss":0.0,"damage_taken":0.0},{"damage_healed":0,"gold_gain":0,"player_choice":"Ignored","damage_taken":0,"max_hp_gain":0,"max_hp_loss":0,"event_name":"Vampires","floor":19,"gold_loss":0},{"damage_healed":0,"gold_gain":50,"player_choice":"Stole From Cult","damage_taken":0,"max_hp_gain":0,"max_hp_loss":0,"event_name":"Nest","floor":20,"gold_loss":0}],"is_beta":false,"boss_relics":[{"not_picked":["SlaversCollar","Coffee Dripper"],"picked":"Sozu"}],"items_purged_floors":[21],"is_endless":false,"potions_floor_spawned":[1,12,13,16,22,23],"killed_by":"Gremlin Leader","ascension_level":20}}