{"host":"8rgpnls124hwjv5t","time":1612297167,"event":{"mods":["BaseMod","Colored Map","Colored Powertips","DeckTracker","Highlight Path","Minty Spire (QoL Compilation)","Permanent Neow","Quick Restart","Relic Stats","Shop Mod","StSLib"],"gold_per_floor":[114,129,140,152,15,15,15,15,39,68,68,68,93,103,103,181,181,201,216,58,68,68,68,93,93,119,119,119,151,48,48,48,120,120,132,150,167,39,52,52,52,52],"floor_reached":41,"language":"ENG","playtime":1706,"items_purged":["Underhanded Strike","Sucker Punch"],"score":978,"play_id":"23841d51-8f1d-4777-984f-71cead9bdbe1","local_time":"20210202151927","is_ascension_mode":true,"campfire_choices":[{"data":"1","floor":6,"key":"LIFT"},{"data":"2","floor":8,"key":"LIFT"},{"data":"3","floor":15,"key":"LIFT"},{"floor":23,"key":"REST"},{"floor":25,"key":"REST"},{"floor":27,"key":"REST"},{"floor":32,"key":"REST"}],"circlet_count":0,"master_deck":["AscendersBane","Survivor","Neutralize+1","Dagger Spray","Dagger Spray","Footwork","Flying Knee","Flash of Steel","Cloak And Dagger+1","Storm of Steel","Dodge and Roll","Phantasmal Killer","After Image","Doppelganger","After Image","Choke+1","Finisher","Leg Sweep","Storm of Steel","Dagger Throw","Slice","J.A.X.","Corpse Explosion","Dagger Spray","Necronomicurse","Tools of the Trade","Cloak And Dagger","Footwork","Infinite Blades"],"relics":["Ring of the Snake","Girya","Art of War","Ancient Tea Set","Centennial Puzzle","Pandora\u0027s Box","ClockworkSouvenir","Whetstone","Smiling Mask","HornCleat","Necronomicon","Fusion Hammer"],"acts_visited":["Exordium","TheCity","TheBeyond"],"potions_floor_usage":[4,10,13,18,24,33,41],"damage_taken":[{"damage":4,"enemies":"Small Slimes","floor":1,"turns":5},{"damage":3,"enemies":"Jaw Worm","floor":2,"turns":4},{"damage":1,"enemies":"Cultist","floor":3,"turns":4},{"damage":2,"enemies":"Lots of Slimes","floor":4,"turns":2},{"damage":5,"enemies":"3 Sentries","floor":10,"turns":3},{"damage":0,"enemies":"Gremlin Nob","floor":13,"turns":2},{"damage":17,"enemies":"Gremlin Gang","floor":14,"turns":3},{"damage":24,"enemies":"The Guardian","floor":16,"turns":14},{"damage":19,"enemies":"2 Thieves","floor":18,"turns":3},{"damage":0,"enemies":"Chosen","floor":19,"turns":3},{"damage":21,"enemies":"Centurion and Healer","floor":21,"turns":4},{"damage":2,"enemies":"Slavers","floor":24,"turns":3},{"damage":3,"enemies":"Gremlin Leader","floor":29,"turns":2},{"damage":13,"enemies":"Automaton","floor":33,"turns":6},{"damage":0,"enemies":"3 Darklings","floor":35,"turns":1},{"damage":11,"enemies":"Orb Walker","floor":36,"turns":2},{"damage":2,"enemies":"Spire Growth","floor":37,"turns":3},{"damage":31,"enemies":"Transient","floor":39,"turns":6},{"damage":15,"enemies":"4 Shapes","floor":41,"turns":5}],"seed_played":"-8737304783719223724","potions_obtained":[{"floor":1,"key":"EssenceOfSteel"},{"floor":3,"key":"FearPotion"},{"floor":4,"key":"SteroidPotion"},{"floor":13,"key":"Ancient Potion"},{"floor":16,"key":"Energy Potion"},{"floor":18,"key":"Dexterity Potion"},{"floor":21,"key":"ColorlessPotion"},{"floor":29,"key":"Regen Potion"},{"floor":33,"key":"Dexterity Potion"},{"floor":36,"key":"Strength Potion"},{"floor":39,"key":"AttackPotion"}],"is_trial":false,"path_per_floor":["M","M","M","M","$","R","?","R","T","E","?","?","E","M","R","B",null,"M","M","$","M","?","R","E","R","T","R","?","E","$","?","R","B",null,"M","M","M","$","M","$","M"],"character_chosen":"THE_SILENT","items_purchased":["Flash of Steel","Cloak And Dagger","ClockworkSouvenir","Dagger Spray","Footwork"],"campfire_rested":4,"item_purchase_floors":[5,5,20,30,38],"current_hp_per_floor":[55,52,51,49,49,49,49,49,49,44,37,57,57,40,40,16,49,30,30,30,9,9,27,25,43,43,60,44,41,41,20,39,40,59,59,48,46,46,15,15,0,0],"gold":52,"neow_bonus":"ONE_RARE_RELIC","is_daily":false,"chose_seed":false,"campfire_upgraded":0,"win_rate":0.0,"timestamp":1612297167,"path_taken":["M","M","M","M","$","R","?","R","T","E","?","?","E","M","R","BOSS","M","M","$","M","?","R","E","R","T","R","?","E","$","?","R","BOSS","M","M","M","$","M","$","M"],"items_purchased_type":["Card","Card","Relic","Card","Card"],"build_version":"2020-12-22","purchased_purges":2,"victory":false,"max_hp_per_floor":[60,60,60,60,60,60,60,60,60,60,60,60,60,60,60,60,60,60,60,60,60,60,60,60,60,60,60,65,65,65,65,65,65,65,65,65,65,65,65,65,65,65],"relic_stats":{"Centennial Puzzle":[33],"counters":[19,75],"Pandora\u0027s Box":["After Image","Doppelganger","After Image","Underhanded Strike","Choke","Finisher","Sucker Punch","Leg Sweep","Storm of Steel"],"Art of War":[6],"Necronomicon":[6],"Whetstone":["Choke","Neutralize"],"Smiling Mask":75,"obtain_stats":[{"Girya":0,"Centennial Puzzle":13,"HornCleat":29,"Pandora\u0027s Box":17,"Fusion Hammer":34,"Art of War":9,"Necronomicon":31,"Whetstone":24,"Ancient Tea Set":10,"Smiling Mask":26,"Ring of the Snake":0,"ClockworkSouvenir":20},{"Girya":0,"Centennial Puzzle":6,"HornCleat":13,"Pandora\u0027s Box":8,"Fusion Hammer":14,"Art of War":4,"Necronomicon":13,"Whetstone":12,"Ancient Tea Set":5,"Smiling Mask":12,"Ring of the Snake":0,"ClockworkSouvenir":10},{"Girya":0,"Centennial Puzzle":20,"HornCleat":52,"Pandora\u0027s Box":37,"Fusion Hammer":58,"Art of War":15,"Necronomicon":52,"Whetstone":50,"Ancient Tea Set":18,"Smiling Mask":50,"Ring of the Snake":0,"ClockworkSouvenir":43}],"Ring of the Snake":[38]},"card_choices":[{"not_picked":["Choke","Catalyst"],"picked":"Dagger Spray","floor":1},{"not_picked":["Riddle With Holes","Flying Knee"],"picked":"Dagger Spray","floor":2},{"not_picked":["Deflect","Prepared"],"picked":"Footwork","floor":3},{"not_picked":["Prepared","Reflex"],"picked":"Flying Knee","floor":4},{"not_picked":["Masterful Stab","Cloak And Dagger"],"picked":"Storm of Steel","floor":10},{"not_picked":["Expertise","Well Laid Plans"],"picked":"Dodge and Roll","floor":13},{"not_picked":["Distraction","Choke","Deadly Poison"],"picked":"SKIP","floor":14},{"not_picked":["Envenom","Storm of Steel"],"picked":"Phantasmal Killer","floor":16},{"not_picked":["Deflect","Tactician"],"picked":"Dagger Throw","floor":18},{"not_picked":["Deadly Poison","Underhanded Strike"],"picked":"Slice","floor":19},{"not_picked":["Catalyst","Distraction","Bane"],"picked":"SKIP","floor":21},{"not_picked":["Noxious Fumes","Slice"],"picked":"Corpse Explosion","floor":24},{"not_picked":["Poisoned Stab","Crippling Poison","Concentrate"],"picked":"SKIP","floor":29},{"not_picked":["Night Terror","Phantasmal Killer"],"picked":"Tools of the Trade","floor":33},{"not_picked":["Flechettes","PiercingWail","Outmaneuver"],"picked":"SKIP","floor":35},{"not_picked":["Noxious Fumes+1","Well Laid Plans","Prepared"],"picked":"SKIP","floor":36},{"not_picked":["Sucker Punch","Bouncing Flask+1"],"picked":"Cloak And Dagger","floor":37},{"not_picked":["Slice+1","Deadly Poison+1"],"picked":"Infinite Blades","floor":39}],"player_experience":463213,"relics_obtained":[{"floor":9,"key":"Art of War"},{"floor":10,"key":"Ancient Tea Set"},{"floor":13,"key":"Centennial Puzzle"},{"floor":24,"key":"Whetstone"},{"floor":26,"key":"Smiling Mask"},{"floor":29,"key":"HornCleat"},{"floor":31,"key":"Necronomicon"}],"event_choices":[{"damage_healed":0,"gold_gain":0,"player_choice":"Grow","damage_taken":0,"max_hp_gain":0,"max_hp_loss":0,"event_name":"Living Wall","floor":7,"gold_loss":0,"cards_upgraded":["Cloak And Dagger"]},{"cards_removed":["Strike_G"],"damage_healed":0,"gold_gain":0,"player_choice":"Card Removal","damage_taken":7,"max_hp_gain":0,"max_hp_loss":0,"event_name":"Golden Wing","floor":11,"gold_loss":0},{"damage_healed":20,"gold_gain":0,"player_choice":"Banana","damage_taken":0,"max_hp_gain":0,"max_hp_loss":0,"event_name":"Big Fish","floor":12,"gold_loss":0},{"damage_healed":0,"gold_gain":0,"player_choice":"Obtain J.A.X.","damage_taken":0,"max_hp_gain":0,"max_hp_loss":0,"event_name":"Drug Dealer","floor":22,"gold_loss":0,"cards_obtained":["J.A.X."]},{"damage_healed":0,"gold_gain":0,"player_choice":"Shed Blood","damage_taken":21,"max_hp_gain":5,"max_hp_loss":0,"event_name":"Forgotten Altar","floor":28,"gold_loss":0},{"damage_healed":0,"gold_gain":0,"player_choice":"Obtained Book","damage_taken":21,"max_hp_gain":0,"max_hp_loss":0,"event_name":"Cursed Tome","floor":31,"gold_loss":0}],"is_beta":false,"boss_relics":[{"not_picked":["Astrolabe","Ectoplasm"],"picked":"Pandora\u0027s Box"},{"not_picked":["SacredBark","Tiny House"],"picked":"Fusion Hammer"}],"items_purged_floors":[30,38],"is_endless":false,"potions_floor_spawned":[1,3,4,13,16,18,21,29,33,36,39],"killed_by":"4 Shapes","ascension_level":20}}