{"host":"soyfmymeou4emntr","time":1612289732,"event":{"mods":["BaseMod","BetterRewards","Minty Spire (QoL Compilation)","Relic Sorter","Relic Stats","StSLib"],"gold_per_floor":[109,120,136,136,147,147,160,186,254,254,286,286,5,39,39,113,113,132,147,147,147],"floor_reached":20,"language":"ENG","playtime":1670,"items_purged":[],"score":438,"play_id":"536e53e2-dd83-43ef-9223-f8a5b8f603eb","local_time":"20210202111532","is_ascension_mode":true,"campfire_choices":[{"data":"Consecrate","floor":6.0,"key":"SMITH"},{"data":"Meditate","floor":10.0,"key":"SMITH"},{"data":"FlyingSleeves","floor":15.0,"key":"SMITH"}],"circlet_count":0,"master_deck":["AscendersBane","Strike_P","Strike_P","Strike_P","Defend_P","Defend_P","Defend_P","Defend_P","Eruption","Vigilance","FlyingSleeves+1","Meditate+1","EmptyFist","Consecrate+1","EmptyBody","FollowUp","BowlingBash","DevaForm","ThirdEye","Consecrate+1"],"relics":["VioletLotus","CloakClasp","WingedGreaves","Pear","PreservedInsect","Meat on the Bone","Tiny Chest","Velvet Choker"],"acts_visited":["Exordium","TheCity"],"potions_floor_usage":[19],"damage_taken":[{"damage":1.0,"enemies":"2 Louse","floor":1.0,"turns":3.0},{"damage":0.0,"enemies":"Cultist","floor":2.0,"turns":2.0},{"damage":4.0,"enemies":"Jaw Worm","floor":3.0,"turns":5.0},{"damage":1.0,"enemies":"Gremlin Gang","floor":5.0,"turns":7.0},{"damage":0.0,"enemies":"3 Louse","floor":7.0,"turns":1.0},{"damage":12.0,"enemies":"3 Sentries","floor":8.0,"turns":4.0},{"damage":14.0,"enemies":"Lagavulin","floor":11.0,"turns":4.0},{"damage":0.0,"enemies":"Gremlin Nob","floor":14.0,"turns":2.0},{"damage":31.0,"enemies":"Slime Boss","floor":16.0,"turns":8.0},{"damage":3,"enemies":"3 Byrds","floor":18,"turns":6},{"damage":19,"enemies":"Shell Parasite","floor":19,"turns":2},{"damage":47,"enemies":"Cultist and Chosen","floor":20,"turns":5}],"seed_played":"1437955955495367712","potions_obtained":[{"floor":1.0,"key":"StancePotion"},{"floor":3.0,"key":"BlessingOfTheForge"},{"floor":7.0,"key":"FearPotion"},{"floor":11.0,"key":"ColorlessPotion"},{"floor":18,"key":"FearPotion"}],"is_trial":false,"path_per_floor":["M","M","M","?","M","R","M","E","T","R","E","?","$","E","R","B",null,"M","M","M"],"character_chosen":"WATCHER","items_purchased":["Meat on the Bone"],"campfire_rested":0,"item_purchase_floors":[13],"current_hp_per_floor":[60,60,56,56,55,55,55,43,53,53,39,39,39,51,51,32,67,64,45,0,0],"gold":147,"neow_bonus":"BOSS_RELIC","is_daily":false,"chose_seed":false,"campfire_upgraded":3,"win_rate":0.0,"timestamp":1612289732,"path_taken":["M","M","M","?","M","R","?","E","T","R","E","?","$","E","R","BOSS","M","?","M"],"items_purchased_type":["Relic"],"build_version":"2020-12-22","purchased_purges":0,"victory":false,"max_hp_per_floor":[68,68,68,68,68,68,68,68,78,78,78,78,78,78,78,78,78,78,78,78,78],"relic_stats":{"counters":[12,49],"Tiny Chest":0,"VioletLotus":[14],"PreservedInsect":22,"CloakClasp":[71],"obtain_stats":[{"Pear":9,"Velvet Choker":17,"Tiny Chest":14,"VioletLotus":0,"WingedGreaves":8,"PreservedInsect":11,"CloakClasp":4,"PureWater":0,"Meat on the Bone":13},{"Pear":6,"Velvet Choker":9,"Tiny Chest":8,"VioletLotus":0,"WingedGreaves":6,"PreservedInsect":7,"CloakClasp":3,"PureWater":0,"Meat on the Bone":7},{"Pear":22,"Velvet Choker":36,"Tiny Chest":28,"VioletLotus":0,"WingedGreaves":22,"PreservedInsect":26,"CloakClasp":10,"PureWater":0,"Meat on the Bone":26}],"Meat on the Bone":24},"card_choices":[{"not_picked":["FlurryOfBlows","Collect"],"picked":"FlyingSleeves","floor":1.0},{"not_picked":["Nirvana","EmptyBody"],"picked":"Meditate","floor":2.0},{"not_picked":["SashWhip","JustLucky"],"picked":"EmptyFist","floor":3.0},{"not_picked":["Evaluate","FollowUp"],"picked":"Consecrate","floor":5.0},{"not_picked":["Brilliance","EmptyFist"],"picked":"EmptyBody","floor":7.0},{"not_picked":["Nirvana","JustLucky"],"picked":"FollowUp","floor":8.0},{"not_picked":["InnerPeace","ClearTheMind"],"picked":"BowlingBash","floor":11.0},{"not_picked":["EmptyMind","Pray","PathToVictory"],"picked":"SKIP","floor":14.0},{"not_picked":["Scrawl","ConjureBlade"],"picked":"DevaForm","floor":16.0},{"not_picked":["ClearTheMind","EmptyBody"],"picked":"ThirdEye","floor":18},{"not_picked":["CutThroughFate","Prostrate"],"picked":"Consecrate+1","floor":19}],"player_experience":3006092,"relics_obtained":[{"floor":8.0,"key":"WingedGreaves"},{"floor":9.0,"key":"Pear"},{"floor":11.0,"key":"PreservedInsect"},{"floor":14.0,"key":"Tiny Chest"}],"event_choices":[{"damage_healed":0.0,"max_hp_gain":0.0,"max_hp_loss":0.0,"gold_gain":0.0,"event_name":"WeMeetAgain","player_choice":"Gave Potion","floor":4.0,"gold_loss":0.0,"damage_taken":0.0,"relics_obtained":["CloakClasp"]},{"cards_removed":["Strike_P"],"damage_healed":0.0,"max_hp_gain":0.0,"max_hp_loss":0.0,"gold_gain":0.0,"event_name":"Purifier","player_choice":"Purged","floor":12.0,"gold_loss":0.0,"damage_taken":0.0}],"is_beta":false,"boss_relics":[{"not_picked":["SacredBark","Runic Dome"],"picked":"Velvet Choker"}],"items_purged_floors":[],"is_endless":false,"potions_floor_spawned":[1,3,7,8,11,18],"killed_by":"Cultist and Chosen","ascension_level":20}}