{"host":"7iv10lxbxedtd0qh","time":1612235262,"event":{"mods":["BaseMod","Colored Map","Colored Powertips","Downfall","Minty Spire (QoL Compilation)","StSLib"],"gold_per_floor":[99,113,125,125,149,186,186,214,249,270,170,194,194,211,227,227,227,227],"floor_reached":16,"language":"ENG","playtime":906,"items_purged":[],"score":125,"play_id":"d84bcf48-f8ec-4ee5-9102-c1a3c0fed4c4","local_time":"20210202040742","is_ascension_mode":true,"campfire_choices":[{"data":"Bandage Up","floor":1,"key":"SMITH"},{"data":"hexamod:RetreatToShadows","floor":11,"key":"SMITH"},{"data":"hexamod:ShieldOfDarkness","floor":13,"key":"SMITH"}],"circlet_count":0,"master_deck":["hexamod:Strike+1","hexamod:Strike+1","hexamod:Strike","hexamod:Defend","hexamod:Defend","hexamod:Defend","hexamod:Defend","hexamod:Sear","hexamod:Float+1","Bandage Up+1","hexamod:ShieldOfDarkness+1","hexamod:SecondSeal","hexamod:SpectersWail+1","hexamod:SixthSeal","hexamod:NightmareGuise+1","hexamod:RetreatToShadows+1","hexamod:GhostLash+1","hexamod:FourthSeal"],"relics":["hexamod:SpiritBrand","Blue Candle","MealTicket","downfall:HeartBlessingBlue","Whetstone"],"acts_visited":["Exordium"],"potions_floor_usage":[9,9,14],"damage_taken":[{"damage":3,"enemies":"Small Slimes","floor":2,"turns":4},{"damage":0,"enemies":"Jaw Worm","floor":3,"turns":3},{"damage":0,"enemies":"Cultist","floor":5,"turns":3},{"damage":28,"enemies":"3 Sentries","floor":6,"turns":10},{"damage":8,"enemies":"Blue Slaver","floor":8,"turns":6},{"damage":4,"enemies":"Lagavulin","floor":9,"turns":7},{"damage":36,"enemies":"Exordium Wildlife","floor":10,"turns":10},{"damage":0,"enemies":"2 Fungi Beasts","floor":14,"turns":3},{"damage":6,"enemies":"3 Louse","floor":15,"turns":2},{"damage":36,"enemies":"SI_SHIV_ARCHETYPE","floor":16,"turns":11}],"seed_played":"2769704972852784399","potions_obtained":[{"floor":6,"key":"hexamod:DoubleChargePotion"},{"floor":8,"key":"hexamod:EctoCoolerPotion"},{"floor":10,"key":"GamblersBrew"},{"floor":14,"key":"SneckoOil"}],"is_trial":false,"path_per_floor":["R","M","M","?","M","E","T","M","E","M","R","T","R","M","M","B"],"character_chosen":"THE_SPIRIT","items_purchased":[],"campfire_rested":0,"item_purchase_floors":[],"current_hp_per_floor":[70,70,70,70,70,48,48,46,48,18,28,28,28,34,28,0,0,0],"gold":227,"neow_bonus":"RANDOM_COLORLESS","is_daily":false,"chose_seed":false,"campfire_upgraded":3,"win_rate":0.0,"timestamp":1612235262,"path_taken":["R","M","M","?","M","E","T","M","E","M","R","?","R","?","M","BOSS"],"items_purchased_type":[],"build_version":"2020-12-22","purchased_purges":0,"victory":false,"max_hp_per_floor":[70,70,70,70,70,70,70,70,70,70,80,80,80,80,80,80,80,80],"card_choices":[{"not_picked":["Madness","Trip"],"picked":"Bandage Up","floor":0},{"not_picked":["hexamod:InspiringFlames","hexamod:NecessarySacrifice"],"picked":"hexamod:ShieldOfDarkness","floor":2},{"not_picked":["hexamod:AdvancingGuard","hexamod:BacktrackSmack"],"picked":"hexamod:SecondSeal","floor":3},{"not_picked":["hexamod:GhostShield","hexamod:ThermalTransfer"],"picked":"hexamod:SpectersWail","floor":5},{"not_picked":["hexamod:Firestarter","hexamod:ShieldOfDarkness"],"picked":"hexamod:SixthSeal","floor":6},{"not_picked":["hexamod:RainOfEmbers","hexamod:AdvancingGuard"],"picked":"hexamod:NightmareGuise","floor":8},{"not_picked":["hexamod:BacktrackSmack","hexamod:SixthSeal"],"picked":"hexamod:RetreatToShadows","floor":9},{"not_picked":["hexamod:RecurringNightmare","hexamod:DynamicBlow"],"picked":"hexamod:GhostLash","floor":10},{"not_picked":["hexamod:GhostOfSpireFuture","hexamod:NightmareGuise"],"picked":"hexamod:FourthSeal","floor":14},{"not_picked":["hexamod:SkipABeat","hexamod:ThermalTransfer","hexamod:CatchUp"],"picked":"SKIP","floor":15}],"player_experience":787364,"relics_obtained":[{"floor":6,"key":"Blue Candle"},{"floor":9,"key":"MealTicket"},{"floor":12,"key":"Whetstone"}],"event_choices":[],"is_beta":false,"boss_relics":[],"items_purged_floors":[],"is_endless":false,"potions_floor_spawned":[6,8,10,14],"killed_by":"SI_SHIV_ARCHETYPE","ascension_level":2}}