{"host":"hlz9nytggqnehs39","time":1612237687,"event":{"mods":["BaseMod","Highlight Path","Minty Spire (QoL Compilation)","Relic Stats"],"gold_per_floor":[368,378,378,167,180,210,210,210,278,278,289,289,321,16,16,114,114,98,108,108,121,121,121,22,42,69,82,7,7,17,17,17,112,112,131,147,67,86,96,96,107,107,107,118,138,54,73,73,73,73],"floor_reached":51,"language":"ENG","playtime":2348,"items_purged":["Regret","Defend_B"],"score":997,"play_id":"7d824193-8995-4ca3-80d3-f08f3667eb21","local_time":"20210202044807","is_ascension_mode":true,"campfire_choices":[{"floor":7,"key":"REST"},{"floor":10,"key":"REST"},{"data":"Genetic Algorithm","floor":12,"key":"SMITH"},{"floor":15,"key":"REST"},{"floor":23,"key":"REST"},{"floor":29,"key":"REST"},{"floor":32,"key":"REST"},{"floor":40,"key":"REST"},{"data":"Biased Cognition","floor":42,"key":"SMITH"},{"data":"Defragment","floor":49,"key":"SMITH"}],"circlet_count":0,"master_deck":["Defend_B","Defend_B","Defend_B","Zap","Dualcast","Glacier","Streamline","Loop+1","Conserve Battery","Sweeping Beam","Barrage+1","Turbo","Go for the Eyes","Genetic Algorithm+1","Capacitor","Coolheaded","Force Field","Fission","Buffer+1","Self Repair+1","Go for the Eyes+1","Capacitor","Necronomicurse","Redo","Glacier+1","Coolheaded","Core Surge","Stack+1","Seek","Barrage+1","Biased Cognition+1","Cold Snap+1","Ball Lightning+1","Redo","Defragment+1"],"relics":["Cracked Core","Dream Catcher","CaptainsWheel","Symbiotic Virus","Orichalcum","Membership Card","Cables","Astrolabe","Necronomicon","Runic Capacitor","Bag of Marbles","Philosopher\u0027s Stone","Bottled Flame"],"acts_visited":["Exordium","TheCity","TheBeyond"],"potions_floor_usage":[6,13,13,25,33,33,38,45,50,50],"damage_taken":[{"damage":7,"enemies":"Jaw Worm","floor":1,"turns":3},{"damage":3,"enemies":"2 Louse","floor":2,"turns":3},{"damage":0,"enemies":"Cultist","floor":5,"turns":5},{"damage":2,"enemies":"Lagavulin","floor":6,"turns":6},{"damage":12,"enemies":"3 Louse","floor":11,"turns":3},{"damage":10,"enemies":"3 Sentries","floor":13,"turns":3},{"damage":1,"enemies":"Slime Boss","floor":16,"turns":7},{"damage":5,"enemies":"2 Thieves","floor":18,"turns":5},{"damage":1,"enemies":"Chosen","floor":19,"turns":5},{"damage":10,"enemies":"Snake Plant","floor":21,"turns":5},{"damage":6,"enemies":"3 Cultists","floor":25,"turns":6},{"damage":10,"enemies":"Snecko","floor":27,"turns":7},{"damage":6,"enemies":"Cultist and Chosen","floor":30,"turns":5},{"damage":5,"enemies":"Champ","floor":33,"turns":11},{"damage":10,"enemies":"3 Darklings","floor":35,"turns":8},{"damage":0,"enemies":"3 Shapes","floor":36,"turns":5},{"damage":19,"enemies":"Jaw Worm Horde","floor":38,"turns":8},{"damage":44,"enemies":"Transient","floor":39,"turns":5},{"damage":2,"enemies":"3 Darklings","floor":41,"turns":10},{"damage":23,"enemies":"Maw","floor":44,"turns":8},{"damage":0,"enemies":"Transient","floor":45,"turns":5},{"damage":0,"enemies":"Jaw Worm Horde","floor":47,"turns":6},{"damage":39,"enemies":"Donu and Deca","floor":50,"turns":6}],"seed_played":"6370545382434395768","potions_obtained":[{"floor":1,"key":"Strength Potion"},{"floor":2,"key":"SneckoOil"},{"floor":5,"key":"Strength Potion"},{"floor":13,"key":"Strength Potion"},{"floor":19,"key":"Dexterity Potion"},{"floor":21,"key":"Fire Potion"},{"floor":27,"key":"Ancient Potion"},{"floor":33,"key":"PotionOfCapacity"},{"floor":36,"key":"SpeedPotion"},{"floor":39,"key":"PotionOfCapacity"},{"floor":41,"key":"PowerPotion"},{"floor":44,"key":"FearPotion"}],"is_trial":false,"path_per_floor":["M","M","?","$","M","E","R","?","T","R","M","R","E","$","R","B",null,"M","M","?","M","?","R","$","M","T","M","?","R","M","$","R","B",null,"M","M","$","M","M","R","M","R","T","M","M","$","M","?","R","B",null],"character_chosen":"DEFECT","items_purchased":["Loop","Conserve Battery","FocusPotion","Membership Card","Cables","Coolheaded","Runic Capacitor","Redo","Seek","Defragment"],"campfire_rested":7,"item_purchase_floors":[4,4,4,14,14,14,24,24,37,46],"current_hp_per_floor":[61,58,25,25,25,23,45,30,30,52,40,40,30,30,52,51,69,64,73,59,59,43,67,67,71,71,71,71,80,74,74,80,80,80,80,80,80,71,27,51,59,59,59,46,56,56,66,80,80,51],"gold":73,"neow_bonus":"TWO_FIFTY_GOLD","is_daily":false,"chose_seed":false,"campfire_upgraded":3,"win_rate":0.0,"timestamp":1612237687,"path_taken":["M","M","?","$","M","E","R","?","T","R","M","R","E","$","R","BOSS","M","M","?","M","?","R","$","M","T","M","?","R","M","$","R","BOSS","M","M","$","M","M","R","M","R","T","M","M","$","M","?","R","BOSS"],"items_purchased_type":["Card","Card","Potion","Relic","Relic","Card","Relic","Card","Card","Card"],"build_version":"2020-12-22","purchased_purges":2,"victory":true,"max_hp_per_floor":[75,75,75,75,75,75,75,75,75,75,75,75,75,75,75,75,75,75,75,80,80,80,80,80,80,80,80,80,80,80,80,80,80,80,80,80,80,80,80,80,80,80,80,80,80,80,80,80,80,80],"relic_stats":{"Dream Catcher":7,"counters":[23,135],"Astrolabe":["Buffer","Self Repair","Go for the Eyes"],"Necronomicon":[11],"Orichalcum":[168],"obtain_stats":[{"Astrolabe":17,"Runic Capacitor":24,"Orichalcum":13,"Cables":14,"Dream Catcher":3,"CaptainsWheel":6,"Bottled Flame":43,"Philosopher\u0027s Stone":34,"Necronomicon":22,"Bag of Marbles":26,"Membership Card":14,"Cracked Core":0,"Symbiotic Virus":9},{"Astrolabe":7,"Runic Capacitor":10,"Orichalcum":6,"Cables":6,"Dream Catcher":2,"CaptainsWheel":4,"Bottled Flame":19,"Philosopher\u0027s Stone":14,"Necronomicon":10,"Bag of Marbles":11,"Membership Card":6,"Cracked Core":0,"Symbiotic Virus":4},{"Astrolabe":30,"Runic Capacitor":45,"Orichalcum":23,"Cables":23,"Dream Catcher":6,"CaptainsWheel":17,"Bottled Flame":110,"Philosopher\u0027s Stone":74,"Necronomicon":45,"Bag of Marbles":51,"Membership Card":23,"Cracked Core":0,"Symbiotic Virus":17}],"Cables":[97,39,16,42,0]},"card_choices":[{"not_picked":["Cold Snap","Scrape"],"picked":"Glacier","floor":1},{"not_picked":["Rebound","Gash"],"picked":"Streamline","floor":2},{"not_picked":["Stack","Cold Snap"],"picked":"Sweeping Beam","floor":5},{"not_picked":["Cold Snap","Biased Cognition"],"picked":"Barrage","floor":6},{"not_picked":["Leap","Steam Power"],"picked":"Turbo","floor":7},{"not_picked":["Steam Power","Recycle"],"picked":"Go for the Eyes","floor":10},{"not_picked":["Sweeping Beam","Rebound"],"picked":"Genetic Algorithm","floor":11},{"not_picked":["Aggregate","Genetic Algorithm"],"picked":"Capacitor","floor":13},{"not_picked":["Genetic Algorithm","Aggregate"],"picked":"Force Field","floor":15},{"not_picked":["Thunder Strike","Rainbow"],"picked":"Fission","floor":16},{"not_picked":["Steam","Leap","Chill+1"],"picked":"SKIP","floor":18},{"not_picked":["Rebound+1","Go for the Eyes","Heatsinks"],"picked":"SKIP","floor":19},{"not_picked":["Streamline","Barrage"],"picked":"Capacitor","floor":21},{"not_picked":["Beam Cell","Hyperbeam","Turbo"],"picked":"SKIP","floor":25},{"not_picked":["Double Energy","Redo"],"picked":"Glacier+1","floor":27},{"not_picked":["Ball Lightning","Gash","Cold Snap+1"],"picked":"SKIP","floor":30},{"not_picked":["Skim","Sweeping Beam"],"picked":"Coolheaded","floor":32},{"not_picked":["Multi-Cast","Creative AI"],"picked":"Core Surge","floor":33},{"not_picked":["Steam","Auto Shields+1","Gash+1"],"picked":"SKIP","floor":35},{"not_picked":["Streamline","Lockon"],"picked":"Stack+1","floor":36},{"not_picked":["Aggregate+1","Stack"],"picked":"Barrage+1","floor":38},{"not_picked":["Barrage","Redo"],"picked":"Biased Cognition","floor":39},{"not_picked":["Recycle","Sweeping Beam+1"],"picked":"Cold Snap+1","floor":41},{"not_picked":["Turbo","FTL+1"],"picked":"Ball Lightning+1","floor":44},{"not_picked":["Sunder+1","Gash"],"picked":"Redo","floor":45},{"not_picked":["Leap","Self Repair+1","Redo"],"picked":"SKIP","floor":47}],"player_experience":409286,"relics_obtained":[{"floor":6,"key":"CaptainsWheel"},{"floor":9,"key":"Symbiotic Virus"},{"floor":13,"key":"Orichalcum"},{"floor":22,"key":"Necronomicon"},{"floor":26,"key":"Bag of Marbles"},{"floor":43,"key":"Bottled Flame"}],"event_choices":[{"damage_healed":0,"gold_gain":0,"player_choice":"Success","damage_taken":33,"relics_obtained":["Dream Catcher"],"max_hp_gain":0,"max_hp_loss":0,"event_name":"Scrap Ooze","floor":3,"gold_loss":0},{"damage_healed":0,"gold_gain":0,"player_choice":"Entered Light","damage_taken":15,"max_hp_gain":0,"max_hp_loss":0,"event_name":"Shining Light","floor":8,"gold_loss":0,"cards_upgraded":["Loop","Barrage"]},{"damage_healed":0,"gold_gain":0,"player_choice":"Shed Blood","damage_taken":19,"max_hp_gain":5,"max_hp_loss":0,"event_name":"Forgotten Altar","floor":20,"gold_loss":0},{"damage_healed":0,"gold_gain":0,"player_choice":"Obtained Book","damage_taken":16,"max_hp_gain":0,"max_hp_loss":0,"event_name":"Cursed Tome","floor":22,"gold_loss":0},{"cards_removed":["Strike_B"],"damage_healed":0,"gold_gain":0,"player_choice":"Gave Gold","damage_taken":0,"max_hp_gain":0,"max_hp_loss":0,"event_name":"Beggar","floor":28,"gold_loss":75},{"damage_healed":14,"gold_gain":0,"player_choice":"Full Heal","damage_taken":0,"max_hp_gain":0,"max_hp_loss":0,"event_name":"Wheel of Change","floor":48,"gold_loss":0}],"is_beta":false,"boss_relics":[{"not_picked":["Velvet Choker","Cursed Key"],"picked":"Astrolabe"},{"not_picked":["Black Star","Tiny House"],"picked":"Philosopher\u0027s Stone"}],"items_purged_floors":[4,46],"is_endless":false,"potions_floor_spawned":[1,2,5,13,19,21,27,30,33,36,39,41,44],"ascension_level":9}}