{"host":"61y0z9o9vf3ujftj","time":1612237279,"event":{"mods":["BaseMod","Colored Map","Colored Powertips","GifTheSpireLib","HexUI Lib","Highlight Path","Minty Spire (QoL Compilation)","Relic Stats","StSLib","ojb\u0027s Info Mod"],"gold_per_floor":[116,116,191,141,24,24,24,62,62,81,115,115,139,26,26,26,26],"floor_reached":16,"language":"ENG","playtime":1320,"items_purged":["Defend_R","Strike_R"],"score":242,"play_id":"c4811807-9942-4328-87fc-1d7a976ffe48","local_time":"20210201214119","is_ascension_mode":true,"campfire_choices":[{"floor":6,"key":"REST"},{"data":"Burning Pact","floor":12,"key":"SMITH"},{"data":"Entrench","floor":15,"key":"SMITH"}],"circlet_count":0,"master_deck":["AscendersBane","Strike_R","Strike_R","Strike_R","Defend_R","Defend_R+1","Defend_R","Bash+1","Shrug It Off+1","Anger+1","Body Slam","Sword Boomerang","Burning Pact+1","Entrench+1","Power Through"],"relics":["Philosopher\u0027s Stone","CeramicFish","Mango","War Paint","Smiling Mask"],"acts_visited":["Exordium"],"potions_floor_usage":[11,16],"damage_taken":[{"damage":6,"enemies":"Small Slimes","floor":1,"turns":4},{"damage":24,"enemies":"Lagavulin","floor":8,"turns":5},{"damage":1,"enemies":"2 Louse","floor":10,"turns":2},{"damage":12,"enemies":"Gremlin Nob","floor":11,"turns":3},{"damage":0,"enemies":"Jaw Worm","floor":13,"turns":2},{"damage":21,"enemies":"The Guardian","floor":16,"turns":4}],"seed_played":"4808923399031703815","potions_obtained":[{"floor":8,"key":"Weak Potion"},{"floor":13,"key":"Swift Potion"}],"is_trial":false,"path_per_floor":["M","?","?","?","$","R","?","E","T","M","E","R","M","$","R","B"],"character_chosen":"IRONCLAD","items_purchased":["Anger","Power Through"],"campfire_rested":1,"item_purchase_floors":[5,14],"current_hp_per_floor":[66,41,30,30,30,54,38,28,28,27,15,15,15,15,15,0,0],"gold":26,"neow_bonus":"BOSS_RELIC","is_daily":false,"chose_seed":false,"campfire_upgraded":2,"win_rate":0.0,"timestamp":1612237279,"path_taken":["M","?","?","?","$","R","?","E","T","M","E","R","M","?","R","BOSS"],"items_purchased_type":["Card","Card"],"build_version":"2020-12-22","purchased_purges":2,"victory":false,"max_hp_per_floor":[80,80,80,80,80,80,80,94,94,94,94,94,94,94,94,94,94],"relic_stats":{"counters":[6,20],"CeramicFish":54,"War Paint":["Defend_R","Shrug It Off"],"Smiling Mask":50,"obtain_stats":[{"CeramicFish":2,"Philosopher\u0027s Stone":0,"Mango":8,"War Paint":9,"Smiling Mask":11,"Burning Blood":0},{"CeramicFish":1,"Philosopher\u0027s Stone":0,"Mango":2,"War Paint":2,"Smiling Mask":4,"Burning Blood":0},{"CeramicFish":4,"Philosopher\u0027s Stone":0,"Mango":9,"War Paint":9,"Smiling Mask":14,"Burning Blood":0}]},"card_choices":[{"not_picked":["Anger","Flex"],"picked":"Shrug It Off","floor":1},{"not_picked":["Second Wind","Dark Embrace"],"picked":"Body Slam","floor":8},{"not_picked":["Sentinel","Combust"],"picked":"Sword Boomerang","floor":10},{"not_picked":["Headbutt","Evolve"],"picked":"Burning Pact","floor":11},{"not_picked":["Inflame","Iron Wave"],"picked":"Entrench","floor":13}],"player_experience":473001,"relics_obtained":[{"floor":8,"key":"Mango"},{"floor":9,"key":"War Paint"},{"floor":11,"key":"Smiling Mask"}],"event_choices":[{"damage_healed":0,"gold_gain":0,"player_choice":"Success","damage_taken":25,"relics_obtained":["CeramicFish"],"max_hp_gain":0,"max_hp_loss":0,"event_name":"Scrap Ooze","floor":2,"gold_loss":0},{"damage_healed":0,"gold_gain":75,"player_choice":"Gather Gold","damage_taken":11,"max_hp_gain":0,"max_hp_loss":0,"event_name":"World of Goop","floor":3,"gold_loss":0},{"cards_removed":["Strike_R"],"damage_healed":0,"gold_gain":0,"player_choice":"Card Removal","damage_taken":0,"max_hp_gain":0,"max_hp_loss":0,"event_name":"The Cleric","floor":4,"gold_loss":50},{"damage_healed":0,"gold_gain":0,"player_choice":"Entered Light","damage_taken":16,"max_hp_gain":0,"max_hp_loss":0,"event_name":"Shining Light","floor":7,"gold_loss":0,"cards_upgraded":["Bash","Anger"]}],"is_beta":false,"boss_relics":[],"items_purged_floors":[5,14],"is_endless":false,"potions_floor_spawned":[8,13],"killed_by":"The Guardian","ascension_level":11}}