{"host":"pyelotildgrd5mks","time":1612260028,"event":{"mods":["BaseMod","Downfall","Minty Spire (QoL Compilation)","Quick Restart","StSLib"],"gold_per_floor":[99,99,99,99,99,125,151,51,67,67,101,101,1,1,13,118,118,18,36,51,71,35,35,35,135,164,32,59,59,59,73,92,196,196,196,208,228,228,228,228,253,253,253,269,303,303,168,201,217,217,217,244,46,46,46,46],"floor_reached":57,"language":"ZHS","playtime":2849,"items_purged":["hexamod:Strike","hexamod:Strike+1"],"score":1634,"play_id":"8d9b8689-10af-4824-8d7c-fe78e5a66538","local_time":"20210202180028","is_ascension_mode":true,"campfire_choices":[{"data":"hexamod:Float","floor":1.0,"key":"SMITH"},{"data":"hexamod:CatchUp","floor":8.0,"key":"SMITH"},{"data":"hexamod:RainOfEmbers","floor":10.0,"key":"SMITH"},{"floor":13.0,"key":"RECALL"},{"data":"hexamod:ApocalypseNow","floor":18.0,"key":"SMITH"},{"data":"hexamod:Rewind","floor":23.0,"key":"SMITH"},{"data":"hexamod:Hexaguard","floor":29.0,"key":"SMITH"},{"data":"hexamod:ApocalypticArmor","floor":35.0,"key":"SMITH"},{"data":"downfall:Malfunctioning","floor":40.0,"key":"PURGE"},{"data":"hexamod:GiftsFromTheDead","floor":42.0,"key":"SMITH"},{"data":"hexamod:SearingWound","floor":46.0,"key":"SMITH"},{"data":"hexamod:Defend","floor":54.0,"key":"SMITH"}],"circlet_count":0,"master_deck":["hexamod:Strike+1","hexamod:Strike+1","hexamod:Defend","hexamod:Defend","hexamod:Defend+1","hexamod:Defend+1","hexamod:Sear","hexamod:Float+1","hexamod:CatchUp+1","hexamod:ExtraCrispy+1","hexamod:RainOfEmbers+1","hexamod:ApocalypseNow+1","hexamod:Rewind+1","hexamod:Hexaguard+1","hexamod:GiftsFromTheDead+1","hexamod:ThirdSeal","hexamod:RainOfEmbers+1","hexamod:ForkedFlame+1","hexamod:ApocalypticArmor+1","CurseOfTheBell","hexamod:Rewind+1","hexamod:FirstSeal","hexamod:NightmareGuise+1","hexamod:SearingWound+1"],"relics":["hexamod:SpiritBrand","downfall:HeartsMalice","downfall:HeartBlessingBlue","The Courier","downfall:HeartBlessingGreen","Pantograph","Coffee Dripper","downfall:HeartBlessingRed","Kunai","StoneCalendar","Molten Egg 2","Peace Pipe","Chemical X","MealTicket","Calling Bell","Tiny Chest","Gremlin Horn","Ice Cream","Blue Candle","Whetstone","Ancient Tea Set","Ginger","Centennial Puzzle","Bottled Tornado","bronze:DecasWashers","Guardian:PocketSentry"],"acts_visited":["Exordium","TheCity","TheBeyond","TheEnding"],"potions_floor_usage":[56,56],"damage_taken":[{"damage":0.0,"enemies":"Small Slimes","floor":2.0,"turns":1.0},{"damage":0.0,"enemies":"Cultist","floor":4.0,"turns":1.0},{"damage":0.0,"enemies":"Jaw Worm","floor":5.0,"turns":1.0},{"damage":15.0,"enemies":"3 Sentries","floor":6.0,"turns":8.0},{"damage":2.0,"enemies":"Large Slime","floor":9.0,"turns":7.0},{"damage":22.0,"enemies":"Lagavulin","floor":11.0,"turns":4.0},{"damage":0.0,"enemies":"Blue Slaver","floor":15.0,"turns":3.0},{"damage":29.0,"enemies":"DF_ARCHETYPE_STREAMLINE","floor":16.0,"turns":9.0},{"damage":0.0,"enemies":"Shell Parasite","floor":19.0,"turns":3.0},{"damage":0.0,"enemies":"Chosen","floor":20.0,"turns":3.0},{"damage":4.0,"enemies":"Snecko","floor":21.0,"turns":4.0},{"damage":0.0,"enemies":"downfall:FleeingMerchant","floor":22.0,"turns":4.0},{"damage":6.0,"enemies":"IC_STATUS_ARCHETYPE","floor":25.0,"turns":6.0},{"damage":10.0,"enemies":"Gremlin Leader","floor":26.0,"turns":4.0},{"damage":0.0,"enemies":"downfall:FleeingMerchant","floor":27.0,"turns":4.0},{"damage":10.0,"enemies":"Book of Stabbing","floor":28.0,"turns":3.0},{"damage":0.0,"enemies":"Cultist and Chosen","floor":31.0,"turns":3.0},{"damage":20.0,"enemies":"Shelled Parasite and Fungi","floor":32.0,"turns":3.0},{"damage":1.0,"enemies":"WA_ARCHETYPE_CALM","floor":33.0,"turns":4.0},{"damage":0.0,"enemies":"3 Shapes","floor":36.0,"turns":3.0},{"damage":19.0,"enemies":"3 Darklings","floor":37.0,"turns":4.0},{"damage":0.0,"enemies":"Jaw Worm Horde","floor":44.0,"turns":2.0},{"damage":5.0,"enemies":"Nemesis","floor":45.0,"turns":5.0},{"damage":0.0,"enemies":"downfall:FleeingMerchant","floor":47.0,"turns":3.0},{"damage":1.0,"enemies":"Giant Head","floor":48.0,"turns":5.0},{"damage":9.0,"enemies":"Writhing Mass","floor":49.0,"turns":3.0},{"damage":25.0,"enemies":"SI_POISON_ARCHETYPE","floor":50.0,"turns":5.0},{"damage":34.0,"enemies":"downfall:CharBossMerchant","floor":52.0,"turns":5.0},{"damage":23.0,"enemies":"downfall:NeowBoss","floor":55.0,"turns":11.0},{"damage":49,"enemies":"downfall:NeowBossFinal","floor":56,"turns":6}],"seed_played":"-5120856029751467758","potions_obtained":[{"floor":3.0,"key":"Strength Potion"},{"floor":3.0,"key":"Guardian:BlockOnCardUsePotion"},{"floor":3.0,"key":"Fire Potion"},{"floor":9.0,"key":"SneckoOil"},{"floor":11.0,"key":"LiquidMemories"},{"floor":16.0,"key":"Block Potion"},{"floor":19.0,"key":"SkillPotion"},{"floor":21.0,"key":"Fire Potion"},{"floor":26.0,"key":"LiquidMemories"},{"floor":32.0,"key":"DuplicationPotion"},{"floor":44.0,"key":"FearPotion"},{"floor":48.0,"key":"Fire Potion"}],"is_trial":false,"path_per_floor":["R","M","?","M","M","E","T","R","M","R","E","?","R","?","M","B",null,"R","M","M","M","$","R","T","?","E","$","E","R","?","M","M","B",null,"R","M","M","?","?","R","T","R","?","M","E","R","$","E","M","B",null,"E","$","R","B","B",null],"character_chosen":"THE_SPIRIT","items_purchased":["hexamod:Hexaguard","Chemical X","Ginger","Centennial Puzzle","LiquidMemories","Guardian:PocketSentry"],"campfire_rested":0,"item_purchase_floors":[22,27,47,47,47,53],"current_hp_per_floor":[70,70,70,70,70,55,55,65,63,63,41,41,41,8,8,4,61,61,61,61,57,57,57,57,74,64,64,54,54,54,54,34,58,75,75,75,56,49,44,44,44,44,44,51,53,53,68,74,72,62,76,42,57,57,64,38],"gold":46,"neow_bonus":"THREE_ENEMY_KILL","is_daily":false,"chose_seed":false,"campfire_upgraded":10,"win_rate":0.0,"timestamp":1612260028,"path_taken":["R","M","?","?","M","E","T","R","M","R","E","?","R","?","M","BOSS","R","M","M","M","$","R","T","?","E","$","E","R","?","?","M","BOSS","R","M","M","?","?","R","T","R","?","M","E","R","$","E","M","BOSS","E","$","R","BOSS","BOSS"],"items_purchased_type":["Card","Relic","Relic","Relic","Potion","Relic"],"build_version":"2020-12-22","purchased_purges":2,"victory":true,"max_hp_per_floor":[70,70,70,70,70,70,70,80,80,80,80,80,80,80,80,80,80,80,80,80,80,80,80,80,80,80,80,80,80,80,80,80,80,80,80,80,80,80,80,80,80,80,80,80,80,80,80,80,80,80,80,80,80,80,80,80],"card_choices":[{"not_picked":["hexamod:PhantomCloak","hexamod:SwordOfDarkness"],"picked":"hexamod:CatchUp","floor":2.0},{"not_picked":["hexamod:BacktrackSmack","hexamod:Firestarter"],"picked":"hexamod:ExtraCrispy","floor":4.0},{"not_picked":["hexamod:GhostOfSpireFuture","hexamod:PhantomCloak","hexamod:CatchUp"],"picked":"SKIP","floor":5.0},{"not_picked":["hexamod:HeatMetal","hexamod:SkipABeat","hexamod:ChargedBarrage"],"picked":"SKIP","floor":6.0},{"not_picked":["hexamod:ShieldOfDarkness","hexamod:FastForward"],"picked":"hexamod:RainOfEmbers","floor":9.0},{"not_picked":["hexamod:GhostShield","hexamod:GhostOfSpireFuture","hexamod:BurningTouch"],"picked":"SKIP","floor":11.0},{"not_picked":["hexamod:HeatMetal","hexamod:Again","hexamod:HauntingEcho"],"picked":"SKIP","floor":15.0},{"not_picked":["hexamod:UnlimitedPower","hexamod:GhostOfSpirePresent"],"picked":"hexamod:ApocalypseNow","floor":16.0},{"not_picked":["hexamod:SpectersWail","hexamod:InspiringFlames","hexamod:HeatCrush"],"picked":"SKIP","floor":19.0},{"not_picked":["hexamod:HeatMetal+1","hexamod:SkipABeat+1"],"picked":"hexamod:Rewind","floor":20.0},{"not_picked":["hexamod:SoulSteal","hexamod:Again","hexamod:SpectralAdrenaline"],"picked":"SKIP","floor":21.0},{"not_picked":["hexamod:NightmareStrike","hexamod:ThermalTransfer","hexamod:GhostLash"],"picked":"SKIP","floor":22.0},{"not_picked":["hexamod:SwordOfDarkness+1","hexamod:FastForward","hexamod:ThermalTransfer+1"],"picked":"SKIP","floor":26.0},{"not_picked":["hexamod:SoulSteal","hexamod:NightmareGuise","hexamod:InspiringFlames"],"picked":"SKIP","floor":27.0},{"not_picked":["hexamod:UnleashSpirits+1","hexamod:BurningTouch+1","hexamod:HeatCrush+1"],"picked":"SKIP","floor":28.0},{"not_picked":["hexamod:GhostLash+1","hexamod:GhostShield"],"picked":"hexamod:ThirdSeal","floor":31.0},{"not_picked":["hexamod:GhostShield","hexamod:ShieldOfDarkness"],"picked":"hexamod:RainOfEmbers+1","floor":32.0},{"not_picked":["hexamod:GhostShield","hexamod:BacktrackSmack+1","hexamod:HauntingEcho+1"],"picked":"SKIP","floor":32.0},{"not_picked":["hexamod:TurnItUp","hexamod:UnleashSpirits+1"],"picked":"hexamod:ForkedFlame+1","floor":33.0},{"not_picked":["hexamod:GhostOfSpirePresent","hexamod:UnleashSpirits+1"],"picked":"hexamod:ApocalypticArmor","floor":33.0},{"not_picked":["hexamod:ExtraCrispy","hexamod:GhostOfSpirePast+1"],"picked":"hexamod:Rewind+1","floor":36.0},{"not_picked":["hexamod:HeatCrush+1","hexamod:ShieldOfDarkness","hexamod:SwordOfDarkness+1"],"picked":"SKIP","floor":36.0},{"not_picked":["hexamod:UnleashSpirits+1","hexamod:FastForward","hexamod:AdvancingGuard"],"picked":"SKIP","floor":37.0},{"not_picked":["hexamod:NightmareStrike+1","hexamod:BurningTouch+1","hexamod:SpectralAdrenaline"],"picked":"SKIP","floor":37.0},{"not_picked":["hexamod:SkipABeat+1","hexamod:SecondSeal","hexamod:HeatMetal+1"],"picked":"SKIP","floor":44.0},{"not_picked":["hexamod:RainOfEmbers+1","hexamod:BurningTouch","hexamod:RetreatToShadows+1"],"picked":"SKIP","floor":44.0},{"not_picked":["hexamod:DynamicBlow+1","hexamod:CatchUp"],"picked":"hexamod:NightmareGuise+1","floor":45.0},{"not_picked":["hexamod:CatchUp","hexamod:HeatMetal+1"],"picked":"hexamod:SearingWound","floor":45.0},{"not_picked":["hexamod:GhostLash+1","hexamod:Rewind+1","hexamod:FourthSeal"],"picked":"SKIP","floor":47.0},{"not_picked":["hexamod:AdvancingGuard","hexamod:NightmareStrike+1","hexamod:BacktrackSmack+1"],"picked":"SKIP","floor":48.0},{"not_picked":["hexamod:HauntingEcho+1","hexamod:HeatCrush+1","hexamod:ThermalTransfer+1"],"picked":"SKIP","floor":49.0},{"not_picked":["hexamod:HeatMetal+1","hexamod:BacktrackSmack+1","hexamod:NightmareStrike+1"],"picked":"SKIP","floor":49.0},{"not_picked":["hexamod:FlamesFromBeyond+1","hexamod:SwordOfDarkness+1","hexamod:StepThrough+1"],"picked":"SKIP","floor":52.0},{"not_picked":["hexamod:ThermalTransfer+1","hexamod:Firestarter+1","hexamod:PhantomFireball+1"],"picked":"SKIP","floor":52.0}],"player_experience":688661,"relics_obtained":[{"floor":6.0,"key":"Shuriken"},{"floor":11.0,"key":"The Courier"},{"floor":24.0,"key":"Kunai"},{"floor":25.0,"key":"StoneCalendar"},{"floor":25.0,"key":"Molten Egg 2"},{"floor":26.0,"key":"Peace Pipe"},{"floor":28.0,"key":"MealTicket"},{"floor":34.0,"key":"Tiny Chest"},{"floor":34.0,"key":"Gremlin Horn"},{"floor":34.0,"key":"Ice Cream"},{"floor":41.0,"key":"Whetstone"},{"floor":45.0,"key":"Ancient Tea Set"},{"floor":48.0,"key":"Bottled Tornado"},{"floor":52.0,"key":"bronze:DecasWashers"}],"event_choices":[{"damage_healed":0.0,"max_hp_gain":0.0,"max_hp_loss":0.0,"gold_gain":0.0,"event_name":"Lab","player_choice":"Got Potions","floor":3.0,"gold_loss":0.0,"damage_taken":0.0},{"damage_healed":0.0,"max_hp_gain":0.0,"max_hp_loss":0.0,"gold_gain":0.0,"event_name":"Scrap Ooze","player_choice":"Success","floor":14.0,"gold_loss":0.0,"damage_taken":33.0,"relics_obtained":["Pantograph"]}],"is_beta":false,"boss_relics":[{"not_picked":["Velvet Choker","SacredBark"],"picked":"Coffee Dripper"},{"not_picked":["hexamod:UnbrokenSoul","hexamod:IceCube"],"picked":"Calling Bell"}],"items_purged_floors":[47,53],"is_endless":false,"potions_floor_spawned":[9,11,16,19,21,26,32,33,44,48,49,52],"ascension_level":5}}