{"host":"c6u7e77myxvw4d0m","time":1612251599,"event":{"mods":["AchievementEnabler","BaseMod","Bestiary","Colored Map","Colored Powertips","Minty Spire (QoL Compilation)","Rare Cards Sparkle","Relic Stats","everything is the same but u backflip on backflip"],"gold_per_floor":[17,28,45,45,45,45,65,65,120,146,146,35,71,84,84,183,183,202,202,3,20,40,74,19,19,73,85,85,0,32,47,47,47,47],"floor_reached":33,"language":"ENG","playtime":6882,"items_purged":[],"score":621,"play_id":"8cdeb025-94ac-4902-bb64-52ca65ff2635","local_time":"20210202093959","is_ascension_mode":true,"campfire_choices":[{"data":"Feed","floor":6.0,"key":"SMITH"},{"data":"Perfected Strike","floor":8.0,"key":"SMITH"},{"data":"Pommel Strike","floor":15.0,"key":"SMITH"},{"data":"Limit Break","floor":25.0,"key":"SMITH"},{"data":"Perfected Strike","floor":32,"key":"SMITH"}],"circlet_count":0,"master_deck":["AscendersBane","Strike_R","Strike_R","Strike_R","Strike_R","Strike_R","Defend_R","Defend_R","Defend_R","Defend_R","Bash","Feed+1","Warcry","Perfected Strike+1","Pommel Strike","Shrug It Off","Shockwave","Pommel Strike+1","Limit Break+1","Carnage","Perfected Strike+1","Perfected Strike+1","Perfected Strike","Shrug It Off+1","Barricade","Twin Strike","Immolate","Brutality","Evolve"],"relics":["Burning Blood","Vajra","Oddly Smooth Stone","HornCleat","Velvet Choker","Nloth\u0027s Gift","DollysMirror","Mango","Nunchaku","Ancient Tea Set","Matryoshka","Peace Pipe"],"acts_visited":["Exordium","TheCity"],"potions_floor_usage":[],"damage_taken":[{"damage":6.0,"enemies":"Cultist","floor":1.0,"turns":4.0},{"damage":18.0,"enemies":"Jaw Worm","floor":2.0,"turns":7.0},{"damage":2.0,"enemies":"2 Louse","floor":3.0,"turns":4.0},{"damage":6.0,"enemies":"Looter","floor":7.0,"turns":2.0},{"damage":16.0,"enemies":"Gremlin Nob","floor":10.0,"turns":3.0},{"damage":34.0,"enemies":"Lagavulin","floor":13.0,"turns":5.0},{"damage":5.0,"enemies":"Blue Slaver","floor":14.0,"turns":5.0},{"damage":18.0,"enemies":"Slime Boss","floor":16.0,"turns":9.0},{"damage":12.0,"enemies":"2 Thieves","floor":18.0,"turns":4.0},{"damage":0.0,"enemies":"Chosen","floor":21.0,"turns":3.0},{"damage":16.0,"enemies":"3 Cultists","floor":22.0,"turns":4.0},{"damage":20.0,"enemies":"Slavers","floor":23.0,"turns":4.0},{"damage":4.0,"enemies":"Snecko","floor":27.0,"turns":3.0},{"damage":12,"enemies":"Book of Stabbing","floor":30,"turns":4},{"damage":7,"enemies":"Snake Plant","floor":31,"turns":2},{"damage":74,"enemies":"Collector","floor":33,"turns":5}],"seed_played":"6456440809092625131","potions_obtained":[{"floor":1.0,"key":"Fire Potion"},{"floor":2.0,"key":"ElixirPotion"},{"floor":18.0,"key":"Fire Potion"},{"floor":31,"key":"Dexterity Potion"}],"is_trial":false,"path_per_floor":["M","M","M","?","?","R","M","R","T","E","?","$","E","M","R","B",null,"M","?","$","M","M","E","$","R","T","M","T","?","E","M","R","B"],"character_chosen":"IRONCLAD","items_purchased":["CultistPotion","DollysMirror","Perfected Strike","Twin Strike"],"campfire_rested":0,"item_purchase_floors":[12,20,20,24],"current_hp_per_floor":[71,62,69,74,74,74,78,78,78,68,68,68,40,45,45,37,78,76,76,76,82,76,76,76,76,76,78,78,78,72,71,71,0,0],"gold":47,"neow_bonus":"THREE_RARE_CARDS","is_daily":false,"chose_seed":false,"campfire_upgraded":5,"win_rate":0.0,"timestamp":1612251599,"path_taken":["M","?","M","?","?","R","M","R","T","E","?","?","E","?","R","BOSS","M","?","?","M","M","E","?","R","T","?","?","?","E","M","R","BOSS"],"items_purchased_type":["Potion","Relic","Card","Card"],"build_version":"2020-12-22","purchased_purges":0,"victory":false,"max_hp_per_floor":[78,81,84,89,89,89,93,93,93,93,84,84,84,88,88,92,92,96,96,96,96,100,114,114,114,114,114,114,114,114,114,114,114,114],"relic_stats":{"Peace Pipe":0,"Nunchaku":[2],"counters":[16,68],"Nloth\u0027s Gift":3,"obtain_stats":[{"Golden Idol":11,"Vajra":9,"Oddly Smooth Stone":10,"Velvet Choker":17,"Mango":23,"Ancient Tea Set":28,"Burning Blood":0,"Peace Pipe":30,"Nunchaku":26,"HornCleat":13,"Matryoshka":29,"DollysMirror":20,"Nloth\u0027s Gift":19},{"Golden Idol":5,"Vajra":4,"Oddly Smooth Stone":5,"Velvet Choker":8,"Mango":12,"Ancient Tea Set":13,"Burning Blood":0,"Peace Pipe":14,"Nunchaku":12,"HornCleat":6,"Matryoshka":13,"DollysMirror":9,"Nloth\u0027s Gift":9},{"Golden Idol":20,"Vajra":17,"Oddly Smooth Stone":20,"Velvet Choker":39,"Mango":54,"Ancient Tea Set":57,"Burning Blood":0,"Peace Pipe":61,"Nunchaku":54,"HornCleat":25,"Matryoshka":57,"DollysMirror":43,"Nloth\u0027s Gift":43}],"Burning Blood":90},"card_choices":[{"not_picked":["Bludgeon","Fiend Fire"],"picked":"Feed","floor":0.0},{"not_picked":["Evolve","Armaments"],"picked":"Warcry","floor":1.0},{"not_picked":["Clothesline","Pommel Strike"],"picked":"Perfected Strike","floor":2.0},{"not_picked":["Bloodletting","Entrench"],"picked":"Pommel Strike","floor":3.0},{"not_picked":["Searing Blow","Flex"],"picked":"Shrug It Off","floor":7.0},{"not_picked":["Carnage","Shrug It Off"],"picked":"Shockwave","floor":10.0},{"not_picked":["Clash","True Grit","Havoc"],"picked":"SKIP","floor":13.0},{"not_picked":["Clash","Corruption"],"picked":"Pommel Strike","floor":14.0},{"not_picked":["Juggernaut","Berserk"],"picked":"Limit Break","floor":16.0},{"not_picked":["Reckless Charge","Power Through+1"],"picked":"Carnage","floor":18.0},{"not_picked":["Shrug It Off","Clash"],"picked":"Perfected Strike","floor":21.0},{"not_picked":["Heavy Blade+1","Anger"],"picked":"Shrug It Off+1","floor":22.0},{"not_picked":["Perfected Strike","Rupture"],"picked":"Barricade","floor":23.0},{"not_picked":["Second Wind","Sever Soul"],"picked":"Immolate","floor":27.0},{"not_picked":["Headbutt","Fire Breathing+1"],"picked":"Brutality","floor":30},{"not_picked":["Berserk","Sword Boomerang"],"picked":"Evolve","floor":31}],"player_experience":603973,"relics_obtained":[{"floor":9.0,"key":"Vajra"},{"floor":10.0,"key":"Oddly Smooth Stone"},{"floor":13.0,"key":"HornCleat"},{"floor":23.0,"key":"Mango"},{"floor":26.0,"key":"Nunchaku"},{"floor":28.0,"key":"Ancient Tea Set"},{"floor":30,"key":"Peace Pipe"}],"event_choices":[{"damage_healed":0.0,"max_hp_gain":5.0,"max_hp_loss":0.0,"gold_gain":0.0,"event_name":"Big Fish","player_choice":"Donut","floor":4.0,"gold_loss":0.0,"damage_taken":0.0},{"damage_healed":0.0,"max_hp_gain":0.0,"max_hp_loss":0.0,"gold_gain":0.0,"event_name":"The Cleric","player_choice":"Leave","floor":5.0,"gold_loss":0.0,"damage_taken":0.0},{"damage_healed":0.0,"max_hp_gain":0.0,"max_hp_loss":9.0,"gold_gain":0.0,"event_name":"Golden Idol","player_choice":"Lose Max HP","floor":11.0,"gold_loss":0.0,"damage_taken":0.0,"relics_obtained":["Golden Idol"]},{"damage_healed":0.0,"max_hp_gain":0.0,"max_hp_loss":0.0,"gold_gain":0.0,"event_name":"N\u0027loth","player_choice":"Traded Relic","floor":19.0,"relics_lost":["Golden Idol"],"gold_loss":0.0,"damage_taken":0.0,"relics_obtained":["Nloth\u0027s Gift"]},{"damage_healed":0.0,"max_hp_gain":0.0,"max_hp_loss":0.0,"gold_gain":0.0,"event_name":"Addict","player_choice":"Obtained Relic","floor":29.0,"gold_loss":85.0,"damage_taken":0.0,"relics_obtained":["Matryoshka"]}],"is_beta":false,"boss_relics":[{"not_picked":["Runic Pyramid","Mark of Pain"],"picked":"Velvet Choker"}],"items_purged_floors":[],"is_endless":false,"potions_floor_spawned":[1,2,13,18,31],"killed_by":"Collector","ascension_level":17}}