{"host":"sum4dy402bbv9y4o","time":1612230174,"event":{"mods":["Aspiration","BaseMod","Conspire","Highlight Path","Minty Spire (QoL Compilation)","StSLib"],"gold_per_floor":[114,129,30,30,30,30,60,60,60,75,90,90,8,38,38,138,138,153,428,150,165,65,95,95,28,28,43,43,73,23,23,23,123,123,138,153,168,43,58,58,108,108,158,173,203,203,203],"floor_reached":46,"language":"ENG","playtime":1653,"items_purged":["Regret","conspire:GhostlyDefend","Parasite"],"score":544,"play_id":"6f5b2cea-872d-4913-9cc5-d063b1f0ce35","local_time":"20210202044254","daily_mods":["Chimera","Blue Cards","Binary"],"is_ascension_mode":false,"campfire_choices":[{"data":"Armaments","floor":6,"key":"SMITH"},{"data":"Eruption","floor":8,"key":"SMITH"},{"data":"Beam Cell","floor":15,"key":"SMITH"},{"data":"White Noise","floor":24,"key":"SMITH"},{"floor":28,"key":"REST"},{"floor":32,"key":"REST"},{"data":"Streamline","floor":40,"key":"SMITH"},{"data":"Buffer","floor":42,"key":"SMITH"}],"circlet_count":0,"master_deck":["Bash","Survivor","Zap","Eruption+1","conspire:GhostlyStrike","conspire:GhostlyStrike","conspire:GhostlyStrike","conspire:GhostlyDefend","conspire:GhostlyDefend+1","Force Field","Streamline+1","Self Repair","Armaments+1","Cold Snap","Pommel Strike","Anger","Reaper","Beam Cell+1","Machine Learning","Headbutt","Core Surge","Capacitor+1","White Noise+1","BootSequence+1","Ball Lightning+1","Ball Lightning+1","Inflame+1","Buffer+1","Parasite"],"relics":["Burning Blood","Calipers","Question Card","aspiration:HatOfInfinitePower","Happy Flower","Black Star","Peace Pipe","Pen Nib","conspire:Boomerang","Shuriken","Pantograph","aspiration:RitualDagger","War Paint","Blood Vial","Juzu Bracelet"],"acts_visited":["Exordium","TheCity","TheBeyond"],"potions_floor_usage":[23,27,33,35,39,45],"damage_taken":[{"damage":2,"enemies":"Cultist","floor":1,"turns":4},{"damage":7,"enemies":"Small Slimes","floor":2,"turns":5},{"damage":23,"enemies":"Lagavulin","floor":7,"turns":5},{"damage":0,"enemies":"2 Louse","floor":10,"turns":3},{"damage":0,"enemies":"Blue Slaver","floor":11,"turns":4},{"damage":14,"enemies":"3 Sentries","floor":14,"turns":5},{"damage":0,"enemies":"Slime Boss","floor":16,"turns":6},{"damage":10,"enemies":"Chosen","floor":18,"turns":3},{"damage":10,"enemies":"Shell Parasite","floor":21,"turns":4},{"damage":58,"enemies":"Gremlin Leader","floor":23,"turns":5},{"damage":24,"enemies":"Snake Plant","floor":27,"turns":5},{"damage":28,"enemies":"Book of Stabbing","floor":29,"turns":4},{"damage":21,"enemies":"conspire:MysteriousRune","floor":33,"turns":8},{"damage":34,"enemies":"3 Shapes","floor":35,"turns":5},{"damage":78,"enemies":"3 Darklings","floor":36,"turns":3},{"damage":41,"enemies":"Writhing Mass","floor":37,"turns":5},{"damage":42,"enemies":"Jaw Worm Horde","floor":39,"turns":4},{"damage":24,"enemies":"Mind Bloom Boss Battle","floor":41,"turns":6},{"damage":31,"enemies":"4 Shapes","floor":44,"turns":4},{"damage":106,"enemies":"Reptomancer","floor":45,"turns":9},{"damage":54,"enemies":"Writhing Mass","floor":46,"turns":3}],"seed_played":"-9070903199233054170","potions_obtained":[{"floor":1,"key":"ElixirPotion"},{"floor":2,"key":"FairyPotion"},{"floor":23,"key":"SkillPotion"},{"floor":33,"key":"SkillPotion"},{"floor":37,"key":"FearPotion"},{"floor":39,"key":"Fire Potion"}],"is_trial":false,"path_per_floor":["M","M","$","?","?","R","E","R","T","M","M","T","$","E","R","B",null,"M","?","$","M","$","E","R","$","T","M","R","E","$","?","R","B",null,"M","M","M","$","M","R","?","R","T","M","E","M"],"character_chosen":"IRONCLAD","items_purchased":["Self Repair","Armaments","Reaper","Core Surge","FearPotion","BootSequence","Block Potion"],"campfire_rested":2,"item_purchase_floors":[3,3,13,20,20,25,30],"current_hp_per_floor":[80,79,79,84,84,84,74,74,74,85,85,85,85,84,84,85,85,85,85,85,85,85,44,44,44,44,29,54,39,39,39,64,63,85,57,28,85,82,77,77,82,82,82,73,27,0,0],"gold":203,"neow_bonus":"","is_daily":true,"chose_seed":false,"campfire_upgraded":6,"win_rate":0.0,"timestamp":1612230174,"path_taken":["M","?","$","?","?","R","E","R","T","M","M","?","?","E","R","BOSS","M","?","$","M","?","E","R","?","T","M","R","E","$","?","R","BOSS","M","M","M","$","M","R","?","R","T","M","E","M"],"items_purchased_type":["Card","Card","Card","Card","Potion","Card","Potion"],"build_version":"2020-12-22","purchased_purges":3,"victory":false,"max_hp_per_floor":[80,80,80,85,85,85,85,85,85,85,85,85,85,85,85,85,85,85,85,85,85,85,85,85,85,85,85,85,85,85,85,85,85,85,85,85,85,82,82,82,82,82,82,82,82,82,82],"card_choices":[{"not_picked":["Body Slam"],"picked":"Force Field","floor":1},{"not_picked":["Coolheaded"],"picked":"Streamline","floor":2},{"not_picked":["Power Through"],"picked":"Cold Snap","floor":7},{"not_picked":["Evolve","Compile Driver"],"picked":"Pommel Strike","floor":10},{"not_picked":["Blood for Blood","Storm"],"picked":"Anger","floor":11},{"not_picked":["Bloodletting","Intimidate"],"picked":"Beam Cell","floor":14},{"not_picked":["Amplify","Brutality"],"picked":"Machine Learning","floor":16},{"not_picked":["Clash+1","Warcry+1"],"picked":"Headbutt","floor":18},{"not_picked":["Streamline","Aggregate"],"picked":"Capacitor+1","floor":21},{"not_picked":["Seeing Red","Sword Boomerang"],"picked":"White Noise","floor":23},{"not_picked":["Reinforced Body","Multi-Cast"],"picked":"Ball Lightning+1","floor":27},{"not_picked":["Fire Breathing+1","Beam Cell","Flex+1"],"picked":"SKIP","floor":29},{"not_picked":["Go for the Eyes+1","conspire:Charge"],"picked":"Ball Lightning+1","floor":35},{"not_picked":["Turbo","Consume+1"],"picked":"Inflame+1","floor":36},{"not_picked":["Fusion","Iron Wave","Compile Driver+1"],"picked":"SKIP","floor":37},{"not_picked":["Clash","Genetic Algorithm+1","Hologram+1"],"picked":"SKIP","floor":39},{"not_picked":["Pommel Strike+1","Steam+1"],"picked":"Buffer","floor":41},{"not_picked":["Feel No Pain","Twin Strike","Iron Wave"],"picked":"SKIP","floor":44},{"not_picked":["Scrape","Recycle+1","BootSequence"],"picked":"SKIP","floor":45}],"player_experience":3030664,"relics_obtained":[{"floor":7,"key":"Calipers"},{"floor":9,"key":"Question Card"},{"floor":12,"key":"aspiration:HatOfInfinitePower"},{"floor":14,"key":"Happy Flower"},{"floor":23,"key":"Peace Pipe"},{"floor":23,"key":"Pen Nib"},{"floor":26,"key":"conspire:Boomerang"},{"floor":29,"key":"Shuriken"},{"floor":29,"key":"Pantograph"},{"floor":43,"key":"War Paint"},{"floor":45,"key":"Blood Vial"},{"floor":45,"key":"Juzu Bracelet"}],"event_choices":[{"damage_healed":0,"gold_gain":0,"player_choice":"Donut","damage_taken":0,"max_hp_gain":5,"max_hp_loss":0,"event_name":"Big Fish","floor":4,"gold_loss":0},{"damage_healed":0,"gold_gain":0,"player_choice":"Agree","damage_taken":0,"max_hp_gain":0,"max_hp_loss":0,"event_name":"conspire:LoneGhost","floor":5,"gold_loss":0},{"damage_healed":0,"gold_gain":275,"player_choice":"Desecrate","damage_taken":0,"max_hp_gain":0,"max_hp_loss":0,"event_name":"Golden Shrine","floor":19,"gold_loss":0,"cards_obtained":["Regret"]},{"damage_healed":0,"gold_gain":0,"player_choice":"Fight","damage_taken":0,"max_hp_gain":0,"max_hp_loss":0,"event_name":"MindBloom","floor":41,"gold_loss":0}],"is_beta":false,"boss_relics":[{"not_picked":["Runic Cube","aspiration:PoetsPen"],"picked":"Black Star"},{"not_picked":["Cursed Key","aspiration:RandomNobGenerator"],"picked":"aspiration:RitualDagger"}],"items_purged_floors":[20,22,38],"is_endless":false,"potions_floor_spawned":[1,2,21,23,33,37,39],"killed_by":"Writhing Mass","ascension_level":0}}