{"host":"bq4pt811tk9yrmjl","time":1612284925,"event":{"mods":["AchievementEnabler","BaseMod","Colored Map","Colored Powertips","Defuse TimeMaze Blight","Hermit","Minty Spire (QoL Compilation)","Smile Girya","StSLib","SuperFastMode"],"gold_per_floor":[119,130,53,67,67,67,102,102,129,154,154,168,168,185,185,289,289,307,222,222,42,52,52,67,67,92,104,116,140,152,164,164],"floor_reached":31,"language":"ENG","playtime":377,"items_purged":[],"score":329,"play_id":"2b8f571e-6e76-4174-bbdb-9787f2e81c34","local_time":"20210202145525","is_ascension_mode":true,"campfire_choices":[{"data":"Zap","floor":6,"key":"SMITH"},{"floor":8,"key":"REST"},{"data":"Streamline","floor":15,"key":"SMITH"},{"data":"Electrodynamics","floor":23,"key":"SMITH"},{"data":"Loop","floor":25,"key":"SMITH"},{"data":"Self Repair","floor":27,"key":"SMITH"},{"floor":30,"key":"REST"}],"circlet_count":0,"master_deck":["Strike_B+1","Strike_B","Defend_B","Defend_B","Defend_B","Defend_B","Zap+1","Dualcast","Streamline+1","Ball Lightning+1","Self Repair+1","Gash","Electrodynamics+1","Capacitor+1","Loop+1","Consume+1","Cold Snap+1"],"relics":["Cracked Core","NeowsBlessing","Potion Belt","Omamori","Toy Ornithopter","Ornamental Fan","Empty Cage","Akabeko","MawBank"],"acts_visited":["Exordium","TheCity"],"potions_floor_usage":[10,10,14,16,16,22,22,24,28],"damage_taken":[{"damage":0,"enemies":"Cultist","floor":1,"turns":1},{"damage":0,"enemies":"Jaw Worm","floor":2,"turns":1},{"damage":0,"enemies":"Small Slimes","floor":4,"turns":1},{"damage":44,"enemies":"3 Sentries","floor":7,"turns":9},{"damage":21,"enemies":"Lagavulin","floor":10,"turns":5},{"damage":7,"enemies":"Blue Slaver","floor":12,"turns":3},{"damage":0,"enemies":"Exordium Wildlife","floor":14,"turns":1},{"damage":0,"enemies":"Slime Boss","floor":16,"turns":6},{"damage":27,"enemies":"Chosen","floor":18,"turns":5},{"damage":13,"enemies":"3 Byrds","floor":22,"turns":3},{"damage":22,"enemies":"Centurion and Healer","floor":24,"turns":4},{"damage":22,"enemies":"Slavers","floor":28,"turns":2},{"damage":25,"enemies":"Sentry and Sphere","floor":29,"turns":4},{"damage":21,"enemies":"Snake Plant","floor":31,"turns":2}],"seed_played":"1700007797746146104","potions_obtained":[{"floor":4,"key":"Strength Potion"},{"floor":7,"key":"Fire Potion"},{"floor":10,"key":"Explosive Potion"},{"floor":12,"key":"Ancient Potion"},{"floor":14,"key":"Swift Potion"},{"floor":18,"key":"SteroidPotion"},{"floor":24,"key":"SmokeBomb"}],"is_trial":false,"path_per_floor":["M","M","$","M","T","R","E","R","T","E","T","M","?","M","R","B",null,"M","?","?","$","M","R","M","R","T","R","E","M","R","M"],"character_chosen":"DEFECT","items_purchased":["Self Repair","EntropicBrew","Loop"],"campfire_rested":2,"item_purchase_floors":[3,21,21],"current_hp_per_floor":[75,75,75,75,75,75,38,60,60,46,46,46,31,36,36,53,75,55,55,55,55,59,59,49,49,49,49,42,17,39,18,18],"gold":164,"neow_bonus":"THREE_ENEMY_KILL","is_daily":false,"chose_seed":false,"campfire_upgraded":5,"win_rate":0.0,"timestamp":1612284925,"path_taken":["M","M","$","?","?","R","E","R","T","E","?","M","?","M","R","BOSS","M","?","?","$","M","R","M","R","T","R","E","?","R","M"],"items_purchased_type":["Card","Potion","Card"],"build_version":"2020-12-22","purchased_purges":0,"victory":false,"max_hp_per_floor":[75,75,75,75,75,75,75,75,75,75,75,75,75,75,75,75,75,75,75,75,75,75,75,75,75,75,75,75,75,75,75,75],"card_choices":[{"not_picked":["Beam Cell","Gash"],"picked":"Streamline","floor":1},{"not_picked":["Steam","Conserve Battery"],"picked":"Ball Lightning","floor":2},{"not_picked":["FTL","Tempest","Turbo"],"picked":"SKIP","floor":4},{"not_picked":["Hello World","Steam"],"picked":"Gash","floor":7},{"not_picked":["Double Energy","Reprogram","Creative AI"],"picked":"SKIP","floor":10},{"not_picked":["Redo","Compile Driver","Sweeping Beam"],"picked":"SKIP","floor":12},{"not_picked":["Conserve Battery","Barrage","Compile Driver"],"picked":"SKIP","floor":14},{"not_picked":["Fission","Creative AI"],"picked":"Electrodynamics","floor":16},{"not_picked":["Ball Lightning+1","Darkness+1"],"picked":"Capacitor+1","floor":18},{"not_picked":["Go for the Eyes","Reinforced Body"],"picked":"Consume+1","floor":22},{"not_picked":["Conserve Battery","Compile Driver","Streamline"],"picked":"SKIP","floor":24},{"not_picked":["Melter","White Noise"],"picked":"Cold Snap+1","floor":29}],"player_experience":302469,"relics_obtained":[{"floor":7,"key":"Potion Belt"},{"floor":9,"key":"Omamori"},{"floor":10,"key":"Toy Ornithopter"},{"floor":11,"key":"Ornamental Fan"},{"floor":26,"key":"MawBank"}],"event_choices":[{"damage_healed":0,"gold_gain":0,"player_choice":"Entered Light","damage_taken":15,"max_hp_gain":0,"max_hp_loss":0,"event_name":"Shining Light","floor":13,"gold_loss":0,"cards_upgraded":["Ball Lightning","Strike_B"]},{"damage_healed":0,"gold_gain":0,"player_choice":"Obtained Relic","damage_taken":0,"relics_obtained":["Akabeko"],"max_hp_gain":0,"max_hp_loss":0,"event_name":"Addict","floor":19,"gold_loss":85},{"damage_healed":0,"gold_gain":0,"player_choice":"Ignored","damage_taken":0,"max_hp_gain":0,"max_hp_loss":0,"event_name":"Vampires","floor":20,"gold_loss":0}],"is_beta":false,"boss_relics":[{"not_picked":["SacredBark","Ectoplasm"],"picked":"Empty Cage"}],"items_purged_floors":[],"is_endless":false,"potions_floor_spawned":[4,7,10,12,14,18,24],"killed_by":"Snake Plant","ascension_level":1}}