{"host":"zsnmfqgcm92hlreo","time":1612303284,"event":{"mods":["AchievementEnabler","Act Like it!","BaseMod","Bestiary","Block Reminder","Colored Map","Colored Powertips","Hermit","Jorbs\u0027s Wanderer Trilogy","Minty Spire (QoL Compilation)","Permanent Neow","Quick Restart","Relic Stats","StSLib","Weighted Paths"],"gold_per_floor":[114,0,12,25,44,69,87,87,87],"floor_reached":8,"language":"ENG","playtime":467,"items_purged":[],"score":120,"play_id":"cb5ef1e0-1cd9-4da4-9aca-af3b352a5fbf","local_time":"20210202160124","is_ascension_mode":true,"campfire_choices":[],"circlet_count":0,"master_deck":["AscendersBane","Strike_R","Strike_R","Strike_R","Strike_R","Strike_R","Defend_R","Defend_R","Defend_R","Defend_R","Bash","Fiend Fire","Cleave","Armaments","Whirlwind","Inflame","Clothesline","Twin Strike"],"relics":["Burning Blood","Shovel"],"acts_visited":["Exordium"],"potions_floor_usage":[8],"damage_taken":[{"damage":2.0,"enemies":"2 Louse","floor":1.0,"turns":3.0},{"damage":6.0,"enemies":"Cultist","floor":3.0,"turns":3.0},{"damage":12.0,"enemies":"Small Slimes","floor":4.0,"turns":2.0},{"damage":17.0,"enemies":"Looter","floor":5.0,"turns":3.0},{"damage":32.0,"enemies":"Lagavulin","floor":6.0,"turns":6.0},{"damage":14.0,"enemies":"Large Slime","floor":7.0,"turns":6.0},{"damage":18,"enemies":"3 Sentries","floor":8,"turns":6}],"seed_played":"-4491412044348511827","potions_obtained":[{"floor":5.0,"key":"HeartOfIron"},{"floor":7.0,"key":"SkillPotion"}],"is_trial":false,"path_per_floor":["M","$","M","M","M","E","M","E"],"character_chosen":"IRONCLAD","items_purchased":["EntropicBrew"],"campfire_rested":0,"item_purchase_floors":[2],"current_hp_per_floor":[68,68,68,62,51,25,17,0,0],"gold":87,"neow_bonus":"THREE_RARE_CARDS","is_daily":false,"chose_seed":false,"campfire_upgraded":0,"win_rate":0.0,"timestamp":1612303284,"path_taken":["M","$","M","M","M","E","M","E"],"items_purchased_type":["Potion"],"build_version":"2020-12-22","purchased_purges":0,"victory":false,"max_hp_per_floor":[68,68,68,68,68,68,68,68,68],"relic_stats":{"Shovel":0,"counters":[7,29],"obtain_stats":[{"Shovel":6,"Burning Blood":0},{"Shovel":5,"Burning Blood":0},{"Shovel":17,"Burning Blood":0}],"Burning Blood":32},"card_choices":[{"not_picked":["Bludgeon","Exhume"],"picked":"Fiend Fire","floor":0.0},{"not_picked":["Clash","Heavy Blade"],"picked":"Cleave","floor":1.0},{"not_picked":["Iron Wave","Intimidate"],"picked":"Armaments","floor":3.0},{"not_picked":["Anger","Heavy Blade"],"picked":"Whirlwind","floor":4.0},{"not_picked":["Wild Strike","Reckless Charge"],"picked":"Inflame","floor":5.0},{"not_picked":["Perfected Strike","Wild Strike"],"picked":"Clothesline","floor":6.0},{"not_picked":["Cleave","Rupture"],"picked":"Twin Strike","floor":7.0}],"player_experience":989086,"relics_obtained":[{"floor":6.0,"key":"Shovel"}],"event_choices":[],"is_beta":false,"boss_relics":[],"items_purged_floors":[],"is_endless":false,"potions_floor_spawned":[5,7],"killed_by":"3 Sentries","ascension_level":20}}