{"host":"7nm1ow5v9mg4ehcw","time":1612292912,"event":{"mods":["BaseMod","Minty Spire (QoL Compilation)","Relic Stats","StSLib"],"gold_per_floor":[114,39,57,57,74,74,93,93,93,5,5,5,36,112,112,189,189,207,132,144,154,168,168,196,0,0,0,0,0,0],"floor_reached":29,"language":"ENG","playtime":905,"items_purged":[],"score":482,"play_id":"1ff75c38-7aaa-4a43-a14e-1a712899e744","local_time":"20210202200832","is_ascension_mode":true,"campfire_choices":[{"floor":6,"key":"REST"},{"data":"Armaments","floor":8,"key":"SMITH"},{"floor":11,"key":"REST"},{"data":"Carnage","floor":15,"key":"SMITH"},{"floor":23,"key":"REST"},{"floor":28,"key":"REST"}],"circlet_count":0,"master_deck":["AscendersBane","Strike_R+1","Strike_R","Defend_R","Defend_R","Defend_R","Defend_R+1","Bash","Iron Wave","Armaments+1","Pommel Strike","Clothesline","Carnage+1","Clothesline","Offering","Warcry","Hemokinesis","Wild Strike","True Grit","Sentinel+1"],"relics":["SlaversCollar","Mummified Hand","FossilizedHelix","Mark of Pain","Smiling Mask","Singing Bowl"],"acts_visited":["Exordium","TheCity"],"potions_floor_usage":[22,22],"damage_taken":[{"damage":4,"enemies":"Small Slimes","floor":1,"turns":4},{"damage":9,"enemies":"Jaw Worm","floor":3,"turns":4},{"damage":0,"enemies":"2 Louse","floor":5,"turns":3},{"damage":26,"enemies":"Large Slime","floor":7,"turns":7},{"damage":18,"enemies":"Lagavulin","floor":13,"turns":4},{"damage":30,"enemies":"Hexaghost","floor":16,"turns":10},{"damage":0,"enemies":"Chosen","floor":18,"turns":2},{"damage":15,"enemies":"Spheric Guardian","floor":20,"turns":4},{"damage":18,"enemies":"3 Cultists","floor":21,"turns":5},{"damage":66,"enemies":"Chosen and Byrds","floor":22,"turns":9},{"damage":25,"enemies":"Book of Stabbing","floor":24,"turns":4},{"damage":33,"enemies":"Gremlin Leader","floor":29,"turns":5}],"seed_played":"8642006281830285594","potions_obtained":[{"floor":1,"key":"Fire Potion"},{"floor":3,"key":"Regen Potion"},{"floor":18,"key":"Regen Potion"},{"floor":24,"key":"Ancient Potion"}],"is_trial":false,"path_per_floor":["M","?","M","?","M","R","M","R","T","$","R","$","E","?","R","B",null,"M","?","M","M","M","R","E","?","T","?","R","E"],"character_chosen":"IRONCLAD","items_purchased":["Carnage"],"campfire_rested":4,"item_purchase_floors":[10],"current_hp_per_floor":[64,64,55,32,32,54,28,28,28,28,50,50,32,32,32,2,57,57,57,42,24,10,32,7,7,7,7,29,0,0],"gold":0,"neow_bonus":"BOSS_RELIC","is_daily":false,"chose_seed":false,"campfire_upgraded":2,"win_rate":0.0,"timestamp":1612292912,"path_taken":["M","?","M","?","M","R","M","R","T","$","R","?","E","?","R","BOSS","M","?","M","?","M","R","E","?","T","?","R","E"],"items_purchased_type":["Card"],"build_version":"2020-12-22","purchased_purges":0,"victory":false,"max_hp_per_floor":[75,75,75,75,75,75,75,75,75,75,75,75,75,75,75,75,75,75,75,75,75,75,75,75,75,75,75,75,75,75],"relic_stats":{"Singing Bowl":0,"counters":[12,61],"Mummified Hand":[0],"Smiling Mask":0,"obtain_stats":[{"SlaversCollar":0,"Singing Bowl":26,"Mummified Hand":9,"Mark of Pain":17,"Smiling Mask":24,"Burning Blood":0,"FossilizedHelix":13},{"SlaversCollar":0,"Singing Bowl":11,"Mummified Hand":4,"Mark of Pain":6,"Smiling Mask":11,"Burning Blood":0,"FossilizedHelix":5},{"SlaversCollar":0,"Singing Bowl":56,"Mummified Hand":18,"Mark of Pain":32,"Smiling Mask":56,"Burning Blood":0,"FossilizedHelix":22}]},"card_choices":[{"not_picked":["Pummel","Evolve"],"picked":"Iron Wave","floor":1},{"not_picked":["True Grit","Anger"],"picked":"Armaments","floor":3},{"not_picked":["Ghostly Armor","Perfected Strike"],"picked":"Pommel Strike","floor":5},{"not_picked":["Dual Wield","Body Slam"],"picked":"Clothesline","floor":7},{"not_picked":["Perfected Strike","Armaments"],"picked":"Clothesline","floor":13},{"not_picked":["Bludgeon","Feed"],"picked":"Offering","floor":16},{"not_picked":["Reckless Charge","Sever Soul","Clash"],"picked":"SKIP","floor":18},{"not_picked":["Sword Boomerang","Clothesline"],"picked":"Wild Strike","floor":20},{"not_picked":["Clash","Shockwave"],"picked":"True Grit","floor":21},{"not_picked":["Body Slam","Iron Wave","Twin Strike"],"picked":"SKIP","floor":22},{"not_picked":["Ghostly Armor","Carnage"],"picked":"Sentinel+1","floor":24}],"player_experience":377112,"relics_obtained":[{"floor":9,"key":"Mummified Hand"},{"floor":13,"key":"FossilizedHelix"},{"floor":24,"key":"Smiling Mask"},{"floor":26,"key":"Singing Bowl"}],"event_choices":[{"cards_removed":["Strike_R"],"damage_healed":0,"gold_gain":0,"player_choice":"Card Removal","damage_taken":0,"max_hp_gain":0,"max_hp_loss":0,"event_name":"The Cleric","floor":2,"gold_loss":75},{"damage_healed":0,"gold_gain":0,"player_choice":"Entered Light","damage_taken":23,"max_hp_gain":0,"max_hp_loss":0,"event_name":"Shining Light","floor":4,"gold_loss":0,"cards_upgraded":["Defend_R","Strike_R"]},{"damage_healed":0,"gold_gain":76,"player_choice":"Gained Gold","damage_taken":0,"max_hp_gain":0,"max_hp_loss":0,"event_name":"Golden Wing","floor":14,"gold_loss":0},{"damage_healed":0,"gold_gain":0,"cards_transformed":["Strike_R","Strike_R"],"player_choice":"Transformed Cards","damage_taken":0,"max_hp_gain":0,"max_hp_loss":0,"event_name":"Designer","floor":19,"gold_loss":75,"cards_obtained":["Warcry","Hemokinesis"]},{"damage_healed":0,"gold_gain":0,"player_choice":"Paid Fearfully","damage_taken":0,"max_hp_gain":0,"max_hp_loss":0,"event_name":"Masked Bandits","floor":25,"gold_loss":196},{"damage_healed":0,"gold_gain":0,"player_choice":"0 cards matched","damage_taken":0,"max_hp_gain":0,"max_hp_loss":0,"event_name":"Match and Keep!","floor":27,"gold_loss":0,"cards_obtained":[]}],"is_beta":false,"boss_relics":[{"not_picked":["Tiny House","Velvet Choker"],"picked":"Mark of Pain"}],"items_purged_floors":[],"is_endless":false,"potions_floor_spawned":[1,3,16,18,24],"killed_by":"Gremlin Leader","ascension_level":20}}