{"host":"hlz9nytggqnehs39","time":1612235315,"event":{"mods":["BaseMod","Highlight Path","Minty Spire (QoL Compilation)","Relic Stats"],"gold_per_floor":[109,184,210,227,242,271,271,296,320,354,354,372,245,280,280,393,420,432,347,347,347,256,256,256],"floor_reached":23,"language":"ENG","playtime":1031,"items_purged":["Strike_B"],"score":348,"play_id":"5dcea1d3-f8f4-42f0-b792-56bc4b98be3d","local_time":"20210202040835","is_ascension_mode":true,"campfire_choices":[{"floor":7,"key":"REST"},{"floor":15,"key":"REST"}],"circlet_count":0,"master_deck":["Defend_B+1","Defend_B","Defend_B","Defend_B","Zap","Dualcast","Ball Lightning","Sweeping Beam+1","Undo","Steam","Core Surge","Go for the Eyes","Fission","Recycle+1","Chaos+1","Seek+1","Barrage"],"relics":["Cracked Core","Lantern","StrikeDummy","Anchor","Bronze Scales","FossilizedHelix","CeramicFish","Astrolabe","Juzu Bracelet","Orichalcum"],"acts_visited":["Exordium","TheCity"],"potions_floor_usage":[6,16,16,23],"damage_taken":[{"damage":2,"enemies":"Jaw Worm","floor":1,"turns":4},{"damage":3,"enemies":"2 Louse","floor":4,"turns":2},{"damage":11,"enemies":"Small Slimes","floor":5,"turns":3},{"damage":14,"enemies":"3 Sentries","floor":6,"turns":8},{"damage":19,"enemies":"Gremlin Nob","floor":8,"turns":4},{"damage":16,"enemies":"Lagavulin","floor":10,"turns":7},{"damage":0,"enemies":"Blue Slaver","floor":12,"turns":3},{"damage":0,"enemies":"Gremlin Nob","floor":14,"turns":3},{"damage":12,"enemies":"Slime Boss","floor":16,"turns":9},{"damage":0,"enemies":"3 Byrds","floor":18,"turns":2},{"damage":68,"enemies":"Gremlin Leader","floor":23,"turns":8}],"seed_played":"-5645059145828763669","potions_obtained":[{"floor":4,"key":"SkillPotion"},{"floor":8,"key":"PotionOfCapacity"},{"floor":10,"key":"Weak Potion"},{"floor":16,"key":"PotionOfCapacity"}],"is_trial":false,"path_per_floor":["M","?","T","M","M","E","R","E","T","E","?","M","$","E","R","B",null,"M","?","?","T","$","E"],"character_chosen":"DEFECT","items_purchased":["Dexterity Potion","Barrage","Regen Potion"],"campfire_rested":2,"item_purchase_floors":[13,22,22],"current_hp_per_floor":[73,62,62,59,48,34,58,39,39,23,7,7,7,7,31,19,66,66,66,50,50,50,0,0],"gold":256,"neow_bonus":"TEN_PERCENT_HP_BONUS","is_daily":false,"chose_seed":false,"campfire_upgraded":0,"win_rate":0.0,"timestamp":1612235315,"path_taken":["M","?","?","M","M","E","R","E","T","E","?","M","$","E","R","BOSS","M","?","?","?","$","E"],"items_purchased_type":["Potion","Card","Potion"],"build_version":"2020-12-22","purchased_purges":1,"victory":false,"max_hp_per_floor":[82,82,82,82,82,82,82,82,82,82,82,82,82,82,82,82,82,82,82,87,87,87,87,87],"relic_stats":{"counters":[11,53],"Bronze Scales":[126],"CeramicFish":45,"Astrolabe":["Recycle","Chaos","Seek"],"Juzu Bracelet":0,"Orichalcum":[12],"obtain_stats":[{"Lantern":3,"Anchor":8,"Bronze Scales":9,"CeramicFish":14,"Astrolabe":17,"Juzu Bracelet":19,"Orichalcum":21,"Cracked Core":0,"StrikeDummy":6,"FossilizedHelix":10},{"Lantern":1,"Anchor":5,"Bronze Scales":5,"CeramicFish":8,"Astrolabe":9,"Juzu Bracelet":10,"Orichalcum":10,"Cracked Core":0,"StrikeDummy":4,"FossilizedHelix":6},{"Lantern":4,"Anchor":21,"Bronze Scales":21,"CeramicFish":34,"Astrolabe":43,"Juzu Bracelet":45,"Orichalcum":45,"Cracked Core":0,"StrikeDummy":17,"FossilizedHelix":28}]},"card_choices":[{"not_picked":["Chaos","Go for the Eyes"],"picked":"Ball Lightning","floor":1},{"not_picked":["Double Energy","Rip and Tear"],"picked":"Sweeping Beam","floor":4},{"not_picked":["Cold Snap","Turbo"],"picked":"Undo","floor":5},{"not_picked":["Turbo","Beam Cell"],"picked":"Steam","floor":6},{"not_picked":["Heatsinks","Tempest"],"picked":"Core Surge","floor":8},{"not_picked":["Gash","Aggregate","Double Energy"],"picked":"SKIP","floor":10},{"not_picked":["Auto Shields","Leap"],"picked":"Go for the Eyes","floor":12},{"not_picked":["Machine Learning","Amplify","Steam"],"picked":"SKIP","floor":14},{"not_picked":["Machine Learning","Buffer"],"picked":"Fission","floor":16},{"not_picked":["Beam Cell","Gash","Stack"],"picked":"SKIP","floor":18}],"player_experience":408255,"relics_obtained":[{"floor":3,"key":"Lantern"},{"floor":6,"key":"StrikeDummy"},{"floor":8,"key":"Anchor"},{"floor":9,"key":"Bronze Scales"},{"floor":10,"key":"FossilizedHelix"},{"floor":14,"key":"CeramicFish"},{"floor":21,"key":"Orichalcum"}],"event_choices":[{"damage_healed":0,"gold_gain":75,"player_choice":"Gather Gold","damage_taken":11,"max_hp_gain":0,"max_hp_loss":0,"event_name":"World of Goop","floor":2,"gold_loss":0},{"damage_healed":0,"gold_gain":0,"player_choice":"Entered Light","damage_taken":16,"max_hp_gain":0,"max_hp_loss":0,"event_name":"Shining Light","floor":11,"gold_loss":0,"cards_upgraded":["Sweeping Beam","Defend_B"]},{"damage_healed":0,"gold_gain":0,"player_choice":"Obtained Relic","damage_taken":0,"relics_obtained":["Juzu Bracelet"],"max_hp_gain":0,"max_hp_loss":0,"event_name":"Addict","floor":19,"gold_loss":85},{"damage_healed":0,"gold_gain":0,"player_choice":"Shed Blood","damage_taken":21,"max_hp_gain":5,"max_hp_loss":0,"event_name":"Forgotten Altar","floor":20,"gold_loss":0}],"is_beta":false,"boss_relics":[{"not_picked":["Snecko Eye","SacredBark"],"picked":"Astrolabe"}],"items_purged_floors":[13],"is_endless":false,"potions_floor_spawned":[4,8,10,16],"killed_by":"Gremlin Leader","ascension_level":9}}