{"host":"l7l2v2zs4hqku4vk","time":1612276774,"event":{"mods":["Act Like it!","BaseMod","Colored Powertips","Highlight Path","Minty Spire (QoL Compilation)","Replay The Spire","RumiaBox-露米娅的神秘盒子","StSLib","TestMod","The Servant 0.9.4","篝火指南"],"gold_per_floor":[114,114,124,141,141,141,157,189,189,202,213,213,229,241,241,312,312,328,340,20,35,35,65,83,114,114,14,46,46,57,90,90,167,167,183,220,234,234,252,279,297,297,347,347,347],"floor_reached":44,"language":"ZHS","playtime":4566,"items_purged":[],"score":1398,"play_id":"562721a6-c44f-44b9-873a-b4ff235d22cf","local_time":"20210202223934","is_ascension_mode":true,"campfire_choices":[{"data":"Armaments","floor":6.0,"key":"SMITH"},{"data":"Battle Trance","floor":12.0,"key":"SMITH"},{"data":"Immolate","floor":15.0,"key":"SMITH"},{"data":"Hemogenesis","floor":29,"key":"SMITH"},{"floor":32,"key":"RECALL"},{"data":"testmod-ConditionedReflex","floor":42,"key":"SMITH"}],"circlet_count":0,"master_deck":["AscendersBane","Strike_R","Strike_R","Strike_R","Defend_R","Defend_R","Defend_R","Defend_R","Abandon","Perfected Strike","Perfected Strike","Immolate+1","Perfected Strike","Armaments+1","Wild Strike","Battle Trance+1","Perfected Strike","Power Through","Wild Strike","Rage","Shrug It Off","Wild Strike","Hemogenesis+1","Twin Strike","testmod-ConditionedReflex+1","Pommel Strike+1","Offering","Pommel Strike","Dark Embrace+1"],"relics":["Burning Blood","testmod-TestBox","testmod-IncinerationGenerator","FaceOfCleric","Counterbalance","Replay:Grab Bag","Coffee Dripper","Ooze Armor","testmod-StringDisintegrator","testmod-RealStoneCalender","ReplayTheSpireMod:Shallot","GodSword5","testmod-Fortitude","Orichalcum","The Courier","Replay:Bronze Core","Paper Frog","Mercury Hourglass","SSSystem"],"acts_visited":["Exordium","TheCity","TheBeyond"],"potions_floor_usage":[25,33,33,33,37,44],"damage_taken":[{"damage":0.0,"enemies":"2 Louse","floor":1.0,"turns":4.0},{"damage":0.0,"enemies":"Cultist","floor":3.0,"turns":2.0},{"damage":0.0,"enemies":"Small Slimes","floor":4.0,"turns":2.0},{"damage":16.0,"enemies":"Exordium Wildlife","floor":7.0,"turns":4.0},{"damage":6.0,"enemies":"Gremlin Nob","floor":8.0,"turns":3.0},{"damage":17.0,"enemies":"Exordium Thugs","floor":10.0,"turns":4.0},{"damage":8.0,"enemies":"Blue Slaver","floor":11.0,"turns":2.0},{"damage":0.0,"enemies":"2 Fungi Beasts","floor":13.0,"turns":1.0},{"damage":0.0,"enemies":"Exordium Thugs","floor":14.0,"turns":2.0},{"damage":15.0,"enemies":"Slime Boss","floor":16.0,"turns":6.0},{"damage":20,"enemies":"Shell Parasite","floor":18,"turns":2},{"damage":15,"enemies":"3 Byrds","floor":19,"turns":5},{"damage":31,"enemies":"Cultist and Chosen","floor":21,"turns":4},{"damage":13,"enemies":"Slavers","floor":23,"turns":3},{"damage":0,"enemies":"Snecko","floor":24,"turns":3},{"damage":6,"enemies":"Gremlin Leader","floor":25,"turns":5},{"damage":24,"enemies":"Book of Stabbing","floor":28,"turns":4},{"damage":0,"enemies":"Sentry and Sphere","floor":30,"turns":3},{"damage":8,"enemies":"Replay:Snechameleon","floor":31,"turns":3},{"damage":22,"enemies":"Pondfish","floor":33,"turns":7},{"damage":0,"enemies":"Orb Walker","floor":35,"turns":2},{"damage":31,"enemies":"3 Darklings","floor":37,"turns":3},{"damage":37,"enemies":"Writhing Mass","floor":39,"turns":4},{"damage":40,"enemies":"R_Hoarder","floor":40,"turns":6},{"damage":18,"enemies":"Transient","floor":41,"turns":6},{"damage":60,"enemies":"Reptomancer","floor":44,"turns":4}],"seed_played":"6089418460876176136","potions_obtained":[{"floor":1.0,"key":"Block Potion"},{"floor":8.0,"key":"EssenceOfSteel"},{"floor":21,"key":"BlessingOfTheForge"},{"floor":30,"key":"BloodPotion"},{"floor":31,"key":"EntropicBrew"},{"floor":36,"key":"BloodPotion"},{"floor":37,"key":"LiquidMemories"}],"is_trial":false,"path_per_floor":["M","?","M","M","?","R","M","E","T","M","M","R","M","M","R","B",null,"M","M","$","M","$","E","M","E","T","$","E","R","M","E","R","B",null,"M","?","M","?","M","E","M","R","T","E"],"character_chosen":"IRONCLAD","items_purchased":["testmod-RealStoneCalender","testmod-ConditionedReflex"],"campfire_rested":0,"item_purchase_floors":[20,27],"current_hp_per_floor":[56,56,62,68,68,68,59,60,60,50,49,49,56,63,63,55,75,62,54,54,30,30,24,36,37,37,37,27,27,35,35,35,53,89,93,56,65,65,46,24,27,27,27,0,0],"gold":347,"neow_bonus":"TRANSFORM_TWO_CARDS","is_daily":false,"chose_seed":false,"campfire_upgraded":5,"win_rate":0.0,"timestamp":1612276774,"path_taken":["M","?","?","M","?","R","M","E","T","M","M","R","M","?","R","BOSS","M","M","$","M","$","E","M","E","T","$","E","R","M","E","R","BOSS","M","?","M","?","M","E","M","R","T","E"],"items_purchased_type":["Relic","Card"],"build_version":"2020-12-22","purchased_purges":0,"victory":false,"max_hp_per_floor":[75,75,75,75,75,75,76,77,77,78,79,79,80,81,81,82,82,83,84,84,85,85,86,87,88,88,88,89,89,90,91,91,92,92,93,93,94,94,95,96,97,97,97,97,97],"card_choices":[{"not_picked":["Flex","Cleave"],"picked":"Perfected Strike","floor":1.0},{"not_picked":["Iron Wave","True Grit"],"picked":"Perfected Strike","floor":3.0},{"not_picked":["Perfected Strike","Havoc"],"picked":"Armaments","floor":4.0},{"not_picked":["Sever Soul","Sword Boomerang","Seeing Red"],"picked":"SKIP","floor":7.0},{"not_picked":["Wild Strike","Infernal Blade","Rupture"],"picked":"SKIP","floor":8.0},{"not_picked":["Infernal Blade","Rupture"],"picked":"Wild Strike","floor":8.0},{"not_picked":["Sever Soul","Sword Boomerang"],"picked":"Battle Trance","floor":10.0},{"not_picked":["Offering","Pommel Strike"],"picked":"Perfected Strike","floor":11.0},{"not_picked":["Bloodletting","ReplayTheSpireMod:Strike From Hell"],"picked":"Power Through","floor":13.0},{"not_picked":["Burning Pact","Sword Boomerang"],"picked":"Wild Strike","floor":14.0},{"not_picked":["ReplayTheSpireMod:Muscle Training","Cleave+1"],"picked":"Rage","floor":18},{"not_picked":["Headbutt","Replay:Undeath\u0027s Touch"],"picked":"Shrug It Off","floor":19},{"not_picked":["Second Wind","Battle Trance"],"picked":"Wild Strike","floor":21},{"not_picked":["Thunderclap","Blood for Blood"],"picked":"Hemogenesis","floor":23},{"not_picked":["Rupture","Flex"],"picked":"Twin Strike","floor":24},{"not_picked":["Iron Wave","Clash","Carnage"],"picked":"SKIP","floor":25},{"not_picked":["Havoc","Blood for Blood","Pummel"],"picked":"SKIP","floor":28},{"not_picked":["Headbutt","Battle Trance","Warcry"],"picked":"SKIP","floor":30},{"not_picked":["Replay:Many Hands","Uppercut"],"picked":"Pommel Strike+1","floor":31},{"not_picked":["Exhume","Limit Break"],"picked":"Offering","floor":33},{"not_picked":["Headbutt","Replay:Undeath\u0027s Touch+1"],"picked":"Pommel Strike","floor":35},{"not_picked":["Intimidate+1","Combust+1","Dark Embrace+1"],"picked":"SKIP","floor":37},{"not_picked":["Intimidate+1","Combust+1"],"picked":"Dark Embrace+1","floor":37},{"not_picked":["Blood for Blood","Anger","Headbutt+1"],"picked":"SKIP","floor":39},{"not_picked":["Thunderclap+1","Carnage","True Grit+1"],"picked":"SKIP","floor":40},{"not_picked":["Warcry+1","Blood for Blood","Sever Soul"],"picked":"SKIP","floor":41}],"player_experience":1737269,"relics_obtained":[{"floor":8.0,"key":"Counterbalance"},{"floor":23,"key":"ReplayTheSpireMod:Shallot"},{"floor":25,"key":"GodSword5"},{"floor":26,"key":"testmod-Fortitude"},{"floor":28,"key":"Orichalcum"},{"floor":31,"key":"The Courier"},{"floor":36,"key":"Paper Frog"},{"floor":40,"key":"Mercury Hourglass"},{"floor":43,"key":"SSSystem"}],"event_choices":[{"damage_healed":0.0,"max_hp_gain":0.0,"max_hp_loss":0.0,"gold_gain":0.0,"event_name":"Match and Keep!","player_choice":"1 cards matched","floor":2.0,"gold_loss":0.0,"damage_taken":0.0,"cards_obtained":["Immolate"]},{"damage_healed":0.0,"max_hp_gain":0.0,"max_hp_loss":0.0,"gold_gain":0.0,"event_name":"FaceTrader","player_choice":"Trade","floor":5.0,"gold_loss":0.0,"damage_taken":0.0,"relics_obtained":["FaceOfCleric"]},{"cards_removed":["Bash"],"damage_healed":0,"gold_gain":0,"player_choice":"Removed Attack","damage_taken":0,"max_hp_gain":0,"max_hp_loss":0,"event_name":"Falling","floor":38,"gold_loss":0}],"is_beta":false,"boss_relics":[{"not_picked":["Kintsugi","testmod-DreamHouse"],"picked":"Replay:Grab Bag"},{"not_picked":["Busted Crown","ChewingGum"],"picked":"Coffee Dripper"},{"not_picked":["Fusion Hammer","Velvet Choker"],"picked":"Ooze Armor"},{"not_picked":["Honey Jar","Empty Cage"],"picked":"testmod-StringDisintegrator"},{"not_picked":["SoulBox","Replay:Drink Me"],"picked":"Replay:Bronze Core"}],"items_purged_floors":[],"is_endless":false,"potions_floor_spawned":[1,8,14,16,19,21,23,30,31,37,40,41],"killed_by":"Reptomancer","ascension_level":20}}