{"host":"a1eatafr7pisesky","time":1612269176,"event":{"mods":["AchievementEnabler","BaseMod","Colored Map","Keyboard Shortcuts","Minty Spire (QoL Compilation)","Say the Spire","StSLib","SuperFastMode","everything is the same but u backflip on backflip"],"gold_per_floor":[109,284,584,2,22,48,48,58,58,74,103,114,127,156,156,227,227,242,242,260,4,4,4,36,36,61,92,106,106,116,64,64,138,138,153,3,17,17,30,58,58,90,144,170,170,201,201,201,201,201,201,201,4,35,35],"floor_reached":56,"language":"KOR","playtime":1462,"items_purged":["Doubt","Defend_R"],"score":2146,"play_id":"9e59b944-2076-4b30-8b19-1a9707f18c33","local_time":"20210202213256","is_ascension_mode":true,"campfire_choices":[{"data":"Battle Trance","floor":7.0,"key":"SMITH"},{"data":"Shockwave","floor":15.0,"key":"SMITH"},{"data":"J.A.X.","floor":23.0,"key":"SMITH"},{"data":"Armaments","floor":25.0,"key":"SMITH"},{"data":"Dual Wield","floor":29.0,"key":"SMITH"},{"data":"Limit Break","floor":32.0,"key":"SMITH"},{"data":"Perfected Strike","floor":41.0,"key":"SMITH"},{"floor":45.0,"key":"REST"},{"floor":49.0,"key":"RECALL"},{"data":"Reaper","floor":52.0,"key":"SMITH"}],"circlet_count":0,"master_deck":["AscendersBane","Strike_R","Strike_R","Strike_R","Strike_R","Strike_R","Defend_R","Defend_R","Defend_R","Bash","Battle Trance+1","Anger","Sword Boomerang","Whirlwind+1","Shockwave+1","Reaper+1","Offering","J.A.X.+1","Armaments+1","Flex","Perfected Strike+1","Dual Wield+1","Limit Break+1","Offering","Heavy Blade+1","Master of Strategy","Perfected Strike","Double Tap","Offering","True Grit+1"],"relics":["Black Blood","NeowsBlessing","Old Coin","Orichalcum","OrangePellets","Centennial Puzzle","Strawberry","Matryoshka","Question Card","Potion Belt","Akabeko","Pocketwatch","PreservedInsect","StrikeDummy","Red Skull","SacredBark","Bag of Preparation","Happy Flower","Blue Candle","Dream Catcher","Anchor","Bag of Marbles","Boot","Letter Opener"],"acts_visited":["Exordium","TheCity","TheBeyond","TheEnding"],"potions_floor_usage":[55,55,55],"damage_taken":[{"damage":0.0,"enemies":"Cultist","floor":1.0,"turns":1.0},{"damage":0.0,"enemies":"Small Slimes","floor":5.0,"turns":1.0},{"damage":0.0,"enemies":"Gremlin Nob","floor":6.0,"turns":1.0},{"damage":2.0,"enemies":"Jaw Worm","floor":8.0,"turns":3.0},{"damage":0.0,"enemies":"Lots of Slimes","floor":10.0,"turns":3.0},{"damage":19.0,"enemies":"3 Sentries","floor":11.0,"turns":4.0},{"damage":1.0,"enemies":"3 Louse","floor":12.0,"turns":2.0},{"damage":10.0,"enemies":"Exordium Thugs","floor":13.0,"turns":4.0},{"damage":18.0,"enemies":"Lagavulin","floor":14.0,"turns":5.0},{"damage":64.0,"enemies":"Slime Boss","floor":16.0,"turns":17.0},{"damage":23.0,"enemies":"Spheric Guardian","floor":18.0,"turns":4.0},{"damage":9.0,"enemies":"3 Byrds","floor":20.0,"turns":4.0},{"damage":28.0,"enemies":"Gremlin Leader","floor":24.0,"turns":4.0},{"damage":26.0,"enemies":"Book of Stabbing","floor":27.0,"turns":3.0},{"damage":21.0,"enemies":"Snake Plant","floor":28.0,"turns":2.0},{"damage":11.0,"enemies":"Chosen and Byrds","floor":30.0,"turns":2.0},{"damage":132.0,"enemies":"Automaton","floor":33.0,"turns":8.0},{"damage":9.0,"enemies":"Orb Walker","floor":35.0,"turns":1.0},{"damage":11.0,"enemies":"3 Darklings","floor":37.0,"turns":2.0},{"damage":49.0,"enemies":"4 Shapes","floor":39.0,"turns":3.0},{"damage":30.0,"enemies":"Giant Head","floor":40.0,"turns":5.0},{"damage":9.0,"enemies":"Reptomancer","floor":42.0,"turns":2.0},{"damage":32.0,"enemies":"Giant Head","floor":44.0,"turns":4.0},{"damage":37.0,"enemies":"Nemesis","floor":46.0,"turns":3.0},{"damage":106.0,"enemies":"Donu and Deca","floor":50.0,"turns":5.0},{"damage":50.0,"enemies":"Shield and Spear","floor":54.0,"turns":4.0},{"damage":89,"enemies":"The Heart","floor":55,"turns":5}],"seed_played":"3495448831793415206","potions_obtained":[{"floor":6.0,"key":"SpeedPotion"},{"floor":10.0,"key":"DistilledChaos"},{"floor":11.0,"key":"Ancient Potion"},{"floor":12.0,"key":"DistilledChaos"},{"floor":18.0,"key":"Fruit Juice"},{"floor":24.0,"key":"LiquidBronze"},{"floor":39.0,"key":"LiquidBronze"},{"floor":40.0,"key":"DuplicationPotion"},{"floor":42.0,"key":"Energy Potion"}],"is_trial":false,"path_per_floor":["M","?","?","$","M","E","R","M","T","M","E","M","M","E","R","B",null,"M","?","M","$","?","R","E","R","T","E","M","R","M","$","R","B",null,"M","$","M","?","M","E","R","E","T","E","R","E","?","?","R","B",null,"R","$","E","B",null],"character_chosen":"IRONCLAD","items_purchased":["Orichalcum","OrangePellets","Centennial Puzzle","AttackPotion","Akabeko","Energy Potion","Bag of Preparation","SkillPotion","Boot"],"campfire_rested":1,"item_purchase_floors":[4,4,4,4,21,31,36,53,53],"current_hp_per_floor":[74,74,71,71,75,82,82,82,82,82,69,74,70,64,64,10,64,53,53,74,74,74,74,58,58,58,57,53,53,81,81,81,30,73,76,76,77,77,59,41,41,44,44,24,50,37,37,76,76,22,63,63,63,50,13],"gold":35,"neow_bonus":"THREE_ENEMY_KILL","is_daily":false,"chose_seed":false,"campfire_upgraded":8,"win_rate":0.0,"timestamp":1612269176,"path_taken":["M","?","?","?","?","E","R","M","T","M","E","M","M","E","R","BOSS","M","?","M","$","?","R","E","R","T","E","M","R","M","$","R","BOSS","M","$","M","?","M","E","R","E","T","E","R","E","?","?","R","BOSS","R","$","E","BOSS"],"items_purchased_type":["Relic","Relic","Relic","Potion","Relic","Potion","Relic","Potion","Relic"],"build_version":"2020-12-22","purchased_purges":2,"victory":true,"max_hp_per_floor":[75,75,75,75,75,82,82,82,82,82,82,82,82,82,82,82,82,82,82,82,82,82,82,82,82,82,82,87,87,87,87,87,87,87,87,87,87,87,87,87,87,87,87,87,87,87,87,76,76,76,76,76,76,76,76],"card_choices":[{"not_picked":["Clash","Warcry"],"picked":"Battle Trance","floor":1.0},{"not_picked":["Clothesline","Reckless Charge"],"picked":"Anger","floor":5.0},{"not_picked":["Iron Wave","Double Tap"],"picked":"Sword Boomerang","floor":6.0},{"not_picked":["Intimidate","True Grit"],"picked":"Whirlwind","floor":8.0},{"not_picked":["Hemokinesis","Rampage"],"picked":"Shockwave","floor":10.0},{"not_picked":["Shockwave","Perfected Strike","Havoc"],"picked":"SKIP","floor":11.0},{"not_picked":["Headbutt","Infernal Blade","Carnage","Uppercut"],"picked":"SKIP","floor":12.0},{"not_picked":["Ghostly Armor","Pummel","Warcry"],"picked":"Reaper","floor":13.0},{"not_picked":["Clash","Heavy Blade","Cleave","Pommel Strike"],"picked":"SKIP","floor":14.0},{"not_picked":["Reaper","Fiend Fire","Demon Form"],"picked":"Offering","floor":16.0},{"not_picked":["Pummel","Havoc","Power Through","Dual Wield"],"picked":"SKIP","floor":18.0},{"not_picked":["Metallicize","Sentinel","Iron Wave"],"picked":"Armaments","floor":20.0},{"not_picked":["Sword Boomerang","Thunderclap","Heavy Blade"],"picked":"Flex","floor":24.0},{"not_picked":["Armaments","Demon Form","Shrug It Off"],"picked":"Perfected Strike","floor":27.0},{"not_picked":["Carnage","Ghostly Armor","Wild Strike"],"picked":"Dual Wield","floor":28.0},{"not_picked":["Cleave","Sword Boomerang","Shrug It Off"],"picked":"Limit Break","floor":30.0},{"not_picked":["Brutality","Juggernaut","Immolate"],"picked":"Offering","floor":33.0},{"not_picked":["Sword Boomerang+1","Armaments","Warcry+1"],"picked":"Heavy Blade+1","floor":35.0},{"not_picked":["Armaments","Clash","Headbutt+1"],"picked":"Perfected Strike","floor":37.0},{"not_picked":["Forethought","Metamorphosis","Blind"],"picked":"Master of Strategy","floor":38.0},{"not_picked":["Thunderclap","Cleave","Havoc+1"],"picked":"Perfected Strike","floor":39.0},{"not_picked":["Flex","Sentinel","Thunderclap+1","Iron Wave+1"],"picked":"SKIP","floor":40.0},{"not_picked":["Sword Boomerang","Fire Breathing+1","Clothesline"],"picked":"Double Tap","floor":42.0},{"not_picked":["Clash","Iron Wave","Bludgeon","Warcry"],"picked":"SKIP","floor":44.0},{"not_picked":["Clash","Hemokinesis","Uppercut"],"picked":"Offering","floor":46.0},{"not_picked":["Dual Wield","Clothesline","Feel No Pain"],"picked":"True Grit+1","floor":54.0}],"player_experience":392204,"relics_obtained":[{"floor":6.0,"key":"Strawberry"},{"floor":9.0,"key":"Matryoshka"},{"floor":11.0,"key":"Question Card"},{"floor":14.0,"key":"Potion Belt"},{"floor":24.0,"key":"Pocketwatch"},{"floor":26.0,"key":"PreservedInsect"},{"floor":26.0,"key":"StrikeDummy"},{"floor":27.0,"key":"Red Skull"},{"floor":40.0,"key":"Happy Flower"},{"floor":42.0,"key":"Blue Candle"},{"floor":43.0,"key":"Dream Catcher"},{"floor":44.0,"key":"Anchor"},{"floor":46.0,"key":"Bag of Marbles"},{"floor":54.0,"key":"Letter Opener"}],"event_choices":[{"damage_healed":0.0,"max_hp_gain":0.0,"max_hp_loss":0.0,"gold_gain":175.0,"event_name":"Liars Game","player_choice":"AGREE","floor":2.0,"gold_loss":0.0,"damage_taken":0.0,"cards_obtained":["Doubt"]},{"damage_healed":0.0,"max_hp_gain":0.0,"max_hp_loss":0.0,"gold_gain":0.0,"event_name":"Scrap Ooze","player_choice":"Success","floor":3.0,"gold_loss":0.0,"damage_taken":3.0,"relics_obtained":["Old Coin"]},{"damage_healed":0.0,"max_hp_gain":0.0,"max_hp_loss":0.0,"gold_gain":0.0,"event_name":"Drug Dealer","player_choice":"Obtain J.A.X.","floor":19.0,"gold_loss":0.0,"damage_taken":0.0,"cards_obtained":["J.A.X."]},{"damage_healed":0.0,"max_hp_gain":0.0,"max_hp_loss":0.0,"gold_gain":0.0,"event_name":"Upgrade Shrine","player_choice":"Upgraded","floor":22.0,"gold_loss":0.0,"damage_taken":0.0,"cards_upgraded":["Whirlwind"]},{"damage_healed":0.0,"max_hp_gain":0.0,"max_hp_loss":0.0,"gold_gain":0.0,"event_name":"SensoryStone","player_choice":"Memory 1","floor":38.0,"gold_loss":0.0,"damage_taken":0.0},{"cards_removed":["Perfected Strike"],"damage_healed":0.0,"max_hp_gain":0.0,"max_hp_loss":0.0,"gold_gain":0.0,"event_name":"Falling","player_choice":"Removed Attack","floor":47.0,"gold_loss":0.0,"damage_taken":0.0},{"damage_healed":76.0,"max_hp_gain":0.0,"max_hp_loss":11.0,"gold_gain":0.0,"event_name":"The Moai Head","player_choice":"Heal","floor":48.0,"gold_loss":0.0,"damage_taken":0.0}],"is_beta":false,"boss_relics":[{"not_picked":["Cursed Key","Pandora\u0027s Box"],"picked":"Black Blood"},{"not_picked":["Black Star","Mark of Pain"],"picked":"SacredBark"}],"items_purged_floors":[4,21],"is_endless":false,"potions_floor_spawned":[6,10,11,12,18,24,39,40,42,46],"ascension_level":14}}