{"host":"106a9i1yxyuuvaq3","time":1612308134,"event":{"mods":["2.2 Compatiblity","A Magickal Journey","AchievementEnabler","Act Like it!","AlwaysNeverKeys","Astrologer","BaseMod","Better Altar","Better Match","Better Note","Better Sensory Stone","Better Skull","Better Third Choice","BetterRewards","Colored Map","Colored Powertips","Defuse TimeMaze Blight","Friendly Minions","Gensokyo","Highlight Path","Hubris","Infinite Spire","KinomotoSakuraMod(????)","LagranYue(???·?)","Lobotomy","Minty Spire (QoL Compilation)","Prisma Mod","Quick Restart","Random Character Button","Relic Filter","Relic Sorter","Replay The Spire","Spicy Shops","StSLib","SuperFastMode","Unceasing Turn Reminder","Waifu the Spire"],"gold_per_floor":[113,133,149,161,178,206,219,252,302,302,302],"floor_reached":10,"language":"ENG","playtime":1069,"items_purged":[],"score":107,"play_id":"3fa1d7db-b46d-42a0-873b-5c843e77fd9f","local_time":"20210203002214","is_ascension_mode":false,"campfire_choices":[],"circlet_count":0,"master_deck":["SakuraCardTheBubbles+","ClowCardTheSword","ClowCardTheSword","ClowCardTheSword","ClowCardTheSword","ClowCardTheShield","ClowCardTheShield","ClowCardTheShield","ClowCardTheShield","SpellCardSeal","SpellCardRelease","ClowCardTheCloud","ClowCardTheWindy","ClowCardTheChange","ClowCardTheLight","ClowCardTheWatery","ClowCardTheFight","ClowCardTheWood","ClowCardTheThunder","ClowCardTheMirror","ClowCardTheTime"],"relics":["KSMOD_SealedBook","KSMOD_SealedWand","LagranYue:RandomDrawCardRelic","Prayer Wheel","Turnip","Replay:Wax Seal","infinitespire:Broken Mirror","Gremlin Food","infinitespire:Lucky Rock"],"acts_visited":["Exordium"],"potions_floor_usage":[10],"damage_taken":[{"damage":7.0,"enemies":"Cultist","floor":1.0,"turns":6.0},{"damage":7.0,"enemies":"2 Louse","floor":2.0,"turns":4.0},{"damage":3.0,"enemies":"Small Slimes","floor":3.0,"turns":8.0},{"damage":6.0,"enemies":"Blue Slaver","floor":4.0,"turns":9.0},{"damage":2.0,"enemies":"3 Louse","floor":5.0,"turns":7.0},{"damage":0.0,"enemies":"Replay:BlueRogue","floor":6.0,"turns":12.0},{"damage":7.0,"enemies":"2 Fungi Beasts","floor":7.0,"turns":8.0},{"damage":14.0,"enemies":"Gremlin Nob","floor":8.0,"turns":9.0},{"damage":25,"enemies":"3 Sentries","floor":10,"turns":5}],"seed_played":"-7153091851832775472","potions_obtained":[{"floor":1.0,"key":"Block Potion"},{"floor":5.0,"key":"infinitespire:BlackPotion"},{"floor":6.0,"key":"PowerPotion"},{"floor":8.0,"key":"Dexterity Potion"}],"is_trial":false,"path_per_floor":["M","M","M","M","M","E","M","E","T","E"],"character_chosen":"KINOMOTOSAKURA","items_purchased":["ClowCardTheCloud","Prayer Wheel","Turnip","Replay:Wax Seal","LifebloodPotion"],"campfire_rested":0,"item_purchase_floors":[0,0,0,0,0],"current_hp_per_floor":[63,56,53,47,45,45,38,24,24,0,0],"gold":302,"neow_bonus":"","is_daily":false,"chose_seed":false,"campfire_upgraded":0,"win_rate":0.0,"timestamp":1612308134,"path_taken":["M","?","M","M","M","E","M","E","T","E"],"items_purchased_type":["Card","Relic","Relic","Relic","Potion"],"build_version":"2020-12-22","purchased_purges":0,"victory":false,"max_hp_per_floor":[70,70,70,70,70,70,70,70,70,70,70],"card_choices":[{"not_picked":["ClowCardTheBig","ClowCardTheLibra"],"picked":"ClowCardTheWindy","floor":1.0},{"not_picked":["ClowCardTheFlower","ClowCardTheEarthy"],"picked":"ClowCardTheChange","floor":1.0},{"not_picked":["ClowCardTheLoop","ClowCardTheMirror"],"picked":"ClowCardTheLight","floor":2.0},{"not_picked":["ClowCardTheMaze","ClowCardTheLock","ClowCardTheLibra"],"picked":"SKIP","floor":2.0},{"not_picked":["ClowCardTheMaze","ClowCardTheLock","ClowCardTheLibra"],"picked":"SKIP","floor":2.0},{"not_picked":["ClowCardTheMist","ClowCardTheVoice"],"picked":"ClowCardTheWatery","floor":3.0},{"not_picked":["ClowCardTheWindy","ClowCardTheFlower"],"picked":"ClowCardTheBubbles","floor":3.0},{"not_picked":["ClowCardTheWindy","ClowCardThePower"],"picked":"ClowCardTheFight","floor":4.0},{"not_picked":["ClowCardTheLibra","ClowCardTheMist","ClowCardTheIllusion"],"picked":"SKIP","floor":4.0},{"not_picked":["ClowCardTheLibra","ClowCardTheMist","ClowCardTheIllusion"],"picked":"SKIP","floor":4.0},{"not_picked":["ClowCardTheLibra","ClowCardTheShot"],"picked":"ClowCardTheWood","floor":5.0},{"not_picked":["ClowCardTheSleep","ClowCardTheLittle","ClowCardTheMist"],"picked":"SKIP","floor":5.0},{"not_picked":["ClowCardTheLight","ClowCardTheErase"],"picked":"ClowCardTheThunder","floor":6.0},{"not_picked":["ClowCardTheRain","ClowCardTheMaze"],"picked":"ClowCardTheMirror","floor":7.0},{"not_picked":["ClowCardTheRain","ClowCardThePower","ClowCardTheDream"],"picked":"SKIP","floor":7.0},{"not_picked":["ClowCardTheLock","ClowCardTheRain"],"picked":"ClowCardTheTime","floor":8.0}],"player_experience":181929,"relics_obtained":[{"floor":6.0,"key":"infinitespire:Broken Mirror"},{"floor":8.0,"key":"Gremlin Food"},{"floor":9.0,"key":"infinitespire:Lucky Rock"}],"event_choices":[],"is_beta":false,"boss_relics":[],"items_purged_floors":[],"is_endless":false,"potions_floor_spawned":[1,5,6,8],"killed_by":"3 Sentries","ascension_level":0}}