{"host":"utqe55yv0jihe4d6","time":1612308686,"event":{"mods":["2.2 Compatiblity","AchievementEnabler","BaseMod","Block Reminder","Colored Map","Colored Powertips","Minty Spire (QoL Compilation)","Quick Restart","Rare Cards Sparkle","Relic Stats","SuperFastMode"],"gold_per_floor":[114,114,131,141,158,158,171,198,222,222,234,64,64,107,119,224,236,262,199,229,77,77,77],"floor_reached":22,"language":"ENG","playtime":669,"items_purged":["Decay"],"score":392,"play_id":"9ac9ced0-873c-4851-8151-80726f3418be","local_time":"20210202183126","is_ascension_mode":true,"campfire_choices":[{"data":"True Grit","floor":6,"key":"SMITH"},{"data":"Corruption","floor":10,"key":"SMITH"},{"floor":15,"key":"REST"}],"circlet_count":0,"master_deck":["AscendersBane","Strike_R","Strike_R","Strike_R","Strike_R","Defend_R","Defend_R","Defend_R","Defend_R","Bash","Twin Strike","True Grit+1","Flex","Iron Wave","Pommel Strike","Corruption+1","Wild Strike","Inflame","Shrug It Off","Double Tap","Reaper","Blood for Blood"],"relics":["Cursed Key","Lizard Tail","Orichalcum","Golden Idol","MawBank","Mark of Pain","Oddly Smooth Stone"],"acts_visited":["Exordium","TheCity"],"potions_floor_usage":[8,14,16],"damage_taken":[{"damage":2,"enemies":"Jaw Worm","floor":1,"turns":3},{"damage":1,"enemies":"Cultist","floor":3,"turns":3},{"damage":0,"enemies":"2 Louse","floor":4,"turns":2},{"damage":14,"enemies":"Large Slime","floor":5,"turns":6},{"damage":16,"enemies":"Exordium Thugs","floor":7,"turns":6},{"damage":20,"enemies":"Lagavulin","floor":8,"turns":5},{"damage":21,"enemies":"Exordium Wildlife","floor":11,"turns":5},{"damage":6,"enemies":"3 Sentries","floor":14,"turns":8},{"damage":42,"enemies":"The Guardian","floor":16,"turns":15},{"damage":19,"enemies":"Spheric Guardian","floor":18,"turns":4},{"damage":38,"enemies":"Chosen","floor":20,"turns":7},{"damage":25,"enemies":"Shelled Parasite and Fungi","floor":22,"turns":1}],"seed_played":"8483846963464311402","potions_obtained":[{"floor":1,"key":"Regen Potion"},{"floor":3,"key":"DuplicationPotion"},{"floor":4,"key":"DistilledChaos"},{"floor":11,"key":"Block Potion"},{"floor":20,"key":"Fire Potion"}],"is_trial":false,"path_per_floor":["M","?","M","M","M","R","M","E","T","R","M","$","?","E","R","B",null,"M","?","M","$","M"],"character_chosen":"IRONCLAD","items_purchased":["Inflame","Shrug It Off","Oddly Smooth Stone"],"campfire_rested":1,"item_purchase_floors":[12,12,21],"current_hp_per_floor":[66,75,74,74,60,60,44,36,36,36,15,15,15,9,29,26,58,47,47,12,12,0,0],"gold":77,"neow_bonus":"BOSS_RELIC","is_daily":false,"chose_seed":false,"campfire_upgraded":2,"win_rate":0.0,"timestamp":1612308686,"path_taken":["M","?","M","M","?","R","M","E","T","R","M","$","?","E","R","BOSS","M","?","M","$","M"],"items_purchased_type":["Card","Card","Relic"],"build_version":"2020-12-22","purchased_purges":1,"victory":false,"max_hp_per_floor":[75,75,75,75,75,75,75,75,75,75,75,75,68,68,68,68,68,68,68,68,68,68,68],"relic_stats":{"Lizard Tail":34,"counters":[12,65],"Golden Idol":35,"Orichalcum":[54],"Cursed Key":1,"MawBank":84,"obtain_stats":[{"Lizard Tail":8,"Golden Idol":13,"Oddly Smooth Stone":21,"Mark of Pain":17,"Orichalcum":9,"Cursed Key":0,"MawBank":14,"Burning Blood":0},{"Lizard Tail":6,"Golden Idol":7,"Oddly Smooth Stone":11,"Mark of Pain":9,"Orichalcum":6,"Cursed Key":0,"MawBank":8,"Burning Blood":0},{"Lizard Tail":25,"Golden Idol":30,"Oddly Smooth Stone":64,"Mark of Pain":53,"Orichalcum":25,"Cursed Key":0,"MawBank":38,"Burning Blood":0}]},"card_choices":[{"not_picked":["Blood for Blood","Power Through"],"picked":"Twin Strike","floor":1},{"not_picked":["Warcry","Iron Wave"],"picked":"True Grit","floor":3},{"not_picked":["Entrench","Rage"],"picked":"Flex","floor":4},{"not_picked":["Reckless Charge","Twin Strike"],"picked":"Iron Wave","floor":5},{"not_picked":["Bloodletting","Heavy Blade"],"picked":"Pommel Strike","floor":7},{"not_picked":["Impervious","Armaments"],"picked":"Corruption","floor":8},{"not_picked":["Body Slam","Seeing Red"],"picked":"Wild Strike","floor":11},{"not_picked":["Blood for Blood","Armaments"],"picked":"Double Tap","floor":14},{"not_picked":["Offering","Juggernaut"],"picked":"Reaper","floor":16},{"not_picked":["Headbutt","Havoc"],"picked":"Blood for Blood","floor":18},{"not_picked":["Iron Wave","Wild Strike","Headbutt"],"picked":"SKIP","floor":20}],"player_experience":2991525,"relics_obtained":[{"floor":8,"key":"Lizard Tail"},{"floor":9,"key":"Orichalcum"},{"floor":14,"key":"MawBank"}],"event_choices":[{"damage_healed":9,"gold_gain":0,"player_choice":"Full Heal","damage_taken":0,"max_hp_gain":0,"max_hp_loss":0,"event_name":"Wheel of Change","floor":2,"gold_loss":0},{"damage_healed":0,"gold_gain":0,"player_choice":"Lose Max HP","damage_taken":0,"relics_obtained":["Golden Idol"],"max_hp_gain":0,"max_hp_loss":7,"event_name":"Golden Idol","floor":13,"gold_loss":0},{"cards_removed":["Strike_R"],"damage_healed":0,"gold_gain":0,"player_choice":"Gave Gold","damage_taken":0,"max_hp_gain":0,"max_hp_loss":0,"event_name":"Beggar","floor":19,"gold_loss":75}],"is_beta":false,"boss_relics":[{"not_picked":["Runic Dome","Runic Cube"],"picked":"Mark of Pain"}],"items_purged_floors":[12],"is_endless":false,"potions_floor_spawned":[1,3,4,11,20],"killed_by":"Shelled Parasite and Fungi","ascension_level":20}}