{"host":"61y0z9o9vf3ujftj","time":1612275200,"event":{"mods":["BaseMod","Colored Map","Colored Powertips","GifTheSpireLib","HexUI Lib","Highlight Path","Minty Spire (QoL Compilation)","Relic Stats","StSLib","ojb\u0027s Info Mod"],"gold_per_floor":[113,126,201,75,95,95,125,143,166,182,196,222,222,234,234,332,332,342,361,373,386,193,193,218,229,229,18,46,46,58,92,92,197,197,235,6,6,19,30,58,58,58],"floor_reached":41,"language":"ENG","playtime":4065,"items_purged":["Strike_P","Strike_P","Strike_P","Defend_P"],"score":795,"play_id":"f42a7c0a-a9fe-4764-b4bf-afb562ac9401","local_time":"20210202081320","is_ascension_mode":true,"campfire_choices":[{"data":"Eruption","floor":6.0,"key":"SMITH"},{"data":"Blasphemy","floor":13.0,"key":"SMITH"},{"data":"TalkToTheHand","floor":15.0,"key":"SMITH"},{"floor":23.0,"key":"REST"},{"floor":29.0,"key":"REST"},{"floor":32.0,"key":"REST"}],"circlet_count":0,"master_deck":["AscendersBane","Defend_P+1","Defend_P+1","Eruption+1","Vigilance+1","BowlingBash","ForeignInfluence+1","EmptyBody+1","TalkToTheHand+1","Halt+1","CutThroughFate+1","Blasphemy+1","Crescendo","LessonLearned+1","Conclude+1","ThirdEye+1","FlurryOfBlows+1","EmptyMind+1","Wallop+1","Scrawl+1","Vengeance+1","Halt","MentalFortress"],"relics":["PureWater","Centennial Puzzle","Regal Pillow","Nunchaku","Fusion Hammer","Membership Card","Juzu Bracelet","Mummified Hand","Pen Nib","PreservedInsect","Whetstone","Happy Flower","Philosopher\u0027s Stone","Bag of Preparation","Lee\u0027s Waffle","Bronze Scales"],"acts_visited":["Exordium","TheCity","TheBeyond"],"potions_floor_usage":[],"damage_taken":[{"damage":12.0,"enemies":"Jaw Worm","floor":1.0,"turns":3.0},{"damage":0.0,"enemies":"Cultist","floor":2.0,"turns":2.0},{"damage":0.0,"enemies":"2 Louse","floor":5.0,"turns":2.0},{"damage":11.0,"enemies":"Gremlin Nob","floor":7.0,"turns":5.0},{"damage":8.0,"enemies":"Large Slime","floor":8.0,"turns":4.0},{"damage":0.0,"enemies":"2 Fungi Beasts","floor":10.0,"turns":2.0},{"damage":0.0,"enemies":"3 Louse","floor":11.0,"turns":1.0},{"damage":7.0,"enemies":"Lagavulin","floor":12.0,"turns":6.0},{"damage":7.0,"enemies":"Lots of Slimes","floor":14.0,"turns":2.0},{"damage":7.0,"enemies":"The Guardian","floor":16.0,"turns":9.0},{"damage":19.0,"enemies":"2 Thieves","floor":18.0,"turns":3.0},{"damage":0.0,"enemies":"Shell Parasite","floor":19.0,"turns":6.0},{"damage":14.0,"enemies":"Snake Plant","floor":20.0,"turns":3.0},{"damage":16.0,"enemies":"Centurion and Healer","floor":21.0,"turns":8.0},{"damage":24.0,"enemies":"Slavers","floor":24.0,"turns":4.0},{"damage":0.0,"enemies":"Cultist and Chosen","floor":25.0,"turns":4.0},{"damage":6.0,"enemies":"Gremlin Leader","floor":28.0,"turns":3.0},{"damage":12.0,"enemies":"Shelled Parasite and Fungi","floor":30.0,"turns":5.0},{"damage":7.0,"enemies":"Slavers","floor":31.0,"turns":3.0},{"damage":55.0,"enemies":"Champ","floor":33.0,"turns":9.0},{"damage":0.0,"enemies":"3 Shapes","floor":35.0,"turns":3.0},{"damage":0,"enemies":"Orb Walker","floor":38,"turns":2},{"damage":15,"enemies":"Transient","floor":39,"turns":5},{"damage":16,"enemies":"Nemesis","floor":40,"turns":5},{"damage":96,"enemies":"Writhing Mass","floor":41,"turns":5}],"seed_played":"-1997055421502880455","potions_obtained":[{"floor":1.0,"key":"SteroidPotion"},{"floor":2.0,"key":"Weak Potion"},{"floor":7.0,"key":"EssenceOfSteel"},{"floor":12.0,"key":"PowerPotion"},{"floor":19.0,"key":"Regen Potion"},{"floor":24.0,"key":"FearPotion"},{"floor":28.0,"key":"CultistPotion"}],"is_trial":false,"path_per_floor":["M","M","?","$","M","R","E","M","T","M","M","E","R","M","R","B",null,"M","M","M","M","$","R","E","M","T","$","E","R","M","E","R","B",null,"M","$","?","M","M","E","M"],"character_chosen":"WATCHER","items_purchased":["EmptyBody","Membership Card","Pen Nib","PreservedInsect","Bag of Preparation","Lee\u0027s Waffle"],"campfire_rested":3,"item_purchase_floors":[4,22,27,27,36,36],"current_hp_per_floor":[53,53,47,47,47,47,36,28,28,28,28,21,21,14,14,7,51,32,32,18,17,17,51,27,27,27,27,21,55,43,36,65,10,51,51,72,72,72,57,41,0,0],"gold":58,"neow_bonus":"REMOVE_TWO","is_daily":false,"chose_seed":false,"campfire_upgraded":3,"win_rate":0.0,"timestamp":1612275200,"path_taken":["M","M","?","$","M","R","E","M","T","M","M","E","R","M","R","BOSS","M","M","M","M","?","R","E","M","T","$","E","R","M","E","R","BOSS","M","$","?","M","M","E","M"],"items_purchased_type":["Card","Relic","Relic","Relic","Relic","Relic"],"build_version":"2020-12-22","purchased_purges":4,"victory":false,"max_hp_per_floor":[65,65,65,65,65,65,65,65,65,65,65,65,65,65,65,65,65,65,65,65,65,65,65,65,65,65,65,65,65,65,65,65,65,65,65,72,72,72,72,72,72,72],"relic_stats":{"Regal Pillow":40,"Lee\u0027s Waffle":21,"Happy Flower":[9],"counters":[25,104],"Pen Nib":[11],"PreservedInsect":138,"Juzu Bracelet":0,"Bag of Preparation":[8],"Whetstone":["FlurryOfBlows","CutThroughFate"],"Centennial Puzzle":[45],"Nunchaku":[19],"Mummified Hand":[3],"Bronze Scales":[12],"obtain_stats":[{"Regal Pillow":9,"Lee\u0027s Waffle":36,"Happy Flower":31,"Pen Nib":27,"PreservedInsect":27,"Juzu Bracelet":24,"Bag of Preparation":36,"Whetstone":28,"Centennial Puzzle":7,"Nunchaku":12,"Mummified Hand":26,"Bronze Scales":40,"Philosopher\u0027s Stone":34,"Fusion Hammer":17,"Membership Card":22,"PureWater":0},{"Regal Pillow":5,"Lee\u0027s Waffle":21,"Happy Flower":19,"Pen Nib":16,"PreservedInsect":16,"Juzu Bracelet":15,"Bag of Preparation":21,"Whetstone":17,"Centennial Puzzle":4,"Nunchaku":8,"Mummified Hand":16,"Bronze Scales":24,"Philosopher\u0027s Stone":20,"Fusion Hammer":10,"Membership Card":14,"PureWater":0},{"Regal Pillow":16,"Lee\u0027s Waffle":87,"Happy Flower":75,"Pen Nib":64,"PreservedInsect":64,"Juzu Bracelet":60,"Bag of Preparation":87,"Whetstone":67,"Centennial Puzzle":12,"Nunchaku":25,"Mummified Hand":64,"Bronze Scales":99,"Philosopher\u0027s Stone":84,"Fusion Hammer":36,"Membership Card":56,"PureWater":0}]},"card_choices":[{"not_picked":["SandsOfTime","WaveOfTheHand"],"picked":"BowlingBash","floor":1.0},{"not_picked":["Worship","Prostrate"],"picked":"ForeignInfluence","floor":2.0},{"not_picked":["FlurryOfBlows","ThirdEye"],"picked":"TalkToTheHand","floor":5.0},{"not_picked":["FlyingSleeves","Prostrate"],"picked":"Halt","floor":7.0},{"not_picked":["Perseverance","Worship","LikeWater"],"picked":"SKIP","floor":8.0},{"not_picked":["Nirvana","Fasting2"],"picked":"CutThroughFate","floor":10.0},{"not_picked":["WreathOfFlame","CrushJoints"],"picked":"Blasphemy","floor":11.0},{"not_picked":["SashWhip","FlyingSleeves"],"picked":"Wireheading","floor":12.0},{"not_picked":["LikeWater","SandsOfTime"],"picked":"Crescendo","floor":14.0},{"not_picked":["Scrawl","MasterReality"],"picked":"LessonLearned","floor":16.0},{"not_picked":["JustLucky","Protect"],"picked":"Conclude","floor":18.0},{"not_picked":["Crescendo","BowlingBash"],"picked":"ThirdEye","floor":19.0},{"not_picked":["Collect","Consecrate"],"picked":"FlurryOfBlows","floor":20.0},{"not_picked":["Crescendo+1","FlurryOfBlows","BowlingBash"],"picked":"SKIP","floor":21.0},{"not_picked":["FollowUp","ConjureBlade","FlyingSleeves+1"],"picked":"SKIP","floor":24.0},{"not_picked":["EmptyBody","FlyingSleeves","WindmillStrike"],"picked":"SKIP","floor":25.0},{"not_picked":["JustLucky","Meditate"],"picked":"EmptyMind","floor":28.0},{"not_picked":["Conclude","Tantrum"],"picked":"Wallop","floor":30.0},{"not_picked":["Evaluate","WreathOfFlame","ThirdEye"],"picked":"SKIP","floor":31.0},{"not_picked":["MasterReality","Alpha"],"picked":"Scrawl","floor":33.0},{"not_picked":["Protect+1","EmptyFist+1"],"picked":"Vengeance+1","floor":35.0},{"not_picked":["FlurryOfBlows","Protect"],"picked":"Halt","floor":38},{"not_picked":["Collect","Worship","SashWhip"],"picked":"SKIP","floor":39},{"not_picked":["Pray","FlurryOfBlows+1"],"picked":"MentalFortress","floor":40}],"player_experience":479665,"relics_obtained":[{"floor":7.0,"key":"Centennial Puzzle"},{"floor":9.0,"key":"Regal Pillow"},{"floor":12.0,"key":"Nunchaku"},{"floor":24.0,"key":"Juzu Bracelet"},{"floor":26.0,"key":"Mummified Hand"},{"floor":28.0,"key":"Whetstone"},{"floor":31.0,"key":"Happy Flower"},{"floor":40,"key":"Bronze Scales"}],"event_choices":[{"damage_healed":0.0,"max_hp_gain":0.0,"max_hp_loss":0.0,"gold_gain":75.0,"event_name":"FaceTrader","player_choice":"Touch","floor":3.0,"gold_loss":0.0,"damage_taken":6.0},{"cards_removed":["Wireheading"],"damage_healed":0.0,"max_hp_gain":0.0,"max_hp_loss":0.0,"gold_gain":0.0,"event_name":"Falling","player_choice":"Removed Power","floor":37.0,"gold_loss":0.0,"damage_taken":0.0}],"is_beta":false,"boss_relics":[{"not_picked":["Snecko Eye","Busted Crown"],"picked":"Fusion Hammer"},{"not_picked":["VioletLotus","Calling Bell"],"picked":"Philosopher\u0027s Stone"}],"items_purged_floors":[4,22,27,36],"is_endless":false,"potions_floor_spawned":[1,2,7,12,19,24,28,31,33,35,38,39],"killed_by":"Writhing Mass","ascension_level":12}}