{"host":"4ih4fq53sefgqhvb","time":1612257982,"event":{"mods":["AchievementEnabler","Aspiration","Bard","BaseMod","BetterRewards","Colored Map","Colored Powertips","Conspire","Downfall","Googly Eyes","Hermit","Highlight Path","Hubris","Infinite Spire","Jedi Mod","Jorbs\u0027s Wanderer Trilogy","Marisa????????","Mimic Mod","Minty Spire (QoL Compilation)","Quick Restart","Relic Stats","Replay The Spire","Shop Mod","StSLib","The Animator","The Cursed","The Disciple","The Jungle","The Runesmith","The Servant 0.9.4"],"gold_per_floor":[99,109,109,209,33,33,82,82,131,209,286,455,666,924,1162,1513,1513,1213,1488,1789,1789,1789,2131,2131,2131,2500,1227,1227,1583,1583,1131,1477,1905,1905,1905,2247,2588,2093,2558,2609,2655,3054,3464,3898,3898,4348,4348,4829,5321,5917,5917,5917,5097,5628,5803,6330,6884,7440,8010,8010,8010,8581,9185,8730,9329,9958,10702,10702,10702,10702],"floor_reached":68,"language":"ENG","playtime":5203,"items_purged":["jedi:thedog","hubris:Greed","SwitchThreat","hubris:Wrath"],"score":1539,"play_id":"bd8f7caf-6630-4ef2-ae17-8032b0778f1f","local_time":"20210202012622","is_ascension_mode":false,"campfire_choices":[{"floor":1,"key":"RECALL"},{"data":"Replay:SS_hec_1","floor":6,"key":"SMITH"},{"data":"hexamod:NightmareStrike","floor":8,"key":"SMITH"},{"data":"hexamod:RainOfEmbers","floor":18,"key":"SMITH"},{"floor":25,"key":"REST"},{"data":"expansioncontent:PolyBeam","floor":28,"key":"SMITH"},{"floor":30,"key":"REST"},{"data":"Secret Weapon","floor":35,"key":"SMITH"},{"floor":45,"key":"REST"},{"floor":47,"key":"REST"},{"data":"ReplayTheSpireMod:Black Plague","floor":52,"key":"SMITH"},{"floor":61,"key":"REST"}],"circlet_count":0,"master_deck":["hexamod:Strike+1","hexamod:Strike+1","hexamod:Strike+1","hexamod:Strike","hexamod:Defend+1","hexamod:Defend","hexamod:Defend","hexamod:Defend+1","hexamod:Sear+1","hexamod:Float","hexamod:NightmareStrike+1","downfall:Haunted","downfall:Haunted","hubris:Greed","hubris:Greed","Replay:SS_hec_1+1","hubris:Greed","hubris:Greed","hubris:Greed","hubris:Greed","hubris:Greed","hubris:Greed","hexamod:GhostShield","hubris:Greed","hubris:Greed","hubris:Greed","hubris:Greed","hexamod:EmpoweredFlame+1","hexamod:GiftsFromTheDead+1","hubris:Greed","hubris:Greed","hubris:Greed","hubris:Greed","hubris:Greed","hubris:Greed","hubris:Greed","hubris:Greed","hubris:Greed","hubris:Greed","hubris:Greed","hubris:Greed","hubris:Greed","hubris:Greed","hubris:Greed","hexamod:UnlimitedPower+1","hubris:Greed","hubris:Greed","hubris:Greed","hubris:Greed","hubris:Greed","hubris:Greed","hubris:Greed","hubris:Greed","hubris:Greed","hubris:Greed","hubris:Greed","hubris:Greed","hexamod:EtherealExpedition","hubris:Greed","hubris:Greed","hubris:Greed","hexamod:RainOfEmbers+1","hubris:Greed","hubris:Greed","hexamod:NightmareGuise","hubris:Greed","hubris:Greed","hubris:Greed","hubris:Greed","hubris:Greed","hubris:Greed","hexamod:ParanormalForm+1","hexamod:RecurringNightmare+1","hubris:Greed","hubris:Greed","hubris:Greed","hubris:Greed","hubris:Greed","hexamod:NecessarySacrifice+1","hubris:Greed","hubris:Greed","hubris:Greed","hubris:Greed","hubris:Greed","hubris:Greed","hubris:Greed","hexamod:RadiantFlame+1","hubris:Greed","hubris:Greed","hubris:Greed","hubris:Greed","hexamod:SixthSeal","hexamod:Rewind+1","hexamod:VolcanoVisage+1","expansioncontent:PolyBeam+1","expansioncontent:DashGenerateEvil+1","hexamod:StepThrough","hexamod:SpectersWail+1","hexamod:FastForward","hexamod:Haunt","hexamod:EmpoweredFlame+1","hexamod:CatchUp","hexamod:BurningTouch+1","hexamod:BacktrackSmack","hexamod:HauntingEcho","hexamod:AdvancingGuard","hexamod:Hexaguard","hexamod:PhantomCloak+1","Secret Weapon+1","Replay:SS_hec_1+1","hexamod:HauntingEcho+1","hexamod:GiftsFromTheDead+1","hexamod:ShieldOfDarkness+1","hubris:Greed","hubris:Greed","hubris:Greed","hexamod:ThirdSeal","hexamod:StepThrough+1","conspire:Banana+1","hexamod:RainOfEmbers","hexamod:HauntingEcho","hexamod:ShieldOfDarkness","hexamod:GhostShield","hexamod:GhostOfSpireFuture+1","expansioncontent:QuickStudy+1","hubris:Greed","hubris:Greed","hubris:Greed","hubris:Greed","ReplayTheSpireMod:Black Plague+1","hexamod:ShieldOfDarkness+1","hubris:Greed","hubris:Greed","hubris:Greed","hexamod:InspiringFlames+1","hubris:Greed","hubris:Greed","hubris:Greed","hubris:Greed","hexamod:FourthSeal","hubris:Greed","hubris:Greed","hubris:Greed","hexamod:Firestarter+1","hubris:Greed","hubris:Greed","hubris:Greed","hubris:Greed","hubris:Greed","hexamod:ThirdSeal","hubris:Greed","hubris:Greed","hubris:Greed","hexamod:Haunt","hexamod:RadiantFlame+1","hubris:Greed","hubris:Greed","hubris:Greed","hubris:Greed","hexamod:HeatShield+1","hubris:Greed","hubris:Greed","hubris:Greed","hubris:Greed","hubris:Greed","hexamod:UnleashSpirits","hexamod:UnlimitedPower+1","hubris:Greed","hubris:Greed","hubris:Greed","hexamod:GhostflameBarrier","Doubt","hexamod:RadiantFlame+1","hubris:Greed","hexamod:NightmareStrike","hubris:Greed","hubris:Greed","hubris:Greed","hubris:Greed","hubris:Greed","hubris:Greed","hubris:Greed","hubris:Greed","hexamod:HexaLevel+1","hexamod:SwordOfDarkness+1","hexamod:FastForward","hubris:Greed","hubris:Greed","hubris:Greed","hubris:Greed","hubris:Greed","hexamod:NightmareGuise","hexamod:SwordOfDarkness","hubris:Greed","hubris:Greed","hubris:Greed","hubris:Greed","hubris:Greed","hubris:Greed","hexamod:HeatMetal","hubris:Greed","hubris:Greed","hubris:Greed","hubris:Greed","hubris:Greed","hubris:Greed","hexamod:UnleashSpirits","AbeCurse"],"relics":["hexamod:SpiritBrand","jedi:crownofsimplicity","hubris:Towel","Darkstone Periapt","ReplayTheSpireMod:CursedCoin","MerchantsRug","ReplayFunnel","Smiling Mask","aspiration:SeaSaltIceCream","Lizard Tail","Frozen Egg 2","Dead Branch","downfall:HeartBlessingGreen","downfall:HeartBlessingRed","downfall:HeartBlessingBlue","Gremlin Food","hexamod:TheBrokenSeal","Red Mask","Guide Book","Ornamental Fan","hubris:CrystalStatue","Lantern","Blood Vial","BargainBundle","hubris:BlackHole","infinitespire:PuzzleCube","Frozen Eye","Torii","infinitespire:Beetle Shell","Potion Belt","Bag of Marbles","aspiration:SecretTechniqueScroll","TungstenRod","hubris:MedicalManual","DollysMirror","Toy Ornithopter","ReplayTheSpireMod:TigerMarble","downfall:ShatteredFragment","hubris:SlimyHat","jedi:cryingmask","hexamod:JarOfFuel","Abe\u0027s Treasure"],"acts_visited":["Exordium","TheCity","TheBeyond","Exordium","TheCity"],"potions_floor_usage":[12,14,26],"damage_taken":[{"damage":0,"enemies":"Jaw Worm","floor":2,"turns":3},{"damage":0,"enemies":"downfall:FleeingMerchant","floor":5,"turns":4},{"damage":11,"enemies":"2 Louse","floor":9,"turns":6},{"damage":20,"enemies":"Lagavulin","floor":10,"turns":8},{"damage":9,"enemies":"2 Louse","floor":11,"turns":4},{"damage":62,"enemies":"Gremlin Nob","floor":12,"turns":7},{"damage":16,"enemies":"Cultist","floor":13,"turns":6},{"damage":6,"enemies":"Lagavulin Event","floor":14,"turns":10},{"damage":4,"enemies":"2 Fungi Beasts","floor":15,"turns":4},{"damage":58,"enemies":"WA_ARCHETYPE_RETAIN","floor":16,"turns":8},{"damage":10,"enemies":"Chosen","floor":19,"turns":4},{"damage":6,"enemies":"Snake Plant","floor":20,"turns":3},{"damage":116,"enemies":"3 Cultists","floor":23,"turns":11},{"damage":41,"enemies":"Masked Bandits","floor":26,"turns":8},{"damage":0,"enemies":"downfall:FleeingMerchant","floor":27,"turns":4},{"damage":50,"enemies":"Slavers","floor":29,"turns":7},{"damage":12,"enemies":"downfall:FleeingMerchant","floor":31,"turns":4},{"damage":12,"enemies":"Sentry and Sphere","floor":32,"turns":5},{"damage":6,"enemies":"SI_MIRROR_ARCHETYPE","floor":33,"turns":6},{"damage":0,"enemies":"3 Shapes","floor":36,"turns":2},{"damage":0,"enemies":"3 Darklings","floor":37,"turns":2},{"damage":0,"enemies":"downfall:FleeingMerchant","floor":38,"turns":1},{"damage":0,"enemies":"infinitespire:Three Voidlings","floor":39,"turns":1},{"damage":113,"enemies":"Nightmare_Alpha","floor":39,"turns":8},{"damage":0,"enemies":"Sphere and 2 Shapes","floor":42,"turns":1},{"damage":0,"enemies":"Jaw Worm Horde","floor":43,"turns":2},{"damage":0,"enemies":"Writhing Mass","floor":44,"turns":1},{"damage":0,"enemies":"Transient","floor":46,"turns":1},{"damage":6,"enemies":"Nemesis","floor":48,"turns":1},{"damage":2,"enemies":"Sphere and 2 Shapes","floor":49,"turns":1},{"damage":0,"enemies":"IC_BLOCK_ARCHETYPE","floor":50,"turns":1},{"damage":0,"enemies":"Jaw Worm","floor":54,"turns":1},{"damage":0,"enemies":"Small Slimes","floor":56,"turns":1},{"damage":0,"enemies":"Gremlin Nob","floor":57,"turns":1},{"damage":0,"enemies":"2 Louse","floor":58,"turns":2},{"damage":0,"enemies":"2 Louse","floor":59,"turns":1},{"damage":0,"enemies":"Exordium Thugs","floor":62,"turns":1},{"damage":0,"enemies":"Blue Slaver","floor":63,"turns":1},{"damage":0,"enemies":"Red Slaver","floor":65,"turns":1},{"damage":0,"enemies":"Exordium Thugs","floor":66,"turns":1},{"damage":0,"enemies":"Fading Forest","floor":67,"turns":1}],"seed_played":"5919097791337502800","potions_obtained":[{"floor":10,"key":"hexamod:DoubleChargePotion"},{"floor":11,"key":"FairyPotion"},{"floor":12,"key":"SpeedPotion"},{"floor":13,"key":"hexamod:SoulburnPotion"},{"floor":19,"key":"Regen Potion"},{"floor":23,"key":"Elixir"},{"floor":26,"key":"LifebloodPotion"},{"floor":43,"key":"SkillPotion"},{"floor":44,"key":"Cursed Concoction"}],"is_trial":false,"path_per_floor":["R","M","?","?","$","R","T","R","MIM","E","M","E","M","?","M","B",null,"R","M","M","?","?","M","T","R","?","$","R","E","R","$","M","B",null,"R","M","M","$","?","T","T","M","M","M","R","M","R","E","M","B",null,"R","$","M","?","M","E","MIM","M","?","R","M","M","$","M","M","B",null],"character_chosen":"THE_SPIRIT","items_purchased":["ReplayTheSpireMod:CursedCoin","MerchantsRug","Replay:SS_hec_1","expansioncontent:PolyBeam","expansioncontent:DashGenerateEvil","hexamod:StepThrough","hexamod:SpectersWail","hexamod:FastForward","hexamod:Haunt","hexamod:EmpoweredFlame+1","Guide Book","Ornamental Fan","hubris:CrystalStatue","Blood Vial","BargainBundle","hexamod:BacktrackSmack","hexamod:HauntingEcho","hexamod:AdvancingGuard","hexamod:Hexaguard","hexamod:PhantomCloak+1","Secret Weapon","Replay:SS_hec_1+1","infinitespire:PuzzleCube","conspire:Banana","Frozen Eye","hexamod:RainOfEmbers","hexamod:HauntingEcho","hexamod:ShieldOfDarkness","hexamod:GhostShield","hexamod:GhostOfSpireFuture+1","expansioncontent:QuickStudy","TungstenRod","hubris:MedicalManual","DollysMirror","hubris:SlimyHat","jedi:cryingmask","hexamod:JarOfFuel"],"campfire_rested":5,"item_purchase_floors":[5,5,5,27,27,27,27,27,27,27,27,27,27,31,31,31,31,31,31,31,31,31,38,38,38,38,38,38,38,38,38,53,53,53,64,64,64],"current_hp_per_floor":[70,70,70,105,117,117,117,117,118,135,157,192,255,267,275,253,411,421,411,435,435,435,368,368,493,527,527,527,477,527,515,505,501,527,527,527,545,545,456,456,456,476,502,522,629,659,659,671,695,727,731,731,731,749,755,755,761,809,809,789,809,809,839,839,839,875,911,917,917,917],"gold":10702,"neow_bonus":"RANDOM_COMMON_RELIC","is_daily":false,"chose_seed":false,"campfire_upgraded":6,"win_rate":0.0,"timestamp":1612257982,"path_taken":["R","M","?","?","$","R","T","R","?","E","M","E","?","?","M","BOSS","R","M","M","?","?","?","T","R","?","?","R","E","R","$","M","BOSS","R","M","M","$","?","?","T","M","M","M","R","M","R","E","M","BOSS","R","$","M","?","M","E","MIM","?","?","R","M","M","$","M","M","BOSS"],"items_purchased_type":["Relic","Relic","Card","Card","Card","Card","Card","Card","Card","Card","Relic","Relic","Relic","Relic","Relic","Card","Card","Card","Card","Card","Card","Card","Relic","Card","Relic","Card","Card","Card","Card","Card","Card","Relic","Relic","Relic","Relic","Relic","Relic"],"build_version":"2020-12-22","purchased_purges":4,"victory":false,"max_hp_per_floor":[70,70,70,105,117,117,117,117,129,159,183,273,345,363,375,411,411,421,421,451,451,451,493,493,493,527,527,527,527,527,527,527,527,527,527,527,545,545,569,569,569,587,611,629,629,659,659,677,701,731,731,731,731,749,755,755,761,809,809,809,809,809,839,839,839,875,911,917,917,917],"relic_stats":{"Darkstone Periapt":822,"Blood Vial":14,"Lizard Tail":0,"Torii":0,"counters":[41,145],"Ornamental Fan":[156],"Dead Branch":[719],"Smiling Mask":225,"obtain_stats":[{"Darkstone Periapt":4,"ReplayFunnel":9,"hexamod:JarOfFuel":64,"Lantern":29,"hubris:CrystalStatue":27,"Torii":39,"downfall:HeartBlessingGreen":18,"hubris:SlimyHat":64,"Smiling Mask":9,"Blood Vial":31,"hubris:BlackHole":34,"Frozen Eye":38,"Lizard Tail":10,"downfall:HeartBlessingBlue":18,"DollysMirror":53,"jedi:cryingmask":64,"Red Mask":26,"hexamod:SpiritBrand":0,"Gremlin Food":24,"Potion Belt":41,"MerchantsRug":5,"BargainBundle":31,"downfall:ShatteredFragment":60,"downfall:HeartBlessingRed":18,"ReplayTheSpireMod:CursedCoin":5,"Dead Branch":14,"Guide Book":27,"hexamod:TheBrokenSeal":26,"infinitespire:Beetle Shell":40,"hubris:MedicalManual":53,"jedi:crownofsimplicity":0,"aspiration:SeaSaltIceCream":10,"aspiration:SecretTechniqueScroll":51,"hubris:Towel":3,"Frozen Egg 2":12,"Ornamental Fan":27,"Bag of Marbles":48,"ReplayTheSpireMod:TigerMarble":58,"infinitespire:PuzzleCube":38,"TungstenRod":53,"Toy Ornithopter":58,"Abe\u0027s Treasure":68},{"Darkstone Periapt":1,"ReplayFunnel":3,"hexamod:JarOfFuel":38,"Lantern":16,"hubris:CrystalStatue":15,"Torii":24,"downfall:HeartBlessingGreen":10,"hubris:SlimyHat":38,"Smiling Mask":3,"Blood Vial":17,"hubris:BlackHole":19,"Frozen Eye":22,"Lizard Tail":4,"downfall:HeartBlessingBlue":10,"DollysMirror":31,"jedi:cryingmask":38,"Red Mask":14,"hexamod:SpiritBrand":0,"Gremlin Food":13,"Potion Belt":24,"MerchantsRug":2,"BargainBundle":17,"downfall:ShatteredFragment":36,"downfall:HeartBlessingRed":10,"ReplayTheSpireMod:CursedCoin":2,"Dead Branch":8,"Guide Book":15,"hexamod:TheBrokenSeal":14,"infinitespire:Beetle Shell":24,"hubris:MedicalManual":31,"jedi:crownofsimplicity":0,"aspiration:SeaSaltIceCream":4,"aspiration:SecretTechniqueScroll":31,"hubris:Towel":1,"Frozen Egg 2":6,"Ornamental Fan":15,"Bag of Marbles":29,"ReplayTheSpireMod:TigerMarble":35,"infinitespire:PuzzleCube":22,"TungstenRod":31,"Toy Ornithopter":35,"Abe\u0027s Treasure":41},{"Darkstone Periapt":3,"ReplayFunnel":13,"hexamod:JarOfFuel":142,"Lantern":97,"hubris:CrystalStatue":90,"Torii":126,"downfall:HeartBlessingGreen":60,"hubris:SlimyHat":142,"Smiling Mask":13,"Blood Vial":101,"hubris:BlackHole":112,"Frozen Eye":117,"Lizard Tail":21,"downfall:HeartBlessingBlue":60,"DollysMirror":134,"jedi:cryingmask":142,"Red Mask":86,"hexamod:SpiritBrand":0,"Gremlin Food":78,"Potion Belt":126,"MerchantsRug":7,"BargainBundle":101,"downfall:ShatteredFragment":140,"downfall:HeartBlessingRed":60,"ReplayTheSpireMod:CursedCoin":7,"Dead Branch":48,"Guide Book":90,"hexamod:TheBrokenSeal":86,"infinitespire:Beetle Shell":126,"hubris:MedicalManual":134,"jedi:crownofsimplicity":0,"aspiration:SeaSaltIceCream":21,"aspiration:SecretTechniqueScroll":134,"hubris:Towel":3,"Frozen Egg 2":32,"Ornamental Fan":90,"Bag of Marbles":132,"ReplayTheSpireMod:TigerMarble":139,"infinitespire:PuzzleCube":117,"TungstenRod":134,"Toy Ornithopter":139,"Abe\u0027s Treasure":145}],"TungstenRod":1,"Toy Ornithopter":0},"card_choices":[{"not_picked":["hexamod:InspiringFlames","hexamod:SkipABeat"],"picked":"hexamod:NightmareStrike","floor":2},{"not_picked":["hexamod:HeatCrush","hexamod:ThermalTransfer","hexamod:TurnItUp"],"picked":"SKIP","floor":5},{"not_picked":["hexamod:ThirdSeal","hexamod:SecondSeal"],"picked":"hexamod:SixthSeal","floor":9},{"not_picked":["hexamod:PhantomCloak","hexamod:PhantomFireball"],"picked":"hexamod:FirstSeal","floor":9},{"not_picked":["hexamod:FirstSeal","hexamod:SixthSeal"],"picked":"hexamod:ThirdSeal","floor":10},{"not_picked":["hexamod:SwordOfDarkness","hexamod:ThermalTransfer"],"picked":"hexamod:GhostShield","floor":10},{"not_picked":["hexamod:HeatMetal","hexamod:BurningTouch"],"picked":"hexamod:EmpoweredFlame","floor":11},{"not_picked":["hexamod:SpectersWail","hexamod:ShieldOfDarkness"],"picked":"hexamod:GiftsFromTheDead","floor":11},{"not_picked":["hexamod:FirstSeal","hexamod:SecondSeal"],"picked":"hexamod:FourthSeal","floor":12},{"not_picked":["hexamod:BacktrackSmack","hexamod:ThermalTransfer"],"picked":"hexamod:UnlimitedPower","floor":12},{"not_picked":["hexamod:HeatShield","hexamod:AdvancingGuard"],"picked":"hexamod:EtherealExpedition","floor":13},{"not_picked":["hexamod:HauntingEcho","hexamod:Firestarter"],"picked":"hexamod:RainOfEmbers","floor":14},{"not_picked":["hexamod:FirstSeal","hexamod:Haunt"],"picked":"hexamod:NightmareGuise","floor":15},{"not_picked":["hexamod:FirstSeal","hexamod:FourthSeal"],"picked":"hexamod:SecondSeal","floor":16},{"not_picked":["hexamod:ApocalypseNow","hexamod:SearingWound"],"picked":"hexamod:ParanormalForm+1","floor":16},{"not_picked":["hexamod:NightmareStrike","hexamod:SuperheatedStrike"],"picked":"hexamod:RecurringNightmare","floor":19},{"not_picked":["hexamod:StepThrough+1","hexamod:SuperheatedStrike"],"picked":"hexamod:NecessarySacrifice+1","floor":20},{"not_picked":["hexamod:GhostOfSpirePast+1","hexamod:Firestarter"],"picked":"hexamod:RadiantFlame+1","floor":23},{"not_picked":["hexamod:FourthSeal","hexamod:ThirdSeal"],"picked":"hexamod:SixthSeal","floor":26},{"not_picked":["hexamod:RadiantFlame+1","hexamod:SwordOfDarkness"],"picked":"hexamod:Rewind","floor":26},{"not_picked":["hexamod:Again+1","hexamod:BurningTouch"],"picked":"hexamod:VolcanoVisage+1","floor":27},{"not_picked":["hexamod:SixthSeal","hexamod:BurningTouch"],"picked":"hexamod:CatchUp","floor":29},{"not_picked":["hexamod:HeatShield+1","hexamod:SoulSteal"],"picked":"hexamod:BurningTouch","floor":31},{"not_picked":["hexamod:SuperheatedStrike","hexamod:GhostLash+1"],"picked":"hexamod:HauntingEcho+1","floor":32},{"not_picked":["hexamod:UnlimitedPower","hexamod:TimeWarp"],"picked":"hexamod:GiftsFromTheDead+1","floor":33},{"not_picked":["hexamod:PhantomFireball","hexamod:GhostOfSpirePast+1"],"picked":"hexamod:ShieldOfDarkness+1","floor":36},{"not_picked":["hexamod:NightmareGuise","hexamod:HeatShield"],"picked":"hexamod:ThirdSeal","floor":37},{"not_picked":["hexamod:SecondSeal","hexamod:SpectersWail"],"picked":"hexamod:StepThrough+1","floor":38},{"not_picked":["infinitespire:Collect","infinitespire:SealOfDarkness+"],"picked":"ReplayTheSpireMod:Black Plague","floor":39},{"not_picked":["hexamod:HeatMetal+1","hexamod:SwordOfDarkness"],"picked":"hexamod:ShieldOfDarkness+1","floor":39},{"not_picked":["hexamod:FastForward+1","hexamod:Firestarter+1"],"picked":"hexamod:InspiringFlames+1","floor":42},{"not_picked":["hexamod:HauntingEcho","hexamod:Hexaguard"],"picked":"hexamod:FourthSeal","floor":43},{"not_picked":["hexamod:Again","hexamod:InspiringFlames"],"picked":"hexamod:Firestarter+1","floor":44},{"not_picked":["hexamod:GhostOfSpireFuture+1","hexamod:GhostLash+1"],"picked":"hexamod:ThirdSeal","floor":46},{"not_picked":["hexamod:BacktrackSmack+1","hexamod:ThermalTransfer"],"picked":"hexamod:Haunt","floor":48},{"not_picked":["hexamod:SpectralSpark+1","hexamod:SecondSeal"],"picked":"hexamod:RadiantFlame+1","floor":48},{"not_picked":["hexamod:NightmareGuise+1","hexamod:GhostLash"],"picked":"hexamod:HeatShield+1","floor":49},{"not_picked":["hexamod:SearingWound","hexamod:FifthSeal"],"picked":"hexamod:UnleashSpirits","floor":50},{"not_picked":["hexamod:Firestarter","hexamod:GhostShield"],"picked":"hexamod:GhostflameBarrier","floor":54},{"not_picked":["hexamod:SkipABeat","hexamod:EtherealExpedition"],"picked":"hexamod:RadiantFlame+1","floor":56},{"not_picked":["hexamod:ThermalTransfer","hexamod:ShieldOfDarkness"],"picked":"hexamod:NightmareStrike","floor":57},{"not_picked":["hexamod:SwordOfDarkness","hexamod:ShieldOfDarkness"],"picked":"hexamod:HexaLevel+1","floor":58},{"not_picked":["hexamod:Rewind","hexamod:HeatShield"],"picked":"hexamod:SwordOfDarkness","floor":59},{"not_picked":["hexamod:EtherealExpedition","hexamod:SkipABeat"],"picked":"hexamod:FastForward","floor":62},{"not_picked":["hexamod:FourthSeal","hexamod:SkipABeat"],"picked":"hexamod:NightmareGuise","floor":63},{"not_picked":["hexamod:HauntingEcho","hexamod:FlamesFromBeyond"],"picked":"hexamod:SwordOfDarkness","floor":65},{"not_picked":["hexamod:SwordOfDarkness","hexamod:EtherealExpedition"],"picked":"hexamod:HeatMetal","floor":66},{"not_picked":["hexamod:ApocalypticArmor+1","hexamod:GhostOfSpirePresent+1"],"picked":"hexamod:UnleashSpirits","floor":67}],"player_experience":945636,"relics_obtained":[{"floor":9,"key":"ReplayFunnel"},{"floor":9,"key":"Smiling Mask"},{"floor":10,"key":"aspiration:SeaSaltIceCream"},{"floor":12,"key":"Frozen Egg 2"},{"floor":14,"key":"Dead Branch"},{"floor":24,"key":"Gremlin Food"},{"floor":26,"key":"Red Mask"},{"floor":29,"key":"Lantern"},{"floor":39,"key":"Torii"},{"floor":40,"key":"infinitespire:Beetle Shell"},{"floor":41,"key":"Potion Belt"},{"floor":48,"key":"Bag of Marbles"},{"floor":58,"key":"Toy Ornithopter"},{"floor":58,"key":"ReplayTheSpireMod:TigerMarble"}],"event_choices":[{"damage_healed":0,"gold_gain":0,"player_choice":"Fought Bandits","damage_taken":0,"max_hp_gain":0,"max_hp_loss":0,"event_name":"Masked Bandits","floor":26,"gold_loss":0}],"is_beta":false,"boss_relics":[{"not_picked":["Velvet Choker","aspiration:MarisaSkillbook","aspiration:ServantSkillbook"]},{"not_picked":["conspire:RoyalGoblet","hubris:RunicObelisk"],"picked":"hubris:BlackHole"},{"not_picked":["aspiration:RitualDagger","hexamod:IceCube"],"picked":"aspiration:SecretTechniqueScroll"},{"not_picked":["hubris:CrackedHourglass","Empty Cage"],"picked":"Abe\u0027s Treasure"}],"items_purged_floors":[5,27,31,53],"is_endless":true,"potions_floor_spawned":[10,11,12,13,19,20,23,26,29,37,43,44,46,50,54,57,62,65],"ascension_level":0}}