{"host":"btk6hapgokl8j5e3","time":1612306041,"event":{"mods":["Act Like it!","BaseMod","BetterRewards","Colored Powertips","Friendly Minions","GifTheSpireLib","Minty Spire (QoL Compilation)","StSLib","The Animator"],"gold_per_floor":[119,119,144,155,166,166,193,210,283,283,90,90,40,115,115,225,225,242,341,146,146,126,155,184,184,264,279,317,317,332,361,361,462,462,477,266,279,310,310,347,347,376,435,501,213,227,249,33,33,37,37,37,376,442,529,602,602,90,177,269,269,23,23,23],"floor_reached":63,"language":"ENG","playtime":7814,"items_purged":["animator:Defend","animator:Tatsumaki+1","animator:ShinjiMatou+1","animator:Strike_GoblinSlayer","animator:CowGirl"],"score":922,"play_id":"b718b774-672a-4da5-a727-80f925b378a1","local_time":"20210202234721","is_ascension_mode":false,"campfire_choices":[{"data":"animator:Spearman","floor":6,"key":"SMITH"},{"data":"animator:DwarfShaman","floor":10,"key":"SMITH"},{"floor":12,"key":"REST"},{"floor":15,"key":"REST"},{"data":"animator:CowGirl","floor":25,"key":"SMITH"},{"data":"animator:MetalKnight","floor":29,"key":"SMITH"},{"data":"animator:HighElfArcher","floor":32,"key":"SMITH"},{"floor":41,"key":"RECALL"},{"floor":49,"key":"REST"},{"data":"animator:Fredrika","floor":52,"key":"SMITH"}],"circlet_count":0,"master_deck":["animator:Defend+1","animator:LizardPriest+1","animator:DwarfShaman+1","animator:Spearman+1","animator:CowGirl+1","animator:SwordMaiden+1","animator:Cocytus+1","animator:MetalKnight+1","animator:HighElfArcher+1","animator:Fredrika+1","animator:Priestess+1","animator:FielNirvalen+1","animator:Rimuru","animator:GuildGirl+1","animator:Rimuru","animator:Witch+1","animator:Kaijin+1","animator:MisakiNakahara+1","animator:Hibiki+1","animator:Kuroyukihime+1","animator:Spearman+1"],"relics":["animator:TheEgnaroPiece","animator:AncientMedallion"],"acts_visited":["Exordium","TheCity","TheBeyond","TheEnding","EYB:TheUnnamedReign"],"potions_floor_usage":[7,21,30,33,40,47,50,50,60,60,63,63],"damage_taken":[{"damage":10,"enemies":"Small Slimes","floor":1,"turns":5},{"damage":3,"enemies":"Jaw Worm","floor":3,"turns":4},{"damage":0,"enemies":"2 Louse","floor":4,"turns":3},{"damage":12,"enemies":"Red Slaver","floor":5,"turns":4},{"damage":12,"enemies":"Gremlin Nob","floor":7,"turns":5},{"damage":1,"enemies":"Exordium Wildlife","floor":8,"turns":4},{"damage":40,"enemies":"The Guardian","floor":16,"turns":11},{"damage":4,"enemies":"Shell Parasite","floor":18,"turns":4},{"damage":16,"enemies":"2 Thieves","floor":22,"turns":4},{"damage":16,"enemies":"Gremlin Leader","floor":23,"turns":9},{"damage":6,"enemies":"Centurion and Healer","floor":24,"turns":5},{"damage":0,"enemies":"Snecko","floor":27,"turns":4},{"damage":0,"enemies":"Sentry and Sphere","floor":28,"turns":5},{"damage":0,"enemies":"3 Cultists","floor":30,"turns":5},{"damage":0,"enemies":"Centurion and Healer","floor":31,"turns":6},{"damage":22,"enemies":"Automaton","floor":33,"turns":12},{"damage":0,"enemies":"3 Shapes","floor":35,"turns":8},{"damage":0,"enemies":"3 Darklings","floor":37,"turns":6},{"damage":21,"enemies":"4 Shapes","floor":38,"turns":8},{"damage":16,"enemies":"Reptomancer","floor":40,"turns":5},{"damage":0,"enemies":"Giant Head","floor":42,"turns":7},{"damage":0,"enemies":"Mind Bloom Boss Battle","floor":44,"turns":6},{"damage":0,"enemies":"Writhing Mass","floor":46,"turns":4},{"damage":0,"enemies":"Sphere and 2 Shapes","floor":47,"turns":3},{"damage":0,"enemies":"Time Eater","floor":50,"turns":7},{"damage":0,"enemies":"animator:UNNAMED_CULTIST_1","floor":54,"turns":9},{"damage":0,"enemies":"animator:UNNAMED_HAT","floor":55,"turns":15},{"damage":75,"enemies":"animator:LARGE_WISP","floor":59,"turns":9},{"damage":12,"enemies":"animator:UNNAMED_CULTIST_2","floor":60,"turns":14},{"damage":104,"enemies":"animator:ULTIMATE_CRYSTAL","floor":63,"turns":9}],"seed_played":"-8185808703361258660","potions_obtained":[{"floor":1,"key":"animator:FalseLifePotion"},{"floor":4,"key":"Weak Potion"},{"floor":8,"key":"SteroidPotion"},{"floor":18,"key":"Weak Potion"},{"floor":21,"key":"Fruit Juice"},{"floor":21,"key":"Ancient Potion"},{"floor":33,"key":"FearPotion"},{"floor":37,"key":"ColorlessPotion"},{"floor":40,"key":"Fruit Juice"},{"floor":46,"key":"Explosive Potion"},{"floor":47,"key":"SpeedPotion"},{"floor":54,"key":"animator:FalseLifePotion"},{"floor":55,"key":"animator:FalseLifePotion"},{"floor":59,"key":"animator:FalseLifePotion"},{"floor":60,"key":"animator:FalseLifePotion"}],"is_trial":false,"path_per_floor":["M","?","M","M","M","R","E","M","T","R","$","R","?","?","R","B",null,"M","?","$","?","M","E","M","R","T","M","M","R","M","M","R","B",null,"M","$","M","M","?","E","R","E","T","?","$","M","M","$","R","B",null,"R","??","M","M","T","?","$","M","M","?","$","E"],"character_chosen":"THE_ANIMATOR","items_purchased":["Membership Card","Thread and Needle","ClockworkSouvenir","Happy Flower","HandDrill","Calipers","animator:BattleDrones","animator:AncientMedallion","animator:AncientMedallion","animator:AncientMedallion"],"campfire_rested":3,"item_purchase_floors":[11,20,36,36,45,45,48,58,58,62],"current_hp_per_floor":[56,43,40,40,29,29,17,16,16,16,16,36,36,25,45,5,67,63,63,63,68,53,37,31,31,31,31,31,31,31,31,31,9,73,73,73,75,54,54,43,43,43,43,43,43,43,43,43,67,67,80,80,98,98,98,98,88,88,39,55,67,67,0,0],"gold":23,"neow_bonus":"","is_daily":false,"chose_seed":false,"campfire_upgraded":6,"win_rate":0.0,"timestamp":1612306041,"path_taken":["M","?","M","M","M","R","E","M","T","R","$","R","?","?","R","BOSS","M","?","$","?","M","E","?","R","T","M","M","R","M","M","R","BOSS","M","$","M","M","?","E","R","E","T","?","$","M","M","$","R","BOSS","R","??","M","M","T","?","$","M","M","?","$","E"],"items_purchased_type":["Relic","Relic","Relic","Relic","Relic","Relic","Relic","Relic","Relic","Relic"],"build_version":"2020-12-22","purchased_purges":5,"victory":false,"max_hp_per_floor":[66,66,66,66,67,67,67,67,67,67,67,67,67,67,67,67,67,67,67,67,72,73,73,73,73,73,73,73,73,73,73,73,73,73,73,73,75,75,75,80,80,80,80,80,80,80,80,80,80,80,80,80,98,98,98,98,98,98,98,98,98,98,98,98],"card_choices":[{"not_picked":["animator:LizardPriest","animator:NarberalGamma","animator:Melzalgald"],"picked":"SKIP","floor":1},{"not_picked":["animator:ChaikaBohdan","animator:Viivi"],"picked":"animator:Spearman","floor":3},{"not_picked":["animator:Tet","animator:Sonic","animator:MumenRider"],"picked":"SKIP","floor":4},{"not_picked":["animator:LizardPriest","animator:Spearman"],"picked":"animator:CowGirl","floor":5},{"not_picked":["animator:ChaikaBohdan","animator:Viivi","animator:DwarfShaman"],"picked":"SKIP","floor":7},{"not_picked":["animator:LizardPriest","animator:Millim","animator:EmiyaShirou"],"picked":"SKIP","floor":8},{"not_picked":["animator:Shizu","animator:Sora"],"picked":"animator:SwordMaiden","floor":16},{"not_picked":["animator:DolaSchwi","animator:Guy"],"picked":"animator:MetalKnight","floor":18},{"not_picked":["animator:LizardPriest","animator:Spearman"],"picked":"animator:HighElfArcher","floor":22},{"not_picked":["animator:MetalKnight+1","animator:Assassin","animator:Kaijin+1"],"picked":"SKIP","floor":23},{"not_picked":["animator:Guy","animator:Shalltear"],"picked":"animator:Fredrika","floor":24},{"not_picked":["animator:DolaRiku","animator:AcuraShin","animator:Benimaru"],"picked":"SKIP","floor":27},{"not_picked":["animator:GuildGirl","animator:LizardPriest"],"picked":"animator:Priestess","floor":28},{"not_picked":["animator:Shalltear","animator:Shuna+1"],"picked":"animator:CowGirl","floor":30},{"not_picked":["animator:Jibril","animator:Sora"],"picked":"animator:FielNirvalen","floor":31},{"not_picked":["animator:Albedo","animator:ChaikaTrabant"],"picked":"animator:Rimuru","floor":33},{"not_picked":["animator:Shuna+1","animator:ShinjiMatou","animator:FielNirvalen+1"],"picked":"SKIP","floor":35},{"not_picked":["animator:DwarfShaman","animator:Spearman"],"picked":"animator:GuildGirl","floor":37},{"not_picked":["animator:Demiurge","animator:Kaijin"],"picked":"animator:Rimuru","floor":38},{"not_picked":["animator:Spearman","animator:DwarfShaman","animator:Evileye"],"picked":"SKIP","floor":40},{"not_picked":["animator:Souei","animator:Rider","animator:RinTohsaka"],"picked":"SKIP","floor":42},{"not_picked":["animator:GuildGirl","animator:Priestess"],"picked":"animator:Witch","floor":46},{"not_picked":["animator:Evileye+1","animator:DolaCouronne+1","animator:ShinjiMatou"],"picked":"SKIP","floor":47},{"not_picked":["animator:NarberalGamma+1","animator:Alexander+1"],"picked":"animator:Kaijin","floor":54},{"not_picked":["animator:Shiro","animator:Gillette+1","animator:Berserker+1"],"picked":"SKIP","floor":55},{"not_picked":["animator:HououinKyouma","animator:Shimakaze"],"picked":"animator:MisakiNakahara","floor":57},{"not_picked":["animator:HarukoHaruhara","animator:Magilou"],"picked":"animator:Hibiki","floor":57},{"not_picked":["animator:MisaKurobane","animator:HarukoHaruhara"],"picked":"animator:Kuroyukihime","floor":57},{"not_picked":["animator:IzunaHatsuse+1","animator:Illya","animator:Benimaru"],"picked":"SKIP","floor":59},{"not_picked":["animator:MumenRider+1","animator:DolaRiku"],"picked":"animator:Spearman+1","floor":60}],"player_experience":439251,"relics_obtained":[{"floor":7,"key":"Omamori"},{"floor":23,"key":"Vajra"},{"floor":26,"key":"Bottled Flame"},{"floor":40,"key":"animator:Buoy"},{"floor":42,"key":"MawBank"},{"floor":43,"key":"Dream Catcher"},{"floor":44,"key":"animator:HeavyHalberd"},{"floor":53,"key":"animator:TheEgnaroPiece"},{"floor":53,"key":"animator:AncientMedallion"},{"floor":56,"key":"animator:AncientMedallion"}],"event_choices":[{"damage_healed":0,"gold_gain":0,"player_choice":"Entered Light","damage_taken":13,"max_hp_gain":0,"max_hp_loss":0,"event_name":"Shining Light","floor":2,"gold_loss":0,"cards_upgraded":["animator:Defend","animator:Defend_GoblinSlayer"]},{"cards_removed":["animator:Strike"],"damage_healed":0,"gold_gain":0,"player_choice":"Card Removal","damage_taken":0,"max_hp_gain":0,"max_hp_loss":0,"event_name":"The Cleric","floor":13,"gold_loss":50},{"damage_healed":0,"gold_gain":75,"player_choice":"Gather Gold","damage_taken":11,"max_hp_gain":0,"max_hp_loss":0,"event_name":"World of Goop","floor":14,"gold_loss":0},{"damage_healed":0,"gold_gain":99,"player_choice":"Stole From Cult","damage_taken":0,"max_hp_gain":0,"max_hp_loss":0,"event_name":"Nest","floor":19,"gold_loss":0},{"damage_healed":0,"gold_gain":0,"player_choice":"Got Potions","damage_taken":0,"max_hp_gain":0,"max_hp_loss":0,"event_name":"Lab","floor":21,"gold_loss":0},{"cards_removed":["animator:Defend_GoblinSlayer"],"damage_healed":0,"gold_gain":0,"player_choice":"Removed Skill","damage_taken":0,"max_hp_gain":0,"max_hp_loss":0,"event_name":"Falling","floor":39,"gold_loss":0},{"damage_healed":0,"gold_gain":0,"player_choice":"Fight","damage_taken":0,"max_hp_gain":0,"max_hp_loss":0,"event_name":"MindBloom","floor":44,"gold_loss":0},{"damage_healed":0,"gold_gain":0,"player_choice":"Memory 3","damage_taken":10,"max_hp_gain":0,"max_hp_loss":0,"event_name":"SensoryStone","floor":57,"gold_loss":0}],"is_beta":false,"boss_relics":[{"not_picked":["Calling Bell","Velvet Choker"],"picked":"Astrolabe"},{"not_picked":["Busted Crown","Runic Dome"],"picked":"SlaversCollar"}],"items_purged_floors":[11,20,36,45,48],"is_endless":false,"potions_floor_spawned":[1,4,8,18,27,28,33,37,40,46,47,54],"killed_by":"animator:ULTIMATE_CRYSTAL","ascension_level":0}}