{"host":"3498uni0c31c9bdm","time":1612265057,"event":{"mods":["BaseMod","Better Third Choice","Minty Spire (QoL Compilation)","Replay The Spire","StSLib"],"gold_per_floor":[119,134,145,145,157,157,189,206,206,217,217,70,70,95,95,184,247,268,268,268],"floor_reached":19,"language":"ENG","playtime":784,"items_purged":[],"score":323,"play_id":"153f9f91-6c4e-4935-a79e-02ba947e0db1","local_time":"20210202222417","is_ascension_mode":true,"campfire_choices":[{"data":"TalkToTheHand","floor":6,"key":"SMITH"},{"floor":11,"key":"REST"},{"floor":15,"key":"REST"}],"circlet_count":0,"master_deck":["AscendersBane","Strike_P","Strike_P","Strike_P","Strike_P","Defend_P","Defend_P","Defend_P","Eruption","Vigilance","CutThroughFate","Prostrate","TalkToTheHand+1","Weave","PathToVictory","Devotion","FlurryOfBlows+1","TalkToTheHand","Injury","SandsOfTime","Brilliance","SashWhip","FollowUp"],"relics":["PureWater","NeowsBlessing","Dead Branch","Girya","Bronze Scales","Golden Idol","Tiny House"],"acts_visited":["Exordium","TheCity"],"potions_floor_usage":[16,19,19],"damage_taken":[{"damage":0,"enemies":"Cultist","floor":1,"turns":1},{"damage":0,"enemies":"2 Louse","floor":2,"turns":1},{"damage":0,"enemies":"Small Slimes","floor":3,"turns":1},{"damage":1,"enemies":"Exordium Wildlife","floor":5,"turns":6},{"damage":57,"enemies":"3 Sentries","floor":7,"turns":13},{"damage":3,"enemies":"3 Louse","floor":8,"turns":3},{"damage":0,"enemies":"Large Slime","floor":10,"turns":4},{"damage":1,"enemies":"Looter","floor":14,"turns":3},{"damage":34,"enemies":"Fading Forest","floor":16,"turns":11},{"damage":13,"enemies":"3 Byrds","floor":18,"turns":3},{"damage":54,"enemies":"Masked Bandits","floor":19,"turns":4}],"seed_played":"5335567778860991040","potions_obtained":[{"floor":2,"key":"SpeedPotion"},{"floor":10,"key":"Block Potion"},{"floor":17,"key":"Languid Potion"}],"is_trial":false,"path_per_floor":["M","M","M","?","M","R","E","M","T","M","R","$","?","M","R","B",null,"M","?"],"character_chosen":"WATCHER","items_purchased":["Bronze Scales"],"campfire_rested":2,"item_purchase_floors":[12],"current_hp_per_floor":[65,65,65,65,64,64,7,4,4,4,25,25,25,24,45,19,64,51,0,0],"gold":268,"neow_bonus":"THREE_ENEMY_KILL","is_daily":false,"chose_seed":false,"campfire_upgraded":1,"win_rate":0.0,"timestamp":1612265057,"path_taken":["M","M","?","?","?","R","E","M","T","M","R","$","?","M","R","BOSS","M","?"],"items_purchased_type":["Relic"],"build_version":"2020-12-22","purchased_purges":0,"victory":false,"max_hp_per_floor":[72,72,72,72,72,72,72,72,72,72,72,72,72,72,72,72,77,77,77,77],"card_choices":[{"not_picked":["Halt","Evaluate"],"picked":"CutThroughFate","floor":1},{"not_picked":["MentalFortress","WaveOfTheHand"],"picked":"Prostrate","floor":2},{"not_picked":["ClearTheMind","Halt"],"picked":"TalkToTheHand","floor":3},{"not_picked":["Meditate","Replay:BluntJabs"],"picked":"PathToVictory","floor":5},{"not_picked":["FlyingSleeves","CutThroughFate"],"picked":"Devotion","floor":7},{"not_picked":["BowlingBash","EmptyFist"],"picked":"FlurryOfBlows","floor":8},{"not_picked":["Replay:Vibes","ForeignInfluence"],"picked":"TalkToTheHand","floor":10},{"not_picked":["WreathOfFlame","Replay:BluntJabs"],"picked":"SandsOfTime","floor":14},{"not_picked":["Omniscience","Establishment"],"picked":"Brilliance","floor":16},{"not_picked":["Replay:BluntJabs","Protect"],"picked":"SashWhip","floor":17},{"not_picked":["Replay:Anticipation","FlyingSleeves"],"picked":"FollowUp","floor":18}],"player_experience":808715,"relics_obtained":[{"floor":7,"key":"Dead Branch"},{"floor":9,"key":"Girya"}],"event_choices":[{"damage_healed":0,"gold_gain":0,"cards_transformed":["Defend_P"],"player_choice":"Transformed","damage_taken":0,"max_hp_gain":0,"max_hp_loss":0,"event_name":"Transmorgrifier","floor":4,"gold_loss":0,"cards_obtained":["Weave"]},{"damage_healed":0,"gold_gain":0,"player_choice":"Take Wound","damage_taken":0,"relics_obtained":["Golden Idol"],"max_hp_gain":0,"max_hp_loss":0,"event_name":"Golden Idol","floor":13,"gold_loss":0,"cards_obtained":["Injury"]},{"damage_healed":0,"gold_gain":0,"player_choice":"Fought Bandits","damage_taken":0,"max_hp_gain":0,"max_hp_loss":0,"event_name":"Masked Bandits","floor":19,"gold_loss":0}],"is_beta":false,"boss_relics":[{"not_picked":["Painkiller Herb","Ectoplasm"],"picked":"Tiny House"}],"items_purged_floors":[],"is_endless":false,"potions_floor_spawned":[2,10],"killed_by":"Masked Bandits","ascension_level":13}}