{"host":"dw2ay8i719i7xlef","time":1612304855,"event":{"mods":["BaseMod","Minty Spire (QoL Compilation)"],"gold_per_floor":[113,128,146,157,157,185,203,203,227,227,302,302,327,344,344,421,421,408,423,435,42,55,80,80,106,130,147,147,147,147,166,166,243,243,258,0,45,56,68,68,82,82,109,109,109,120,120,138,138,138,138],"floor_reached":50,"language":"ENG","playtime":13372,"items_purged":[],"score":886,"play_id":"d3aea511-9b7b-4f84-94d7-1d8693586c69","local_time":"20210202162735","is_ascension_mode":true,"campfire_choices":[{"data":"Bash","floor":8.0,"key":"SMITH"},{"data":"Ghostly Armor","floor":10.0,"key":"SMITH"},{"floor":15.0,"key":"REST"},{"data":"Offering","floor":24.0,"key":"SMITH"},{"data":"Uppercut","floor":30.0,"key":"SMITH"},{"data":"Bludgeon","floor":32.0,"key":"SMITH"},{"floor":40.0,"key":"REST"},{"floor":42.0,"key":"REST"},{"data":"Double Tap","floor":44.0,"key":"SMITH"},{"data":"Flame Barrier","floor":49.0,"key":"SMITH"}],"circlet_count":0,"master_deck":["AscendersBane","Strike_R","Strike_R","Strike_R","Strike_R","Defend_R","Defend_R","Defend_R+1","Defend_R","Bash+1","Exhume","Headbutt","Metallicize","Headbutt","Havoc+1","Ghostly Armor+1","Whirlwind+1","Offering+1","Headbutt","Bludgeon+1","Uppercut+1","Havoc+1","Spot Weakness","Armaments","Pommel Strike+1","Double Tap+1","Flame Barrier+1","Burning Pact+1"],"relics":["Burning Blood","Bag of Marbles","Vajra","Omamori","Mark of Pain","Strange Spoon","Nunchaku","Red Skull","Potion Belt","War Paint","MutagenicStrength","Happy Flower","Cursed Key","Red Mask","Incense Burner","Juzu Bracelet"],"acts_visited":["Exordium","TheCity","TheBeyond"],"potions_floor_usage":[],"damage_taken":[{"damage":6.0,"enemies":"Small Slimes","floor":1.0,"turns":5.0},{"damage":0.0,"enemies":"2 Louse","floor":2.0,"turns":3.0},{"damage":7.0,"enemies":"Cultist","floor":3.0,"turns":5.0},{"damage":17.0,"enemies":"Large Slime","floor":4.0,"turns":6.0},{"damage":24.0,"enemies":"Lagavulin","floor":6.0,"turns":6.0},{"damage":3.0,"enemies":"3 Louse","floor":7.0,"turns":4.0},{"damage":10.0,"enemies":"3 Sentries","floor":13.0,"turns":4.0},{"damage":6.0,"enemies":"Exordium Wildlife","floor":14.0,"turns":3.0},{"damage":18.0,"enemies":"Hexaghost","floor":16.0,"turns":8.0},{"damage":12.0,"enemies":"2 Thieves","floor":18.0,"turns":4.0},{"damage":6.0,"enemies":"Spheric Guardian","floor":19.0,"turns":2.0},{"damage":6.0,"enemies":"Cultist and Chosen","floor":20.0,"turns":3.0},{"damage":9.0,"enemies":"Snake Plant","floor":22.0,"turns":3.0},{"damage":23.0,"enemies":"Slavers","floor":23.0,"turns":3.0},{"damage":6.0,"enemies":"Gremlin Leader","floor":25.0,"turns":3.0},{"damage":6.0,"enemies":"Sentry and Sphere","floor":27.0,"turns":2.0},{"damage":6.0,"enemies":"Cultist and Chosen","floor":31.0,"turns":1.0},{"damage":24.0,"enemies":"Champ","floor":33.0,"turns":4.0},{"damage":11.0,"enemies":"3 Shapes","floor":35.0,"turns":5.0},{"damage":20.0,"enemies":"2 Orb Walkers","floor":37.0,"turns":3.0},{"damage":0.0,"enemies":"Orb Walker","floor":38.0,"turns":1.0},{"damage":19.0,"enemies":"Maw","floor":39.0,"turns":5.0},{"damage":39.0,"enemies":"Writhing Mass","floor":41.0,"turns":3.0},{"damage":18.0,"enemies":"Spire Growth","floor":46.0,"turns":3.0},{"damage":15.0,"enemies":"Sphere and 2 Shapes","floor":48.0,"turns":3.0},{"damage":60,"enemies":"Time Eater","floor":50,"turns":5}],"seed_played":"-1939199074076313630","potions_obtained":[{"floor":2.0,"key":"ElixirPotion"},{"floor":3.0,"key":"PowerPotion"},{"floor":7.0,"key":"Weak Potion"},{"floor":16.0,"key":"Dexterity Potion"},{"floor":18.0,"key":"SteroidPotion"},{"floor":19.0,"key":"EssenceOfSteel"},{"floor":23.0,"key":"AttackPotion"},{"floor":31.0,"key":"Strength Potion"},{"floor":33.0,"key":"Weak Potion"},{"floor":35.0,"key":"DistilledChaos"},{"floor":39.0,"key":"ElixirPotion"}],"is_trial":false,"path_per_floor":["M","M","M","M","?","E","M","R","T","R","?","?","E","M","R","B",null,"M","M","M","$","M","E","R","E","T","M","?","?","R","M","R","B",null,"M","?","?","M","M","R","M","R","T","R","?","M","?","M","R","B"],"character_chosen":"IRONCLAD","items_purchased":["Strange Spoon","Nunchaku","Havoc","Spot Weakness"],"campfire_rested":3,"item_purchase_floors":[21,21,21,21],"current_hp_per_floor":[68,68,67,56,56,38,41,41,41,41,30,30,26,26,46,34,60,54,54,54,54,51,34,34,34,34,34,34,34,34,34,34,16,55,50,50,36,42,29,49,16,36,36,36,36,24,68,59,59,0,0],"gold":138,"neow_bonus":"THREE_RARE_CARDS","is_daily":false,"chose_seed":false,"campfire_upgraded":7,"win_rate":0.0,"timestamp":1612304855,"path_taken":["M","M","M","M","?","E","M","R","T","R","?","?","E","M","R","BOSS","M","M","M","?","M","E","R","E","T","M","?","?","R","M","R","BOSS","M","?","?","M","?","R","M","R","T","R","?","M","?","M","R","BOSS"],"items_purchased_type":["Relic","Relic","Card","Card"],"build_version":"2020-12-22","purchased_purges":0,"victory":false,"max_hp_per_floor":[68,68,68,68,68,68,68,68,68,68,68,68,68,68,68,68,68,68,68,68,68,68,68,68,68,68,68,68,68,68,68,68,68,68,68,68,68,68,68,68,68,68,68,68,68,68,68,68,68,68,68],"card_choices":[{"not_picked":["Brutality","Juggernaut"],"picked":"Exhume","floor":0.0},{"not_picked":["Heavy Blade","Combust"],"picked":"Headbutt","floor":1.0},{"not_picked":["Body Slam","Entrench"],"picked":"Metallicize","floor":2.0},{"not_picked":["Dropkick","Heavy Blade"],"picked":"Headbutt","floor":3.0},{"not_picked":["Exhume","Clothesline"],"picked":"Havoc","floor":4.0},{"not_picked":["Anger","True Grit"],"picked":"Ghostly Armor","floor":6.0},{"not_picked":["Wild Strike","Juggernaut"],"picked":"Whirlwind","floor":7.0},{"not_picked":["Entrench","Cleave"],"picked":"Offering","floor":13.0},{"not_picked":["Dual Wield","Rampage"],"picked":"Headbutt","floor":14.0},{"not_picked":["Offering","Impervious"],"picked":"Bludgeon","floor":16.0},{"not_picked":["Iron Wave","Hemokinesis","Searing Blow+1"],"picked":"SKIP","floor":18.0},{"not_picked":["Inflame+1","Cleave"],"picked":"Uppercut","floor":19.0},{"not_picked":["Headbutt","Pommel Strike","Heavy Blade"],"picked":"SKIP","floor":20.0},{"not_picked":["Anger","Bloodletting"],"picked":"Armaments","floor":22.0},{"not_picked":["Anger","Evolve"],"picked":"Pommel Strike+1","floor":23.0},{"not_picked":["Disarm","Dark Embrace","Hemokinesis"],"picked":"SKIP","floor":25.0},{"not_picked":["Uppercut","Anger","Iron Wave"],"picked":"SKIP","floor":27.0},{"not_picked":["Perfected Strike","Body Slam","Armaments"],"picked":"SKIP","floor":31.0},{"not_picked":["Berserk","Brutality"],"picked":"Double Tap","floor":33.0},{"not_picked":["Headbutt","Twin Strike"],"picked":"Flame Barrier","floor":35.0},{"not_picked":["Havoc","Whirlwind+1","Thunderclap"],"picked":"SKIP","floor":38.0},{"not_picked":["Battle Trance","Warcry+1","Twin Strike"],"picked":"SKIP","floor":39.0},{"not_picked":["Seeing Red","Flame Barrier+1","Clash"],"picked":"SKIP","floor":41.0},{"not_picked":["Armaments","Headbutt","Havoc"],"picked":"SKIP","floor":46.0},{"not_picked":["Pommel Strike","True Grit+1"],"picked":"Burning Pact+1","floor":48.0}],"player_experience":1279459,"relics_obtained":[{"floor":6.0,"key":"Bag of Marbles"},{"floor":9.0,"key":"Vajra"},{"floor":13.0,"key":"Omamori"},{"floor":23.0,"key":"Red Skull"},{"floor":25.0,"key":"Potion Belt"},{"floor":26.0,"key":"War Paint"},{"floor":37.0,"key":"Incense Burner"},{"floor":43.0,"key":"Juzu Bracelet"}],"event_choices":[{"damage_healed":0.0,"max_hp_gain":0.0,"max_hp_loss":0.0,"gold_gain":0.0,"event_name":"Living Wall","player_choice":"Grow","floor":5.0,"gold_loss":0.0,"damage_taken":0.0,"cards_upgraded":["Havoc"]},{"damage_healed":0.0,"max_hp_gain":0.0,"max_hp_loss":0.0,"gold_gain":75.0,"event_name":"World of Goop","player_choice":"Gather Gold","floor":11.0,"gold_loss":0.0,"damage_taken":11.0},{"damage_healed":0.0,"max_hp_gain":0.0,"max_hp_loss":0.0,"gold_gain":0.0,"event_name":"Accursed Blacksmith","player_choice":"Forge","floor":12.0,"gold_loss":0.0,"damage_taken":0.0,"cards_upgraded":["Whirlwind"]},{"damage_healed":0.0,"max_hp_gain":0.0,"max_hp_loss":0.0,"gold_gain":0.0,"event_name":"Drug Dealer","player_choice":"Inject Mutagens","floor":28.0,"gold_loss":0.0,"damage_taken":0.0,"relics_obtained":["MutagenicStrength"]},{"damage_healed":0.0,"max_hp_gain":0.0,"max_hp_loss":0.0,"gold_gain":0.0,"event_name":"The Mausoleum","player_choice":"Opened","floor":29.0,"gold_loss":0.0,"damage_taken":0.0,"relics_obtained":["Happy Flower"]},{"damage_healed":0.0,"max_hp_gain":0.0,"max_hp_loss":0.0,"gold_gain":0.0,"event_name":"Tomb of Lord Red Mask","player_choice":"Paid","floor":36.0,"gold_loss":258.0,"damage_taken":0.0,"relics_obtained":["Red Mask"]},{"damage_healed":0.0,"max_hp_gain":0.0,"max_hp_loss":0.0,"gold_gain":0.0,"event_name":"Mysterious Sphere","player_choice":"Fight","floor":37.0,"gold_loss":0.0,"damage_taken":0.0},{"cards_removed":["Strike_R"],"damage_healed":0.0,"max_hp_gain":0.0,"max_hp_loss":0.0,"gold_gain":0.0,"event_name":"Falling","player_choice":"Removed Attack","floor":45.0,"gold_loss":0.0,"damage_taken":0.0},{"damage_healed":44.0,"max_hp_gain":0.0,"max_hp_loss":0.0,"gold_gain":0.0,"event_name":"MindBloom","player_choice":"Heal","floor":47.0,"gold_loss":0.0,"damage_taken":0.0,"cards_obtained":["Doubt"]}],"is_beta":false,"boss_relics":[{"not_picked":["Runic Cube","SacredBark"],"picked":"Mark of Pain"},{"not_picked":["Runic Dome","Velvet Choker"],"picked":"Cursed Key"}],"items_purged_floors":[],"is_endless":false,"potions_floor_spawned":[2,3,7,16,18,19,23,31,33,35,39],"killed_by":"Time Eater","ascension_level":14}}