{"host":"0kerkzfzn38xsjst","time":1612267514,"event":{"mods":["Arknights","BaseMod","Minty Spire (QoL Compilation)","Quick Restart","StSLib","The Bug Knight"],"gold_per_floor":[110,110,127,147,159,159,175,350,350,366,366,376,61,61,61,61,61],"floor_reached":16,"language":"ZHS","playtime":3157,"items_purged":[],"score":94,"play_id":"b40b6602-8a19-4dac-857f-1c7219de152e","local_time":"20210202200514","is_ascension_mode":false,"campfire_choices":[{"data":"HollowMod:FocusHealStart","floor":6.0,"key":"SMITH"},{"data":"HollowMod:ShapeofUnn","floor":11,"key":"SMITH"},{"data":"HollowMod:SlysStrikes","floor":15,"key":"SMITH"}],"circlet_count":0,"master_deck":["HollowMod:NailStrikeStart","HollowMod:NailStrikeStart+1","HollowMod:NailStrikeStart","HollowMod:NailStrikeStart","HollowMod:QuickDashStart","HollowMod:QuickDashStart","HollowMod:QuickDashStart","HollowMod:QuickDashStart","HollowMod:FocusHealStart+1","HollowMod:PogoStrike","HollowMod:CloakDash+1","HollowMod:SiblingsShadow","HollowMod:ShapeofUnn+1","HollowMod:HuntersJournal","HollowMod:DescendingDark","Doubt","HollowMod:InfectedAttack","HollowMod:SlysStrikes+1"],"relics":["HollowMod:VesselMask","Pocketwatch","Unceasing Top"],"acts_visited":[],"potions_floor_usage":[],"damage_taken":[{"damage":2.0,"enemies":"Small Slimes","floor":1.0,"turns":4.0},{"damage":3.0,"enemies":"Jaw Worm","floor":3.0,"turns":3.0},{"damage":0.0,"enemies":"2 Louse","floor":4.0,"turns":3.0},{"damage":8.0,"enemies":"Red Slaver","floor":5.0,"turns":4.0},{"damage":3.0,"enemies":"2 Fungi Beasts","floor":7.0,"turns":4.0},{"damage":12,"enemies":"Exordium Thugs","floor":10,"turns":6},{"damage":25,"enemies":"Large Slime","floor":12,"turns":5},{"damage":10,"enemies":"Slime Boss","floor":16,"turns":5}],"seed_played":"-7572605198675399845","potions_obtained":[{"floor":3.0,"key":"DistilledChaos"}],"is_trial":false,"path_per_floor":["M","?","M","M","M","R","M","?","T","M","R","M","$","?","R","B"],"character_chosen":"THE_BUGKNIGHT","items_purchased":["Unceasing Top"],"campfire_rested":0,"item_purchase_floors":[13],"current_hp_per_floor":[82,66,69,75,73,73,76,76,76,74,74,59,59,59,59,55,55],"gold":61,"neow_bonus":"TEN_PERCENT_HP_BONUS","is_daily":false,"chose_seed":false,"campfire_upgraded":3,"win_rate":0.0,"timestamp":1612267514,"path_taken":["M","?","M","M","M","R","M","?","T","M","R","M","$","?","R","BOSS"],"items_purchased_type":["Relic"],"build_version":"2020-12-22","purchased_purges":0,"victory":false,"max_hp_per_floor":[82,82,82,82,82,82,82,82,82,82,82,82,82,82,82,82,82],"card_choices":[{"not_picked":["HollowMod:InfectedCysts","HollowMod:HowlingWraiths"],"picked":"HollowMod:CloakDash","floor":1.0},{"not_picked":["HollowMod:DungDefenderAura","HollowMod:GoodIntentions"],"picked":"HollowMod:SiblingsShadow","floor":3.0},{"not_picked":["HollowMod:QuirrelsAssistance","HollowMod:CrystalDash"],"picked":"HollowMod:ShapeofUnn","floor":4.0},{"not_picked":["HollowMod:InfectionAssault","HollowMod:GoodIntentions"],"picked":"HollowMod:HuntersJournal","floor":5.0},{"not_picked":["HollowMod:InfectedAttack","HollowMod:SharpenedNail"],"picked":"HollowMod:DescendingDark","floor":7.0},{"not_picked":["HollowMod:InfectedCysts","HollowMod:LifebloodCocoon"],"picked":"HollowMod:InfectedAttack","floor":10},{"not_picked":["HollowMod:DreamGate","HollowMod:SoulEater"],"picked":"HollowMod:SlysStrikes","floor":12}],"player_experience":133153,"relics_obtained":[{"floor":9.0,"key":"Pocketwatch"}],"event_choices":[{"damage_healed":0.0,"max_hp_gain":0.0,"max_hp_loss":0.0,"gold_gain":0.0,"event_name":"Shining Light","player_choice":"Entered Light","floor":2.0,"gold_loss":0.0,"damage_taken":16.0,"cards_upgraded":["HollowMod:CloakDash","HollowMod:NailStrikeStart"]},{"damage_healed":0.0,"max_hp_gain":0.0,"max_hp_loss":0.0,"gold_gain":175.0,"event_name":"Liars Game","player_choice":"AGREE","floor":8.0,"gold_loss":0.0,"damage_taken":0.0,"cards_obtained":["Doubt"]}],"is_beta":false,"boss_relics":[],"items_purged_floors":[],"is_endless":false,"potions_floor_spawned":[3],"killed_by":"Slime Boss","ascension_level":0}}