{"host":"oehe2dxjvdgux73m","time":1612270276,"event":{"mods":["AchievementEnabler","BaseMod","Colored Map","Colored Powertips","DeckTracker","Keyboard Shortcuts","Minty Spire (QoL Compilation)","Permanent Neow","Quick Restart","StSLib","SuperFastMode"],"gold_per_floor":[122,134,157,181,203,215,297,319,412,424,449,494,524,536,548,637,649,671,697,709,709],"floor_reached":20,"language":"KOR","playtime":655,"items_purged":[],"score":320,"play_id":"0c2b46f3-0be1-476f-954a-784eda67a8d8","local_time":"20210202215116","is_ascension_mode":true,"campfire_choices":[{"data":"Carnage","floor":6,"key":"SMITH"},{"data":"Corruption","floor":10,"key":"SMITH"},{"data":"Fire Breathing","floor":15,"key":"SMITH"}],"circlet_count":0,"master_deck":["AscendersBane","Strike_R","Strike_R","Strike_R","Strike_R","Strike_R","Defend_R","Defend_R","Defend_R","Defend_R","Bash","Carnage+1","Corruption+1","Blood for Blood","Fire Breathing+1","Battle Trance","Reckless Charge","Brutality","Hemokinesis"],"relics":["Black Blood","MawBank","Mercury Hourglass","Omamori"],"acts_visited":["Exordium","TheCity"],"potions_floor_usage":[11,12,16,16],"damage_taken":[{"damage":11,"enemies":"Cultist","floor":1,"turns":4},{"damage":7,"enemies":"Jaw Worm","floor":3,"turns":3},{"damage":0,"enemies":"Small Slimes","floor":4,"turns":3},{"damage":12,"enemies":"Red Slaver","floor":5,"turns":5},{"damage":14,"enemies":"Blue Slaver","floor":8,"turns":4},{"damage":13,"enemies":"3 Louse","floor":11,"turns":3},{"damage":30,"enemies":"3 Sentries","floor":12,"turns":7},{"damage":6,"enemies":"2 Fungi Beasts","floor":13,"turns":3},{"damage":50,"enemies":"Hexaghost","floor":16,"turns":8},{"damage":34,"enemies":"2 Thieves","floor":18,"turns":4},{"damage":24,"enemies":"Shell Parasite","floor":19,"turns":4},{"damage":27,"enemies":"Shelled Parasite and Fungi","floor":20,"turns":3}],"seed_played":"-6596409156689233777","potions_obtained":[{"floor":1,"key":"BloodPotion"},{"floor":4,"key":"Regen Potion"},{"floor":12,"key":"EssenceOfSteel"},{"floor":13,"key":"ColorlessPotion"}],"is_trial":false,"path_per_floor":["M","?","M","M","M","R","T","M","T","R","M","E","M","?","R","B",null,"M","M","M"],"character_chosen":"IRONCLAD","items_purchased":[],"campfire_rested":0,"item_purchase_floors":[],"current_hp_per_floor":[63,75,74,75,69,69,69,61,61,61,63,54,54,54,54,10,59,37,25,0,0],"gold":709,"neow_bonus":"RANDOM_COMMON_RELIC","is_daily":false,"chose_seed":false,"campfire_upgraded":3,"win_rate":0.0,"timestamp":1612270276,"path_taken":["M","?","?","?","M","R","?","?","T","R","M","E","M","?","R","BOSS","M","M","M"],"items_purchased_type":[],"build_version":"2020-12-22","purchased_purges":0,"victory":false,"max_hp_per_floor":[75,75,75,75,75,75,75,75,75,75,75,75,75,75,75,75,75,75,75,75,75],"card_choices":[{"not_picked":["Entrench","Clash"],"picked":"Carnage","floor":1},{"not_picked":["Thunderclap","Rupture","Anger"],"picked":"SKIP","floor":3},{"not_picked":["Iron Wave","Anger","Wild Strike"],"picked":"SKIP","floor":4},{"not_picked":["Clash","Inflame","Thunderclap"],"picked":"SKIP","floor":5},{"not_picked":["Twin Strike","Entrench"],"picked":"Corruption","floor":8},{"not_picked":["Twin Strike","Warcry"],"picked":"Blood for Blood","floor":11},{"not_picked":["Power Through","Twin Strike"],"picked":"Fire Breathing","floor":12},{"not_picked":["Second Wind","Perfected Strike"],"picked":"Battle Trance","floor":13},{"not_picked":["Corruption","Berserk"],"picked":"Brutality","floor":16},{"not_picked":["Intimidate","Inflame+1"],"picked":"Hemokinesis","floor":18},{"not_picked":["Carnage","Pommel Strike","True Grit"],"picked":"SKIP","floor":19}],"player_experience":350655,"relics_obtained":[{"floor":9,"key":"Mercury Hourglass"},{"floor":12,"key":"Omamori"}],"event_choices":[{"damage_healed":12,"gold_gain":0,"player_choice":"Full Heal","damage_taken":0,"max_hp_gain":0,"max_hp_loss":0,"event_name":"Wheel of Change","floor":2,"gold_loss":0},{"damage_healed":0,"gold_gain":0,"player_choice":"1 cards matched","damage_taken":0,"max_hp_gain":0,"max_hp_loss":0,"event_name":"Match and Keep!","floor":14,"gold_loss":0,"cards_obtained":["Reckless Charge"]}],"is_beta":false,"boss_relics":[{"not_picked":["SlaversCollar","Coffee Dripper"],"picked":"Black Blood"}],"items_purged_floors":[],"is_endless":false,"potions_floor_spawned":[1,4,8,12,13],"killed_by":"Shelled Parasite and Fungi","ascension_level":16}}