{"host":"5jdby9iqu3ct6557","time":1612238854,"event":{"mods":["BaseMod","DeckTracker","Highlight Path","Minty Spire (QoL Compilation)","Relic Stats","StSLib"],"gold_per_floor":[118,132,132,151,170,170,197,197,197,197,227,227,247,258,258,335,335,354,372,372,13,23,55,55,85,109,109,109,109],"floor_reached":28,"language":"ENG","playtime":7701,"items_purged":[],"score":536,"play_id":"09143d9b-aaa0-46e0-988f-e0c48f52b449","local_time":"20210201230734","is_ascension_mode":true,"campfire_choices":[{"data":"Glass Knife","floor":6,"key":"SMITH"},{"floor":8,"key":"REST"},{"floor":15,"key":"REST"},{"data":"A Thousand Cuts","floor":24,"key":"SMITH"},{"floor":27,"key":"REST"}],"circlet_count":0,"master_deck":["AscendersBane","Strike_G","Strike_G","Strike_G","Strike_G","Defend_G","Defend_G","Defend_G","Defend_G","Defend_G","Survivor","Neutralize","Glass Knife+1","PiercingWail","Crippling Poison","Skewer","Calculated Gamble","Adrenaline","Footwork","A Thousand Cuts+1","Slice+1","Cloak And Dagger+1","Backflip","Backflip+1","Prepared+1","Footwork"],"relics":["Ring of the Snake","FaceOfCleric","Ninja Scroll","Du-Vu Doll","StoneCalendar","Runic Dome","Pen Nib","Bottled Lightning","Matryoshka","PreservedInsect","Dream Catcher"],"acts_visited":["Exordium","TheCity"],"potions_floor_usage":[7,11,16,18,23,25,25],"damage_taken":[{"damage":0,"enemies":"2 Louse","floor":1,"turns":3},{"damage":0,"enemies":"Cultist","floor":2,"turns":4},{"damage":0,"enemies":"Small Slimes","floor":4,"turns":5},{"damage":2,"enemies":"3 Louse","floor":5,"turns":5},{"damage":28,"enemies":"Lagavulin","floor":7,"turns":7},{"damage":26,"enemies":"3 Sentries","floor":11,"turns":8},{"damage":0,"enemies":"Red Slaver","floor":13,"turns":1},{"damage":0,"enemies":"Looter","floor":14,"turns":2},{"damage":4,"enemies":"The Guardian","floor":16,"turns":12},{"damage":6,"enemies":"Shell Parasite","floor":18,"turns":3},{"damage":2,"enemies":"Chosen","floor":19,"turns":3},{"damage":4,"enemies":"Centurion and Healer","floor":22,"turns":6},{"damage":6,"enemies":"Slavers","floor":23,"turns":7},{"damage":33,"enemies":"Gremlin Leader","floor":25,"turns":4},{"damage":40,"enemies":"Chosen and Byrds","floor":28,"turns":5}],"seed_played":"1488379995568426825","potions_obtained":[{"floor":4,"key":"SteroidPotion"},{"floor":7,"key":"Poison Potion"},{"floor":11,"key":"LiquidMemories"},{"floor":13,"key":"Fire Potion"},{"floor":16,"key":"Weak Potion"},{"floor":19,"key":"AttackPotion"},{"floor":23,"key":"SkillPotion"}],"is_trial":false,"path_per_floor":["M","M","?","M","M","R","E","R","T","?","E","?","M","M","R","B",null,"M","M","?","$","M","E","R","E","T","R","M"],"character_chosen":"THE_SILENT","items_purchased":["Bottled Lightning","Backflip","Strength Potion"],"campfire_rested":3,"item_purchase_floors":[21,21,21],"current_hp_per_floor":[59,59,59,60,59,59,32,50,50,50,25,25,26,27,46,43,61,56,55,55,55,52,47,47,15,15,36,0,0],"gold":109,"neow_bonus":"THREE_RARE_CARDS","is_daily":false,"chose_seed":false,"campfire_upgraded":2,"win_rate":0.0,"timestamp":1612238854,"path_taken":["M","M","?","M","?","R","E","R","T","?","E","?","?","M","R","BOSS","M","M","?","$","M","E","R","E","T","R","M"],"items_purchased_type":["Relic","Card","Potion"],"build_version":"2020-12-22","purchased_purges":0,"victory":false,"max_hp_per_floor":[60,60,60,61,62,62,63,63,63,63,64,64,65,66,66,67,67,68,69,69,69,70,71,71,72,72,72,72,72],"relic_stats":{"Dream Catcher":1,"FaceOfCleric":12,"counters":[15,75],"StoneCalendar":[65],"Pen Nib":[5],"PreservedInsect":0,"obtain_stats":[{"Du-Vu Doll":9,"Runic Dome":17,"Dream Catcher":26,"Matryoshka":23,"FaceOfCleric":3,"Ninja Scroll":7,"StoneCalendar":11,"Pen Nib":20,"PreservedInsect":25,"Bottled Lightning":21,"Ring of the Snake":0},{"Du-Vu Doll":5,"Runic Dome":9,"Dream Catcher":14,"Matryoshka":13,"FaceOfCleric":2,"Ninja Scroll":5,"StoneCalendar":6,"Pen Nib":11,"PreservedInsect":14,"Bottled Lightning":11,"Ring of the Snake":0},{"Du-Vu Doll":24,"Runic Dome":47,"Dream Catcher":70,"Matryoshka":66,"FaceOfCleric":7,"Ninja Scroll":24,"StoneCalendar":32,"Pen Nib":53,"PreservedInsect":70,"Bottled Lightning":53,"Ring of the Snake":0}],"Ring of the Snake":[30]},"card_choices":[{"not_picked":["Storm of Steel","Doppelganger"],"picked":"Glass Knife","floor":0},{"not_picked":["Prepared","Bane"],"picked":"PiercingWail","floor":1},{"not_picked":["All Out Attack","Cloak And Dagger"],"picked":"Crippling Poison","floor":2},{"not_picked":["Masterful Stab","Bouncing Flask"],"picked":"Skewer","floor":4},{"not_picked":["Dodge and Roll","PiercingWail"],"picked":"Calculated Gamble","floor":7},{"not_picked":["Underhanded Strike","Concentrate"],"picked":"Adrenaline","floor":11},{"not_picked":["Bane","Flying Knee"],"picked":"Footwork","floor":13},{"not_picked":["Grand Finale","Tools of the Trade"],"picked":"A Thousand Cuts","floor":16},{"not_picked":["Skewer","Outmaneuver"],"picked":"Slice+1","floor":18},{"not_picked":["Deadly Poison","Blur"],"picked":"Cloak And Dagger+1","floor":19},{"not_picked":["Prepared","Calculated Gamble","Infinite Blades"],"picked":"SKIP","floor":22},{"not_picked":["Quick Slash","Masterful Stab+1"],"picked":"Backflip+1","floor":23},{"not_picked":["A Thousand Cuts","Riddle With Holes"],"picked":"Prepared+1","floor":25},{"not_picked":["Dagger Spray","Choke"],"picked":"Footwork","floor":27}],"player_experience":2478059,"relics_obtained":[{"floor":7,"key":"Ninja Scroll"},{"floor":9,"key":"Du-Vu Doll"},{"floor":11,"key":"StoneCalendar"},{"floor":23,"key":"Matryoshka"},{"floor":25,"key":"PreservedInsect"},{"floor":26,"key":"Dream Catcher"}],"event_choices":[{"damage_healed":0,"gold_gain":0,"player_choice":"Trade","damage_taken":0,"relics_obtained":["FaceOfCleric"],"max_hp_gain":0,"max_hp_loss":0,"event_name":"FaceTrader","floor":3,"gold_loss":0},{"damage_healed":0,"gold_gain":0,"player_choice":"Searched \u00270\u0027 times","damage_taken":0,"max_hp_gain":0,"max_hp_loss":0,"event_name":"Dead Adventurer","floor":10,"gold_loss":0},{"cards_removed":["Strike_G"],"damage_healed":0,"gold_gain":0,"player_choice":"Offered Basic","damage_taken":0,"max_hp_gain":0,"max_hp_loss":0,"event_name":"Bonfire Elementals","floor":12,"gold_loss":0},{"damage_healed":0,"gold_gain":0,"player_choice":"Gave Potion","damage_taken":0,"relics_obtained":["Pen Nib"],"max_hp_gain":0,"max_hp_loss":0,"event_name":"WeMeetAgain","floor":20,"gold_loss":0}],"is_beta":false,"boss_relics":[{"not_picked":["SacredBark","SlaversCollar"],"picked":"Runic Dome"}],"items_purged_floors":[],"is_endless":false,"potions_floor_spawned":[4,7,11,13,16,19,22,23],"killed_by":"Chosen and Byrds","ascension_level":20}}