{"host":"9slw7l0ws16384qq","time":1612269539,"event":{"mods":["A Penny For Your Troubles","BaseMod","Colored Map","Downfall","Evolution","Hubris","Minty Spire (QoL Compilation)","Replay The Spire","StS++","StSLib"],"gold_per_floor":[99,109,122,140,153,182,182,202,102,134,134,134,134,147,166,261,261,161,181,166,166,186,171,171,171,181,181,193,29,29,61,79,175,175,175,189,207,219,68,68,114,144,163,179,179,79,79,91,111,111,111,111],"floor_reached":50,"language":"FRA","playtime":2834,"items_purged":[],"score":689,"play_id":"8ddb4434-f5e7-4e0e-b43b-073875436e51","local_time":"20210202133859","is_ascension_mode":true,"campfire_choices":[{"floor":1,"key":"DIG"},{"data":"bronze:Mutator","floor":9,"key":"SMITH"},{"data":"bronze:WhirlingStrike","floor":13,"key":"SMITH"},{"data":"bronze:WhirlingStrike","floor":18,"key":"SMITH"},{"data":"bronze:WhirlingStrike","floor":27,"key":"SMITH"},{"data":"bronze:WhirlingStrike","floor":30,"key":"SMITH"},{"floor":35,"key":"RECALL"},{"floor":46,"key":"REST"}],"circlet_count":0,"master_deck":["bronze:WhirlingStrike+1","bronze:WhirlingStrike+1","bronze:WhirlingStrike+1","bronze:WhirlingStrike+1","bronze:Shield+1","bronze:Shield+1","bronze:Shield+1","bronze:Shield+1","bronze:Replicate","bronze:Goto+1","bronze:Mutator+1","bronze:WhirlingStrike+1","CurseOfTheBell","CurseOfTheBell","bronze:Shield+1","Parasite"],"relics":["bronze:BronzeCore","EVO:Axolotl","War Paint","bronze:CableSpool","downfall:HeartBlessingBlue","Busted Crown","downfall:HeartBlessingGreen","Sundial","Nloth\u0027s Gift","Replay:Bottled Eggs","Pear","Kunai","hubris:TerracottaHorce","TheAbacus","Dream Catcher","Replay:Multitool","bronze:BottledCode","downfall:HeartBlessingRed","downfall:ExtraCursedBell","Toy Ornithopter","Shuriken","hubris:FunFungus"],"acts_visited":["Exordium","TheCity","TheBeyond"],"potions_floor_usage":[5,20,37,37,38,38,38,42,42,50],"damage_taken":[{"damage":0,"enemies":"Cultist","floor":2,"turns":2},{"damage":0,"enemies":"2 Louse","floor":3,"turns":1},{"damage":1,"enemies":"Jaw Worm","floor":4,"turns":2},{"damage":0,"enemies":"Gremlin Gang","floor":5,"turns":1},{"damage":0,"enemies":"3 Sentries","floor":6,"turns":2},{"damage":0,"enemies":"Red Slaver","floor":8,"turns":4},{"damage":14,"enemies":"Replay:BlueRogue","floor":10,"turns":5},{"damage":0,"enemies":"Blue Slaver","floor":14,"turns":3},{"damage":0,"enemies":"2 Fungi Beasts","floor":15,"turns":2},{"damage":11,"enemies":"WA_ARCHETYPE_RETAIN","floor":16,"turns":6},{"damage":0,"enemies":"Chosen","floor":19,"turns":3},{"damage":0,"enemies":"downfall:FleeingMerchant","floor":20,"turns":4},{"damage":0,"enemies":"3 Byrds","floor":22,"turns":3},{"damage":0,"enemies":"downfall:FleeingMerchant","floor":23,"turns":4},{"damage":0,"enemies":"Centurion and Healer","floor":26,"turns":3},{"damage":0,"enemies":"3 Cultists","floor":28,"turns":2},{"damage":0,"enemies":"downfall:FleeingMerchant","floor":29,"turns":3},{"damage":0,"enemies":"Gremlin Leader","floor":31,"turns":3},{"damage":1,"enemies":"Snecko","floor":32,"turns":4},{"damage":17,"enemies":"IC_MUSHROOM_ARCHETYPE","floor":33,"turns":5},{"damage":0,"enemies":"3 Shapes","floor":36,"turns":2},{"damage":2,"enemies":"Orb Walker","floor":37,"turns":3},{"damage":17,"enemies":"4 Shapes","floor":38,"turns":2},{"damage":68,"enemies":"R_Hoarder","floor":42,"turns":8},{"damage":0,"enemies":"3 Darklings","floor":43,"turns":2},{"damage":0,"enemies":"Sphere and 2 Shapes","floor":44,"turns":2},{"damage":26,"enemies":"4 Shapes","floor":48,"turns":26},{"damage":18,"enemies":"Writhing Mass","floor":49,"turns":11},{"damage":100,"enemies":"DF_ARCHETYPE_ORBS","floor":50,"turns":10}],"seed_played":"-8938267293308012413","potions_obtained":[{"floor":5,"key":"Fruit Juice"},{"floor":6,"key":"SkillPotion"},{"floor":14,"key":"sneckomod:MuddlingPotion"},{"floor":16,"key":"bronze:FreeFunctionsPotion"},{"floor":19,"key":"bronze:CleanCodePotion"},{"floor":22,"key":"Block Potion"},{"floor":28,"key":"GamblersBrew"},{"floor":31,"key":"DuplicationPotion"},{"floor":33,"key":"StSpp:ScatteredWeakPotion"},{"floor":38,"key":"FearPotion"},{"floor":43,"key":"SpeedPotion"},{"floor":49,"key":"GamblersBrew"}],"is_trial":false,"path_per_floor":["R_BF","M","M","M","M","E","T","M","R","E","?","?","R","M","M","B",null,"R","M","$","?","M","$","T","?","M","R","M","$","R","E","M","B",null,"R","M","M","M","$","?","T","E","M","M","?","R","?","M","M","B"],"character_chosen":"THE_AUTOMATON","items_purchased":["Replay:Bottled Eggs","Pear","TheAbacus"],"campfire_rested":1,"item_purchase_floors":[29,29,39],"current_hp_per_floor":[71,71,71,70,75,75,75,75,85,71,71,71,71,71,71,60,86,86,86,86,86,86,86,86,86,86,86,86,96,96,96,95,78,92,92,92,90,73,73,73,73,5,5,5,5,30,30,86,83,0,0,0],"gold":111,"neow_bonus":"RANDOM_COMMON_RELIC","is_daily":false,"chose_seed":false,"campfire_upgraded":5,"win_rate":0.0,"timestamp":1612269539,"path_taken":["R_BF","M","M","M","?","E","T","M","R","E","?","?","R","?","M","BOSS","R","M","?","?","M","$","T","?","M","R","M","$","R","E","M","BOSS","R","M","M","M","$","?","T","E","M","M","?","R","?","?","M","BOSS"],"items_purchased_type":["Relic","Relic","Relic"],"build_version":"2020-12-22","purchased_purges":0,"victory":false,"max_hp_per_floor":[71,71,71,71,76,76,76,76,86,86,86,86,86,86,86,86,86,86,86,86,86,86,86,86,86,86,86,86,96,96,96,96,96,96,96,96,96,96,96,96,96,96,96,96,86,86,86,86,86,86,86,86],"card_choices":[{"not_picked":["bronze:BugBarrage","bronze:Constructor","bronze:Frontload"],"picked":"SKIP","floor":2},{"not_picked":["bronze:DelayedSlice","bronze:Repair","bronze:Deprecate"],"picked":"SKIP","floor":3},{"not_picked":["bronze:GetLatest","bronze:Separator","bronze:Turbo"],"picked":"SKIP","floor":4},{"not_picked":["bronze:BuggyMess","bronze:Return","bronze:BitShift"],"picked":"SKIP","floor":5},{"not_picked":["bronze:FineTuning","bronze:OilSpill","bronze:Branch"],"picked":"SKIP","floor":6},{"not_picked":["bronze:DelayedGuard","bronze:Turbo"],"picked":"bronze:Mutator","floor":8},{"not_picked":["bronze:Allocate","bronze:Repair"],"picked":"bronze:WhirlingStrike","floor":10},{"not_picked":["bronze:CutThrough","bronze:BuggyMess","bronze:DelayedSlice"],"picked":"SKIP","floor":14},{"not_picked":["bronze:Overheat","bronze:Iterate","bronze:WildBeam"],"picked":"SKIP","floor":15},{"not_picked":["bronze:DelayedGuard"],"picked":"SKIP","floor":19},{"not_picked":["bronze:DelayedSlice"],"picked":"SKIP","floor":20},{"not_picked":["bronze:Repair"],"picked":"SKIP","floor":22},{"not_picked":["bronze:Deprecate"],"picked":"SKIP","floor":23},{"not_picked":["bronze:WildBeam"],"picked":"SKIP","floor":26},{"not_picked":["bronze:DarkDash+1"],"picked":"SKIP","floor":28},{"not_picked":["bronze:Constructor"],"picked":"SKIP","floor":29},{"not_picked":["bronze:Format"],"picked":"SKIP","floor":31},{"not_picked":["bronze:Constructor"],"picked":"SKIP","floor":32},{"not_picked":["bronze:ClassDefault"],"picked":"SKIP","floor":36},{"not_picked":["bronze:Safeguard+1"],"picked":"SKIP","floor":37},{"not_picked":["bronze:Turbo"],"picked":"SKIP","floor":38},{"not_picked":["bronze:Library"],"picked":"SKIP","floor":42},{"not_picked":["bronze:ChosenStrike+1"],"picked":"SKIP","floor":43},{"not_picked":["bronze:BuggyMess+1"],"picked":"SKIP","floor":44},{"not_picked":[],"picked":"bronze:Shield","floor":48},{"not_picked":["bronze:BronzeArmor"],"picked":"SKIP","floor":49}],"player_experience":1586991,"relics_obtained":[{"floor":1,"key":"bronze:CableSpool"},{"floor":10,"key":"Potion Belt"},{"floor":24,"key":"Sundial"},{"floor":31,"key":"Kunai"},{"floor":41,"key":"Dream Catcher"},{"floor":42,"key":"Replay:Multitool"},{"floor":47,"key":"Toy Ornithopter"},{"floor":47,"key":"Shuriken"},{"floor":47,"key":"hubris:FunFungus"}],"event_choices":[{"damage_healed":0,"gold_gain":0,"player_choice":"Ignored","damage_taken":0,"max_hp_gain":0,"max_hp_loss":0,"event_name":"Vampires","floor":21,"gold_loss":0}],"is_beta":false,"boss_relics":[{"not_picked":["hubris:Stopwatch","hubris:RunicObelisk"],"picked":"Busted Crown"},{"not_picked":["hubris:BlackHole","Replay:Drink Me"],"picked":"hubris:TerracottaHorce"}],"items_purged_floors":[],"is_endless":false,"potions_floor_spawned":[5,6,14,16,19,22,28,31,33,38,43,49],"killed_by":"DF_ARCHETYPE_ORBS","ascension_level":2}}