{"host":"hzswyuuwdl03wwzr","time":1612275637,"event":{"mods":["100% Spire Juice","ATMod(∞¢Ë™Mod)","AchievementEnabler","Act Like it!","BaseMod","Gensokyo","Hallownest","Marisa£®ÏF”Í°°ƒß¿Ì…≥£©","Minty Spire (QoL Compilation)","Prisma Mod","Reliquary","Remilia_Scarlet Moed£®¿Ÿ√◊¿Ú—«°§Àπø®¿◊Ãÿ£©3.3.5","Replay The Spire","StSLib","The Animator","The Bug Knight","The Cursed","The Servant 0.9.4","Warlord Emblem","Yakumo Yukari mod","Youmu£®ªÍ∆«—˝√Œ£©","°æπ¶ƒ‹Mod°øªÏ„Á÷Æª∑–ﬁ∏¥≤π∂°","°æ“≈ŒÔø®≈∆°øREMEMod"],"gold_per_floor":[109,122,47,47,47,72,72,72,152,167,177,177,190,289,289,289,289],"floor_reached":16,"language":"ZHS","playtime":462,"items_purged":["PrismaMod:IllyaCommonAttack"],"score":105,"play_id":"8b60dc97-d37e-464a-b2fd-37f8ef8fbf6c","local_time":"20210202222037","is_ascension_mode":true,"campfire_choices":[{"data":"PrismaMod:IllyaUncommonDefend","floor":8,"key":"SMITH"},{"data":"PrismaMod:IllyaHassanGift","floor":12,"key":"SMITH"},{"data":"PrismaMod:IllyaBoysLove","floor":15,"key":"SMITH"}],"circlet_count":0,"master_deck":["PrismaMod:IllyaCommonDefend","PrismaMod:IllyaCommonAttack","PrismaMod:IllyaCommonDefend","PrismaMod:IllyaCommonAttack","PrismaMod:IllyaCommonDefend+1","PrismaMod:IllyaCommonAttack","PrismaMod:IllyaCommonDefend","PrismaMod:IllyaUncommonAttack+1","PrismaMod:IllyaUncommonDefend+1","PrismaMod:IllyaHassanGift+1","PrismaMod:IllyaGrail","PrismaMod:IllyaBoysLove+1","PrismaMod:IllyaBlindPoisonToss","PrismaMod:IllyaBoysLove","PrismaMod:IllyaBoysLove"],"relics":["PrismaMod:PrismaRuby","AT_ATBox","REME_ComplimentaryCards","Bag of Marbles"],"acts_visited":["Exordium"],"potions_floor_usage":[16],"damage_taken":[{"damage":0,"enemies":"Cultist","floor":1,"turns":3},{"damage":1,"enemies":"Jaw Worm","floor":2,"turns":4},{"damage":25,"enemies":"Lagavulin","floor":6,"turns":6},{"damage":0,"enemies":"Small Slimes","floor":10,"turns":4},{"damage":0,"enemies":"Exordium Thugs","floor":11,"turns":6},{"damage":0,"enemies":"Blue Slaver","floor":13,"turns":4},{"damage":26,"enemies":"Fading Forest","floor":16,"turns":7}],"seed_played":"-4891435583859750509","potions_obtained":[{"floor":1,"key":"LiquidBronze"},{"floor":10,"key":"Strength Potion"},{"floor":11,"key":"SkillPotion"}],"is_trial":false,"path_per_floor":["M","M","$","?","?","E","$","R","T","M","M","R","M","?","R","B"],"character_chosen":"ILLYA","items_purchased":[],"campfire_rested":0,"item_purchase_floors":[],"current_hp_per_floor":[75,74,74,59,59,34,34,34,34,34,34,34,34,16,16,0,0],"gold":289,"neow_bonus":"REMOVE_CARD","is_daily":false,"chose_seed":false,"campfire_upgraded":3,"win_rate":0.0,"timestamp":1612275637,"path_taken":["M","?","$","?","?","E","$","R","T","M","M","R","?","?","R","BOSS"],"items_purchased_type":[],"build_version":"2020-12-22","purchased_purges":1,"victory":false,"max_hp_per_floor":[75,75,75,75,75,75,75,75,75,75,75,75,75,75,75,75,75],"card_choices":[{"not_picked":["PrismaMod:IllyaDetonatingBlow","PrismaMod:IllyaFriendMaker"],"picked":"PrismaMod:IllyaHassanGift","floor":1},{"not_picked":["PrismaMod:IllyaCheapChannelDefend","PrismaMod:IllyaBlindPoisonToss"],"picked":"PrismaMod:IllyaGrail","floor":2},{"not_picked":["PrismaMod:IllyaFriendMaker","PrismaMod:IllyaPartialInstallAssassin"],"picked":"PrismaMod:IllyaBoysLove","floor":6},{"not_picked":["PrismaMod:IllyaBerserCAR","PrismaMod:IllyaAOECommonAttack","PrismaMod:IllyaUberPoisonBlock"],"picked":"SKIP","floor":10},{"not_picked":["PrismaMod:IllyaRussianRoulette","PrismaMod:IllyaBerserCAR","PrismaMod:IllyaBride"],"picked":"SKIP","floor":11},{"not_picked":["PrismaMod:IllyaCheapAttack","PrismaMod:IllyaFriendMaker","PrismaMod:IllyaFeed"],"picked":"SKIP","floor":13},{"not_picked":["PrismaMod:IllyaTestament","PrismaMod:IllyaRussianRoulette"],"picked":"PrismaMod:IllyaBlindPoisonToss","floor":14},{"not_picked":["PrismaMod:IllyaAssassinRevenge","PrismaMod:IllyaCarnivalDefend"],"picked":"PrismaMod:IllyaBoysLove","floor":14},{"not_picked":["PrismaMod:IllyaMinorRapidFire","PrismaMod:IllyaPartialInstallAssassin"],"picked":"PrismaMod:IllyaBoysLove","floor":14}],"player_experience":40492,"relics_obtained":[{"floor":6,"key":"Bag of Marbles"}],"event_choices":[{"damage_healed":0,"gold_gain":0,"player_choice":"Entered Light","damage_taken":15,"max_hp_gain":0,"max_hp_loss":0,"event_name":"Shining Light","floor":4,"gold_loss":0,"cards_upgraded":["PrismaMod:IllyaCommonDefend","PrismaMod:IllyaUncommonAttack"]},{"cards_removed":["PrismaMod:IllyaCommonAttack"],"damage_healed":0,"gold_gain":0,"player_choice":"Purged","damage_taken":0,"max_hp_gain":0,"max_hp_loss":0,"event_name":"Purifier","floor":5,"gold_loss":0}],"is_beta":false,"boss_relics":[],"items_purged_floors":[3],"is_endless":false,"potions_floor_spawned":[1,10,11],"killed_by":"Fading Forest","ascension_level":1}}