{"host":"25fn74ijs2305xd4","time":1612281135,"event":{"mods":["AchievementEnabler","BaseMod","Colored Map","Colored Powertips","Dark Map","Minty Spire (QoL Compilation)","Relic Stats","StSLib"],"gold_per_floor":[363,373,389,95,95,130,130,130,130,147,158,158,187,187,187,289,289,306,323,161,180,192,224,224,224,224,243,259,259,259,275,275,275,275],"floor_reached":33,"language":"POL","playtime":1192,"items_purged":["Strike_R"],"score":346,"play_id":"db133043-fcb0-4824-98cc-469f9aa7ba7e","local_time":"20210202165215","is_ascension_mode":true,"campfire_choices":[{"data":"Sword Boomerang","floor":8.0,"key":"SMITH"},{"data":"True Grit","floor":12.0,"key":"SMITH"},{"data":"Iron Wave","floor":15.0,"key":"SMITH"},{"data":"Whirlwind","floor":24.0,"key":"SMITH"},{"floor":32,"key":"REST"}],"circlet_count":0,"master_deck":["Bash+1","Sword Boomerang+1","Rage","Pummel","Inflame+1","Bloodletting","True Grit+1","Iron Wave+1","Reaper","Bludgeon","Armaments","Clash","Corruption","Reckless Charge","Whirlwind+1","Double Tap","Sever Soul","Thunderclap+1","Shrug It Off+1","Mayhem","Battle Trance","Ghostly","Ghostly","Ghostly","Ghostly","Ghostly","Power Through+1","Writhe","Necronomicurse"],"relics":["Burning Blood","Membership Card","Bronze Scales","Question Card","Happy Flower","Eternal Feather","Pandora\u0027s Box","Oddly Smooth Stone","Ornamental Fan","Juzu Bracelet","Necronomicon"],"acts_visited":["Exordium","TheCity"],"potions_floor_usage":[33,33],"damage_taken":[{"damage":3.0,"enemies":"2 Louse","floor":1.0,"turns":3.0},{"damage":1.0,"enemies":"Cultist","floor":2.0,"turns":3.0},{"damage":2.0,"enemies":"Small Slimes","floor":3.0,"turns":3.0},{"damage":30.0,"enemies":"Gremlin Nob","floor":6.0,"turns":5.0},{"damage":14.0,"enemies":"Red Slaver","floor":10.0,"turns":2.0},{"damage":10.0,"enemies":"2 Fungi Beasts","floor":11.0,"turns":4.0},{"damage":14.0,"enemies":"3 Sentries","floor":13.0,"turns":5.0},{"damage":51.0,"enemies":"Slime Boss","floor":16.0,"turns":12.0},{"damage":11.0,"enemies":"Spheric Guardian","floor":18.0,"turns":2.0},{"damage":15.0,"enemies":"Chosen","floor":19.0,"turns":3.0},{"damage":1.0,"enemies":"Centurion and Healer","floor":21.0,"turns":4.0},{"damage":13.0,"enemies":"3 Cultists","floor":22.0,"turns":4.0},{"damage":54.0,"enemies":"Gremlin Leader","floor":23.0,"turns":6.0},{"damage":10,"enemies":"Cultist and Chosen","floor":27,"turns":6},{"damage":18,"enemies":"Centurion and Healer","floor":28,"turns":5},{"damage":0,"enemies":"Snake Plant","floor":31,"turns":3},{"damage":51,"enemies":"Automaton","floor":33,"turns":6}],"seed_played":"-487793429642556204","potions_obtained":[{"floor":11.0,"key":"Fire Potion"},{"floor":13.0,"key":"BlessingOfTheForge"},{"floor":16.0,"key":"Dexterity Potion"},{"floor":18.0,"key":"BloodPotion"},{"floor":21.0,"key":"EssenceOfSteel"}],"is_trial":false,"path_per_floor":["M","M","M","$","?","E","?","R","T","M","M","R","E","?","R","B",null,"M","M","$","M","M","E","R","?","T","M","M","?","?","M","R","B"],"character_chosen":"IRONCLAD","items_purchased":["Membership Card","Bronze Scales","Pummel","Oddly Smooth Stone","Mayhem"],"campfire_rested":1,"item_purchase_floors":[4,4,4,20,20],"current_hp_per_floor":[72,72,72,72,72,48,48,48,48,40,36,36,28,72,72,27,72,67,72,72,72,65,24,36,36,36,32,20,20,4,15,36,0,0],"gold":275,"neow_bonus":"TWO_FIFTY_GOLD","is_daily":false,"chose_seed":false,"campfire_upgraded":4,"win_rate":0.0,"timestamp":1612281135,"path_taken":["M","M","M","$","?","E","?","R","T","M","?","R","E","?","R","BOSS","M","M","$","M","M","E","R","?","T","M","M","?","?","M","R","BOSS"],"items_purchased_type":["Relic","Relic","Card","Relic","Card"],"build_version":"2020-12-22","purchased_purges":1,"victory":false,"max_hp_per_floor":[72,72,72,72,72,72,72,72,72,72,72,72,72,72,72,72,72,72,72,72,72,72,72,72,36,36,36,36,36,36,36,36,36,36],"relic_stats":{"Happy Flower":[20],"counters":[17,76],"Ornamental Fan":[20],"Bronze Scales":[159],"Eternal Feather":27,"Pandora\u0027s Box":["Bludgeon","Armaments","Clash","Corruption","Reckless Charge","Whirlwind","Double Tap","Sever Soul"],"Juzu Bracelet":0,"Necronomicon":[6],"Question Card":12,"obtain_stats":[{"Happy Flower":9,"Ornamental Fan":23,"Bronze Scales":4,"Oddly Smooth Stone":20,"Eternal Feather":13,"Pandora\u0027s Box":17,"Juzu Bracelet":29,"Necronomicon":30,"Membership Card":4,"Question Card":6,"Burning Blood":0},{"Happy Flower":4,"Ornamental Fan":13,"Bronze Scales":3,"Oddly Smooth Stone":10,"Eternal Feather":7,"Pandora\u0027s Box":8,"Juzu Bracelet":15,"Necronomicon":15,"Membership Card":3,"Question Card":4,"Burning Blood":0},{"Happy Flower":14,"Ornamental Fan":56,"Bronze Scales":9,"Oddly Smooth Stone":42,"Eternal Feather":25,"Pandora\u0027s Box":37,"Juzu Bracelet":67,"Necronomicon":67,"Membership Card":9,"Question Card":14,"Burning Blood":0}],"Burning Blood":79},"card_choices":[{"not_picked":["Wild Strike","Shockwave"],"picked":"Sword Boomerang","floor":1.0},{"not_picked":["Headbutt","Entrench"],"picked":"Ghostly Armor","floor":2.0},{"not_picked":["Shockwave","Dual Wield"],"picked":"Rage","floor":3.0},{"not_picked":["Bloodletting","Pommel Strike"],"picked":"Inflame","floor":6.0},{"not_picked":["Uppercut","Pommel Strike","Hemokinesis"],"picked":"Bloodletting","floor":10.0},{"not_picked":["Seeing Red","Wild Strike","Inflame"],"picked":"True Grit","floor":11.0},{"not_picked":["Heavy Blade","Wild Strike","Armaments"],"picked":"Iron Wave","floor":13.0},{"not_picked":["Fiend Fire","Double Tap","Impervious"],"picked":"Reaper","floor":16.0},{"not_picked":["Anger+1","Warcry","Wild Strike+1"],"picked":"Thunderclap+1","floor":18.0},{"not_picked":["Shockwave","Havoc+1","Pommel Strike"],"picked":"Shrug It Off+1","floor":19.0},{"not_picked":["Warcry","Havoc","Heavy Blade+1"],"picked":"Battle Trance","floor":21.0},{"not_picked":["Body Slam","Clash","Pummel+1","Perfected Strike"],"picked":"SKIP","floor":22.0},{"not_picked":["Wild Strike","Immolate","Evolve","Perfected Strike"],"picked":"SKIP","floor":23.0},{"not_picked":["Pummel","Cleave","Heavy Blade","Ghostly Armor+1"],"picked":"SKIP","floor":27},{"not_picked":["Warcry","Inflame","Cleave+1"],"picked":"Power Through+1","floor":28},{"not_picked":["Body Slam","Sword Boomerang","Combust","Twin Strike"],"picked":"SKIP","floor":31}],"player_experience":76759,"relics_obtained":[{"floor":6.0,"key":"Question Card"},{"floor":9.0,"key":"Happy Flower"},{"floor":13.0,"key":"Eternal Feather"},{"floor":23.0,"key":"Ornamental Fan"},{"floor":30,"key":"Necronomicon"}],"event_choices":[{"damage_healed":0.0,"max_hp_gain":0.0,"max_hp_loss":0.0,"gold_gain":0.0,"event_name":"Living Wall","player_choice":"Grow","floor":5.0,"gold_loss":0.0,"damage_taken":0.0,"cards_upgraded":["Bash"]},{"damage_healed":0.0,"max_hp_gain":0.0,"max_hp_loss":0.0,"gold_gain":0.0,"event_name":"Upgrade Shrine","player_choice":"Upgraded","floor":7.0,"gold_loss":0.0,"damage_taken":0.0,"cards_upgraded":["Inflame"]},{"cards_removed":["Ghostly Armor"],"damage_healed":44.0,"max_hp_gain":0.0,"max_hp_loss":0.0,"gold_gain":0.0,"event_name":"Bonfire Elementals","player_choice":"Offered Uncommon","floor":14.0,"gold_loss":0.0,"damage_taken":0.0},{"damage_healed":0.0,"max_hp_gain":0.0,"max_hp_loss":36.0,"gold_gain":0.0,"event_name":"Ghosts","player_choice":"Became a Ghost","floor":25.0,"gold_loss":0.0,"damage_taken":0.0,"cards_obtained":["Ghostly","Ghostly","Ghostly","Ghostly","Ghostly"]},{"damage_healed":0,"gold_gain":0,"player_choice":"Opened","damage_taken":0,"relics_obtained":["Juzu Bracelet"],"max_hp_gain":0,"max_hp_loss":0,"event_name":"The Mausoleum","floor":29,"gold_loss":0,"cards_obtained":["Writhe"]},{"damage_healed":0,"gold_gain":0,"player_choice":"Obtained Book","damage_taken":16,"max_hp_gain":0,"max_hp_loss":0,"event_name":"Cursed Tome","floor":30,"gold_loss":0}],"is_beta":false,"boss_relics":[{"not_picked":["Black Blood","Coffee Dripper"],"picked":"Pandora\u0027s Box"}],"items_purged_floors":[4],"is_endless":false,"potions_floor_spawned":[11,13,16,18,21,23,27,28],"killed_by":"Automaton","ascension_level":3}}