{"host":"m6aaltr68g9tvoay","time":1612245348,"event":{"mods":["AchievementEnabler","BaseMod","Colored Map","Downfall","Minty Spire (QoL Compilation)","StSLib"],"gold_per_floor":[99,118,118,133,40,40,40,72,72,72,84,84,84,84,104,209,209,109,121,140,50,69,69,95,195,95,95,123,135,135,135,151,246,246,246,261,271,271,271,271,271,271,271,290,290,302,329,229,246,246,246,246,246,246],"floor_reached":52,"language":"ENG","playtime":3457,"items_purged":["bronze:Strike"],"score":961,"play_id":"9f1668ed-ce43-47ad-87f7-b55b025e2605","local_time":"20210201215548","is_ascension_mode":true,"campfire_choices":[{"floor":1,"key":"RECALL"},{"data":"bronze:FindAndReplace","floor":6,"key":"SMITH"},{"floor":10,"key":"REST"},{"floor":13,"key":"REST"},{"data":"bronze:Iterate","floor":18,"key":"SMITH"},{"floor":26,"key":"REST"},{"floor":30,"key":"REST"},{"data":"bronze:FindAndReplace","floor":35,"key":"SMITH"},{"data":"J.A.X.","floor":40,"key":"SMITH"},{"data":"expansioncontent:Chronoboost","floor":43,"key":"SMITH"},{"floor":45,"key":"REST"},{"floor":48,"key":"REST"}],"circlet_count":0,"master_deck":["bronze:Defend","bronze:Defend","bronze:Defend","bronze:Defend","bronze:Replicate","bronze:Goto","bronze:Separator","bronze:Iterate+1","bronze:FindAndReplace+1","bronze:FollowUp","bronze:Return","bronze:Iterate+1","bronze:FindAndReplace+1","bronze:Overheat+1","bronze:RecursiveStrike+1","bronze:WildBeam+1","bronze:InfiniteBeams","bronze:ChosenStrike+1","bronze:WhirlingStrike+1","J.A.X.+1","bronze:WhirlingStrike+1","bronze:CloningBeam+1","bronze:OilSpill+1","bronze:ThunderWave+1","bronze:Turbo","expansioncontent:Chronoboost+1","bronze:Safeguard+1"],"relics":["bronze:BronzeCore","Incense Burner","Molten Egg 2","sneckomod:SneckoTalon","downfall:HeartBlessingRed","MutagenicStrength","downfall:HeartBlessingBlue","Lantern","Toy Ornithopter","Black Star","Turnip","Thread and Needle","TungstenRod","downfall:HeartBlessingGreen"],"acts_visited":["Exordium","TheCity","TheBeyond","TheEnding"],"potions_floor_usage":[14,25,33,50,50,50,50],"damage_taken":[{"damage":4,"enemies":"Jaw Worm","floor":2,"turns":4},{"damage":1,"enemies":"Cultist","floor":4,"turns":3},{"damage":0,"enemies":"downfall:FleeingMerchant","floor":5,"turns":4},{"damage":22,"enemies":"Lagavulin","floor":8,"turns":5},{"damage":0,"enemies":"2 Louse","floor":11,"turns":2},{"damage":0,"enemies":"Large Slime","floor":14,"turns":1},{"damage":0,"enemies":"Lots of Slimes","floor":15,"turns":2},{"damage":33,"enemies":"IC_STATUS_ARCHETYPE","floor":16,"turns":7},{"damage":0,"enemies":"Spheric Guardian","floor":19,"turns":2},{"damage":6,"enemies":"3 Byrds","floor":20,"turns":3},{"damage":0,"enemies":"downfall:FleeingMerchant","floor":21,"turns":4},{"damage":12,"enemies":"3 Cultists","floor":22,"turns":4},{"damage":23,"enemies":"downfall:Augmenter","floor":25,"turns":4},{"damage":18,"enemies":"Gremlin Leader","floor":28,"turns":2},{"damage":0,"enemies":"Snecko","floor":29,"turns":2},{"damage":18,"enemies":"Shelled Parasite and Fungi","floor":32,"turns":2},{"damage":17,"enemies":"SI_MIRROR_ARCHETYPE","floor":33,"turns":4},{"damage":0,"enemies":"3 Shapes","floor":36,"turns":1},{"damage":3,"enemies":"Orb Walker","floor":37,"turns":1},{"damage":18,"enemies":"Spire Growth","floor":44,"turns":2},{"damage":16,"enemies":"3 Darklings","floor":46,"turns":3},{"damage":3,"enemies":"Reptomancer","floor":47,"turns":2},{"damage":0,"enemies":"Sphere and 2 Shapes","floor":49,"turns":1},{"damage":88,"enemies":"WA_ARCHETYPE_DIVINITY","floor":50,"turns":8},{"damage":122,"enemies":"downfall:CharBossMerchant","floor":52,"turns":6}],"seed_played":"-635025264608415110","potions_obtained":[{"floor":3,"key":"SmokeBomb"},{"floor":3,"key":"EntropicBrew"},{"floor":3,"key":"sneckomod:MuddlingPotion"},{"floor":15,"key":"GamblersBrew"},{"floor":16,"key":"Energy Potion"},{"floor":22,"key":"Guardian:BlockOnCardUsePotion"},{"floor":25,"key":"bronze:CleanCodePotion"},{"floor":33,"key":"AttackPotion"},{"floor":44,"key":"Strength Potion"}],"is_trial":false,"path_per_floor":["R","M","?","M","$","R","T","E","?","R","M","?","R","M","M","B",null,"R","M","M","$","M","?","T","?","R","T","E","M","R","?","M","B",null,"R","M","M","?","?","R","T","?","R","M","R","M","E","R","M","B",null,"E"],"character_chosen":"THE_AUTOMATON","items_purchased":["bronze:FollowUp"],"campfire_rested":6,"item_purchase_floors":[5],"current_hp_per_floor":[59,55,55,54,54,54,54,32,32,57,57,57,82,82,82,49,75,75,75,69,69,57,57,57,34,72,72,54,54,82,82,64,52,84,84,84,81,81,104,104,104,104,104,86,104,88,85,104,104,36,87,0,0,0],"gold":246,"neow_bonus":"TWENTY_PERCENT_HP_BONUS","is_daily":false,"chose_seed":false,"campfire_upgraded":5,"win_rate":0.0,"timestamp":1612245348,"path_taken":["R","M","?","M","?","R","T","E","?","R","M","?","R","M","M","BOSS","R","M","M","?","M","?","T","?","R","?","E","M","R","?","M","BOSS","R","M","M","?","?","R","T","?","R","M","R","M","E","R","M","BOSS","E"],"items_purchased_type":["Card"],"build_version":"2020-12-22","purchased_purges":1,"victory":false,"max_hp_per_floor":[84,84,84,84,84,84,84,84,84,84,84,84,84,84,84,84,84,84,84,84,84,84,84,84,84,94,94,94,94,94,94,94,94,94,94,94,94,94,104,104,104,104,104,104,104,104,104,104,104,104,104,104,104,104],"card_choices":[{"not_picked":["bronze:FineTuning","bronze:BuggyMess"],"picked":"bronze:Separator","floor":2},{"not_picked":["bronze:DarkDash","bronze:FollowUp"],"picked":"bronze:Iterate","floor":4},{"not_picked":["bronze:Invalidate","bronze:Frontload"],"picked":"bronze:FindAndReplace","floor":5},{"not_picked":["bronze:Frontload","bronze:FollowUp+1"],"picked":"bronze:Return","floor":8},{"not_picked":["bronze:Philosophize","bronze:Invalidate"],"picked":"bronze:Iterate+1","floor":11},{"not_picked":["bronze:Invalidate","bronze:DelayedSlice+1"],"picked":"bronze:Overheat+1","floor":15},{"not_picked":["bronze:HyperBeam+1","bronze:SpaghettiCode"],"picked":"bronze:RecursiveStrike+1","floor":16},{"not_picked":["bronze:Backtrace+1","bronze:Iterate+1"],"picked":"bronze:WildBeam+1","floor":19},{"not_picked":["bronze:Separator+1","bronze:CutThrough+1"],"picked":"bronze:InfiniteBeams","floor":20},{"not_picked":["bronze:MaxOutput","bronze:Invalidate"],"picked":"bronze:ChosenStrike+1","floor":21},{"not_picked":["bronze:DelayedSlice+1","bronze:Allocate"],"picked":"bronze:WhirlingStrike+1","floor":22},{"not_picked":[],"picked":"J.A.X.","floor":25},{"not_picked":["bronze:CleanCode","bronze:Refactor"],"picked":"bronze:OilSpill+1","floor":25},{"not_picked":["bronze:DigitalCarnage+1","bronze:OilSpill+1"],"picked":"bronze:Mutator","floor":28},{"not_picked":["bronze:Invalidate","bronze:Iterate+1","bronze:ChosenStrike+1"],"picked":"SKIP","floor":29},{"not_picked":["bronze:Invalidate","bronze:Backtrace+1","bronze:Refactor+1"],"picked":"SKIP","floor":32},{"not_picked":["bronze:SpaghettiCode","bronze:Assembly"],"picked":"bronze:ThunderWave+1","floor":33},{"not_picked":["bronze:ChosenStrike+1","bronze:WildBeam+1"],"picked":"bronze:Turbo","floor":36},{"not_picked":["bronze:WildBeam+1","bronze:WhirlingStrike+1","bronze:Backtrace+1"],"picked":"SKIP","floor":37},{"not_picked":["expansioncontent:GuardianWhirl","expansioncontent:AwakenDeath"],"picked":"expansioncontent:Chronoboost","floor":42},{"not_picked":["bronze:Deprecate+1","bronze:CutThrough+1","bronze:Allocate+1"],"picked":"SKIP","floor":44},{"not_picked":["bronze:Turbo+1","bronze:Deprecate+1","bronze:DelayedSlice+1"],"picked":"SKIP","floor":46},{"not_picked":["bronze:Fortify+1","bronze:DigitalCarnage+1"],"picked":"bronze:Safeguard+1","floor":47},{"not_picked":["bronze:Repulsor+1","bronze:Frontload","bronze:WhirlingStrike+1"],"picked":"SKIP","floor":49}],"player_experience":1844669,"relics_obtained":[{"floor":7,"key":"Incense Burner"},{"floor":8,"key":"Molten Egg 2"},{"floor":25,"key":"MutagenicStrength"},{"floor":27,"key":"Lantern"},{"floor":28,"key":"Toy Ornithopter"},{"floor":41,"key":"Turnip"},{"floor":47,"key":"Thread and Needle"},{"floor":47,"key":"TungstenRod"}],"event_choices":[{"damage_healed":0,"gold_gain":0,"player_choice":"Got Potions","damage_taken":0,"max_hp_gain":0,"max_hp_loss":0,"event_name":"Lab","floor":3,"gold_loss":0},{"damage_healed":0,"gold_gain":0,"player_choice":"Ignored","damage_taken":0,"max_hp_gain":0,"max_hp_loss":0,"event_name":"Vampires","floor":23,"gold_loss":0}],"is_beta":false,"boss_relics":[{"not_picked":["Runic Pyramid","Calling Bell"],"picked":"sneckomod:SneckoTalon"},{"not_picked":["Tiny House","Pandora\u0027s Box"],"picked":"Black Star"}],"items_purged_floors":[21],"is_endless":false,"potions_floor_spawned":[11,15,16,22,25,29,32,33,44,47],"killed_by":"downfall:CharBossMerchant","ascension_level":7}}