{"host":"y1oqg7uy0jc6f5mb","time":1612295199,"event":{"mods":["AchievementEnabler","BaseMod","Better Altar","Better Match","Better Note","Better Sensory Stone","Better Skull","Better Third Choice","Colored Map","Colored Powertips","Downfall","Highlight Path","Ironclad Rager","Minty Spire (QoL Compilation)","Permanent Neow","Quick Restart","Relic Stats","Replay The Spire","Shop Mod","StSLib"],"gold_per_floor":[113,113,129,144,144,144,144,175,200,231,231,231,245,263,263,366,366,378,81,97,127,127,127,142,155,202,202,234,254,254,270,270,372,372,390,404,424,34,81,106,125,125,148,148,183,202,221,236,236,236],"floor_reached":51,"language":"ENG","playtime":4740,"items_purged":["Strike_R","Pot Of Greed"],"score":874,"play_id":"bb271fee-4347-4410-bdb4-af03904e62d7","local_time":"20210203034639","is_ascension_mode":true,"campfire_choices":[{"data":"Pommel Strike","floor":6.0,"key":"SMITH"},{"data":"Armaments","floor":12.0,"key":"SMITH"},{"data":"Body Slam","floor":15.0,"key":"SMITH"},{"data":"Replay:Many Hands","floor":23.0,"key":"SMITH"},{"floor":27.0,"key":"REST"},{"floor":32.0,"key":"REST"},{"floor":44,"key":"REST"},{"data":"True Grit","floor":49,"key":"SMITH"}],"circlet_count":0,"master_deck":["AscendersBane","Strike_R","Strike_R+1","Strike_R","Defend_R+1","Defend_R","Defend_R","Defend_R","Perfected Strike","Replay:Undeath\u0027s Touch","Survivor","Neutralize","Cleave","Pommel Strike+1","ReplayTheSpireMod:Stacked","Armaments+1","Body Slam+1","Replay:Many Hands+1","Disarm+1","Life Link","Thunderclap","True Grit+1","Demon Form","Fire Breathing","Cleave+1","Metallicize+1","ReplayTheSpireMod:Stacked","Pot Of Greed","Pot Of Greed","Limit Break","ReplayTheSpireMod:Stacked","Inflame","Rage","Feel No Pain","Spot Weakness","True Grit+1","Reaper+1","Inflame","Pot Of Greed","Pummel+1","Flex+1"],"relics":["Burning Blood","Ancient Tea Set","Onion Ring","Replay:Mystery Machine","Bag of Preparation","Matryoshka","Philosopher\u0027s Stone","HandDrill","Red Mask","Anchor","Potion Belt","Turnip","Simple Rune","Grinning Jar","Honey Jar","King of Hearts","Ginger","Replay:Accelerometer","Replay:Rubber Ducky","Molten Egg 2"],"acts_visited":["Exordium","TheCity","TheBeyond"],"potions_floor_usage":[39,40,40,41,41,47,50],"damage_taken":[{"damage":1.0,"enemies":"2 Louse","floor":1.0,"turns":3.0},{"damage":7.0,"enemies":"Jaw Worm","floor":3.0,"turns":4.0},{"damage":0.0,"enemies":"Small Slimes","floor":4.0,"turns":2.0},{"damage":20.0,"enemies":"3 Sentries","floor":8.0,"turns":6.0},{"damage":20.0,"enemies":"Gremlin Nob","floor":10.0,"turns":4.0},{"damage":1.0,"enemies":"Exordium Thugs","floor":13.0,"turns":4.0},{"damage":0.0,"enemies":"Looter","floor":14.0,"turns":1.0},{"damage":24.0,"enemies":"Hexaghost","floor":16.0,"turns":9.0},{"damage":3.0,"enemies":"Chosen","floor":18.0,"turns":6.0},{"damage":0.0,"enemies":"Shell Parasite","floor":20.0,"turns":4.0},{"damage":12.0,"enemies":"Masked Bandits","floor":21.0,"turns":3.0},{"damage":0.0,"enemies":"Centurion and Healer","floor":24.0,"turns":4.0},{"damage":34.0,"enemies":"Snecko","floor":25.0,"turns":5.0},{"damage":8.0,"enemies":"Slavers","floor":28.0,"turns":4.0},{"damage":16.0,"enemies":"Chosen and Byrds","floor":29.0,"turns":6.0},{"damage":7.0,"enemies":"Snake Plant","floor":31.0,"turns":3.0},{"damage":29.0,"enemies":"Champ","floor":33.0,"turns":9.0},{"damage":1.0,"enemies":"3 Shapes","floor":35.0,"turns":6.0},{"damage":0.0,"enemies":"3 Darklings","floor":36.0,"turns":6.0},{"damage":3.0,"enemies":"Maw","floor":37.0,"turns":7.0},{"damage":35,"enemies":"2 Orb Walkers","floor":39,"turns":4},{"damage":1,"enemies":"Nemesis","floor":40,"turns":5},{"damage":28,"enemies":"Writhing Mass","floor":41,"turns":5},{"damage":0,"enemies":"R_Hoarder","floor":45,"turns":8},{"damage":3,"enemies":"4 Shapes","floor":46,"turns":3},{"damage":0,"enemies":"Jaw Worm Horde","floor":47,"turns":5},{"damage":7,"enemies":"Writhing Mass","floor":48,"turns":3},{"damage":18,"enemies":"Replay:Hell Engine","floor":50,"turns":7}],"seed_played":"-6901625010852587066","potions_obtained":[{"floor":1.0,"key":"Explosive Potion"},{"floor":4.0,"key":"BlessingOfTheForge"},{"floor":13.0,"key":"HeartOfIron"},{"floor":14.0,"key":"Reflective Coating"},{"floor":21.0,"key":"Venom Potion"},{"floor":25.0,"key":"Slimebound:ThreeZeroPotion"},{"floor":29.0,"key":"BloodPotion"},{"floor":33.0,"key":"champ:CounterPotion"},{"floor":35.0,"key":"Block Potion"},{"floor":40,"key":"hexamod:SoulburnPotion"},{"floor":41,"key":"Reflective Coating"},{"floor":45,"key":"SpeedPotion"}],"is_trial":false,"path_per_floor":["M","?","M","M","?","R","?","E","T","E","T","R","M","M","R","B",null,"M","$","M","?","?","R","M","M","T","R","E","M","T","M","R","B",null,"M","M","M","$","?","E","M","?","T","R","E","M","M","M","R","B",null],"character_chosen":"IRONCLAD","items_purchased":["Life Link","HandDrill","King of Hearts","Strength Potion","BloodPotion","Block Potion"],"campfire_rested":3,"item_purchase_floors":[19,19,38,38,38,38],"current_hp_per_floor":[77,77,76,80,77,77,70,56,56,42,42,42,47,53,53,35,69,72,72,78,72,56,56,62,34,34,58,56,46,46,45,69,46,72,77,80,80,80,51,72,50,49,49,73,79,80,80,79,79,67],"gold":236,"neow_bonus":"THREE_CARDS","is_daily":false,"chose_seed":false,"campfire_upgraded":5,"win_rate":0.0,"timestamp":1612295199,"path_taken":["M","?","M","M","?","R","?","E","T","E","?","R","M","M","R","BOSS","M","$","M","?","?","R","M","M","T","R","E","M","?","M","R","BOSS","M","M","M","$","?","E","M","?","T","R","E","?","M","M","R","BOSS"],"items_purchased_type":["Card","Relic","Relic","Potion","Potion","Potion"],"build_version":"2020-12-22","purchased_purges":2,"victory":true,"max_hp_per_floor":[80,80,80,80,80,80,80,80,80,80,80,80,80,80,80,80,80,80,80,80,80,80,80,80,80,80,80,80,80,80,80,80,80,80,80,80,80,80,80,80,80,80,80,80,80,80,80,80,80,80],"relic_stats":{"counters":[28,136],"Turnip":[5],"Bag of Preparation":[46],"HandDrill":[56],"Ginger":[8],"obtain_stats":[{"Potion Belt":26,"Replay:Accelerometer":40,"King of Hearts":38,"Bag of Preparation":10,"Ginger":39,"Replay:Mystery Machine":9,"Ancient Tea Set":5,"Burning Blood":0,"Replay:Rubber Ducky":43,"Anchor":26,"Matryoshka":11,"Honey Jar":34,"Onion Ring":8,"Philosopher\u0027s Stone":17,"Simple Rune":30,"Molten Egg 2":45,"Turnip":28,"HandDrill":19,"Red Mask":21,"Grinning Jar":30},{"Potion Belt":13,"Replay:Accelerometer":22,"King of Hearts":20,"Bag of Preparation":5,"Ginger":21,"Replay:Mystery Machine":4,"Ancient Tea Set":3,"Burning Blood":0,"Replay:Rubber Ducky":23,"Anchor":13,"Matryoshka":5,"Honey Jar":17,"Onion Ring":4,"Philosopher\u0027s Stone":8,"Simple Rune":15,"Molten Egg 2":24,"Turnip":14,"HandDrill":9,"Red Mask":11,"Grinning Jar":15},{"Potion Belt":55,"Replay:Accelerometer":105,"King of Hearts":96,"Bag of Preparation":19,"Ginger":100,"Replay:Mystery Machine":15,"Ancient Tea Set":9,"Burning Blood":0,"Replay:Rubber Ducky":110,"Anchor":55,"Matryoshka":19,"Honey Jar":77,"Onion Ring":15,"Philosopher\u0027s Stone":33,"Simple Rune":65,"Molten Egg 2":118,"Turnip":59,"HandDrill":39,"Red Mask":46,"Grinning Jar":65}],"Burning Blood":152},"card_choices":[{"not_picked":["Intimidate","Flex"],"picked":"Perfected Strike","floor":0.0},{"not_picked":["Anger","Carnage"],"picked":"Replay:Undeath\u0027s Touch","floor":1.0},{"not_picked":["Perfected Strike","Thunderclap"],"picked":"Cleave","floor":3.0},{"not_picked":["True Grit","Heavy Blade"],"picked":"Pommel Strike","floor":4.0},{"not_picked":["Dual Wield","Battle Trance"],"picked":"ReplayTheSpireMod:Stacked","floor":8.0},{"not_picked":["Body Slam","Perfected Strike"],"picked":"Armaments","floor":10.0},{"not_picked":["Defy Death","Clothesline"],"picked":"Body Slam","floor":13.0},{"not_picked":["Perfected Strike","Pummel"],"picked":"Replay:Many Hands","floor":14.0},{"not_picked":["Dropkick","Second Wind"],"picked":"Disarm+1","floor":18.0},{"not_picked":["Cleave","Massacre+1"],"picked":"Thunderclap","floor":20.0},{"not_picked":["ReplayTheSpireMod:Strike From Hell","Anger"],"picked":"True Grit+1","floor":21.0},{"not_picked":["Carnage","Iron Wave"],"picked":"Fire Breathing","floor":24.0},{"not_picked":["Replay:Undeath\u0027s Touch","Run Through"],"picked":"Cleave+1","floor":25.0},{"not_picked":["Flex","Wild Strike"],"picked":"Metallicize+1","floor":28.0},{"not_picked":["Cleave","Metallicize"],"picked":"ReplayTheSpireMod:Stacked","floor":29.0},{"not_picked":["Cleave","Rupture","Clash+1"],"picked":"SKIP","floor":31.0},{"not_picked":["Hemogenesis","Brutality"],"picked":"Limit Break","floor":33.0},{"not_picked":["Whirlwind","Run Through","Replay:Undeath\u0027s Touch+1"],"picked":"ReplayTheSpireMod:Stacked","floor":35.0},{"not_picked":["Heavy Blade+1","Pummel+1","Flex"],"picked":"Inflame","floor":36.0},{"not_picked":["Perfected Strike","Dropkick","Run Through+1"],"picked":"Rage","floor":37.0},{"not_picked":["Wild Strike+1","ReplayTheSpireMod:LeadingStrike","Headbutt"],"picked":"Feel No Pain","floor":39},{"not_picked":["Dark Embrace","Anger+1","Perfected Strike+1"],"picked":"Spot Weakness","floor":40},{"not_picked":["Perfected Strike","Shrug It Off+1","Carnage"],"picked":"True Grit","floor":41},{"not_picked":["Berserk","Cleave+1","Shockwave"],"picked":"Reaper+1","floor":45},{"not_picked":["Havoc","True Grit","Armaments+1"],"picked":"Inflame","floor":46},{"not_picked":["Flex+1","Perfected Strike+1","Armaments"],"picked":"Pummel+1","floor":47},{"not_picked":["Ghostly Armor","Heavy Blade+1","Infernal Blade+1"],"picked":"Flex+1","floor":48}],"player_experience":332586,"relics_obtained":[{"floor":8.0,"key":"Onion Ring"},{"floor":9.0,"key":"Replay:Mystery Machine"},{"floor":10.0,"key":"Bag of Preparation"},{"floor":11.0,"key":"Matryoshka"},{"floor":21.0,"key":"Red Mask"},{"floor":26.0,"key":"Anchor"},{"floor":26.0,"key":"Potion Belt"},{"floor":28.0,"key":"Turnip"},{"floor":30.0,"key":"Simple Rune"},{"floor":30.0,"key":"Grinning Jar"},{"floor":39,"key":"Ginger"},{"floor":40,"key":"Replay:Accelerometer"},{"floor":43,"key":"Replay:Rubber Ducky"},{"floor":45,"key":"Molten Egg 2"}],"event_choices":[{"damage_healed":0.0,"max_hp_gain":0.0,"max_hp_loss":0.0,"gold_gain":0.0,"event_name":"betterThird:BetterScrap","player_choice":"Relic ","floor":5.0,"gold_loss":0.0,"damage_taken":3.0,"cards_obtained":["Eviscerate"]},{"cards_removed":["Strike_R"],"damage_healed":0.0,"max_hp_gain":0.0,"max_hp_loss":0.0,"gold_gain":0.0,"event_name":"Golden Wing","player_choice":"Card Removal","floor":7.0,"gold_loss":0.0,"damage_taken":7.0},{"damage_healed":0.0,"max_hp_gain":0.0,"max_hp_loss":0.0,"gold_gain":0.0,"event_name":"Masked Bandits","player_choice":"Fought Bandits","floor":21.0,"gold_loss":0.0,"damage_taken":0.0},{"damage_healed":0.0,"max_hp_gain":0.0,"max_hp_loss":16.0,"gold_gain":2.0,"event_name":"betterStone:BetterStone","player_choice":"2","floor":22.0,"gold_loss":0.0,"damage_taken":0.0},{"damage_healed":0,"gold_gain":0,"player_choice":"Fight","damage_taken":0,"max_hp_gain":0,"max_hp_loss":0,"event_name":"Mysterious Sphere","floor":39,"gold_loss":0},{"damage_healed":0,"gold_gain":0,"player_choice":"","damage_taken":1,"relics_obtained":[],"max_hp_gain":0,"max_hp_loss":0,"event_name":"betterSkull:BetterSkull","floor":42,"gold_loss":0,"cards_upgraded":[]}],"is_beta":false,"boss_relics":[{"not_picked":["Runic Dome","Ectoplasm"],"picked":"Philosopher\u0027s Stone"},{"not_picked":["Runic Pyramid","Electric Blood"],"picked":"Honey Jar"}],"items_purged_floors":[19,38],"is_endless":false,"potions_floor_spawned":[1,4,13,14,21,25,29,33,35,40,41,45],"ascension_level":10}}