{"host":"hpn0uxah5qjr7pa6","time":1612239168,"event":{"mods":["Act Like it!","Aspiration","BaseMod","Better Third Choice","BetterRewards","Challenge The Spire","Colored Powertips","Conspire","Downfall","Energized Spire","Hallownest","Hermit","Hubris","Infinite Spire","Minty Spire (QoL Compilation)","Permanent Neow","Quick Restart","Rare Cards Sparkle","Replay The Spire","Spicy Shops","StSLib","The Bug Knight","The Jungle"],"gold_per_floor":[99,118,118,130,130,115,194,194,194,210,210,210,223,233,247,232,246,246,246,246],"floor_reached":18,"language":"ENG","playtime":678,"items_purged":[],"score":125,"play_id":"e46d7b12-05e1-4a46-9800-c7ebfcb48303","local_time":"20210201201248","is_ascension_mode":true,"campfire_choices":[{"data":"bronze:Replicate","floor":1,"key":"SMITH"},{"data":"bronze:Repair","floor":8,"key":"SMITH"}],"circlet_count":0,"master_deck":["bronze:Strike","bronze:Strike","bronze:Strike","bronze:Strike","bronze:Defend","bronze:Defend","bronze:Defend","bronze:Defend","bronze:Replicate+1","bronze:DelayedSlice+1","bronze:Repair+1","bronze:WhirlingStrike","bronze:DelayedSlice"],"relics":["bronze:BronzeCore","Replay:Accelerometer"],"acts_visited":["Exordium"],"potions_floor_usage":[16],"damage_taken":[{"damage":0,"enemies":"2 Louse","floor":2,"turns":4},{"damage":8,"enemies":"conspire:RoseBush","floor":4,"turns":3},{"damage":0,"enemies":"downfall:FleeingMerchant","floor":6,"turns":4},{"damage":0,"enemies":"Small Slimes","floor":10,"turns":3},{"damage":3,"enemies":"3 Louse","floor":13,"turns":3},{"damage":9,"enemies":"Large Slime","floor":14,"turns":6},{"damage":7,"enemies":"Exordium Thugs","floor":15,"turns":5},{"damage":5,"enemies":"downfall:FleeingMerchant","floor":16,"turns":4},{"damage":12,"enemies":"Lots of Slimes","floor":17,"turns":3},{"damage":131,"enemies":"DF_ARCHETYPE_STREAMLINE","floor":18,"turns":14}],"seed_played":"-6246648416738649903","potions_obtained":[{"floor":4,"key":"bronze:BuildAFunctionPotion"},{"floor":10,"key":"Fire Potion"},{"floor":17,"key":"sneckomod:MuddlingPotion"}],"is_trial":false,"path_per_floor":["R","M","?","M","?","$","T","R","?","M","PTL","PTL","M","M","M","$","M","B"],"character_chosen":"THE_AUTOMATON","items_purchased":[],"campfire_rested":0,"item_purchase_floors":[],"current_hp_per_floor":[70,70,70,62,62,62,62,62,67,75,75,75,72,73,69,74,72,0,0,0],"gold":246,"neow_bonus":"REMOVE_CARD","is_daily":false,"chose_seed":false,"campfire_upgraded":2,"win_rate":0.0,"timestamp":1612239168,"path_taken":["R","M","?","M","?","$","T","R","?","M","PTL","PTL","M","M","M","$","M","BOSS"],"items_purchased_type":[],"build_version":"2020-12-22","purchased_purges":0,"victory":false,"max_hp_per_floor":[70,70,70,70,70,70,70,70,75,75,75,75,75,75,75,75,75,75,75,75],"card_choices":[{"not_picked":["bronze:Optimize","bronze:Frontload","bronze:ClassDefault"],"picked":"SKIP","floor":2},{"not_picked":["bronze:ItsAFeature","bronze:FineTuning"],"picked":"bronze:DelayedSlice","floor":4},{"not_picked":["bronze:Constructor","bronze:Invalidate"],"picked":"bronze:Repair","floor":6},{"not_picked":["bronze:Optimize","bronze:GetLatest","bronze:FineTuning"],"picked":"SKIP","floor":10},{"not_picked":["bronze:CutThrough","bronze:Iterate","bronze:Overheat"],"picked":"SKIP","floor":13},{"not_picked":["bronze:Iterate","bronze:Turbo"],"picked":"bronze:WhirlingStrike","floor":14},{"not_picked":["bronze:BitShift","bronze:DelayedGuard","bronze:Break"],"picked":"SKIP","floor":15},{"not_picked":["bronze:Deprecate","bronze:WhirlingStrike"],"picked":"bronze:DelayedSlice","floor":16},{"not_picked":["bronze:CutThrough","bronze:GetLatest","bronze:Constructor"],"picked":"SKIP","floor":17}],"player_experience":157126,"relics_obtained":[{"floor":7,"key":"Replay:Accelerometer"}],"event_choices":[{"damage_healed":0,"gold_gain":0,"player_choice":"Grow","damage_taken":0,"max_hp_gain":0,"max_hp_loss":0,"event_name":"Living Wall","floor":5,"gold_loss":0,"cards_upgraded":["bronze:DelayedSlice"]},{"damage_healed":0,"gold_gain":0,"player_choice":"Donut","damage_taken":0,"max_hp_gain":5,"max_hp_loss":0,"event_name":"Big Fish","floor":9,"gold_loss":0}],"is_beta":false,"boss_relics":[],"items_purged_floors":[],"is_endless":false,"potions_floor_spawned":[4,10,17],"killed_by":"DF_ARCHETYPE_STREAMLINE","ascension_level":4}}