{"host":"kwnpvqmnt47pmyi1","time":1612279385,"event":{"mods":["AchievementEnabler","BaseMod","Bestiary","BetterRewards","Clockwork Mod","Downfall","Hermit","Hubris","Infinite Spire","Marisa????????","Minty Spire (QoL Compilation)","Reliquary","Replay The Spire","Shade Mod","StSLib","The Hierophant","The Servant 0.9.4"],"gold_per_floor":[117,127,147,147,164,164,164,164,164,177,177,209,209,229,229,325,325,340,340,366,398,417,417,417],"floor_reached":23,"language":"ENG","playtime":2881,"items_purged":[],"score":191,"play_id":"de1542f2-647e-49c7-a0b0-9c78805fb5c7","local_time":"20210202072305","is_ascension_mode":false,"campfire_choices":[{"data":"Clockwork:ChargingBlade","floor":6,"key":"SMITH"},{"data":"Clockwork:Tinker","floor":8,"key":"SMITH"},{"data":"Clockwork:ChargingShield","floor":11,"key":"SMITH"},{"data":"Clockwork:Pluck","floor":13,"key":"SMITH"},{"floor":15,"key":"REST"}],"circlet_count":0,"master_deck":["Clockwork:Strike","Clockwork:Strike","Clockwork:Strike","Clockwork:Strike","Clockwork:Shield","Clockwork:Shield","Clockwork:Shield","Clockwork:Shield","Clockwork:Tinker+1","Clockwork:WarmUp","Clockwork:ChargingShield+1","Clockwork:ChargingBlade+1","Clockwork:Pluck+1","Clockwork:SiegeStrike","Clockwork:Enhance","Clockwork:ChargingShield+1"],"relics":["Clockwork:MomentumEngine","Blue Candle","hubris:MysteriousPyramids","Lizard Tail","Velvet Choker","Centennial Puzzle","Red Mask"],"acts_visited":["Exordium","TheCity"],"potions_floor_usage":[10,21],"damage_taken":[{"damage":0,"enemies":"Jaw Worm","floor":1,"turns":10},{"damage":15,"enemies":"Cultist","floor":2,"turns":7},{"damage":5,"enemies":"2 Louse","floor":3,"turns":6},{"damage":38,"enemies":"Exordium Wildlife","floor":5,"turns":10},{"damage":5,"enemies":"Large Slime","floor":10,"turns":7},{"damage":7,"enemies":"3 Sentries","floor":12,"turns":11},{"damage":7,"enemies":"Blue Slaver","floor":14,"turns":4},{"damage":26,"enemies":"Slime Boss","floor":16,"turns":13},{"damage":13,"enemies":"Spheric Guardian","floor":18,"turns":5},{"damage":77,"enemies":"Masked Bandits","floor":21,"turns":8},{"damage":26,"enemies":"Chosen","floor":22,"turns":5},{"damage":49,"enemies":"Book of Stabbing","floor":23,"turns":11}],"seed_played":"2756560453721897178","potions_obtained":[{"floor":1,"key":"Elixir"},{"floor":2,"key":"LifebloodPotion"},{"floor":5,"key":"hexamod:SoulburnPotion"},{"floor":12,"key":"Explosive Potion"}],"is_trial":false,"path_per_floor":["M","M","M","?","M","R","?","R","T","M","R","E","R","M","R","B",null,"M","?","T","?","M","E"],"character_chosen":"CLOCKWORK","items_purchased":[],"campfire_rested":1,"item_purchase_floors":[],"current_hp_per_floor":[93,78,73,68,30,30,30,30,30,25,25,18,18,11,38,12,93,80,80,80,3,46,0,0],"gold":417,"neow_bonus":"TEN_PERCENT_HP_BONUS","is_daily":false,"chose_seed":false,"campfire_upgraded":4,"win_rate":0.0,"timestamp":1612279385,"path_taken":["M","M","M","?","M","R","?","R","T","?","R","E","R","M","R","BOSS","M","?","?","?","M","E"],"items_purchased_type":[],"build_version":"2020-12-22","purchased_purges":0,"victory":false,"max_hp_per_floor":[93,93,93,93,93,93,93,93,93,93,93,93,93,93,93,93,93,93,93,93,93,93,93,93],"card_choices":[{"not_picked":["Clockwork:Downsize","Clockwork:TimeOut","Clockwork:SearingStrike"],"picked":"SKIP","floor":1},{"not_picked":["Clockwork:AdaptiveCannon","Clockwork:AdaptiveShield"],"picked":"Clockwork:ChargingShield","floor":2},{"not_picked":["Clockwork:CogBarrier","Clockwork:Enhance"],"picked":"Clockwork:ChargingBlade","floor":3},{"not_picked":["Clockwork:SnapKeep","Clockwork:AdaptiveShield","Clockwork:InertialShield"],"picked":"SKIP","floor":5},{"not_picked":["Clockwork:Enhance","Clockwork:RitualDaggerMk0","Clockwork:ReserveSystems"],"picked":"SKIP","floor":10},{"not_picked":["Clockwork:Enhance","Clockwork:ChargingBlade"],"picked":"Clockwork:Pluck","floor":12},{"not_picked":["Clockwork:ElasticNanites","Clockwork:Redundancy","Clockwork:WindupStrike"],"picked":"SKIP","floor":14},{"not_picked":["Clockwork:WindupStrike","Clockwork:KaliMa"],"picked":"Clockwork:SiegeStrike","floor":16},{"not_picked":["Clockwork:ElasticNanites","Clockwork:Minimalism"],"picked":"Clockwork:Enhance","floor":18},{"not_picked":["Clockwork:Roundhouse","Clockwork:Clone+1"],"picked":"Clockwork:ChargingShield+1","floor":22}],"player_experience":286438,"relics_obtained":[{"floor":9,"key":"hubris:MysteriousPyramids"},{"floor":12,"key":"Lizard Tail"},{"floor":21,"key":"Red Mask"}],"event_choices":[{"damage_healed":0,"gold_gain":0,"player_choice":"Bought 0 Potions","damage_taken":0,"max_hp_gain":0,"max_hp_loss":0,"event_name":"The Woman in Blue","floor":7,"gold_loss":0},{"damage_healed":0,"gold_gain":0,"player_choice":"Fought Bandits","damage_taken":0,"max_hp_gain":0,"max_hp_loss":0,"event_name":"Masked Bandits","floor":21,"gold_loss":0}],"is_beta":false,"boss_relics":[{"not_picked":["Calling Bell","Astrolabe"],"picked":"Velvet Choker"}],"items_purged_floors":[],"is_endless":false,"potions_floor_spawned":[1,2,5,12,14,18],"killed_by":"Book of Stabbing","ascension_level":0}}