{"host":"8a72fthmlk1o8pdb","time":1612298159,"event":{"mods":["AchievementEnabler","Aspiration","Astrologer","Bard","BaseMod","Beaked The Cultist","Better Sensory Stone","Better Skull","Better Third Choice","ChefMod","Colored Map","Colored Powertips","Dark Map","Downfall","Evolution","Friendly Minions","GifTheSpireLib","Googly Eyes","Gremlin Mod","Hermit","JesterMod","Jorbs\u0027s Wanderer Trilogy","Marisa????????","Minty Spire (QoL Compilation)","Permanent Neow","Random Character Button","Rare Cards Sparkle","Relic Stats","Reliquary","Robot Space Explorer","Shade Mod","Shop Mod","Somnambulant","StSLib","The Alterego","The Animator","The Blue Laboratory","The Construct","The Cursed","The Disciple","The Hayseed","The Hierophant","The Marked","The Necromancer","The Poker Player","The Problem Sleuth","The Runesmith","thorton"],"gold_per_floor":[111,122,122,134,5,5,35,49,49,101,101,114,131,186,186,290,290,301,316,241,241,256,256,289,0,25,56,56,86,104,117,117,217,217,230,230,246,260,260,260],"floor_reached":39,"language":"ENG","playtime":3113,"items_purged":["hermit:Strike_Hermit"],"score":544,"play_id":"a093ffa3-9518-4624-999a-543e379de17e","local_time":"20210202123559","is_ascension_mode":true,"campfire_choices":[{"data":"hermit:WideOpen","floor":6,"key":"SMITH"},{"data":"hermit:WideOpen","floor":11,"key":"SMITH"},{"floor":15,"key":"RECALL"},{"floor":23,"key":"REST"},{"floor":28,"key":"REST"},{"data":"hermit:HoleUp","floor":32,"key":"SMITH"}],"circlet_count":0,"master_deck":["hermit:Strike_Hermit+1","hermit:Strike_Hermit","hermit:Defend_Hermit","hermit:Defend_Hermit+1","hermit:Defend_Hermit+1","hermit:Defend_Hermit","hermit:Snapshot+1","hermit:Covet+1","hermit:HoleUp","hermit:HoleUp+1","hermit:Ricochet","hermit:WideOpen+1","hermit:Glare","hermit:WideOpen+1","hermit:Quickdraw+1","hermit:BodyArmor","hermit:OverwhelmingPower","CurseOfTheBell","hermit:Deadeye","hermit:GoldenBullet+1","hermit:HoleUp+1","hermit:CalledShot+1","hermit:WideOpen+1"],"relics":["EVO:Axolotl","hermit:BartenderGlass","War Paint","aspiration:FrozenJewel","Vajra","Calling Bell","reliquary:RosewoodLute","reliquary:IridiumChain","Pocketwatch","Enchiridion","aspiration:FetidBarrel","Letter Opener","reliquary:Buckler","reliquary:Boomerang","Ginger","thethorton:BottledFunds","theSleuth:Tectrixcalibur"],"acts_visited":["Exordium","TheCity","TheBeyond"],"potions_floor_usage":[16,16,16,16,19,22,22,22,24,24,27,27,27,29,29,30,30,33,33,33,33,38,39,39,39,39],"damage_taken":[{"damage":0,"enemies":"Small Slimes","floor":1,"turns":3},{"damage":0,"enemies":"Jaw Worm","floor":2,"turns":3},{"damage":0,"enemies":"2 Louse","floor":4,"turns":3},{"damage":14,"enemies":"Lagavulin","floor":7,"turns":6},{"damage":0,"enemies":"Blue Slaver","floor":8,"turns":2},{"damage":0,"enemies":"Exordium Thugs","floor":12,"turns":3},{"damage":2,"enemies":"2 Fungi Beasts","floor":13,"turns":2},{"damage":40,"enemies":"The Guardian","floor":16,"turns":9},{"damage":11,"enemies":"Shell Parasite","floor":18,"turns":4},{"damage":4,"enemies":"Chosen","floor":19,"turns":3},{"damage":4,"enemies":"Centurion and Healer","floor":22,"turns":5},{"damage":3,"enemies":"Slavers","floor":24,"turns":7},{"damage":10,"enemies":"Book of Stabbing","floor":27,"turns":4},{"damage":21,"enemies":"Gremlin Leader","floor":29,"turns":6},{"damage":2,"enemies":"Snecko","floor":30,"turns":5},{"damage":6,"enemies":"Cultist and Chosen","floor":31,"turns":6},{"damage":0,"enemies":"Collector","floor":33,"turns":13},{"damage":0,"enemies":"3 Darklings","floor":35,"turns":4},{"damage":3,"enemies":"3 Shapes","floor":37,"turns":3},{"damage":7,"enemies":"Spire Growth","floor":38,"turns":4},{"damage":72,"enemies":"Orin","floor":39,"turns":11}],"seed_played":"4531451288954290918","potions_obtained":[{"floor":7,"key":"blueLaboratory:PolymorphPotion"},{"floor":8,"key":"SpeedPotion"},{"floor":13,"key":"DuplicationPotion"},{"floor":18,"key":"Strength Potion"},{"floor":24,"key":"Ancient Potion"},{"floor":31,"key":"Regen Potion"},{"floor":35,"key":"blueLaboratory:BubblePotion"}],"is_trial":false,"path_per_floor":["M","M","?","M","$","R","E","M","T","T","R","M","M","?","R","B",null,"M","M","?","?","M","R","E","$","T","E","R","E","M","M","R","B",null,"M","?","M","M","?"],"character_chosen":"HERMIT","items_purchased":["hermit:WideOpen","Letter Opener","Fire Potion"],"campfire_rested":2,"item_purchase_floors":[5,25,25],"current_hp_per_floor":[75,75,60,60,60,60,46,46,46,46,46,46,44,44,44,4,75,64,60,60,44,40,62,59,59,59,49,71,50,48,42,42,57,75,75,75,72,65,0,0],"gold":260,"neow_bonus":"BOSS_RELIC","is_daily":false,"chose_seed":false,"campfire_upgraded":3,"win_rate":0.0,"timestamp":1612298159,"path_taken":["M","M","?","M","$","R","E","M","T","?","R","M","M","?","R","BOSS","M","M","?","?","?","R","E","$","T","E","R","E","M","M","R","BOSS","M","?","M","M","?"],"items_purchased_type":["Card","Relic","Potion"],"build_version":"2020-12-22","purchased_purges":1,"victory":false,"max_hp_per_floor":[75,75,75,75,75,75,75,75,75,75,75,75,75,75,75,75,75,75,75,75,75,75,75,75,75,75,75,75,75,75,75,75,75,75,75,75,75,75,75,75],"relic_stats":{"counters":[21,106],"Letter Opener":[76],"Ginger":[69],"War Paint":["hermit:Defend_Hermit","hermit:Defend_Hermit"],"obtain_stats":[{"reliquary:Boomerang":27,"aspiration:FetidBarrel":24,"thethorton:BottledFunds":34,"Vajra":10,"Enchiridion":21,"EVO:Axolotl":0,"Letter Opener":25,"Ginger":29,"War Paint":7,"reliquary:RosewoodLute":17,"aspiration:FrozenJewel":9,"reliquary:IridiumChain":17,"Calling Bell":17,"theSleuth:Tectrixcalibur":36,"hermit:BartenderGlass":0,"reliquary:Buckler":26,"hermit:Momento":0,"Pocketwatch":17},{"reliquary:Boomerang":13,"aspiration:FetidBarrel":12,"thethorton:BottledFunds":17,"Vajra":5,"Enchiridion":10,"EVO:Axolotl":0,"Letter Opener":12,"Ginger":14,"War Paint":4,"reliquary:RosewoodLute":8,"aspiration:FrozenJewel":5,"reliquary:IridiumChain":8,"Calling Bell":8,"theSleuth:Tectrixcalibur":18,"hermit:BartenderGlass":0,"reliquary:Buckler":12,"hermit:Momento":0,"Pocketwatch":8},{"reliquary:Boomerang":54,"aspiration:FetidBarrel":50,"thethorton:BottledFunds":84,"Vajra":17,"Enchiridion":38,"EVO:Axolotl":0,"Letter Opener":50,"Ginger":60,"War Paint":15,"reliquary:RosewoodLute":31,"aspiration:FrozenJewel":17,"reliquary:IridiumChain":31,"Calling Bell":31,"theSleuth:Tectrixcalibur":88,"hermit:BartenderGlass":0,"reliquary:Buckler":50,"hermit:Momento":0,"Pocketwatch":31}],"Pocketwatch":[54]},"card_choices":[{"not_picked":["hermit:Desperado","hermit:Glare"],"picked":"hermit:HoleUp","floor":1},{"not_picked":["hermit:Glare","hermit:Desperado"],"picked":"hermit:HoleUp","floor":2},{"not_picked":["hermit:Gestalt","hermit:Brawl"],"picked":"hermit:Ricochet","floor":4},{"not_picked":["hermit:Headshot","hermit:TrackingShot"],"picked":"hermit:Glare","floor":7},{"not_picked":["hermit:Roughhouse","hermit:Vantage"],"picked":"hermit:WideOpen","floor":8},{"not_picked":["hermit:TrackingShot","hermit:Glare"],"picked":"hermit:Quickdraw","floor":12},{"not_picked":["hermit:Maintenance","hermit:Shortfuse"],"picked":"hermit:BodyArmor","floor":13},{"not_picked":["hermit:FinalCanter","hermit:RoundhouseKick"],"picked":"hermit:OverwhelmingPower","floor":16},{"not_picked":["hermit:Combo","hermit:Coalescence","hermit:Cheat"],"picked":"SKIP","floor":18},{"not_picked":["hermit:HighCaliber","hermit:Misfire","hermit:Ricochet"],"picked":"SKIP","floor":19},{"not_picked":["hermit:BodyArmor","hermit:Virtue","hermit:Enervate"],"picked":"SKIP","floor":22},{"not_picked":["hermit:CursedWeapon","hermit:Headshot"],"picked":"hermit:Deadeye","floor":24},{"not_picked":["hermit:Malice","hermit:Shortfuse","hermit:Grudge+1"],"picked":"SKIP","floor":27},{"not_picked":["hermit:FatalDesire","hermit:CalledShot"],"picked":"hermit:GoldenBullet+1","floor":29},{"not_picked":["hermit:LuckOfTheDraw","hermit:Snipe","hermit:TrackingShot+1"],"picked":"SKIP","floor":30},{"not_picked":["hermit:Horror","hermit:Showdown"],"picked":"hermit:HoleUp+1","floor":31},{"not_picked":["hermit:ItchyTrigger+1","hermit:Maintenance"],"picked":"hermit:CalledShot+1","floor":35},{"not_picked":["hermit:Roulette+1","hermit:Scavenge"],"picked":"hermit:WideOpen+1","floor":37},{"not_picked":["hermit:FullyLoaded","hermit:Desperado","hermit:Gestalt"],"picked":"SKIP","floor":38}],"player_experience":102405,"relics_obtained":[{"floor":7,"key":"War Paint"},{"floor":9,"key":"aspiration:FrozenJewel"},{"floor":10,"key":"Vajra"},{"floor":17,"key":"reliquary:RosewoodLute"},{"floor":17,"key":"reliquary:IridiumChain"},{"floor":17,"key":"Pocketwatch"},{"floor":21,"key":"Enchiridion"},{"floor":24,"key":"aspiration:FetidBarrel"},{"floor":26,"key":"reliquary:Buckler"},{"floor":27,"key":"reliquary:Boomerang"},{"floor":29,"key":"Ginger"}],"event_choices":[{"damage_healed":75,"gold_gain":0,"player_choice":"Upgrade","damage_taken":15,"max_hp_gain":0,"max_hp_loss":75,"event_name":"betterThird:BetterShining","floor":3,"gold_loss":0,"cards_upgraded":["hermit:Covet","hermit:Strike_Hermit"]},{"damage_healed":0,"gold_gain":55,"player_choice":"Gained Gold","damage_taken":0,"max_hp_gain":0,"max_hp_loss":0,"event_name":"Golden Wing","floor":14,"gold_loss":0},{"cards_removed":["hermit:Strike_Hermit"],"damage_healed":0,"gold_gain":0,"player_choice":"Gave Gold","damage_taken":0,"max_hp_gain":0,"max_hp_loss":0,"event_name":"Beggar","floor":20,"gold_loss":75},{"damage_healed":0,"gold_gain":0,"player_choice":"Obtained Book","damage_taken":16,"max_hp_gain":0,"max_hp_loss":0,"event_name":"Cursed Tome","floor":21,"gold_loss":0},{"damage_healed":0,"gold_gain":0,"player_choice":"Fight","damage_taken":0,"max_hp_gain":0,"max_hp_loss":0,"event_name":"OrinTheCat","floor":39,"gold_loss":0}],"is_beta":false,"boss_relics":[{"not_picked":["reliquary:WritOfMandamus","Empty Cage"],"picked":"Calling Bell"},{"not_picked":["Snecko Eye","Velvet Choker"],"picked":"thethorton:BottledFunds"}],"items_purged_floors":[5],"is_endless":false,"potions_floor_spawned":[7,8,13,18,24,31,35],"killed_by":"Orin","ascension_level":1}}