{"host":"0k696jvpnlqjk4gh","time":1612258653,"event":{"mods":["AchievementEnabler","BaseMod","Colored Map","Colored Powertips","Minty Spire (QoL Compilation)","Quick Restart"],"gold_per_floor":[110,120,120,120,120,132,69,105,132,132,132,132,150,75,75,195,195,214,238,138,138,338,338,338],"floor_reached":23,"language":"ENG","playtime":784,"items_purged":["Regret"],"score":242,"play_id":"c1ca8a38-9451-44c3-ad90-c605504364c0","local_time":"20210202093733","is_ascension_mode":true,"campfire_choices":[{"data":"White Noise","floor":6.0,"key":"SMITH"},{"data":"Go for the Eyes","floor":10.0,"key":"SMITH"},{"floor":15.0,"key":"REST"}],"circlet_count":0,"master_deck":["Zap+1","Dualcast","White Noise+1","Go for the Eyes+1","Defragment","Echo Form","Compile Driver","Loop","Cold Snap","Buffer","Sunder","Sweeping Beam","Amplify","Conserve Battery","Go for the Eyes"],"relics":["Cracked Core","NeowsBlessing","Gremlin Horn","Golden Idol","MawBank","PreservedInsect","War Paint","FossilizedHelix","Pandora\u0027s Box"],"acts_visited":["Exordium","TheCity"],"potions_floor_usage":[23],"damage_taken":[{"damage":0.0,"enemies":"Small Slimes","floor":1.0,"turns":1.0},{"damage":0.0,"enemies":"Jaw Worm","floor":2.0,"turns":1.0},{"damage":0.0,"enemies":"3 Sentries","floor":8.0,"turns":1.0},{"damage":8.0,"enemies":"2 Louse","floor":13.0,"turns":2.0},{"damage":56.0,"enemies":"Hexaghost","floor":16.0,"turns":12.0},{"damage":3,"enemies":"Chosen","floor":18,"turns":4},{"damage":37,"enemies":"3 Byrds","floor":19,"turns":5},{"damage":30,"enemies":"Shelled Parasite and Fungi","floor":23,"turns":3}],"seed_played":"4313043497935481452","potions_obtained":[{"floor":1.0,"key":"DuplicationPotion"},{"floor":16.0,"key":"LiquidMemories"}],"is_trial":false,"path_per_floor":["M","M","?","?","?","R","$","E","T","R","?","?","M","$","R","B",null,"M","M","$","?","?","M"],"character_chosen":"DEFECT","items_purchased":["Defragment","EssenceOfDarkness"],"campfire_rested":1,"item_purchase_floors":[14,20],"current_hp_per_floor":[75,75,75,69,57,57,57,57,57,57,57,57,49,49,69,13,69,66,29,29,29,29,0,0],"gold":338,"neow_bonus":"THREE_ENEMY_KILL","is_daily":false,"chose_seed":false,"campfire_upgraded":2,"win_rate":0.0,"timestamp":1612258653,"path_taken":["M","M","?","?","?","R","?","E","T","R","?","?","M","$","R","BOSS","M","M","$","?","?","M"],"items_purchased_type":["Card","Potion"],"build_version":"2020-12-22","purchased_purges":1,"victory":false,"max_hp_per_floor":[75,75,75,69,69,69,69,69,69,69,69,69,69,69,69,69,69,69,69,69,69,69,69,69],"card_choices":[{"not_picked":["Barrage","Chaos"],"picked":"White Noise","floor":1.0},{"not_picked":["Undo","Turbo","Streamline"],"picked":"SKIP","floor":2.0},{"not_picked":["Machine Learning","Barrage"],"picked":"Go for the Eyes","floor":8.0},{"not_picked":["Rebound","Turbo","Barrage"],"picked":"SKIP","floor":13.0},{"not_picked":["All For One","Reboot"],"picked":"Echo Form","floor":16.0},{"not_picked":["Skim+1","Streamline"],"picked":"Conserve Battery","floor":18},{"not_picked":["Rebound","Barrage"],"picked":"Go for the Eyes","floor":19}],"player_experience":94277,"relics_obtained":[{"floor":8.0,"key":"PreservedInsect"},{"floor":9.0,"key":"War Paint"}],"event_choices":[{"damage_healed":0.0,"max_hp_gain":0.0,"max_hp_loss":0.0,"gold_gain":0.0,"event_name":"Big Fish","player_choice":"Box","floor":3.0,"gold_loss":0.0,"damage_taken":0.0,"relics_obtained":["Gremlin Horn"],"cards_obtained":["Regret"]},{"damage_healed":0.0,"max_hp_gain":0.0,"max_hp_loss":6.0,"gold_gain":0.0,"event_name":"Golden Idol","player_choice":"Lose Max HP","floor":4.0,"gold_loss":0.0,"damage_taken":0.0,"relics_obtained":["Golden Idol"]},{"damage_healed":0.0,"max_hp_gain":0.0,"max_hp_loss":0.0,"gold_gain":0.0,"event_name":"Scrap Ooze","player_choice":"Success","floor":5.0,"gold_loss":0.0,"damage_taken":12.0,"relics_obtained":["MawBank"]},{"damage_healed":0.0,"max_hp_gain":0.0,"max_hp_loss":0.0,"gold_gain":0.0,"event_name":"Dead Adventurer","player_choice":"Searched \u00271\u0027 times","floor":11.0,"gold_loss":0.0,"damage_taken":0.0,"relics_obtained":["FossilizedHelix"]},{"cards_removed":["Strike_B"],"damage_healed":0.0,"max_hp_gain":0.0,"max_hp_loss":0.0,"gold_gain":0.0,"event_name":"Wheel of Change","player_choice":"Card Removal","floor":12.0,"gold_loss":0.0,"damage_taken":0.0},{"damage_healed":0,"gold_gain":0,"player_choice":"Ignored","damage_taken":0,"max_hp_gain":0,"max_hp_loss":0,"event_name":"Beggar","floor":21,"gold_loss":0},{"damage_healed":0,"gold_gain":200,"player_choice":"Gold","damage_taken":0,"max_hp_gain":0,"max_hp_loss":0,"event_name":"Wheel of Change","floor":22,"gold_loss":0}],"is_beta":false,"boss_relics":[{"not_picked":["Snecko Eye","Coffee Dripper"],"picked":"Pandora\u0027s Box"}],"items_purged_floors":[7],"is_endless":false,"potions_floor_spawned":[1,16],"killed_by":"Shelled Parasite and Fungi","ascension_level":3}}