{"host":"bq4pt811tk9yrmjl","time":1612286694,"event":{"mods":["AchievementEnabler","BaseMod","Colored Map","Colored Powertips","Defuse TimeMaze Blight","Hermit","Minty Spire (QoL Compilation)","Smile Girya","StSLib","SuperFastMode"],"gold_per_floor":[112,112,112,24,35,66,66,93,143,143,143,161,161,161,161,262,262,278,313,412,412,424,453,453,472,519,519,532,565,565,565,565,663,663,679,729,729,729,742,742,767,308,378,392,294,294,314,331,331,331,331,331,78,109,109],"floor_reached":56,"language":"ENG","playtime":1335,"items_purged":["Strike_G"],"score":1420,"play_id":"7f6abaeb-66fb-48cc-9db3-5d7248b3fca5","local_time":"20210202152454","is_ascension_mode":true,"campfire_choices":[{"data":"Accuracy","floor":7.0,"key":"SMITH"},{"data":"Neutralize","floor":11.0,"key":"SMITH"},{"data":"Blur","floor":15.0,"key":"SMITH"},{"data":"After Image","floor":24.0,"key":"SMITH"},{"floor":27.0,"key":"RECALL"},{"floor":32.0,"key":"REST"},{"data":"PiercingWail","floor":40.0,"key":"SMITH"},{"floor":49,"key":"REST"},{"data":"Apotheosis","floor":52,"key":"SMITH"}],"circlet_count":0,"master_deck":["Strike_G","Strike_G","Strike_G","Defend_G","Defend_G","Defend_G","Defend_G","Defend_G","Survivor","Neutralize+1","Blade Dance","Accuracy+1","Blade Dance","PiercingWail+1","Blur+1","Blade Dance","After Image+1","Blade Dance","Crippling Poison+1","Cloak And Dagger+1","Cloak And Dagger+1","Apotheosis+1","Cloak And Dagger+1","Terror"],"relics":["Ring of the Snake","NeowsBlessing","Smiling Mask","Kunai","White Beast Statue","SlaversCollar","Red Mask","Sundial","Pen Nib","Frozen Egg 2","WristBlade","Thread and Needle","Oddly Smooth Stone","Vajra","ClockworkSouvenir","Paper Crane","Centennial Puzzle","Happy Flower","Bronze Scales"],"acts_visited":["Exordium","TheCity","TheBeyond","TheEnding"],"potions_floor_usage":[50,50,54,54,55,55],"damage_taken":[{"damage":0.0,"enemies":"2 Louse","floor":1.0,"turns":1.0},{"damage":0.0,"enemies":"Cultist","floor":5.0,"turns":1.0},{"damage":0.0,"enemies":"Lagavulin","floor":6.0,"turns":1.0},{"damage":14.0,"enemies":"Gremlin Nob","floor":8.0,"turns":3.0},{"damage":3.0,"enemies":"Jaw Worm","floor":12.0,"turns":2.0},{"damage":2.0,"enemies":"The Guardian","floor":16.0,"turns":10.0},{"damage":0.0,"enemies":"Shell Parasite","floor":18.0,"turns":5.0},{"damage":1.0,"enemies":"Masked Bandits","floor":19.0,"turns":4.0},{"damage":0.0,"enemies":"Chosen","floor":22.0,"turns":4.0},{"damage":0.0,"enemies":"Book of Stabbing","floor":23.0,"turns":5.0},{"damage":0.0,"enemies":"Snecko","floor":25.0,"turns":5.0},{"damage":0.0,"enemies":"Cultist and Chosen","floor":28.0,"turns":6.0},{"damage":10.0,"enemies":"Slavers","floor":29.0,"turns":6.0},{"damage":17.0,"enemies":"Colosseum Slavers","floor":31.0,"turns":7.0},{"damage":8.0,"enemies":"Collector","floor":33.0,"turns":10.0},{"damage":21.0,"enemies":"3 Darklings","floor":35.0,"turns":4.0},{"damage":0.0,"enemies":"Mind Bloom Boss Battle","floor":36.0,"turns":9.0},{"damage":0.0,"enemies":"Orb Walker","floor":39.0,"turns":3.0},{"damage":0.0,"enemies":"Giant Head","floor":41.0,"turns":6.0},{"damage":14.0,"enemies":"4 Shapes","floor":44.0,"turns":10.0},{"damage":0.0,"enemies":"Spire Growth","floor":47.0,"turns":4.0},{"damage":8,"enemies":"Writhing Mass","floor":48,"turns":7},{"damage":0,"enemies":"Awakened One","floor":50,"turns":9},{"damage":2,"enemies":"Shield and Spear","floor":54,"turns":4},{"damage":7,"enemies":"The Heart","floor":55,"turns":7}],"seed_played":"9137736249699660913","potions_obtained":[{"floor":6.0,"key":"Strength Potion"},{"floor":12.0,"key":"DistilledChaos"},{"floor":16.0,"key":"Energy Potion"},{"floor":18.0,"key":"Poison Potion"},{"floor":19.0,"key":"DistilledChaos"},{"floor":22.0,"key":"Weak Potion"},{"floor":23.0,"key":"Fruit Juice"},{"floor":25.0,"key":"Fire Potion"},{"floor":28.0,"key":"CultistPotion"},{"floor":33.0,"key":"DuplicationPotion"},{"floor":35.0,"key":"Energy Potion"},{"floor":38.0,"key":"Regen Potion"},{"floor":38.0,"key":"DistilledChaos"},{"floor":44.0,"key":"LiquidBronze"},{"floor":47.0,"key":"Explosive Potion"},{"floor":54,"key":"Weak Potion"}],"is_trial":false,"path_per_floor":["M","$","?","$","M","E","R","E","T","$","R","M","?","T","R","B",null,"M","?","?","?","M","E","R","M","T","R","M","E","?","?","R","B",null,"M","?","?","?","M","R","E","$","T","M","$","?","M","M","R","B",null,"R","$","E","B",null],"character_chosen":"THE_SILENT","items_purchased":["Blade Dance","Accuracy","Apotheosis","Vajra","ClockworkSouvenir","Energy Potion","Happy Flower","Block Potion","ColorlessPotion"],"campfire_rested":2,"item_purchase_floors":[4,4,42,42,42,45,53,53,53],"current_hp_per_floor":[70,70,70,70,70,70,70,56,56,56,56,53,58,58,58,56,75,75,74,74,74,74,79,79,79,79,79,79,69,69,52,76,68,80,59,59,59,59,59,59,59,59,59,60,60,60,60,52,76,76,80,80,80,78,71],"gold":109,"neow_bonus":"THREE_ENEMY_KILL","is_daily":false,"chose_seed":false,"campfire_upgraded":6,"win_rate":0.0,"timestamp":1612286694,"path_taken":["M","$","?","?","?","E","R","E","T","?","R","M","?","?","R","BOSS","M","?","?","?","M","E","R","M","T","R","?","E","?","?","R","BOSS","M","?","?","?","?","R","E","$","T","M","?","?","M","?","R","BOSS","R","$","E","BOSS"],"items_purchased_type":["Card","Card","Card","Relic","Relic","Potion","Relic","Potion","Potion"],"build_version":"2020-12-22","purchased_purges":1,"victory":true,"max_hp_per_floor":[70,70,70,70,70,70,70,70,70,70,70,70,75,75,75,75,75,75,75,75,75,75,80,80,80,80,80,80,80,80,80,80,80,80,80,80,80,80,80,80,80,80,80,80,80,80,80,80,80,80,80,80,80,80,80],"card_choices":[{"not_picked":["Prepared","Deadly Poison"],"picked":"PiercingWail","floor":1.0},{"not_picked":["Setup","Slice"],"picked":"Blade Dance","floor":5.0},{"not_picked":["Wraith Form v2","Well Laid Plans"],"picked":"PiercingWail","floor":6.0},{"not_picked":["Burst","Prepared"],"picked":"Blur","floor":8.0},{"not_picked":["Dagger Spray","Sucker Punch"],"picked":"Blade Dance","floor":12.0},{"not_picked":["Phantasmal Killer","Tools of the Trade"],"picked":"After Image","floor":16.0},{"not_picked":["Flying Knee","Distraction"],"picked":"Blade Dance","floor":18.0},{"not_picked":["Accuracy","Caltrops"],"picked":"Crippling Poison+1","floor":22.0},{"not_picked":["Backflip","Prepared"],"picked":"Cloak And Dagger+1","floor":23.0},{"not_picked":["Concentrate","Bane","Backflip"],"picked":"SKIP","floor":25.0},{"not_picked":["Eviscerate","Masterful Stab","Dodge and Roll"],"picked":"SKIP","floor":28.0},{"not_picked":["Eviscerate","Doppelganger","Cloak And Dagger"],"picked":"SKIP","floor":29.0},{"not_picked":["Dagger Spray","Slice"],"picked":"Cloak And Dagger+1","floor":35.0},{"not_picked":["Footwork+1","Slice+1","Quick Slash"],"picked":"SKIP","floor":39.0},{"not_picked":["Poisoned Stab","Outmaneuver","Blur+1"],"picked":"SKIP","floor":41.0},{"not_picked":["Noxious Fumes+1","Skewer+1"],"picked":"Cloak And Dagger+1","floor":44.0},{"not_picked":["Footwork+1","Flechettes","Acrobatics"],"picked":"SKIP","floor":47.0},{"not_picked":["Acrobatics+1","Tools of the Trade+1","Prepared+1"],"picked":"SKIP","floor":48},{"not_picked":["Crippling Poison+1","Underhanded Strike"],"picked":"Terror","floor":54}],"player_experience":303085,"relics_obtained":[{"floor":6.0,"key":"Smiling Mask"},{"floor":8.0,"key":"Kunai"},{"floor":14.0,"key":"White Beast Statue"},{"floor":19.0,"key":"Red Mask"},{"floor":23.0,"key":"Sundial"},{"floor":26.0,"key":"Pen Nib"},{"floor":29.0,"key":"Frozen Egg 2"},{"floor":36.0,"key":"Thread and Needle"},{"floor":41.0,"key":"Oddly Smooth Stone"},{"floor":43.0,"key":"Paper Crane"},{"floor":54,"key":"Bronze Scales"}],"event_choices":[{"cards_removed":["PiercingWail"],"damage_healed":5.0,"max_hp_gain":0.0,"max_hp_loss":0.0,"gold_gain":0.0,"event_name":"Bonfire Elementals","player_choice":"Offered Common","floor":3.0,"gold_loss":0.0,"damage_taken":0.0},{"cards_removed":["PiercingWail"],"damage_healed":5.0,"max_hp_gain":0.0,"max_hp_loss":0.0,"gold_gain":0.0,"event_name":"Bonfire Elementals","player_choice":"Offered Special","floor":3.0,"gold_loss":0.0,"damage_taken":0.0},{"damage_healed":0.0,"max_hp_gain":5.0,"max_hp_loss":0.0,"gold_gain":0.0,"event_name":"Big Fish","player_choice":"Donut","floor":13.0,"gold_loss":0.0,"damage_taken":0.0},{"damage_healed":0.0,"max_hp_gain":0.0,"max_hp_loss":0.0,"gold_gain":0.0,"event_name":"Masked Bandits","player_choice":"Fought Bandits","floor":19.0,"gold_loss":0.0,"damage_taken":0.0},{"damage_healed":0.0,"max_hp_gain":0.0,"max_hp_loss":0.0,"gold_gain":99.0,"event_name":"Nest","player_choice":"Stole From Cult","floor":20.0,"gold_loss":0.0,"damage_taken":0.0},{"damage_healed":0.0,"max_hp_gain":0.0,"max_hp_loss":0.0,"gold_gain":0.0,"event_name":"NoteForYourself","player_choice":"Ignored","floor":21.0,"gold_loss":0.0,"damage_taken":0.0},{"damage_healed":0.0,"max_hp_gain":0.0,"max_hp_loss":0.0,"gold_gain":0.0,"event_name":"Cursed Tome","player_choice":"Ignored","floor":30.0,"gold_loss":0.0,"damage_taken":0.0},{"damage_healed":0.0,"max_hp_gain":0.0,"max_hp_loss":0.0,"gold_gain":0.0,"event_name":"Colosseum","player_choice":"Fight","floor":31.0,"gold_loss":0.0,"damage_taken":0.0},{"damage_healed":0.0,"max_hp_gain":0.0,"max_hp_loss":0.0,"gold_gain":0.0,"event_name":"Colosseum","player_choice":"Fled From Nobs","floor":31.0,"gold_loss":0.0,"damage_taken":0.0},{"damage_healed":0.0,"max_hp_gain":0.0,"max_hp_loss":0.0,"gold_gain":0.0,"event_name":"MindBloom","player_choice":"Fight","floor":36.0,"gold_loss":0.0,"damage_taken":0.0},{"cards_removed":["Strike_G"],"damage_healed":0.0,"max_hp_gain":0.0,"max_hp_loss":0.0,"gold_gain":0.0,"event_name":"Falling","player_choice":"Removed Attack","floor":37.0,"gold_loss":0.0,"damage_taken":0.0},{"damage_healed":0.0,"max_hp_gain":0.0,"max_hp_loss":0.0,"gold_gain":0.0,"event_name":"Lab","player_choice":"Got Potions","floor":38.0,"gold_loss":0.0,"damage_taken":0.0},{"damage_healed":0.0,"max_hp_gain":0.0,"max_hp_loss":0.0,"gold_gain":0.0,"event_name":"WeMeetAgain","player_choice":"Gave Potion","floor":46.0,"gold_loss":0.0,"damage_taken":0.0,"relics_obtained":["Centennial Puzzle"]}],"is_beta":false,"boss_relics":[{"not_picked":["Snecko Eye","Black Star"],"picked":"SlaversCollar"},{"not_picked":["Runic Dome","Ring of the Serpent"],"picked":"WristBlade"}],"items_purged_floors":[45],"is_endless":false,"potions_floor_spawned":[6,12,16,18,19,22,23,25,28,29,31,33,35,36,39,41,44,47,48,54],"ascension_level":1}}