{"host":"Ryley","time":1612231798,"event":{"mods":["BaseMod","Downfall","Minty Spire (QoL Compilation)","StSLib"],"gold_per_floor":[99,115,131,131,145,156,156,181,192,210,210,146,146,165,181,279,279,279,279,295,312,331,350,375,387,387,65,65,125,135,235,247,344,344,244,294,307,322,322,15,15,27,52,49,67,79,79,79,95,95],"floor_reached":51,"language":"ENG","playtime":2852,"items_purged":["champ:Defend","champ:Strike"],"score":766,"play_id":"c303c841-777f-427c-8987-877edce77ecd","local_time":"20210201200958","is_ascension_mode":false,"campfire_choices":[{"data":"champ:Taunt","floor":1,"key":"SMITH"},{"data":"champ:GutPunch","floor":11,"key":"SMITH"},{"floor":18,"key":"RECALL"},{"floor":26,"key":"REST"},{"floor":35,"key":"REST"}],"circlet_count":0,"master_deck":["champ:Strike","champ:Strike","champ:Strike+1","champ:Defend","champ:Defend","champ:Defend","champ:Execute","champ:Taunt+1","champ:ArenaPreparation","champ:PreciseThrust+1","champ:GutPunch+1","champ:FaceSlap","champ:BringItOn","champ:ShieldThrow","champ:FaceSlap","champ:Circumvent","champ:Circumvent","champ:StrikeOfGenius+1","champ:Backstep","champ:EnGarde+1","champ:SetATrap","champ:FaceSlap+1","champ:Circumvent+1","champ:StanceDance+1","champ:CalledShot+1","champ:TornadoPunch","Parasite","champ:Shatter+1"],"relics":["champ:ChampionCrown","Blue Candle","Ornamental Fan","Letter Opener","Fusion Hammer","MutagenicStrength","Bronze Scales","Happy Flower","Lee\u0027s Waffle","downfall:KnowingSkull","SlaversCollar","downfall:HeartBlessingRed","HornCleat","Centennial Puzzle","HandDrill","Whetstone","downfall:TeleportStone"],"acts_visited":["Exordium","TheCity","TheBeyond"],"potions_floor_usage":[8,16,30,33,33,33,43,50],"damage_taken":[{"damage":21,"enemies":"Cultist","floor":2,"turns":4},{"damage":1,"enemies":"Jaw Worm","floor":3,"turns":5},{"damage":25,"enemies":"2 Louse","floor":5,"turns":3},{"damage":38,"enemies":"Gremlin Gang","floor":6,"turns":6},{"damage":39,"enemies":"Lagavulin","floor":8,"turns":4},{"damage":6,"enemies":"Exordium Wildlife","floor":9,"turns":4},{"damage":1,"enemies":"Blue Slaver","floor":10,"turns":4},{"damage":15,"enemies":"downfall:FleeingMerchant","floor":12,"turns":4},{"damage":0,"enemies":"Red Slaver","floor":14,"turns":2},{"damage":14,"enemies":"Gremlin Gang","floor":15,"turns":4},{"damage":36,"enemies":"IC_STATUS_ARCHETYPE","floor":16,"turns":9},{"damage":35,"enemies":"3 Byrds","floor":20,"turns":5},{"damage":25,"enemies":"Spheric Guardian","floor":21,"turns":4},{"damage":21,"enemies":"Shelled Parasite and Fungi","floor":22,"turns":6},{"damage":10,"enemies":"Centurion and Healer","floor":23,"turns":5},{"damage":13,"enemies":"Snecko","floor":25,"turns":4},{"damage":20,"enemies":"downfall:FleeingMerchant","floor":27,"turns":4},{"damage":44,"enemies":"Shelled Parasite and Fungi","floor":29,"turns":4},{"damage":16,"enemies":"Centurion and Healer","floor":30,"turns":5},{"damage":19,"enemies":"3 Cultists","floor":32,"turns":5},{"damage":36,"enemies":"DF_ARCHETYPE_CLAW","floor":33,"turns":7},{"damage":8,"enemies":"Orb Walker","floor":36,"turns":2},{"damage":34,"enemies":"3 Darklings","floor":37,"turns":4},{"damage":1,"enemies":"Writhing Mass","floor":38,"turns":5},{"damage":13,"enemies":"downfall:FleeingMerchant","floor":40,"turns":4},{"damage":42,"enemies":"Spire Growth","floor":42,"turns":4},{"damage":23,"enemies":"Nemesis","floor":43,"turns":5},{"damage":3,"enemies":"downfall:FleeingMerchant","floor":44,"turns":1},{"damage":1,"enemies":"3 Darklings","floor":45,"turns":3},{"damage":6,"enemies":"Writhing Mass","floor":46,"turns":3},{"damage":12,"enemies":"Jaw Worm Horde","floor":49,"turns":2},{"damage":24,"enemies":"SI_POISON_ARCHETYPE","floor":50,"turns":6}],"seed_played":"3316551196349706358","potions_obtained":[{"floor":3,"key":"champ:OpenerPotion"},{"floor":5,"key":"Guardian:BlockOnCardUsePotion"},{"floor":8,"key":"LiquidMemories"},{"floor":9,"key":"champ:CounterPotion"},{"floor":16,"key":"Dexterity Potion"},{"floor":32,"key":"PowerPotion"},{"floor":36,"key":"Regen Potion"},{"floor":37,"key":"Block Potion"},{"floor":42,"key":"Guardian:BlockOnCardUsePotion"},{"floor":43,"key":"Energy Potion"},{"floor":49,"key":"PowerPotion"}],"is_trial":false,"path_per_floor":["R","M","M","?","M","M","T","E","M","M","R","$","?","M","M","B",null,"R","?","M","M","M","M","T","M","R","$","?","M","M","?","M","B",null,"R","M","M","M","?","$","T","M","E","$","M","M","?","$","M","B",null],"character_chosen":"THE_CHAMP","items_purchased":["champ:Circumvent","Happy Flower","Lee\u0027s Waffle","HornCleat","HandDrill","Whetstone"],"campfire_rested":2,"item_purchase_floors":[12,27,27,40,44,44],"current_hp_per_floor":[99,98,97,92,87,59,59,45,39,38,38,38,38,38,34,18,99,99,99,84,64,63,63,63,60,89,106,97,63,62,62,58,37,106,106,103,94,93,93,90,90,63,69,66,65,59,59,59,57,48],"gold":95,"neow_bonus":"TEN_PERCENT_HP_BONUS","is_daily":false,"chose_seed":false,"campfire_upgraded":2,"win_rate":0.0,"timestamp":1612231798,"path_taken":["R","M","M","?","M","M","T","E","M","M","R","$","?","M","M","BOSS","R","?","M","M","M","M","T","M","R","$","?","M","?","?","M","BOSS","R","M","M","M","?","$","T","?","E","$","M","M","?","$","M","BOSS"],"items_purchased_type":["Card","Relic","Relic","Relic","Relic","Relic"],"build_version":"2020-12-18","purchased_purges":2,"victory":true,"max_hp_per_floor":[99,99,99,99,99,99,99,99,99,99,99,99,99,99,99,99,99,99,99,99,99,99,99,99,99,99,106,106,106,106,106,106,106,106,106,106,106,106,106,106,106,106,106,106,106,106,106,106,106,106],"card_choices":[{"not_picked":["champ:FaceSlap","champ:ShieldSlam"],"picked":"champ:ArenaPreparation","floor":2},{"not_picked":["champ:PerfectedStrike","champ:Encircle"],"picked":"champ:PreciseThrust","floor":3},{"not_picked":["champ:Circumvent","champ:Shatter"],"picked":"champ:GutPunch","floor":5},{"not_picked":["champ:BladeFlurry","champ:ShieldSlam"],"picked":"champ:FaceSlap","floor":6},{"not_picked":["champ:ShieldSlam","champ:PerfectedStrike"],"picked":"champ:BringItOn","floor":8},{"not_picked":["champ:Lariat","champ:GutPunch","champ:ArenaPreparation"],"picked":"SKIP","floor":9},{"not_picked":["champ:PreciseThrust","champ:BladeFlurry"],"picked":"champ:ShieldThrow","floor":10},{"not_picked":["champ:BringItOn","champ:EnragedBash"],"picked":"champ:FaceSlap","floor":12},{"not_picked":["champ:BerserkerStyle","champ:BerserkersShout"],"picked":"champ:Circumvent","floor":14},{"not_picked":["champ:CrownThrow","champ:FanOfKnives","champ:Endure"],"picked":"SKIP","floor":15},{"not_picked":["champ:MurderStrike","champ:TripleStrike"],"picked":"champ:StrikeOfGenius","floor":16},{"not_picked":["champ:StanceDance","champ:ViciousMockery+1"],"picked":"champ:Backstep","floor":20},{"not_picked":["champ:CalledShot","champ:RecklessLeap","champ:GutPunch"],"picked":"SKIP","floor":21},{"not_picked":["champ:BerserkersShout+1","champ:FanOfKnives","champ:GutPunch"],"picked":"SKIP","floor":22},{"not_picked":["champ:PreciseThrust","champ:EnGarde","champ:EndlessRage+1"],"picked":"SKIP","floor":23},{"not_picked":["champ:Haymaker","champ:AdrenalArmor","champ:ShieldSlam"],"picked":"SKIP","floor":25},{"not_picked":["champ:UltimateStance","champ:Shatter"],"picked":"champ:EnGarde+1","floor":27},{"not_picked":["champ:BerserkersShout","champ:CrownThrow+1"],"picked":"champ:SetATrap","floor":29},{"not_picked":["champ:RecklessLeap+1","champ:BladeFlurry"],"picked":"champ:FaceSlap+1","floor":30},{"not_picked":["champ:GutPunch","champ:FocusedBerserking","champ:BerserkersShout"],"picked":"SKIP","floor":32},{"not_picked":["champ:BladeFlurry+1","champ:BringItOn","champ:Circumvent"],"picked":"SKIP","floor":36},{"not_picked":["champ:IronFortress","champ:DefensiveShout"],"picked":"champ:Circumvent+1","floor":37},{"not_picked":["champ:RecklessLeap+1","champ:AdrenalArmor+1","champ:PreciseThrust"],"picked":"SKIP","floor":38},{"not_picked":["champ:GutPunch","champ:CrookedStrike"],"picked":"champ:StanceDance+1","floor":40},{"not_picked":["champ:BladeFlurry+1","champ:EnragedBash"],"picked":"champ:CalledShot+1","floor":42},{"not_picked":["champ:SetATrap","champ:ShieldThrow"],"picked":"champ:TornadoPunch","floor":43},{"not_picked":["champ:StanceDance+1","champ:BladeFlurry","champ:PerfectedStrike+1"],"picked":"SKIP","floor":44},{"not_picked":["champ:TornadoPunch","champ:Devastate","champ:AdrenalArmor"],"picked":"SKIP","floor":45},{"not_picked":["champ:Parry","champ:AdrenalArmor+1","champ:EndlessRage"],"picked":"SKIP","floor":46},{"not_picked":["champ:CrookedStrike+1","champ:AdrenalArmor+1","champ:Shatter+1"],"picked":"SKIP","floor":49},{"not_picked":["champ:CrookedStrike+1","champ:AdrenalArmor+1"],"picked":"champ:Shatter+1","floor":49}],"player_experience":368184,"relics_obtained":[{"floor":7,"key":"Ornamental Fan"},{"floor":8,"key":"Letter Opener"},{"floor":24,"key":"Bronze Scales"},{"floor":43,"key":"Centennial Puzzle"}],"event_choices":[{"damage_healed":0,"gold_gain":0,"player_choice":"Inject Mutagens","damage_taken":0,"relics_obtained":["MutagenicStrength"],"max_hp_gain":0,"max_hp_loss":0,"event_name":"Drug Dealer","floor":19,"gold_loss":0}],"is_beta":true,"boss_relics":[{"not_picked":["Philosopher\u0027s Stone","Pandora\u0027s Box"],"picked":"Fusion Hammer"},{"not_picked":["Busted Crown","Black Star"],"picked":"SlaversCollar"}],"items_purged_floors":[40,44],"is_endless":false,"potions_floor_spawned":[3,5,8,9,14,16,20,25,29,32,36,37,42,43,45,49],"ascension_level":0}}