{"host":"6xsbn6ynqlzwllfm","time":1612287750,"event":{"mods":["2.2 Compatiblity","BaseMod","Bestiary","Colored Map","Colored Powertips","Curses Come First","Highlight Path","Keyboard Shortcuts","Minty Spire (QoL Compilation)","Relic Stats","Slay the Relics Exporter","StSLib","SuperFastMode"],"gold_per_floor":[116,116,133,133,133,133,161,43,70,42,117,117,142,160,160,231,231,244,257,41,51,66,66,66,91,91,91,91,91],"floor_reached":28,"language":"ENG","playtime":848,"items_purged":["Defend_P"],"score":538,"play_id":"76f4bd6c-1e95-4619-9911-8b0e934d4727","local_time":"20210202124230","is_ascension_mode":true,"campfire_choices":[{"data":"FollowUp","floor":6,"key":"SMITH"},{"floor":12,"key":"REST"},{"data":"ConjureBlade","floor":15,"key":"SMITH"},{"data":"Fasting2","floor":23,"key":"SMITH"},{"data":"Collect","floor":27,"key":"SMITH"}],"circlet_count":0,"master_deck":["AscendersBane","Strike_P","Strike_P+1","Strike_P","Defend_P","Defend_P","Defend_P+1","Eruption","Vigilance+1","FollowUp+1","ClearTheMind","CarveReality+1","LikeWater","CutThroughFate","ConjureBlade+1","Fasting2+1","MasterReality","Prostrate+1","ThirdEye","Sanctity","Evaluate","Study+1","Collect+1"],"relics":["SlaversCollar","Nunchaku","Orichalcum","Boot","Cursed Key","Lee\u0027s Waffle","Whetstone"],"acts_visited":["Exordium","TheCity"],"potions_floor_usage":[7,16,21,25,28],"damage_taken":[{"damage":4,"enemies":"Jaw Worm","floor":1,"turns":5},{"damage":3,"enemies":"2 Louse","floor":3,"turns":3},{"damage":13,"enemies":"Gremlin Nob","floor":7,"turns":3},{"damage":0,"enemies":"Lagavulin","floor":13,"turns":5},{"damage":0,"enemies":"Small Slimes","floor":14,"turns":2},{"damage":12,"enemies":"Slime Boss","floor":16,"turns":5},{"damage":11,"enemies":"Shell Parasite","floor":18,"turns":5},{"damage":20,"enemies":"3 Byrds","floor":19,"turns":8},{"damage":19,"enemies":"Centurion and Healer","floor":21,"turns":5},{"damage":10,"enemies":"Snecko","floor":22,"turns":8},{"damage":30,"enemies":"Slavers","floor":25,"turns":6},{"damage":37,"enemies":"3 Cultists","floor":28,"turns":4}],"seed_played":"973229795473078592","potions_obtained":[{"floor":1,"key":"Block Potion"},{"floor":3,"key":"PowerPotion"},{"floor":14,"key":"Fire Potion"},{"floor":19,"key":"DuplicationPotion"},{"floor":22,"key":"Swift Potion"}],"is_trial":false,"path_per_floor":["M","?","M","?","?","R","E","$","T","$","?","R","E","M","R","B",null,"M","M","$","M","M","R","?","E","T","R","M"],"character_chosen":"WATCHER","items_purchased":["LikeWater","CutThroughFate","Lee\u0027s Waffle","Sanctity"],"campfire_rested":1,"item_purchase_floors":[8,10,20,20],"current_hp_per_floor":[57,62,59,52,30,30,17,17,17,17,6,27,27,27,27,15,59,48,28,80,61,51,51,67,37,37,37,0,0],"gold":91,"neow_bonus":"BOSS_RELIC","is_daily":false,"chose_seed":false,"campfire_upgraded":4,"win_rate":0.0,"timestamp":1612287750,"path_taken":["M","?","M","?","?","R","E","$","T","?","?","R","E","M","R","BOSS","M","M","$","M","M","R","?","E","T","R","M"],"items_purchased_type":["Card","Card","Relic","Card"],"build_version":"2020-12-22","purchased_purges":1,"victory":false,"max_hp_per_floor":[68,73,73,73,73,73,73,73,73,73,73,73,73,73,73,73,73,73,73,80,80,80,80,80,80,80,80,80,80],"relic_stats":{"Nunchaku":[7],"Lee\u0027s Waffle":52,"counters":[12,59],"Whetstone":["Strike_P","CarveReality"],"Orichalcum":[90],"Boot":[13],"Cursed Key":0,"obtain_stats":[{"SlaversCollar":0,"Nunchaku":7,"Lee\u0027s Waffle":20,"Whetstone":25,"PureWater":0,"Orichalcum":9,"Boot":13,"Cursed Key":17},{"SlaversCollar":0,"Nunchaku":3,"Lee\u0027s Waffle":8,"Whetstone":11,"PureWater":0,"Orichalcum":3,"Boot":4,"Cursed Key":6},{"SlaversCollar":0,"Nunchaku":11,"Lee\u0027s Waffle":36,"Whetstone":55,"PureWater":0,"Orichalcum":11,"Boot":16,"Cursed Key":23}]},"card_choices":[{"not_picked":["Study","Collect"],"picked":"FollowUp","floor":1},{"not_picked":["EmptyBody","Protect"],"picked":"ClearTheMind","floor":3},{"not_picked":["EmptyMind","JustLucky"],"picked":"CarveReality","floor":7},{"not_picked":["Swivel","DeceiveReality"],"picked":"ConjureBlade","floor":13},{"not_picked":["Pray","FlurryOfBlows"],"picked":"Fasting2","floor":14},{"not_picked":["ConjureBlade","Ragnarok"],"picked":"MasterReality","floor":16},{"not_picked":["Meditate","Halt"],"picked":"Prostrate+1","floor":18},{"not_picked":["ForeignInfluence","BowlingBash"],"picked":"ThirdEye","floor":19},{"not_picked":["Halt","JustLucky"],"picked":"Evaluate","floor":21},{"not_picked":["Evaluate","EmptyBody"],"picked":"Study+1","floor":22},{"not_picked":["WreathOfFlame","BowlingBash"],"picked":"Collect","floor":25}],"player_experience":1378916,"relics_obtained":[{"floor":7,"key":"Nunchaku"},{"floor":9,"key":"Orichalcum"},{"floor":13,"key":"Boot"},{"floor":25,"key":"Whetstone"}],"event_choices":[{"damage_healed":0,"gold_gain":0,"player_choice":"Donut","damage_taken":0,"max_hp_gain":5,"max_hp_loss":0,"event_name":"Big Fish","floor":2,"gold_loss":0},{"cards_removed":["Strike_P"],"damage_healed":0,"gold_gain":0,"player_choice":"Card Removal","damage_taken":7,"max_hp_gain":0,"max_hp_loss":0,"event_name":"Golden Wing","floor":4,"gold_loss":0},{"damage_healed":0,"gold_gain":0,"player_choice":"Entered Light","damage_taken":22,"max_hp_gain":0,"max_hp_loss":0,"event_name":"Shining Light","floor":5,"gold_loss":0,"cards_upgraded":["Vigilance","Defend_P"]},{"damage_healed":0,"gold_gain":75,"player_choice":"Gather Gold","damage_taken":11,"max_hp_gain":0,"max_hp_loss":0,"event_name":"World of Goop","floor":11,"gold_loss":0},{"damage_healed":16,"gold_gain":0,"player_choice":"Heal","damage_taken":0,"max_hp_gain":0,"max_hp_loss":0,"event_name":"The Library","floor":24,"gold_loss":0}],"is_beta":false,"boss_relics":[{"not_picked":["Fusion Hammer","Runic Dome"],"picked":"Cursed Key"}],"items_purged_floors":[8],"is_endless":false,"potions_floor_spawned":[1,3,14,19,22],"killed_by":"3 Cultists","ascension_level":20}}