{"host":"jumrmhf584hajrnz","time":1612269906,"event":{"mods":["BaseMod","Duelist Mod","GifTheSpireLib","Minty Spire (QoL Compilation)","Quick Restart","StSLib"],"gold_per_floor":[14,14,14,28,46,77,77,105,105,118,131,131,131,158,170,273,285,321,333,345,382,394,394],"floor_reached":22,"language":"ENG","playtime":768,"items_purged":[],"score":388,"play_id":"232b9273-1ec7-448d-9175-27039c7441d7","local_time":"20210202134506","is_ascension_mode":true,"campfire_choices":[{"floor":7.0,"key":"REST"},{"floor":13,"key":"REST"},{"floor":15,"key":"RECALL"}],"circlet_count":0,"master_deck":["theDuelist:AngelTrumpeter","AscendersBane","theDuelist:CactusBouncer","theDuelist:CastleWalls","theDuelist:CastleWalls","theDuelist:DarkworldThorns","theDuelist:Inmato","theDuelist:JerryBeansMan","theDuelist:JerryBeansMan","theDuelist:Sparks","theDuelist:Sparks","theDuelist:PredaplantSpinodionaea+1","theDuelist:VioletCrystal","theDuelist:RainbowKuriboh","theDuelist:CactusBouncer","theDuelist:PredaplantPterapenthes","theDuelist:RagingMadPlants+1","theDuelist:DarkworldThorns","theDuelist:VioletCrystal","theDuelist:RevivalRose","theDuelist:RoseWitch+1","theDuelist:RevivalRose"],"relics":["theDuelist:MillenniumPuzzle","theDuelist:CardPoolRelic","theDuelist:CardPoolBasicRelic","theDuelist:BoosterPackPoolRelic","theDuelist:CardPoolAddRelic","theDuelist:CardPoolMinusRelic","theDuelist:CardPoolSaveRelic","theDuelist:CardPoolOptionsRelic","theDuelist:YugiMirror","Frozen Eye","CaptainsWheel","Golden Idol","MawBank","Velvet Choker","Pen Nib"],"acts_visited":["Exordium","TheCity"],"potions_floor_usage":[16,18],"damage_taken":[{"damage":7.0,"enemies":"Small Slimes","floor":1.0,"turns":3.0},{"damage":10.0,"enemies":"2 Louse","floor":4.0,"turns":2.0},{"damage":6.0,"enemies":"Cultist","floor":5.0,"turns":3.0},{"damage":25.0,"enemies":"Gremlin Nob","floor":6.0,"turns":4.0},{"damage":26.0,"enemies":"Lagavulin","floor":8.0,"turns":6.0},{"damage":7,"enemies":"Looter","floor":10,"turns":3},{"damage":9,"enemies":"Blue Slaver","floor":11,"turns":2},{"damage":9,"enemies":"Slime Boss","floor":16,"turns":6},{"damage":35,"enemies":"3 Byrds","floor":18,"turns":4},{"damage":26,"enemies":"2 Thieves","floor":21,"turns":3},{"damage":0,"enemies":"Shelled Parasite and Fungi","floor":22,"turns":1}],"seed_played":"5805173456950679243","potions_obtained":[{"floor":4.0,"key":"Fruit Juice"},{"floor":11,"key":"PowerPotion"},{"floor":16,"key":"AttackPotion"}],"is_trial":false,"path_per_floor":["M","?","?","M","M","E","R","E","T","M","M","?","R","T","R","B",null,"M","?","?","M","M"],"character_chosen":"THE_DUELIST","items_purchased":[],"campfire_rested":2,"item_purchase_floors":[],"current_hp_per_floor":[70,70,70,65,59,34,60,34,34,27,18,18,42,42,42,33,69,34,34,34,8,8,8],"gold":394,"neow_bonus":"TWENTY_PERCENT_HP_BONUS","is_daily":false,"chose_seed":false,"campfire_upgraded":0,"win_rate":0.0,"timestamp":1612269906,"path_taken":["M","?","?","M","?","E","R","E","T","M","M","?","R","?","R","BOSS","M","?","?","M","M"],"items_purchased_type":[],"build_version":"2020-12-22","purchased_purges":0,"victory":false,"max_hp_per_floor":[84,84,84,89,89,89,89,89,89,89,89,81,81,81,81,81,81,81,81,81,81,81,81],"card_choices":[{"not_picked":["theDuelist:CactusBouncer","theDuelist:JerryBeansMan","theDuelist:WormApocalypse","theDuelist:SuperSolarNutrient"],"picked":"theDuelist:PredaplantSpinodionaea","floor":1.0},{"not_picked":["theDuelist:WorldTree","theDuelist:BloomingDarkestRose","theDuelist:SplendidRose"],"picked":"theDuelist:VioletCrystal","floor":4.0},{"not_picked":["theDuelist:CrystalRose","theDuelist:DestroyerGolem","theDuelist:GemArmadillo","theDuelist:PowerGiant"],"picked":"theDuelist:RainbowKuriboh","floor":5.0},{"not_picked":["theDuelist:CactusBouncer","theDuelist:Spore","theDuelist:PredaplantChlamydosundew","theDuelist:VenomShot"],"picked":"theDuelist:PredaplantPterapenthes","floor":6.0},{"not_picked":["theDuelist:VenomShot+1","theDuelist:FuryFire+1","theDuelist:LightningDarts","theDuelist:SphereKuriboh"],"picked":"theDuelist:RagingMadPlants+1","floor":8.0},{"not_picked":["theDuelist:JerryBeansMan","theDuelist:CactusBouncer","theDuelist:SuperSolarNutrient","theDuelist:MiracleFertilizer"],"picked":"theDuelist:DarkworldThorns","floor":10},{"not_picked":["theDuelist:VenomShot","theDuelist:RagingMadPlants","theDuelist:WorldTree","theDuelist:PotDuality"],"picked":"theDuelist:VioletCrystal","floor":11},{"not_picked":["theDuelist:PredaplantSarraceniant","theDuelist:RoseArcher","theDuelist:KamionTimelord","theDuelist:PlantFoodChain"],"picked":"theDuelist:RevivalRose","floor":16},{"not_picked":["theDuelist:JerryBeansMan+1","theDuelist:BotanicalLion","theDuelist:WhiteRoseDragon","theDuelist:WormApocalypse"],"picked":"theDuelist:RoseWitch+1","floor":18},{"not_picked":["theDuelist:PredaplantPterapenthes","theDuelist:BigEye+1","theDuelist:JerryBeansMan+1","theDuelist:DarkworldThorns"],"picked":"theDuelist:RevivalRose","floor":21}],"player_experience":1680371,"relics_obtained":[{"floor":6.0,"key":"theDuelist:YugiMirror"},{"floor":8.0,"key":"CaptainsWheel"},{"floor":14,"key":"MawBank"}],"event_choices":[{"damage_healed":0.0,"max_hp_gain":0.0,"max_hp_loss":0.0,"gold_gain":0.0,"event_name":"Living Wall","player_choice":"Grow","floor":2.0,"gold_loss":0.0,"damage_taken":0.0,"cards_upgraded":["theDuelist:PredaplantSpinodionaea"]},{"damage_healed":0.0,"max_hp_gain":0.0,"max_hp_loss":0.0,"gold_gain":0.0,"event_name":"Battle City","player_choice":"Leave","duelist":true,"floor":3.0,"gold_loss":0.0,"damage_taken":0.0},{"damage_healed":0,"gold_gain":0,"player_choice":"Lose Max HP","damage_taken":0,"relics_obtained":["Golden Idol"],"max_hp_gain":0,"max_hp_loss":8,"event_name":"Golden Idol","floor":12,"gold_loss":0},{"damage_healed":0,"gold_gain":0,"player_choice":"Opened","damage_taken":0,"relics_obtained":["Pen Nib"],"max_hp_gain":0,"max_hp_loss":0,"event_name":"The Mausoleum","floor":19,"gold_loss":0,"cards_obtained":["Writhe"]},{"cards_removed":["Writhe"],"damage_healed":0,"gold_gain":0,"player_choice":"Card Removal","damage_taken":0,"max_hp_gain":0,"max_hp_loss":0,"event_name":"Wheel of Change","floor":20,"gold_loss":0}],"is_beta":false,"boss_relics":[{"not_picked":["Runic Cube","HoveringKite"],"picked":"Velvet Choker"}],"items_purged_floors":[],"is_endless":false,"potions_floor_spawned":[4,11,16],"killed_by":"Shelled Parasite and Fungi","ascension_level":20}}