{"host":"k0kjm4m87pwj4phr","time":1612265939,"event":{"mods":["BaseMod","Colored Map","Colored Powertips","Minty Spire (QoL Compilation)","Permanent Neow","Quick Restart","Relic Filter Mod","Relic Stats","Reliquary","Spire Arcade","StSLib","Wide Potions","óô»ðÖ¸ÄÏ"],"gold_per_floor":[114,126,51,51,51,76,88,88,112,147,164,179,179,206,206,279,329,347,357,357,377,73,73,106,106,157,189,200,210,210,227,227,303,303,313,313,313,328,345,378,389,409,409,409,422,437,312,331,331,331,331],"floor_reached":50,"language":"ZHS","playtime":2150,"items_purged":["Strike_P","Defend_P","Parasite"],"score":1376,"play_id":"f063a5a7-da1d-46d7-b0ee-3bc375bc74fb","local_time":"20210202193859","is_ascension_mode":true,"campfire_choices":[{"floor":13.0,"key":"REST"},{"floor":15.0,"key":"RECALL"},{"floor":23.0,"key":"REST"},{"floor":32.0,"key":"REST"},{"floor":49,"key":"REST"}],"circlet_count":0,"master_deck":["AscendersBane","Defend_P","Defend_P","Defend_P","Eruption","Vigilance","SignatureMove+1","Perseverance","Prostrate","Prostrate","FlurryOfBlows","Judgement","FlurryOfBlows","FlurryOfBlows","WheelKick","Vault","Apotheosis+1","Scrawl","Scrawl","Metamorphosis","Adaptation+1","Protect+1","Indignation"],"relics":["Fusion Hammer","Bronze Scales","Damaru","Centennial Puzzle","Tiny House","Art of War","reliquary:Knoch","Question Card","Sozu","reliquary:MudwinsCradle","reliquary:QuartzCube"],"acts_visited":["Exordium","TheCity","TheBeyond"],"potions_floor_usage":[],"damage_taken":[{"damage":6.0,"enemies":"2 Louse","floor":1.0,"turns":2.0},{"damage":0.0,"enemies":"Small Slimes","floor":2.0,"turns":3.0},{"damage":1.0,"enemies":"Gremlin Nob","floor":6.0,"turns":3.0},{"damage":0.0,"enemies":"Cultist","floor":7.0,"turns":2.0},{"damage":0.0,"enemies":"3 Sentries","floor":10.0,"turns":5.0},{"damage":0.0,"enemies":"Looter","floor":11.0,"turns":1.0},{"damage":10.0,"enemies":"Exordium Thugs","floor":12.0,"turns":4.0},{"damage":0.0,"enemies":"Gremlin Nob","floor":14.0,"turns":2.0},{"damage":38.0,"enemies":"Slime Boss","floor":16.0,"turns":6.0},{"damage":0.0,"enemies":"Chosen","floor":18.0,"turns":3.0},{"damage":7.0,"enemies":"3 Byrds","floor":19.0,"turns":3.0},{"damage":14.0,"enemies":"Snecko","floor":21.0,"turns":4.0},{"damage":16.0,"enemies":"Gremlin Leader","floor":24.0,"turns":4.0},{"damage":17.0,"enemies":"Slavers","floor":27.0,"turns":4.0},{"damage":8.0,"enemies":"Cultist and Chosen","floor":28.0,"turns":3.0},{"damage":15.0,"enemies":"Centurion and Healer","floor":29.0,"turns":2.0},{"damage":0.0,"enemies":"Snecko","floor":31.0,"turns":5.0},{"damage":0.0,"enemies":"Collector","floor":33.0,"turns":4.0},{"damage":0.0,"enemies":"3 Darklings","floor":35.0,"turns":2.0},{"damage":0.0,"enemies":"Orb Walker","floor":38.0,"turns":3.0},{"damage":0.0,"enemies":"Writhing Mass","floor":39.0,"turns":3.0},{"damage":29.0,"enemies":"Reptomancer","floor":40.0,"turns":4.0},{"damage":10.0,"enemies":"Transient","floor":41.0,"turns":7.0},{"damage":7.0,"enemies":"Sphere and 2 Shapes","floor":42.0,"turns":5.0},{"damage":10.0,"enemies":"Spire Growth","floor":45.0,"turns":4.0},{"damage":0.0,"enemies":"Writhing Mass","floor":46.0,"turns":2.0},{"damage":0,"enemies":"4 Shapes","floor":48,"turns":6},{"damage":47,"enemies":"Time Eater","floor":50,"turns":6}],"seed_played":"2042493164943743694","potions_obtained":[{"floor":1.0,"key":"StancePotion"},{"floor":7.0,"key":"Fire Potion"},{"floor":10.0,"key":"Ancient Potion"},{"floor":12.0,"key":"Strength Potion"},{"floor":16.0,"key":"GamblersBrew"},{"floor":21.0,"key":"StancePotion"},{"floor":29.0,"key":"Fruit Juice"},{"floor":31.0,"key":"Explosive Potion"}],"is_trial":false,"path_per_floor":["M","M","$","?","?","E","M","?","T","E","M","M","R","E","R","B",null,"M","M","?","M","$","R","E","$","T","E","M","M","?","M","R","B",null,"M","$","?","M","M","E","M","M","T","?","M","M","$","M","R","B"],"character_chosen":"WATCHER","items_purchased":["Apotheosis"],"campfire_rested":4,"item_purchase_floors":[22],"current_hp_per_floor":[55,55,55,60,60,59,59,52,52,52,52,42,63,63,63,25,66,66,59,59,45,45,68,52,52,52,35,27,17,17,17,41,41,73,73,73,73,73,73,44,34,27,27,27,17,17,17,17,40,0,0],"gold":331,"neow_bonus":"BOSS_RELIC","is_daily":false,"chose_seed":false,"campfire_upgraded":0,"win_rate":0.0,"timestamp":1612265939,"path_taken":["M","M","$","?","?","E","M","?","T","E","M","M","R","E","R","BOSS","M","M","?","M","$","R","E","$","T","E","M","?","?","M","R","BOSS","M","$","?","M","M","E","M","M","T","?","?","M","$","M","R","BOSS"],"items_purchased_type":["Card"],"build_version":"2020-12-22","purchased_purges":3,"victory":false,"max_hp_per_floor":[68,68,68,73,73,73,73,73,73,73,73,73,73,73,73,73,78,78,78,78,78,78,78,78,78,78,78,78,83,83,83,83,83,83,83,83,83,83,83,83,83,83,83,80,80,80,77,77,77,77,77],"relic_stats":{"Sozu":3,"Centennial Puzzle":[36],"counters":[28,102],"Bronze Scales":[180],"Art of War":[3],"Question Card":14,"obtain_stats":[{"Sozu":34,"Centennial Puzzle":14,"Tiny House":17,"Bronze Scales":6,"Damaru":10,"Fusion Hammer":0,"Art of War":24,"reliquary:Knoch":26,"PureWater":0,"reliquary:MudwinsCradle":40,"Question Card":27,"reliquary:QuartzCube":43},{"Sozu":18,"Centennial Puzzle":8,"Tiny House":9,"Bronze Scales":3,"Damaru":5,"Fusion Hammer":0,"Art of War":13,"reliquary:Knoch":13,"PureWater":0,"reliquary:MudwinsCradle":22,"Question Card":14,"reliquary:QuartzCube":24},{"Sozu":60,"Centennial Puzzle":22,"Tiny House":28,"Bronze Scales":8,"Damaru":15,"Fusion Hammer":0,"Art of War":42,"reliquary:Knoch":42,"PureWater":0,"reliquary:MudwinsCradle":72,"Question Card":46,"reliquary:QuartzCube":84}]},"card_choices":[{"not_picked":["WreathOfFlame","Vengeance"],"picked":"SignatureMove","floor":1.0},{"not_picked":["EmptyBody","WheelKick","Evaluate"],"picked":"SKIP","floor":2.0},{"not_picked":["SashWhip","Sanctity"],"picked":"Perseverance","floor":6.0},{"not_picked":["CutThroughFate","FlyingSleeves"],"picked":"Prostrate","floor":7.0},{"not_picked":["Omniscience","Evaluate"],"picked":"Prostrate","floor":10.0},{"not_picked":["EmptyFist","WreathOfFlame","EmptyBody"],"picked":"SKIP","floor":11.0},{"not_picked":["Nirvana","Halt","EmptyFist"],"picked":"SKIP","floor":12.0},{"not_picked":["Blasphemy","Evaluate"],"picked":"FlurryOfBlows","floor":14.0},{"not_picked":["Blasphemy","Wish"],"picked":"Judgement","floor":16.0},{"not_picked":["Pray","Swivel"],"picked":"FlurryOfBlows","floor":17.0},{"not_picked":["DeceiveReality","Worship"],"picked":"FlurryOfBlows","floor":18.0},{"not_picked":["BowlingBash","Consecrate"],"picked":"WheelKick","floor":19.0},{"not_picked":["PathToVictory+1","FlyingSleeves"],"picked":"Vault","floor":21.0},{"not_picked":["WaveOfTheHand","SandsOfTime"],"picked":"Scrawl","floor":24.0},{"not_picked":["CutThroughFate","Prostrate","Pray"],"picked":"SKIP","floor":27.0},{"not_picked":["Worship","ForeignInfluence","ClearTheMind","WreathOfFlame"],"picked":"SKIP","floor":28.0},{"not_picked":["FlyingSleeves","EmptyBody","PathToVictory","Worship"],"picked":"SKIP","floor":29.0},{"not_picked":["SashWhip","BattleHymn","FlyingSleeves","ThirdEye"],"picked":"SKIP","floor":31.0},{"not_picked":["Omniscience","Judgement","Devotion"],"picked":"Scrawl","floor":33.0},{"not_picked":["SashWhip","Nirvana","EmptyBody","CutThroughFate"],"picked":"SKIP","floor":35.0},{"not_picked":["Apotheosis","Madness","Mayhem"],"picked":"Metamorphosis","floor":37.0},{"not_picked":["FlurryOfBlows","FollowUp","Pray","CrushJoints"],"picked":"SKIP","floor":38.0},{"not_picked":["EmptyFist","ClearTheMind+1","FlyingSleeves+1"],"picked":"Adaptation+1","floor":39.0},{"not_picked":["ThirdEye+1","FlyingSleeves","WaveOfTheHand"],"picked":"Protect+1","floor":40.0},{"not_picked":["SashWhip+1","Consecrate","Alpha","InnerPeace+1"],"picked":"SKIP","floor":41.0},{"not_picked":["CrushJoints","BowlingBash","DeceiveReality","WindmillStrike"],"picked":"SKIP","floor":42.0},{"not_picked":["SashWhip","FearNoEvil","SandsOfTime"],"picked":"Indignation","floor":45.0},{"not_picked":["Weave","ThirdEye","Protect","Consecrate"],"picked":"SKIP","floor":46.0},{"not_picked":["SashWhip","Weave","Swivel+1","BowlingBash"],"picked":"SKIP","floor":48}],"player_experience":443076,"relics_obtained":[{"floor":6.0,"key":"Bronze Scales"},{"floor":10.0,"key":"Damaru"},{"floor":14.0,"key":"Centennial Puzzle"},{"floor":24.0,"key":"Art of War"},{"floor":26.0,"key":"reliquary:Knoch"},{"floor":27.0,"key":"Question Card"},{"floor":40.0,"key":"reliquary:MudwinsCradle"},{"floor":43.0,"key":"reliquary:QuartzCube"}],"event_choices":[{"damage_healed":0.0,"max_hp_gain":5.0,"max_hp_loss":0.0,"gold_gain":0.0,"event_name":"Big Fish","player_choice":"Donut","floor":4.0,"gold_loss":0.0,"damage_taken":0.0},{"cards_removed":["Strike_P"],"damage_healed":0.0,"max_hp_gain":0.0,"max_hp_loss":0.0,"gold_gain":0.0,"event_name":"Living Wall","player_choice":"Forget","floor":5.0,"gold_loss":0.0,"damage_taken":0.0},{"cards_removed":["Strike_P"],"damage_healed":0.0,"max_hp_gain":0.0,"max_hp_loss":0.0,"gold_gain":0.0,"event_name":"Golden Wing","player_choice":"Card Removal","floor":8.0,"gold_loss":0.0,"damage_taken":7.0},{"cards_removed":["Strike_P"],"damage_healed":0.0,"max_hp_gain":0.0,"max_hp_loss":0.0,"gold_gain":0.0,"event_name":"Purifier","player_choice":"Purged","floor":20.0,"gold_loss":0.0,"damage_taken":0.0},{"damage_healed":0.0,"max_hp_gain":0.0,"max_hp_loss":0.0,"gold_gain":0.0,"event_name":"Upgrade Shrine","player_choice":"Upgraded","floor":30.0,"gold_loss":0.0,"damage_taken":0.0,"cards_upgraded":["Apotheosis"]},{"damage_healed":0.0,"max_hp_gain":0.0,"max_hp_loss":0.0,"gold_gain":0.0,"event_name":"SensoryStone","player_choice":"Memory 1","floor":37.0,"gold_loss":0.0,"damage_taken":0.0},{"cards_removed":["Parasite"],"damage_healed":0.0,"max_hp_gain":0.0,"max_hp_loss":0.0,"gold_gain":0.0,"event_name":"Fountain of Cleansing","player_choice":"Removed Curses","floor":44.0,"gold_loss":0.0,"damage_taken":0.0}],"is_beta":false,"boss_relics":[{"not_picked":["Busted Crown","Calling Bell"],"picked":"Tiny House"},{"not_picked":["Philosopher\u0027s Stone","reliquary:KinkedSpring"],"picked":"Sozu"}],"items_purged_floors":[3,22,47],"is_endless":false,"potions_floor_spawned":[1,7,10,12,16,21,29,31,38,40,42],"killed_by":"Time Eater","ascension_level":20}}