{"host":"l9d4bclu8pwa3q15","time":1612260632,"event":{"mods":["Act Like it!","BaseMod","Better Altar","Better Match","Better Note","Better Sensory Stone","Better Skull","BetterRewards","Colored Map","Colored Powertips","Downfall","Emptier Cage","Gensokyo","GifTheSpireLib","Keyboard Shortcuts","Koishi","KomeijiMod","Lobotomy","LobotomyExtend","Minty Spire (QoL Compilation)","Quick Restart","Rare Cards Sparkle","Relic Sorter","Remilia_Scarlet Moed（蕾米莉亚・斯卡雷特）3.3.5","Replay The Spire","Spicy Shops","StSLib","The Alterego","UnlockEverythingMod","Waifu the Spire","WarShipGirlsR/战舰少女R mod","Yakumo Yukari mod","Youmu（魂魄妖梦）","Yuyuko"],"gold_per_floor":[275,275,275,298,298,298,332,332,332,345,369,410,431,6,6,129,129,145,145,145,159,179,179,179,179,179,179,193,207,207,220,220,220,220],"floor_reached":33,"language":"ZHS","playtime":2095,"items_purged":[],"score":257,"play_id":"c10dc2a4-ebe0-467a-9553-ae98dab75716","local_time":"20210202181032","is_ascension_mode":false,"campfire_choices":[{"floor":6.0,"key":"REST"},{"floor":15.0,"key":"DIG"},{"floor":23.0,"key":"REST"},{"floor":25.0,"key":"REST"},{"floor":30.0,"key":"REST"},{"floor":32.0,"key":"REST"}],"circlet_count":0,"master_deck":["Strike_R+1","Strike_R","Strike_R+1","Strike_R","Strike_R","Defend_R","Defend_R","Bash","Flex","True Grit","Fire Breathing","Heavy Blade","Anger","Pummel","Heavy Blade","Limit Break","Flex","Cleave","Inflame","Carnage","Shockwave","Feel No Pain","Feed","Bloodletting","Berserk","Inflame","Armaments+1","Heavy Blade","Intimidate","Evolve+1","Fire Breathing+1"],"relics":["Burning Blood","LetterFromLob","Golden Idol","Art of War","Simple Rune","Gremlin Horn","Membership Card","Ice Cream","HandDrill","Tiny Chest","Philosopher\u0027s Stone","White Beast Statue","StrikeDummy"],"acts_visited":["Exordium","TheCity"],"potions_floor_usage":[],"damage_taken":[{"damage":4.0,"enemies":"2 Louse","floor":1.0,"turns":3.0},{"damage":11.0,"enemies":"Jaw Worm","floor":4.0,"turns":2.0},{"damage":18.0,"enemies":"Gremlin Nob","floor":7.0,"turns":3.0},{"damage":0.0,"enemies":"Cultist","floor":10.0,"turns":3.0},{"damage":16.0,"enemies":"Exordium Thugs","floor":11.0,"turns":3.0},{"damage":23.0,"enemies":"3 Sentries","floor":12.0,"turns":6.0},{"damage":7.0,"enemies":"Blue Slaver","floor":13.0,"turns":2.0},{"damage":19.0,"enemies":"Fading Forest","floor":16.0,"turns":11.0},{"damage":16.0,"enemies":"Shell Parasite","floor":18.0,"turns":5.0},{"damage":36.0,"enemies":"3 Byrds","floor":21.0,"turns":5.0},{"damage":36.0,"enemies":"Snake Plant","floor":22.0,"turns":3.0},{"damage":38.0,"enemies":"Cultist and Chosen","floor":28.0,"turns":6.0},{"damage":16.0,"enemies":"Snecko","floor":29.0,"turns":3.0},{"damage":28.0,"enemies":"Shelled Parasite and Fungi","floor":31.0,"turns":4.0},{"damage":57,"enemies":"Collector","floor":33,"turns":5}],"seed_played":"5690226002027801013","potions_obtained":[{"floor":1.0,"key":"SteroidPotion"},{"floor":4.0,"key":"Dexterity Potion"},{"floor":5.0,"key":"bronze:BurnAndBuffPotion"},{"floor":5.0,"key":"bronze:BurnAndBuffPotion"},{"floor":11.0,"key":"Death Potion"},{"floor":12.0,"key":"PowerPotion"},{"floor":28.0,"key":"Elixir"},{"floor":29.0,"key":"Fire Potion"},{"floor":31.0,"key":"Elixir"}],"is_trial":false,"path_per_floor":["M","?","?","M","?","R","E","M","T","M","M","E","M","$","R_BF","B",null,"M","?","?","M","M","R","T","R","T","?","M","M","R","M","R","B"],"character_chosen":"IRONCLAD","items_purchased":["Membership Card","Ice Cream","HandDrill","Shockwave","Feel No Pain"],"campfire_rested":5,"item_purchase_floors":[14,14,14,14,14],"current_hp_per_floor":[80,60,60,55,55,79,67,67,67,73,63,46,45,45,45,42,80,70,70,70,40,10,34,34,58,58,58,26,16,40,18,42,0,0],"gold":220,"neow_bonus":"","is_daily":false,"chose_seed":false,"campfire_upgraded":0,"win_rate":0.0,"timestamp":1612260632,"path_taken":["M","?","?","M","?","R","E","M","T","M","M","E","?","?","R_BF","BOSS","M","?","?","?","M","R","?","R","T","?","M","M","R","M","R","BOSS"],"items_purchased_type":["Relic","Relic","Relic","Card","Card"],"build_version":"2020-12-22","purchased_purges":0,"victory":false,"max_hp_per_floor":[80,80,80,80,80,80,80,80,80,80,80,80,80,80,80,80,80,80,80,80,80,80,80,80,80,80,80,80,80,80,80,80,80,80],"card_choices":[{"not_picked":["Clash","Sword Boomerang"],"picked":"Flex","floor":1.0},{"not_picked":["Iron Wave","Cleave"],"picked":"Heavy Blade","floor":4.0},{"not_picked":["Hemokinesis","Perfected Strike"],"picked":"Limit Break","floor":7.0},{"not_picked":["Run Through","Sword Boomerang"],"picked":"Flex","floor":10.0},{"not_picked":["Body Slam","Dropkick"],"picked":"Cleave","floor":11.0},{"not_picked":["Twin Strike","ReplayTheSpireMod:Strike From Hell"],"picked":"Inflame","floor":12.0},{"not_picked":["Body Slam","Headbutt"],"picked":"Carnage","floor":13.0},{"not_picked":["Fiend Fire","Demonic Infusion"],"picked":"Feed","floor":16.0},{"not_picked":["Rampage+1","Disarm"],"picked":"Bloodletting","floor":18.0},{"not_picked":["Anger","Body Slam+1"],"picked":"Inflame","floor":21.0},{"not_picked":["Pommel Strike","Iron Wave"],"picked":"Armaments+1","floor":22.0},{"not_picked":["Headbutt+1","Body Slam"],"picked":"Intimidate","floor":28.0},{"not_picked":["Shrug It Off","Burning Pact+1"],"picked":"Evolve+1","floor":29.0},{"not_picked":["Flame Barrier","Havoc"],"picked":"Fire Breathing+1","floor":31.0}],"player_experience":88605,"relics_obtained":[{"floor":1.0,"key":"LetterFromLob"},{"floor":7.0,"key":"Art of War"},{"floor":9.0,"key":"Simple Rune"},{"floor":12.0,"key":"Gremlin Horn"},{"floor":15.0,"key":"Tiny Chest"},{"floor":24.0,"key":"White Beast Statue"},{"floor":26.0,"key":"StrikeDummy"}],"event_choices":[{"damage_healed":0.0,"max_hp_gain":0.0,"max_hp_loss":0.0,"gold_gain":0.0,"event_name":"Golden Idol","player_choice":"Take Damage","floor":2.0,"gold_loss":0.0,"damage_taken":20.0,"relics_obtained":["Golden Idol"]},{"damage_healed":0.0,"max_hp_gain":0.0,"max_hp_loss":0.0,"gold_gain":0.0,"event_name":"Lab","player_choice":"Got Potions","floor":5.0,"gold_loss":0.0,"damage_taken":0.0},{"damage_healed":0.0,"max_hp_gain":0.0,"max_hp_loss":0.0,"gold_gain":0.0,"event_name":"betterNote:BetterNote","player_choice":"Ignored","floor":19.0,"gold_loss":0.0,"damage_taken":0.0,"cards_obtained":["Decay"]},{"damage_healed":0.0,"max_hp_gain":0.0,"max_hp_loss":0.0,"gold_gain":0.0,"cards_transformed":["Defend_R"],"event_name":"Transmorgrifier","player_choice":"Transformed","floor":20.0,"gold_loss":0.0,"damage_taken":0.0,"cards_obtained":["Berserk"]},{"damage_healed":0.0,"max_hp_gain":0.0,"max_hp_loss":0.0,"gold_gain":0.0,"cards_transformed":["Defend_R"],"event_name":"Transmorgrifier","player_choice":"Transformed","floor":27.0,"gold_loss":0.0,"damage_taken":0.0,"cards_obtained":["Heavy Blade"]}],"is_beta":false,"boss_relics":[{"not_picked":["Fusion Hammer","Ectoplasm"],"picked":"Philosopher\u0027s Stone"}],"items_purged_floors":[],"is_endless":false,"potions_floor_spawned":[1,4,11,12,28,29,31],"killed_by":"Collector","ascension_level":0}}