{"host":"fuszjwm6fqgjjp4d","time":1612253187,"event":{"mods":["BaseMod","Bestiary","Colored Map","DeckTracker","Minty Spire (QoL Compilation)","Permanent Neow","Relic Sorter","Relic Stats","StSLib"],"gold_per_floor":[111,111,131,149,164,164,198,198,221,246,246,266,284,322,322,420,420,434,467,467,483,501,501,501],"floor_reached":23,"language":"ENG","playtime":679,"items_purged":[],"score":426,"play_id":"8ca2ba18-6efc-4d98-8449-aa336727b3f4","local_time":"20210202020627","is_ascension_mode":true,"campfire_choices":[{"data":"Chaos","floor":6,"key":"SMITH"},{"data":"Hologram","floor":8,"key":"SMITH"},{"data":"Defragment","floor":15,"key":"SMITH"}],"circlet_count":0,"master_deck":["AscendersBane","Strike_B","Strike_B","Strike_B","Defend_B","Defend_B","Defend_B","Defend_B","Zap","Dualcast","Chaos+1","Hologram+1","Compile Driver","Lockon","Ball Lightning","Coolheaded","Defragment+1","Electrodynamics","Defragment+1","Amplify","Cold Snap"],"relics":["Cracked Core","DataDisk","Oddly Smooth Stone","Art of War","Ancient Tea Set","Golden Idol","Vajra","Inserter","Red Mask","Dead Branch"],"acts_visited":["Exordium","TheCity"],"potions_floor_usage":[7,10,14,14,14,19,23],"damage_taken":[{"damage":2,"enemies":"Jaw Worm","floor":1,"turns":4},{"damage":0,"enemies":"2 Louse","floor":3,"turns":1},{"damage":0,"enemies":"Small Slimes","floor":4,"turns":2},{"damage":4,"enemies":"2 Fungi Beasts","floor":5,"turns":3},{"damage":11,"enemies":"Gremlin Nob","floor":7,"turns":3},{"damage":5,"enemies":"3 Sentries","floor":10,"turns":5},{"damage":5,"enemies":"Red Slaver","floor":12,"turns":3},{"damage":4,"enemies":"Exordium Wildlife","floor":13,"turns":3},{"damage":2,"enemies":"Gremlin Nob","floor":14,"turns":3},{"damage":5,"enemies":"The Guardian","floor":16,"turns":6},{"damage":0,"enemies":"3 Byrds","floor":18,"turns":2},{"damage":13,"enemies":"Masked Bandits","floor":19,"turns":4},{"damage":4,"enemies":"Shell Parasite","floor":21,"turns":7},{"damage":14,"enemies":"Centurion and Healer","floor":22,"turns":7},{"damage":30,"enemies":"Gremlin Leader","floor":23,"turns":2}],"seed_played":"-3216107784565438444","potions_obtained":[{"floor":1,"key":"PotionOfCapacity"},{"floor":3,"key":"FocusPotion"},{"floor":7,"key":"DistilledChaos"},{"floor":10,"key":"Block Potion"},{"floor":13,"key":"EntropicBrew"},{"floor":14,"key":"AttackPotion"},{"floor":21,"key":"Strength Potion"},{"floor":22,"key":"SpeedPotion"}],"is_trial":false,"path_per_floor":["M","?","M","M","M","R","E","R","T","E","?","M","M","E","R","B",null,"M","?","?","M","M","E"],"character_chosen":"DEFECT","items_purchased":[],"campfire_rested":0,"item_purchase_floors":[],"current_hp_per_floor":[62,55,55,55,51,51,40,40,40,35,35,30,26,24,24,19,53,53,40,40,36,22,0,0],"gold":501,"neow_bonus":"RANDOM_COMMON_RELIC","is_daily":false,"chose_seed":false,"campfire_upgraded":3,"win_rate":0.0,"timestamp":1612253187,"path_taken":["M","?","M","M","M","R","E","R","T","E","?","M","M","E","R","BOSS","M","?","?","?","M","E"],"items_purchased_type":[],"build_version":"2020-12-22","purchased_purges":0,"victory":false,"max_hp_per_floor":[71,71,71,71,71,71,71,71,71,71,64,64,64,64,64,64,64,64,64,64,64,64,64,64],"relic_stats":{"Inserter":[11],"counters":[15,55],"Golden Idol":53,"Dead Branch":[4],"Art of War":[10],"obtain_stats":[{"DataDisk":0,"Inserter":17,"Golden Idol":11,"Dead Branch":20,"Oddly Smooth Stone":7,"Vajra":14,"Art of War":9,"Red Mask":19,"Cracked Core":0,"Ancient Tea Set":10},{"DataDisk":0,"Inserter":10,"Golden Idol":6,"Dead Branch":12,"Oddly Smooth Stone":5,"Vajra":9,"Art of War":5,"Red Mask":12,"Cracked Core":0,"Ancient Tea Set":6},{"DataDisk":0,"Inserter":33,"Golden Idol":18,"Dead Branch":39,"Oddly Smooth Stone":13,"Vajra":27,"Art of War":13,"Red Mask":39,"Cracked Core":0,"Ancient Tea Set":18}]},"card_choices":[{"not_picked":["Recycle","Steam"],"picked":"Chaos","floor":1},{"not_picked":["Conserve Battery","Melter"],"picked":"Hologram","floor":3},{"not_picked":["Stack","Redo"],"picked":"Compile Driver","floor":4},{"not_picked":["Redo","Aggregate"],"picked":"Lockon","floor":5},{"not_picked":["Stack","Chill","Beam Cell"],"picked":"SKIP","floor":7},{"not_picked":["Sweeping Beam","Steam Power"],"picked":"Ball Lightning","floor":10},{"not_picked":["Hologram","Beam Cell","Redo"],"picked":"SKIP","floor":12},{"not_picked":["Double Energy","Recycle"],"picked":"Coolheaded","floor":13},{"not_picked":["Loop","Machine Learning"],"picked":"Defragment","floor":14},{"not_picked":["Creative AI","Echo Form"],"picked":"Electrodynamics","floor":16},{"not_picked":["Compile Driver","Rebound","Go for the Eyes"],"picked":"SKIP","floor":18},{"not_picked":["Rebound","Steam"],"picked":"Defragment+1","floor":19},{"not_picked":["Leap","Beam Cell"],"picked":"Amplify","floor":21},{"not_picked":["Redo","Barrage"],"picked":"Cold Snap","floor":22}],"player_experience":1423776,"relics_obtained":[{"floor":7,"key":"Oddly Smooth Stone"},{"floor":9,"key":"Art of War"},{"floor":10,"key":"Ancient Tea Set"},{"floor":14,"key":"Vajra"},{"floor":19,"key":"Red Mask"}],"event_choices":[{"cards_removed":["Strike_B"],"damage_healed":0,"gold_gain":0,"player_choice":"Card Removal","damage_taken":7,"max_hp_gain":0,"max_hp_loss":0,"event_name":"Golden Wing","floor":2,"gold_loss":0},{"damage_healed":0,"gold_gain":0,"player_choice":"Lose Max HP","damage_taken":0,"relics_obtained":["Golden Idol"],"max_hp_gain":0,"max_hp_loss":7,"event_name":"Golden Idol","floor":11,"gold_loss":0},{"damage_healed":0,"gold_gain":0,"player_choice":"Fought Bandits","damage_taken":0,"max_hp_gain":0,"max_hp_loss":0,"event_name":"Masked Bandits","floor":19,"gold_loss":0},{"damage_healed":0,"gold_gain":0,"player_choice":"Gave Potion","damage_taken":0,"relics_obtained":["Dead Branch"],"max_hp_gain":0,"max_hp_loss":0,"event_name":"WeMeetAgain","floor":20,"gold_loss":0}],"is_beta":false,"boss_relics":[{"not_picked":["FrozenCore","Runic Pyramid"],"picked":"Inserter"}],"items_purged_floors":[],"is_endless":false,"potions_floor_spawned":[1,3,7,10,13,14,21,22],"killed_by":"Gremlin Leader","ascension_level":20}}