{"host":"9vk21r6l9dtkpvh9","time":1612285795,"event":{"mods":["100% Spire Juice","2.2 Compatiblity","AchievementEnabler","Act Like it!","Astrologer","Bartender","BaseMod","Better Altar","Better Match","Better Note","Better Sensory Stone","Better Skull","Better Third Choice","BetterRewards","CapriCore","CatGirl Mod","Colored Map","Colored Powertips","Conspire","DeckTracker","Downfall","Energized Spire","Gensokyo","GifTheSpireLib","Hermit","Hubris","Infinite Spire","Jorbs\u0027s Wanderer Trilogy","Koishi","LagranYue(???·?)","Luminous","Mad Scientist","Marisa????????","Mimic Mod","Minty Spire (QoL Compilation)","Potionbrewer","Rare Cards Sparkle","Relic Stats","Replay The Spire","SOS???????","Shade Mod","Spicy Shops","StSLib","SuperFastMode","Td1madao Mod","The Animator","The Forsaken","The Gatherer","The Hierophant","The Immortal","The Jungle","The Marked","The Mystic","The Necromancer","The Runesmith","The Senshi","The Servant 0.9.4","The Valiant","The Wild Card","TheBandit","TheSwordswoman","TheWitcher","WarShipGirlsR/????R mod","???Mod??????Boss"],"gold_per_floor":[117,136,136,151,151,151,151,151],"floor_reached":7,"language":"ENG","playtime":214,"items_purged":[],"score":49,"play_id":"007c22a1-1935-443d-b939-863f850e3066","local_time":"20210202120955","is_ascension_mode":true,"campfire_choices":[{"floor":6,"key":"REST"}],"circlet_count":0,"master_deck":["Strike_B","Strike_B","Strike_B","Strike_B","Defend_B","Defend_B","Defend_B","Defend_B+1","Zap","Dualcast+1","Fusion","Leap","Glacier"],"relics":["LagranYue:RandomDrawCardRelic","Black Star"],"acts_visited":["Exordium"],"potions_floor_usage":[7],"damage_taken":[{"damage":6,"enemies":"Cultist","floor":1,"turns":4},{"damage":11,"enemies":"Jaw Worm","floor":2,"turns":6},{"damage":8,"enemies":"2 Louse","floor":4,"turns":2},{"damage":40,"enemies":"Gremlin Nob","floor":7,"turns":6}],"seed_played":"-5874042941754166593","potions_obtained":[{"floor":4,"key":"Milkshake"}],"is_trial":false,"path_per_floor":["M","M","T","M","?","R","E"],"character_chosen":"DEFECT","items_purchased":[],"campfire_rested":1,"item_purchase_floors":[],"current_hp_per_floor":[69,58,58,50,35,57,17,17],"gold":151,"neow_bonus":"BOSS_RELIC","is_daily":false,"chose_seed":false,"campfire_upgraded":0,"win_rate":0.0,"timestamp":1612285795,"path_taken":["M","M","?","M","?","R","E"],"items_purchased_type":[],"build_version":"2020-12-22","purchased_purges":0,"victory":false,"max_hp_per_floor":[75,75,75,75,75,75,75,75],"relic_stats":{"counters":[4,18],"Black Star":0,"obtain_stats":[{"LagranYue:RandomDrawCardRelic":0,"Black Star":0,"Cracked Core":0},{"LagranYue:RandomDrawCardRelic":0,"Black Star":0,"Cracked Core":0},{"LagranYue:RandomDrawCardRelic":0,"Black Star":0,"Cracked Core":0}]},"card_choices":[{"not_picked":["Loop","Barrage"],"picked":"Fusion","floor":1},{"not_picked":["hubris:Ukulele","Double Energy"],"picked":"Leap","floor":2},{"not_picked":["Panic Button","Turbo"],"picked":"Glacier","floor":4}],"player_experience":681411,"relics_obtained":[],"event_choices":[{"damage_healed":50,"gold_gain":0,"player_choice":"Upgrade","damage_taken":15,"max_hp_gain":0,"max_hp_loss":75,"event_name":"betterThird:BetterShining","floor":5,"gold_loss":0,"cards_upgraded":["Dualcast","Defend_B"]}],"is_beta":false,"boss_relics":[],"items_purged_floors":[],"is_endless":false,"potions_floor_spawned":[4],"killed_by":"Gremlin Nob","ascension_level":4}}