{"host":"bplbr8uekuotory4","time":1612263596,"event":{"mods":["Act Like it!","BaseMod","GungeonMod","Hermit","KinomotoSakuraMod(木之本樱)","Marisa（F雨　魔理沙）","Minty Spire (QoL Compilation)","Prisma Mod","Quick Restart","Reimu（博丽灵梦）","SOS（斯巴达之子）","Spicy Shops","StSLib","TestMod","The Blackbeard","The Cursed","The Mystic","The Poker Player","The Saiyan","The Senshi","The Servant 0.9.4","Yuri Mod","[IsaacMod]以撒尖塔"],"gold_per_floor":[112,37,437,437,454,454,485,502,502,502,515,551,551,601,601,729,729,761,761,761,780,810,838,838,937,937,739,788,788,820,721,721,846,846,860,860,748,818,837,837,886,886,886,886,886,897,897,809,809,844,844,844,595,632,645],"floor_reached":56,"language":"ZHS","playtime":1009,"items_purged":["blackbeard:BlackbeardStrike","blackbeard:BlackbeardStrike","Shame","blackbeard:BlackbeardDefend","blackbeard:BlackbeardStrike","blackbeard:BlackbeardDefend","blackbeard:BlackbeardStrike+1","blackbeard:BuriedTreasure"],"score":2108,"play_id":"6d139912-025c-47ca-a1d8-df15979b88ce","local_time":"20210202185956","is_ascension_mode":true,"campfire_choices":[{"data":"blackbeard:Cutlass","floor":6.0,"key":"SMITH"},{"data":"blackbeard:BeatUp","floor":13.0,"key":"SMITH"},{"data":"blackbeard:BoostMorale","floor":15.0,"key":"SMITH"},{"data":"blackbeard:BoostMorale","floor":24.0,"key":"SMITH"},{"data":"blackbeard:Upgrade","floor":32.0,"key":"SMITH"},{"data":"blackbeard:BoostMorale","floor":42,"key":"SMITH"},{"floor":44,"key":"RECALL"},{"data":"blackbeard:RearmingStrike","floor":49,"key":"SMITH"},{"data":"blackbeard:RemoveScurvy","floor":52,"key":"SMITH"}],"circlet_count":0,"master_deck":["blackbeard:IntimidatingStrike+1","blackbeard:BlackbeardDefend","blackbeard:Cutlass+1","blackbeard:BeatUp+1","blackbeard:BoostMorale+1","blackbeard:Upgrade+1","blackbeard:BoostMorale+1","blackbeard:RemoveScurvy+1","blackbeard:PirateHook+1","blackbeard:TacticalRetreat+1","blackbeard:BoostMorale+1","blackbeard:GoldenDefense+1","blackbeard:Toast+1","blackbeard:Eyepatch+1","blackbeard:RearmingStrike+1"],"relics":["blackbeard:LoadTheCannons","HushsDoor","BookOfRevelations","testmod-Brilliant","NeowsBlessing","testmod-TurbochargingSystem","testmod-Acrobat","Thread and Needle","GnawedLeaf","theSenshi:MoonKaleidoScopeRelic","GuppysPaw","Mastiff:ReiMu","AnarchistCookbook","Regal Pillow","testmod-AssaultLearning","SteamSale","Whetstone","testmod-ConstraintPeriapt","Vajra","testmod-CardMagician","GuppysTail","SatanicBible","Bag of Marbles","CatCart","testmod-IntensifyImprint","Tea:ReiMu","BelialBook","blackbeard:Spearhead","Nunchaku"],"acts_visited":["Exordium","TheCity","TheBeyond","TheEnding"],"potions_floor_usage":[33,33,38,41,50,55,55,55],"damage_taken":[{"damage":0.0,"enemies":"2 Louse","floor":1.0,"turns":1.0},{"damage":0.0,"enemies":"Small Slimes","floor":5.0,"turns":1.0},{"damage":0.0,"enemies":"3 Sentries","floor":7.0,"turns":1.0},{"damage":0.0,"enemies":"Cultist","floor":8.0,"turns":1.0},{"damage":0.0,"enemies":"3 Louse","floor":11.0,"turns":1.0},{"damage":0.0,"enemies":"Gremlin Nob","floor":12.0,"turns":2.0},{"damage":0.0,"enemies":"Lagavulin","floor":14.0,"turns":3.0},{"damage":0.0,"enemies":"The Guardian","floor":16.0,"turns":9.0},{"damage":0.0,"enemies":"Shell Parasite","floor":18.0,"turns":1.0},{"damage":0.0,"enemies":"Spheric Guardian","floor":21.0,"turns":1.0},{"damage":0.0,"enemies":"Centurion and Healer","floor":22.0,"turns":1.0},{"damage":0.0,"enemies":"Slavers","floor":23.0,"turns":1.0},{"damage":0.0,"enemies":"Book of Stabbing","floor":28.0,"turns":3.0},{"damage":0.0,"enemies":"Gremlin Leader","floor":30.0,"turns":1.0},{"damage":0,"enemies":"Champ","floor":33,"turns":5},{"damage":0,"enemies":"3 Shapes","floor":35,"turns":1},{"damage":0,"enemies":"Orin","floor":38,"turns":3},{"damage":0,"enemies":"3 Darklings","floor":39,"turns":1},{"damage":0,"enemies":"2 Orb Walkers","floor":41,"turns":1},{"damage":0,"enemies":"4 Shapes","floor":46,"turns":1},{"damage":0,"enemies":"Awakened One","floor":50,"turns":4},{"damage":0,"enemies":"Shield and Spear","floor":54,"turns":2},{"damage":0,"enemies":"The Heart","floor":55,"turns":4}],"seed_played":"-8180361919173376257","potions_obtained":[{"floor":5.0,"key":"ZuzhouPotion:ReiMu"},{"floor":12.0,"key":"PowerPotion"},{"floor":14.0,"key":"AttackPotion"},{"floor":21.0,"key":"PowerPotion"},{"floor":35,"key":"DistilledChaos"},{"floor":38,"key":"ColorlessPotion"},{"floor":41,"key":"testmod-SpacePotion"},{"floor":46,"key":"FearPotion"},{"floor":54,"key":"SteroidPotion"}],"is_trial":false,"path_per_floor":["M","$","?","?","M","R","E","M","T","?","M","E","R","E","R","B",null,"M","?","?","M","M","E","R","?","T","$","E","?","E","$","R","B",null,"M","?","$","?","M","?","?","R","T","R","T","M","?","$","R","B",null,"R","$","E","B",null],"character_chosen":"BLACKBEARD_CLASS","items_purchased":["GuppysPaw","SteamSale","Vajra","GuppysTail","blackbeard:Rum","SatanicBible","Bag of Marbles","BelialBook","blackbeard:Spearhead"],"campfire_rested":0,"item_purchase_floors":[17,27,31,34,34,34,37,53,53],"current_hp_per_floor":[68,68,68,68,68,68,68,68,68,61,61,61,61,61,61,61,60,60,45,45,45,45,45,45,45,45,45,45,105,105,105,105,110,90,90,75,75,80,80,80,80,80,80,80,80,80,80,80,80,85,85,85,85,85,85],"gold":645,"neow_bonus":"THREE_ENEMY_KILL","is_daily":false,"chose_seed":false,"campfire_upgraded":8,"win_rate":0.0,"timestamp":1612263596,"path_taken":["M","$","?","?","M","R","E","M","T","?","M","E","R","E","R","BOSS","M","?","?","M","?","E","R","?","T","$","E","?","E","?","R","BOSS","M","?","$","?","?","?","?","R","T","R","?","?","?","?","R","BOSS","R","$","E","BOSS"],"items_purchased_type":["Relic","Relic","Relic","Relic","Card","Relic","Relic","Relic","Relic"],"build_version":"2020-12-22","purchased_purges":8,"victory":true,"max_hp_per_floor":[75,75,75,75,75,75,75,75,75,75,75,75,75,75,75,75,60,60,60,60,60,60,60,60,60,60,60,60,120,120,120,120,120,90,90,90,90,90,90,90,90,90,90,90,90,90,85,85,85,85,85,85,85,85,85],"card_choices":[{"not_picked":["blackbeard:InfiniteBarrage","blackbeard:Shrapnel"],"picked":"blackbeard:BeatUp","floor":1.0},{"not_picked":["blackbeard:BeatUp","blackbeard:Recklessness","blackbeard:BlindAttacks"],"picked":"SKIP","floor":5.0},{"not_picked":["blackbeard:GoldenStrike","blackbeard:SwordDance","blackbeard:BeatUp"],"picked":"SKIP","floor":7.0},{"not_picked":["blackbeard:GoldenDefense","blackbeard:Sharpening"],"picked":"blackbeard:BoostMorale","floor":8.0},{"not_picked":["blackbeard:Sharpening","blackbeard:CatONineTails"],"picked":"blackbeard:Upgrade","floor":11.0},{"not_picked":["blackbeard:SwordDance","blackbeard:Spear"],"picked":"blackbeard:BuriedTreasure","floor":12.0},{"not_picked":["blackbeard:CannonballSupply","blackbeard:Dagger"],"picked":"Bomb","floor":14.0},{"not_picked":["blackbeard:UndeadForm","blackbeard:BountyHunter"],"picked":"blackbeard:BoostMorale","floor":16.0},{"not_picked":["blackbeard:DeadlyArsenal","blackbeard:CannonballSupply","blackbeard:GoldenDefense"],"picked":"SKIP","floor":18.0},{"not_picked":["blackbeard:FishingNets+1","blackbeard:GoldenDefense","blackbeard:GhostInTheRum"],"picked":"SKIP","floor":21.0},{"not_picked":["blackbeard:GoldenDefense+1","blackbeard:Shrapnel"],"picked":"blackbeard:RemoveScurvy","floor":22.0},{"not_picked":["blackbeard:DeadlyArsenal+1","blackbeard:Bandana+1","blackbeard:FieryDefense"],"picked":"SKIP","floor":23.0},{"not_picked":["blackbeard:RemoveScurvy","blackbeard:Sword"],"picked":"blackbeard:PirateHook+1","floor":28.0},{"not_picked":["blackbeard:SwordDance+1","blackbeard:ChaoticDefense"],"picked":"blackbeard:TacticalRetreat+1","floor":30.0},{"not_picked":["blackbeard:GoldenGuillotine","blackbeard:Parrot"],"picked":"blackbeard:BoostMorale","floor":33},{"not_picked":["blackbeard:JollyRoger","blackbeard:Eyepatch"],"picked":"blackbeard:GoldenDefense+1","floor":35},{"not_picked":["blackbeard:RearmingStrike+1","blackbeard:CannonBarrage+1"],"picked":"blackbeard:Toast+1","floor":38},{"not_picked":["blackbeard:Fencing+1","blackbeard:PiratesWill","blackbeard:DelayedPain"],"picked":"SKIP","floor":39},{"not_picked":["blackbeard:Scrap","blackbeard:WeaponProficiency"],"picked":"blackbeard:Eyepatch+1","floor":41},{"not_picked":["blackbeard:BlindAttacks+1","blackbeard:HumongousCannonball"],"picked":"blackbeard:RearmingStrike","floor":46},{"not_picked":["blackbeard:DoubleCannonball","blackbeard:Shrapnel+1","blackbeard:SwordDance+1"],"picked":"SKIP","floor":54}],"player_experience":1106449,"relics_obtained":[{"floor":4.0,"key":"testmod-TurbochargingSystem"},{"floor":7.0,"key":"testmod-Acrobat"},{"floor":12.0,"key":"Thread and Needle"},{"floor":14.0,"key":"GnawedLeaf"},{"floor":23.0,"key":"Regal Pillow"},{"floor":26.0,"key":"testmod-AssaultLearning"},{"floor":28.0,"key":"Whetstone"},{"floor":30.0,"key":"testmod-ConstraintPeriapt"},{"floor":38,"key":"CatCart"},{"floor":43,"key":"testmod-IntensifyImprint"},{"floor":45,"key":"Tea:ReiMu"},{"floor":54,"key":"Nunchaku"}],"event_choices":[{"damage_healed":0.0,"max_hp_gain":0.0,"max_hp_loss":0.0,"gold_gain":400.0,"event_name":"恩洛斯的盘子","player_choice":"Sell","floor":3.0,"relics_lost":["testmod-TestBox"],"gold_loss":0.0,"damage_taken":0.0},{"damage_healed":0.0,"max_hp_gain":0.0,"max_hp_loss":0.0,"gold_gain":0.0,"event_name":"Wheel of Change","player_choice":"Relic","floor":4.0,"gold_loss":0.0,"damage_taken":0.0},{"cards_removed":["blackbeard:BlackbeardDefend"],"damage_healed":0.0,"max_hp_gain":0.0,"max_hp_loss":0.0,"gold_gain":0.0,"event_name":"Golden Wing","player_choice":"Card Removal","floor":10.0,"gold_loss":0.0,"damage_taken":7.0},{"damage_healed":0.0,"max_hp_gain":0.0,"max_hp_loss":0.0,"gold_gain":0.0,"event_name":"Addict","player_choice":"Stole Relic","floor":20.0,"gold_loss":0.0,"damage_taken":0.0,"relics_obtained":["AnarchistCookbook"],"cards_obtained":["Shame"]},{"damage_healed":0.0,"max_hp_gain":0.0,"max_hp_loss":0.0,"gold_gain":99.0,"event_name":"Nest","player_choice":"Stole From Cult","floor":25.0,"gold_loss":0.0,"damage_taken":0.0},{"damage_healed":0.0,"max_hp_gain":0.0,"max_hp_loss":0.0,"gold_gain":0.0,"event_name":"给自己的盒子","player_choice":"Swap Relic","floor":29.0,"relics_lost":["testmod-HarvestTotem"],"gold_loss":0.0,"damage_taken":0.0,"relics_obtained":["testmod-HarvestTotem"]},{"damage_healed":0,"gold_gain":0,"player_choice":"Fight","damage_taken":0,"max_hp_gain":0,"max_hp_loss":0,"event_name":"OrinTheCat","floor":38,"gold_loss":0},{"cards_removed":["blackbeard:Rum"],"damage_healed":0,"gold_gain":0,"player_choice":"Removed Power","damage_taken":0,"max_hp_gain":0,"max_hp_loss":0,"event_name":"Falling","floor":40,"gold_loss":0},{"damage_healed":0,"gold_gain":0,"player_choice":"Fight","damage_taken":0,"max_hp_gain":0,"max_hp_loss":0,"event_name":"Mysterious Sphere","floor":41,"gold_loss":0},{"damage_healed":0,"gold_gain":0,"player_choice":"Max HP","damage_taken":0,"max_hp_gain":0,"max_hp_loss":5,"event_name":"Winding Halls","floor":47,"gold_loss":0}],"is_beta":false,"boss_relics":[{"not_picked":["blackbeard:SoberMinded","testmod-KeyOfTheVoid"],"picked":"theSenshi:MoonKaleidoScopeRelic"},{"not_picked":[]},{"not_picked":["Fusion Hammer","Tiny House"],"picked":"testmod-CardMagician"},{"not_picked":[]}],"items_purged_floors":[2,17,27,31,34,37,48,53],"is_endless":false,"potions_floor_spawned":[5,12,14,21,28,35,38,41,46,54],"ascension_level":7}}