{"host":"dscols65uipasqd2","time":1612309322,"event":{"mods":["2.2 Compatiblity","AchievementEnabler","Aspiration","BaseMod","Colored Powertips","Downfall","Energized Spire","GifTheSpireLib","Hermit","Hubris","Infinite Spire","JesterMod","Jorbs\u0027s Wanderer Trilogy","Marisa????????","Minty Spire (QoL Compilation)","Rare Cards Sparkle","Replay The Spire","StSLib","Stuff the Spire","The Cursed","The Disciple","The Hierophant","The Judge","The Jungle","The Runesmith","TheFirefly"],"gold_per_floor":[99,115,125,144,159,170,219,69,98,109,21,6,6,24,37,137,137,37,57,57,77,96,96,96,96,96,96],"floor_reached":25,"language":"ENG","playtime":2416,"items_purged":[],"score":207,"play_id":"3900f05d-bbdb-4140-9806-2a94e4e828c6","local_time":"20210202184202","is_ascension_mode":false,"campfire_choices":[{"data":"Slimebound:Split","floor":1,"key":"SMITH"},{"floor":13,"key":"RECALL"},{"floor":23,"key":"REST"}],"circlet_count":0,"master_deck":["Slimebound:Strike_Slimebound","Slimebound:Strike_Slimebound","Slimebound:Strike_Slimebound","Slimebound:Tackle","Slimebound:Defend_Slimebound","Slimebound:Defend_Slimebound","Slimebound:Defend_Slimebound","Slimebound:Defend_Slimebound","Slimebound:Split+1","Slimebound:CorrosiveSpit","Slimebound:SplitBruiser","Slimebound:SplitLeeching","Slimebound:RejuvenatingLick","Slimebound:SelfFormingGoo","Slimebound:SplitMire","Slimebound:GoopTackle","Slimebound:SplitAcid","Slimebound:SplitSpecialist","Slimebound:LivingWall","Slimebound:BestDefense","Slimebound:SplitBruiser","Slimebound:Gluttony","Slimebound:LeechLife","Slimebound:FinishingTackle+1","Slimebound:SplitAcid+1","Slimebound:SplitBruiser"],"relics":["Slimebound:AbsorbEndCombat","Omamori","hubris:SphereOfDissonance","aspiration:SecretTechniqueScroll","downfall:HeartBlessingRed","Slimebound:MaxSlimesRelic"],"acts_visited":["Exordium","TheCity"],"potions_floor_usage":[9,9,16,16,16,25,25],"damage_taken":[{"damage":7,"enemies":"2 Louse","floor":2,"turns":3},{"damage":1,"enemies":"Cultist","floor":3,"turns":3},{"damage":0,"enemies":"Jaw Worm","floor":4,"turns":3},{"damage":10,"enemies":"3 Louse","floor":5,"turns":2},{"damage":13,"enemies":"2 Fungi Beasts","floor":6,"turns":4},{"damage":15,"enemies":"Lagavulin","floor":9,"turns":5},{"damage":6,"enemies":"Red Slaver","floor":10,"turns":3},{"damage":3,"enemies":"downfall:FleeingMerchant","floor":11,"turns":4},{"damage":7,"enemies":"downfall:FleeingMerchant","floor":12,"turns":4},{"damage":4,"enemies":"Blue Slaver","floor":14,"turns":3},{"damage":1,"enemies":"2 Fungi Beasts","floor":15,"turns":4},{"damage":56,"enemies":"DF_ARCHETYPE_STREAMLINE","floor":16,"turns":10},{"damage":13,"enemies":"Spheric Guardian","floor":19,"turns":5},{"damage":45,"enemies":"Snake Plant","floor":21,"turns":3},{"damage":20,"enemies":"Centurion and Healer","floor":22,"turns":5},{"damage":43,"enemies":"Gremlin Leader","floor":25,"turns":4}],"seed_played":"8807457420283110950","potions_obtained":[{"floor":4,"key":"sneckomod:MuddlingPotion"},{"floor":5,"key":"PowerPotion"},{"floor":6,"key":"ColorlessPotion"},{"floor":14,"key":"FearPotion"},{"floor":16,"key":"Elixir"},{"floor":18,"key":"Venom Potion"},{"floor":18,"key":"Toxic Potion"}],"is_trial":false,"path_per_floor":["R","M","M","M","M","M","T","?","E","M","$","$","R","M","M","B",null,"R","M","?","M","M","R","T","E"],"character_chosen":"SLIMEBOUND","items_purchased":["Slimebound:LivingWall","sneckomod:MuddlingPotion"],"campfire_rested":1,"item_purchase_floors":[11,11],"current_hp_per_floor":[65,58,57,59,53,42,42,75,64,60,65,62,62,60,59,11,75,75,62,62,23,9,31,31,0,0,0],"gold":96,"neow_bonus":"RANDOM_COMMON_RELIC","is_daily":false,"chose_seed":false,"campfire_upgraded":1,"win_rate":0.0,"timestamp":1612309322,"path_taken":["R","M","M","M","M","M","T","?","E","M","?","$","R","M","M","BOSS","R","M","?","M","M","R","T","E"],"items_purchased_type":["Card","Potion"],"build_version":"2020-12-22","purchased_purges":0,"victory":false,"max_hp_per_floor":[65,65,65,65,65,65,65,75,75,75,75,75,75,75,75,75,75,75,75,75,75,75,75,75,75,75,75],"card_choices":[{"not_picked":["Slimebound:ForwardTackle","Slimebound:LivingWall"],"picked":"Slimebound:SplitBruiser","floor":2},{"not_picked":["Slimebound:SplitAcid","Slimebound:SlimeSpikes"],"picked":"Slimebound:SplitLeeching","floor":3},{"not_picked":["Slimebound:Repurpose","Slimebound:RollThrough"],"picked":"Slimebound:RejuvenatingLick","floor":4},{"not_picked":["Slimebound:PressTheAttack","Slimebound:FinishingTackle"],"picked":"Slimebound:SelfFormingGoo","floor":5},{"not_picked":["Slimebound:SplitLeeching","Slimebound:SplitBruiser"],"picked":"Slimebound:SplitMire","floor":6},{"not_picked":["Slimebound:SamplingLick","Slimebound:GrowthPunch"],"picked":"Slimebound:GoopTackle","floor":9},{"not_picked":["Slimebound:RollThrough","Slimebound:ItLooksTasty"],"picked":"Slimebound:SplitAcid","floor":10},{"not_picked":["Slimebound:Grow","Slimebound:FinishingTackle"],"picked":"Slimebound:SplitSpecialist","floor":11},{"not_picked":["Slimebound:Equalize","Slimebound:SplitAcid"],"picked":"Slimebound:BestDefense","floor":12},{"not_picked":["Slimebound:MegaLick","Slimebound:ComboTackle"],"picked":"Slimebound:SplitBruiser","floor":14},{"not_picked":["Slimebound:SplitBruiser","Slimebound:SamplingLick"],"picked":"Slimebound:Gluttony","floor":15},{"not_picked":["Slimebound:OneTwoCombo","Slimebound:Teamwork"],"picked":"Slimebound:LeechLife","floor":16},{"not_picked":["Slimebound:Replication","Slimebound:GoopTackle"],"picked":"Slimebound:FinishingTackle+1","floor":19},{"not_picked":["Slimebound:HauntingLick+1","Slimebound:Replication"],"picked":"Slimebound:SplitAcid+1","floor":21},{"not_picked":["Slimebound:SlimeSpikes","Slimebound:Equalize"],"picked":"Slimebound:SplitBruiser","floor":22}],"player_experience":558160,"relics_obtained":[{"floor":9,"key":"hubris:SphereOfDissonance"},{"floor":24,"key":"Slimebound:MaxSlimesRelic"}],"event_choices":[{"damage_healed":0,"gold_gain":0,"player_choice":"Ignored","damage_taken":0,"max_hp_gain":0,"max_hp_loss":0,"event_name":"Ghosts","floor":20,"gold_loss":0}],"is_beta":false,"boss_relics":[{"not_picked":["Slimebound:AbsorbEndCombatUpgraded","StuffTheSpire:RunicHypercube"],"picked":"aspiration:SecretTechniqueScroll"}],"items_purged_floors":[],"is_endless":false,"potions_floor_spawned":[4,5,6,14,16,19],"killed_by":"Gremlin Leader","ascension_level":0}}