{"host":"zj59u6rib3fz4c79","time":1612307239,"event":{"mods":["AchievementEnabler","BaseMod","Bestiary","Colored Map","Colored Powertips","Highlight Path","Minty Spire (QoL Compilation)","StSLib"],"gold_per_floor":[117,135,60,71,71,71,90,124,204,204,158,193,206,206,206,303,353,366,118,128,138,155,181,181,181,181],"floor_reached":25,"language":"ENG","playtime":1790,"items_purged":["Defend_R","Defend_R"],"score":256,"play_id":"1f4fb48d-3178-458d-8810-c06430ad4882","local_time":"20210202170719","is_ascension_mode":true,"campfire_choices":[{"data":"Flame Barrier","floor":6,"key":"SMITH"},{"floor":10,"key":"REST"},{"floor":15,"key":"REST"},{"floor":24,"key":"REST"}],"circlet_count":0,"master_deck":["Strike_R","Strike_R","Strike_R","Strike_R","Strike_R","Defend_R","Bash","Iron Wave","Iron Wave","Flame Barrier+1","Disarm","Armaments","Anger","Bludgeon+1","Cleave","Dual Wield+1","Body Slam"],"relics":["Burning Blood","Gambling Chip","White Beast Statue","Red Skull","Frozen Egg 2","Tiny House","Sling","Sundial"],"acts_visited":["Exordium","TheCity"],"potions_floor_usage":[12,16,16,18,20,21,22,23,25,25],"damage_taken":[{"damage":1,"enemies":"Cultist","floor":1,"turns":4},{"damage":10,"enemies":"2 Louse","floor":2,"turns":3},{"damage":4,"enemies":"Small Slimes","floor":4,"turns":4},{"damage":6,"enemies":"Looter","floor":7,"turns":3},{"damage":60,"enemies":"Lagavulin","floor":8,"turns":10},{"damage":28,"enemies":"Gremlin Nob","floor":12,"turns":6},{"damage":5,"enemies":"Gremlin Gang","floor":13,"turns":4},{"damage":9,"enemies":"The Guardian","floor":16,"turns":9},{"damage":13,"enemies":"2 Thieves","floor":18,"turns":4},{"damage":0,"enemies":"3 Byrds","floor":20,"turns":5},{"damage":40,"enemies":"Centurion and Healer","floor":21,"turns":5},{"damage":21,"enemies":"Snecko","floor":22,"turns":4},{"damage":41,"enemies":"Slavers","floor":23,"turns":7},{"damage":28,"enemies":"Gremlin Leader","floor":25,"turns":4}],"seed_played":"-1376198891084258767","potions_obtained":[{"floor":2,"key":"Swift Potion"},{"floor":8,"key":"Swift Potion"},{"floor":12,"key":"CultistPotion"},{"floor":13,"key":"DistilledChaos"},{"floor":16,"key":"Weak Potion"},{"floor":17,"key":"PowerPotion"},{"floor":18,"key":"SteroidPotion"},{"floor":20,"key":"EssenceOfSteel"},{"floor":21,"key":"DuplicationPotion"},{"floor":22,"key":"SpeedPotion"},{"floor":23,"key":"SpeedPotion"}],"is_trial":false,"path_per_floor":["M","M","$","M","?","R","M","E","T","R","$","E","M","?","R","B",null,"M","$","M","M","M","E","R","E"],"character_chosen":"IRONCLAD","items_purchased":["Armaments","Sling"],"campfire_rested":3,"item_purchase_floors":[11,19],"current_hp_per_floor":[88,84,84,86,86,86,86,32,32,58,58,36,37,30,56,53,93,86,86,92,58,43,8,35,7,7],"gold":181,"neow_bonus":"TEN_PERCENT_HP_BONUS","is_daily":false,"chose_seed":false,"campfire_upgraded":1,"win_rate":0.0,"timestamp":1612307239,"path_taken":["M","M","$","M","?","R","?","E","T","R","$","E","M","?","R","BOSS","M","$","M","M","M","E","R","E"],"items_purchased_type":["Card","Relic"],"build_version":"2020-12-22","purchased_purges":2,"victory":false,"max_hp_per_floor":[88,88,88,88,88,88,88,88,88,88,88,88,88,88,88,88,93,93,93,93,93,93,93,93,93,93],"card_choices":[{"not_picked":["Headbutt","Shrug It Off"],"picked":"Iron Wave","floor":1},{"not_picked":["Sword Boomerang","Dark Embrace","Burning Pact"],"picked":"SKIP","floor":2},{"not_picked":["Shrug It Off","Power Through"],"picked":"Iron Wave","floor":4},{"not_picked":["Uppercut","Sword Boomerang","Offering"],"picked":"SKIP","floor":7},{"not_picked":["Dual Wield","Pommel Strike"],"picked":"Disarm","floor":8},{"not_picked":["Twin Strike","Shrug It Off"],"picked":"Anger","floor":12},{"not_picked":["Uppercut","Anger","Clash"],"picked":"SKIP","floor":13},{"not_picked":["Immolate","Berserk+1"],"picked":"Bludgeon","floor":16},{"not_picked":["Combust+1","Pommel Strike"],"picked":"Cleave","floor":17},{"not_picked":["Clash","Headbutt"],"picked":"Dual Wield+1","floor":18},{"not_picked":["Sever Soul","Dual Wield"],"picked":"Body Slam","floor":20},{"not_picked":["Iron Wave","Thunderclap+1","Carnage+1"],"picked":"SKIP","floor":21},{"not_picked":["Power Through","Perfected Strike+1","Wild Strike+1"],"picked":"SKIP","floor":22},{"not_picked":["Whirlwind","Dropkick","Dual Wield"],"picked":"SKIP","floor":23}],"player_experience":71660,"relics_obtained":[{"floor":8,"key":"Gambling Chip"},{"floor":9,"key":"White Beast Statue"},{"floor":12,"key":"Red Skull"},{"floor":23,"key":"Sundial"}],"event_choices":[{"damage_healed":0,"gold_gain":0,"cards_transformed":["Defend_R"],"player_choice":"Transformed","damage_taken":0,"max_hp_gain":0,"max_hp_loss":0,"event_name":"Transmorgrifier","floor":5,"gold_loss":0,"cards_obtained":["Flame Barrier"]},{"damage_healed":0,"gold_gain":0,"player_choice":"Success","damage_taken":7,"relics_obtained":["Frozen Egg 2"],"max_hp_gain":0,"max_hp_loss":0,"event_name":"Scrap Ooze","floor":14,"gold_loss":0}],"is_beta":false,"boss_relics":[{"not_picked":["Sozu","Astrolabe"],"picked":"Tiny House"}],"items_purged_floors":[3,19],"is_endless":false,"potions_floor_spawned":[2,8,12,13,16,18,20,21,22,23],"killed_by":"Gremlin Leader","ascension_level":2}}