{"host":"dvpvhz1t6etneyb3","time":1612291311,"event":{"mods":["AchievementEnabler","BaseMod","Colored Map","Highlight Path","Minty Spire (QoL Compilation)","Permanent Neow","Quick Restart"],"gold_per_floor":[118,134,150,27,27,27,42,42,65,106,127,171,171,171,171,171,171],"floor_reached":16,"language":"ENG","playtime":460,"items_purged":[],"score":220,"play_id":"ebed2db9-5ba6-4c11-8097-1e3af6096b84","local_time":"20210202134151","is_ascension_mode":true,"campfire_choices":[{"data":"Combust","floor":6.0,"key":"SMITH"},{"data":"Clothesline","floor":8.0,"key":"SMITH"},{"data":"Shockwave","floor":13.0,"key":"SMITH"},{"data":"Heavy Blade","floor":15.0,"key":"SMITH"}],"circlet_count":0,"master_deck":["AscendersBane","Strike_R","Strike_R","Strike_R","Strike_R","Strike_R","Defend_R","Defend_R","Defend_R","Defend_R","Bash+1","Pommel Strike","Combust+1","Rupture+1","Rampage","Clothesline+1","Inflame","Heavy Blade+1","Shockwave+1"],"relics":["Burning Blood","Juzu Bracelet","CeramicFish","Magic Flower","StrikeDummy"],"acts_visited":["Exordium"],"potions_floor_usage":[16],"damage_taken":[{"damage":0.0,"enemies":"2 Louse","floor":1.0,"turns":4.0},{"damage":2.0,"enemies":"Small Slimes","floor":2.0,"turns":2.0},{"damage":7.0,"enemies":"Jaw Worm","floor":3.0,"turns":3.0},{"damage":8.0,"enemies":"Red Slaver","floor":7.0,"turns":4.0},{"damage":26.0,"enemies":"Gremlin Nob","floor":10.0,"turns":4.0},{"damage":12.0,"enemies":"2 Fungi Beasts","floor":11.0,"turns":3.0},{"damage":25.0,"enemies":"3 Sentries","floor":12.0,"turns":5.0},{"damage":22,"enemies":"The Guardian","floor":16,"turns":7}],"seed_played":"1258102808156750884","potions_obtained":[{"floor":1.0,"key":"Explosive Potion"},{"floor":7.0,"key":"GamblersBrew"},{"floor":10.0,"key":"Energy Potion"}],"is_trial":false,"path_per_floor":["M","M","M","$","?","R","M","R","T","E","M","E","R","?","R","B"],"character_chosen":"IRONCLAD","items_purchased":["Rupture","Rampage"],"campfire_rested":0,"item_purchase_floors":[4,4],"current_hp_per_floor":[74,75,74,74,74,74,72,72,72,52,46,27,27,22,22,0,0],"gold":171,"neow_bonus":"UPGRADE_CARD","is_daily":false,"chose_seed":false,"campfire_upgraded":4,"win_rate":0.0,"timestamp":1612291311,"path_taken":["M","M","M","$","?","R","M","R","T","E","M","E","R","?","R","BOSS"],"items_purchased_type":["Card","Card"],"build_version":"2020-12-22","purchased_purges":0,"victory":false,"max_hp_per_floor":[75,75,75,75,75,75,75,75,75,75,75,75,75,75,75,75,75],"card_choices":[{"not_picked":["Evolve","Perfected Strike"],"picked":"Pommel Strike","floor":1.0},{"not_picked":["Body Slam","Infernal Blade"],"picked":"Combust","floor":2.0},{"not_picked":["Clash","Headbutt","Combust"],"picked":"SKIP","floor":3.0},{"not_picked":["Pommel Strike","Body Slam"],"picked":"Clothesline","floor":7.0},{"not_picked":["Seeing Red","Infernal Blade"],"picked":"Inflame","floor":10.0},{"not_picked":["Combust","Carnage"],"picked":"Heavy Blade","floor":11.0},{"not_picked":["Combust","Havoc"],"picked":"Shockwave","floor":12.0}],"player_experience":2123668,"relics_obtained":[{"floor":9.0,"key":"Juzu Bracelet"},{"floor":10.0,"key":"CeramicFish"},{"floor":12.0,"key":"Magic Flower"}],"event_choices":[{"damage_healed":0.0,"max_hp_gain":0.0,"max_hp_loss":0.0,"gold_gain":0.0,"event_name":"Living Wall","player_choice":"Grow","floor":5.0,"gold_loss":0.0,"damage_taken":0.0,"cards_upgraded":["Rupture"]},{"damage_healed":0.0,"max_hp_gain":0.0,"max_hp_loss":0.0,"gold_gain":0.0,"event_name":"Scrap Ooze","player_choice":"Success","floor":14.0,"gold_loss":0.0,"damage_taken":5.0,"relics_obtained":["StrikeDummy"]}],"is_beta":false,"boss_relics":[],"items_purged_floors":[],"is_endless":false,"potions_floor_spawned":[1,7,10],"killed_by":"The Guardian","ascension_level":20}}