{"host":"xkmvu47k9fdstweo","time":1612294525,"event":{"mods":["BaseMod","Colored Map","Conspire","HololiveMod","Hubris","Minty Spire (QoL Compilation)","Quick Restart","Shop Mod","StSLib"],"gold_per_floor":[82,59,77,10,21,54,66,109,121,153,240,252,280,292,304,459,471,510,522,567,579,591,663,675,738,797,222,249,287,314,340,340,484,484,509,509,539,539,464,523,523,576,576,576,613,635,175,196,196,202],"floor_reached":51,"language":"ENG","playtime":1840,"items_purged":["Hololive_Strike"],"score":1775,"play_id":"9c19424a-95be-4189-8bd3-272a7f6f20b4","local_time":"20210202143525","is_ascension_mode":true,"campfire_choices":[{"data":"Hololive_CallUsadaPekora","floor":7,"key":"SMITH"},{"data":"Hololive_Thief","floor":12,"key":"SMITH"},{"floor":15,"key":"REST"},{"data":"Hololive_CallShiranuiFlare","floor":24,"key":"SMITH"},{"data":"Hololive_CallKiryuuCoco","floor":32,"key":"SMITH"},{"data":"Mayhem","floor":41,"key":"SMITH"},{"data":"Hololive_HuntDinosaur","floor":44,"key":"SMITH"},{"data":"Hololive_Nanodesu","floor":49,"key":"SMITH"}],"circlet_count":0,"master_deck":["AscendersBane","Hololive_Defend","Hololive_Defend","Hololive_OvertimeWork","Hololive_CallUsadaPekora+1","Hololive_CallDoris+1","Hololive_CallAkaiHaato","Hololive_CallNekomataOkayu","Hololive_CallOkamiMio","Hololive_HuntDinosaur","Hololive_HuntDinosaur+1","Hololive_Rebound","Hololive_SummonFox","Hololive_CallUruhaRushia","Hololive_CallInugamiKorone","Hololive_Thief+1","Hololive_Yoholoon","Hololive_CallSakuraMiko","Hololive_DurableLive","Hololive_FlyingPonyTail+1","Hololive_CallArtia","Hololive_CallShiranuiFlare+1","Hololive_CallOzoraSubaru","Hololive_RevenueBasedLive","Hololive_CandyCastle","Mayhem+1","Hololive_HuntDinosaur","Hololive_FlyingPonyTail","Hololive_CallKiryuuCoco+1","Hololive_Breathe","Hololive_Thief","Hololive_StrengthChampion+1","Panacea","Hololive_CallHoushouMarine","Hololive_CallMinatoAqua","Hololive_CallAmaneKanata+1","Hololive_Thief","Hololive_HuntDinosaur+1","Hololive_CallTokinoSora","Hololive_CallHimemoriLuna","Hololive_Nanodesu+1","Hololive_Yoholoon","Hololive_CallRosalyn+1"],"relics":["Hololive_TheStar","MawBank","Omamori","Shuriken","Golden Idol","hubris:Stopwatch","MutagenicStrength","Letter Opener","Torii","conspire:InfiniteJournal","Blood Vial","Du-Vu Doll","Tiny Chest","conspire:SeveredTorchhead","Hololive_FriedShrimpLion","conspire:GiftBox","hubris:TinFlute","Bottled Lightning"],"acts_visited":["Exordium","TheCity","TheBeyond"],"potions_floor_usage":[29,33,33,50,50],"damage_taken":[{"damage":0,"enemies":"Jaw Worm","floor":1,"turns":3},{"damage":0,"enemies":"Small Slimes","floor":3,"turns":3},{"damage":0,"enemies":"Cultist","floor":5,"turns":3},{"damage":0,"enemies":"Lagavulin","floor":6,"turns":4},{"damage":0,"enemies":"3 Sentries","floor":8,"turns":6},{"damage":0,"enemies":"Exordium Thugs","floor":10,"turns":3},{"damage":0,"enemies":"2 Fungi Beasts","floor":13,"turns":3},{"damage":0,"enemies":"Slime Boss","floor":16,"turns":3},{"damage":0,"enemies":"3 Byrds","floor":18,"turns":3},{"damage":0,"enemies":"Spheric Guardian","floor":20,"turns":3},{"damage":0,"enemies":"conspire:SneckoGhost","floor":23,"turns":5},{"damage":0,"enemies":"Book of Stabbing","floor":25,"turns":6},{"damage":0,"enemies":"Shelled Parasite and Fungi","floor":28,"turns":4},{"damage":0,"enemies":"Slavers","floor":29,"turns":3},{"damage":0,"enemies":"Sentry and Sphere","floor":30,"turns":4},{"damage":0,"enemies":"Snake Plant","floor":31,"turns":4},{"damage":0,"enemies":"Collector","floor":33,"turns":6},{"damage":0,"enemies":"3 Shapes","floor":35,"turns":4},{"damage":0,"enemies":"3 Darklings","floor":37,"turns":4},{"damage":0,"enemies":"Giant Head","floor":40,"turns":6},{"damage":0,"enemies":"Nemesis","floor":42,"turns":7},{"damage":0,"enemies":"Spire Growth","floor":45,"turns":4},{"damage":1,"enemies":"4 Shapes","floor":46,"turns":3},{"damage":0,"enemies":"Maw","floor":48,"turns":5},{"damage":0,"enemies":"conspire:OrnateMirror","floor":50,"turns":6}],"seed_played":"6470520355055443008","potions_obtained":[{"floor":3,"key":"Dexterity Potion"},{"floor":13,"key":"FearPotion"},{"floor":23,"key":"EssenceOfSteel"},{"floor":25,"key":"PowerPotion"},{"floor":29,"key":"Weak Potion"},{"floor":37,"key":"SneckoOil"},{"floor":40,"key":"FairyPotion"}],"is_trial":false,"path_per_floor":["M","$","M","$","M","E","R","E","T","M","?","R","M","?","R","B",null,"M","$","M","?","T","E","R","E","T","$","M","E","M","M","R","B",null,"M","?","M","?","$","E","R","E","T","R","M","M","$","M","R","B",null],"character_chosen":"Hololive_HololiveCharacter","items_purchased":["Hololive_HuntDinosaur","Hololive_SummonFox","Du-Vu Doll","Hololive_RevenueBasedLive","Hololive_CandyCastle","Mayhem","Bottled Lightning","Hololive_Nanodesu","Hololive_Yoholoon"],"campfire_rested":1,"item_purchase_floors":[2,4,27,27,27,27,47,47,47],"current_hp_per_floor":[32,32,32,32,32,32,32,32,32,32,21,21,21,13,23,23,32,32,32,32,32,32,32,32,32,32,32,34,35,35,35,35,35,35,35,35,35,35,35,35,35,35,35,35,35,34,34,35,35,35],"gold":202,"neow_bonus":"UPGRADE_CARD","is_daily":false,"chose_seed":false,"campfire_upgraded":7,"win_rate":0.0,"timestamp":1612294525,"path_taken":["M","$","M","$","M","E","R","E","T","M","?","R","M","?","R","BOSS","M","$","M","?","?","E","R","E","T","$","?","E","M","M","R","BOSS","M","?","M","?","$","E","R","E","T","R","M","?","$","M","R","BOSS"],"items_purchased_type":["Card","Card","Relic","Card","Card","Card","Relic","Card","Card"],"build_version":"2020-12-22","purchased_purges":1,"victory":true,"max_hp_per_floor":[35,35,35,35,35,35,35,35,35,35,35,35,35,35,35,35,35,35,35,35,35,35,35,35,35,35,35,35,35,35,35,35,35,35,35,35,35,35,35,35,35,35,35,35,35,35,35,35,35,35],"card_choices":[{"not_picked":["Hololive_FlyingPonyTail","Hololive_CallMinatoAqua","Hololive_Sequa"],"picked":"Hololive_HuntDinosaur","floor":1},{"not_picked":["Hololive_StrengthChampion","Hololive_RevenueBasedLive","Hololive_Drill"],"picked":"Hololive_Rebound","floor":3},{"not_picked":["Hololive_Drill","Hololive_CallTsunomakiWatame","Hololive_OvertimeWork"],"picked":"Hololive_CallUruhaRushia","floor":5},{"not_picked":["Hololive_CocoNews","Hololive_OvertimeWork","Hololive_CallSpadeEcho"],"picked":"Hololive_CallInugamiKorone","floor":6},{"not_picked":["Hololive_Breathe","Hololive_Rebound","Hololive_HuntDinosaur"],"picked":"Hololive_Thief","floor":8},{"not_picked":["Hololive_StrengthChampion","Hololive_Rebound","Hololive_DevilCharm"],"picked":"Hololive_Yoholoon","floor":10},{"not_picked":["Hololive_FlyingPonyTail","Hololive_CallShishiroBotan","Hololive_CandyCastle"],"picked":"Hololive_CallSakuraMiko","floor":13},{"not_picked":["Hololive_DiamondStrike","Hololive_AWSL","Hololive_FlareMind"],"picked":"Hololive_DurableLive","floor":16},{"not_picked":["Hololive_Sequa","Hololive_CallManoAloe+1","Hololive_Trident"],"picked":"Hololive_FlyingPonyTail+1","floor":18},{"not_picked":["Hololive_HuntDinosaur","Hololive_FlyingPonyTail","Hololive_OvertimeWork"],"picked":"Hololive_CallArtia","floor":20},{"not_picked":["Hololive_Sequa","Hololive_FlyingPonyTail","Hololive_OvertimeWork+1"],"picked":"Hololive_CallShiranuiFlare","floor":23},{"not_picked":["Hololive_StrengthChampion","Hololive_SummonFox+1","Hololive_FlyingPonyTail"],"picked":"Hololive_CallOzoraSubaru","floor":25},{"not_picked":["Hololive_IdolExercise","Hololive_CocoNews","Hololive_CallYuzukiChoco"],"picked":"Hololive_HuntDinosaur","floor":28},{"not_picked":["Hololive_Rebound","Hololive_CallShiranuiFlare","Hololive_StrengthChampion+1"],"picked":"Hololive_FlyingPonyTail","floor":29},{"not_picked":["Hololive_CallAiraniIofifteen","Hololive_CallRoboco","Hololive_CallOmaruPolka"],"picked":"Hololive_CallKiryuuCoco","floor":30},{"not_picked":["Hololive_CallYogiri","Hololive_Rebound","Hololive_CallOmaruPolka"],"picked":"Hololive_Breathe","floor":31},{"not_picked":["Hololive_OpenUp","Hololive_StarCraft","Hololive_AWSL"],"picked":"Hololive_Thief","floor":33},{"not_picked":["Hololive_Drill+1","Hololive_Psychosis","Hololive_CallMoonaHoshinova+1"],"picked":"Hololive_StrengthChampion+1","floor":35},{"not_picked":["Jack Of All Trades","The Bomb","Finesse"],"picked":"Panacea","floor":36},{"not_picked":["Hololive_CallHoshimachiSuisei","Hololive_CallMomosuzuNene","Hololive_SoulCatcher+1"],"picked":"Hololive_CallHoushouMarine","floor":37},{"not_picked":["Hololive_CallHoushouMarine","Hololive_Trident+1","Hololive_CandyCastle+1"],"picked":"Hololive_CallAmaneKanata+1","floor":40},{"not_picked":["Hololive_OpenUp","Hololive_MaximGun"],"picked":"Hololive_Thief","floor":42},{"not_picked":["Hololive_CallAZKi","Hololive_CocoNews+1","Hololive_CallHoushouMarine+1"],"picked":"Hololive_HuntDinosaur+1","floor":42},{"not_picked":["Hololive_Rebound+1","Hololive_CallCivia+1","Hololive_Sequa"],"picked":"Hololive_CallTokinoSora","floor":45},{"not_picked":["Hololive_CallAyundaRisu+1","Hololive_Psychosis","Hololive_StrengthChampion"],"picked":"Hololive_CallHimemoriLuna","floor":46},{"not_picked":["Hololive_LuckPotion+1","Hololive_CallNekomataOkayu","Hololive_RevenueBasedLive"],"picked":"Hololive_CallRosalyn+1","floor":48}],"player_experience":334169,"relics_obtained":[{"floor":6,"key":"MawBank"},{"floor":8,"key":"Omamori"},{"floor":9,"key":"Shuriken"},{"floor":22,"key":"Letter Opener"},{"floor":23,"key":"Torii"},{"floor":25,"key":"conspire:InfiniteJournal"},{"floor":26,"key":"Blood Vial"},{"floor":29,"key":"Tiny Chest"},{"floor":40,"key":"Hololive_FriedShrimpLion"},{"floor":42,"key":"conspire:GiftBox"},{"floor":43,"key":"hubris:TinFlute"}],"event_choices":[{"damage_healed":0,"gold_gain":75,"player_choice":"Gather Gold","damage_taken":11,"max_hp_gain":0,"max_hp_loss":0,"event_name":"World of Goop","floor":11,"gold_loss":0},{"damage_healed":0,"gold_gain":0,"player_choice":"Take Damage","damage_taken":8,"relics_obtained":["Golden Idol"],"max_hp_gain":0,"max_hp_loss":0,"event_name":"Golden Idol","floor":14,"gold_loss":0},{"damage_healed":0,"gold_gain":0,"player_choice":"Inject Mutagens","damage_taken":0,"relics_obtained":["MutagenicStrength"],"max_hp_gain":0,"max_hp_loss":0,"event_name":"Drug Dealer","floor":21,"gold_loss":0},{"damage_healed":0,"gold_gain":0,"player_choice":"Memory 1","damage_taken":0,"max_hp_gain":0,"max_hp_loss":0,"event_name":"SensoryStone","floor":36,"gold_loss":0},{"damage_healed":0,"gold_gain":0,"cards_transformed":["Hololive_Strike"],"player_choice":"Transformed","damage_taken":0,"max_hp_gain":0,"max_hp_loss":0,"event_name":"Transmorgrifier","floor":38,"gold_loss":0,"cards_obtained":["Hololive_CallMinatoAqua"]}],"is_beta":false,"boss_relics":[{"not_picked":["SlaversCollar","Empty Cage"],"picked":"hubris:Stopwatch"},{"not_picked":["Busted Crown","conspire:RunicOctahedron"],"picked":"conspire:SeveredTorchhead"}],"items_purged_floors":[39],"is_endless":false,"potions_floor_spawned":[3,13,23,25,29,31,37,40,45,48],"ascension_level":10}}