{"host":"dscols65uipasqd2","time":1612306318,"event":{"mods":["2.2 Compatiblity","AchievementEnabler","Aspiration","BaseMod","Colored Powertips","Downfall","Energized Spire","GifTheSpireLib","Hermit","Hubris","Infinite Spire","JesterMod","Jorbs\u0027s Wanderer Trilogy","Marisa????????","Minty Spire (QoL Compilation)","Rare Cards Sparkle","Replay The Spire","StSLib","Stuff the Spire","The Cursed","The Disciple","The Hierophant","The Judge","The Jungle","The Runesmith","TheFirefly"],"gold_per_floor":[99,99,99,99,99,99,151,51,51,51,70,269,269,302,312,312,312,312],"floor_reached":16,"language":"ENG","playtime":342,"items_purged":[],"score":94,"play_id":"e9217e8a-dfe7-4703-a281-e3e420b62e7f","local_time":"20210202175158","is_ascension_mode":false,"campfire_choices":[{"floor":1,"key":"RECALL"},{"data":"Slimebound:Prepare","floor":8,"key":"SMITH"},{"data":"Slimebound:SplitBruiser","floor":10,"key":"SMITH"},{"floor":13,"key":"REST"}],"circlet_count":0,"master_deck":["Slimebound:Strike_Slimebound","Slimebound:Strike_Slimebound","Slimebound:Strike_Slimebound","Slimebound:Tackle","Slimebound:Defend_Slimebound","Slimebound:Defend_Slimebound","Slimebound:Defend_Slimebound","Slimebound:Defend_Slimebound","Slimebound:Split","Slimebound:CorrosiveSpit","Slimebound:SplitBruiser+1","Slimebound:Schlurp","Slimebound:Prepare+1","Injury","Slimebound:LeechEnergy+1","ReplayTheSpireMod:Splinters","Slimebound:SlimeBarrage+1","Slimebound:HauntingLick","Slimebound:RollThrough+1"],"relics":["Slimebound:AbsorbEndCombat","downfall:HeartsMalice","hubris:Icosahedron","ReplayTheSpireMod:TigerMarble","downfall:HeartBlessingRed","Molten Egg 2","White Beast Statue"],"acts_visited":["Exordium"],"potions_floor_usage":[14,16],"damage_taken":[{"damage":0,"enemies":"Jaw Worm","floor":2,"turns":1},{"damage":0,"enemies":"2 Louse","floor":3,"turns":1},{"damage":0,"enemies":"Small Slimes","floor":6,"turns":1},{"damage":17,"enemies":"3 Louse","floor":11,"turns":3},{"damage":47,"enemies":"Gremlin Nob","floor":14,"turns":4},{"damage":4,"enemies":"Exordium Wildlife","floor":15,"turns":3},{"damage":26,"enemies":"DF_ARCHETYPE_STREAMLINE","floor":16,"turns":3}],"seed_played":"5153336036700118204","potions_obtained":[{"floor":11,"key":"Explosive Potion"},{"floor":15,"key":"Toxic Potion"}],"is_trial":false,"path_per_floor":["R","M","M","?","?","M","T","R","?","R","M","?","R","E","M","B"],"character_chosen":"SLIMEBOUND","items_purchased":[],"campfire_rested":1,"item_purchase_floors":[],"current_hp_per_floor":[65,65,65,65,65,65,65,65,65,65,50,50,65,20,18,0,0,0],"gold":312,"neow_bonus":"THREE_ENEMY_KILL","is_daily":false,"chose_seed":false,"campfire_upgraded":2,"win_rate":0.0,"timestamp":1612306318,"path_taken":["R","M","M","?","?","M","T","R","?","R","M","?","R","E","M","BOSS"],"items_purchased_type":[],"build_version":"2020-12-22","purchased_purges":0,"victory":false,"max_hp_per_floor":[65,65,65,65,65,65,65,65,65,65,65,65,65,65,65,65,65,65],"card_choices":[{"not_picked":["Slimebound:ForwardTackle","Slimebound:LeechEnergy"],"picked":"Slimebound:SplitBruiser","floor":2},{"not_picked":["Slimebound:DivideAndConquer","Slimebound:GoopTackle"],"picked":"Slimebound:Schlurp","floor":3},{"not_picked":["Slimebound:LeechingTouch","Slimebound:Schlurp"],"picked":"Slimebound:Prepare","floor":6},{"not_picked":["Slimebound:Dissolve","Slimebound:SlimeTap"],"picked":"Slimebound:LeechEnergy+1","floor":11},{"not_picked":["Slimebound:Schlurp","Slimebound:LeechingTouch+1"],"picked":"Slimebound:SlimeBarrage+1","floor":12},{"not_picked":["Slimebound:Schlurp","Slimebound:GoopSpray"],"picked":"Slimebound:HauntingLick","floor":14},{"not_picked":["Slimebound:SplitAcid","Slimebound:SamplingLick"],"picked":"Slimebound:RollThrough+1","floor":15}],"player_experience":557277,"relics_obtained":[{"floor":7,"key":"ReplayTheSpireMod:TigerMarble"},{"floor":14,"key":"White Beast Statue"}],"event_choices":[],"is_beta":false,"boss_relics":[],"items_purged_floors":[],"is_endless":false,"potions_floor_spawned":[11,15],"killed_by":"DF_ARCHETYPE_STREAMLINE","ascension_level":0}}