{"host":"am0cr9xwekqmrere","time":1612299028,"event":{"mods":["AchievementEnabler","Act Like it!","BaseMod","Better Altar","Better Match","Better Note","Better Sensory Stone","Better Skull","Better Third Choice","BetterRewards","Conspire","Downfall","Hubris","Infinite Spire","Minty Spire (QoL Compilation)","Rare Cards Sparkle","Spicy Shops","StSLib","Unceasing Turn Reminder"],"gold_per_floor":[0,19,19,4,0,20,20,30,61,79,79,79,79,96,114,114,114,114],"floor_reached":16,"language":"ENG","playtime":629,"items_purged":[],"score":102,"play_id":"618310bf-9034-4eac-aabc-0811fa576288","local_time":"20210202145028","is_ascension_mode":false,"campfire_choices":[{"data":"champ:Taunt","floor":1,"key":"SMITH"},{"floor":13,"key":"REST"}],"circlet_count":0,"master_deck":["champ:Strike","champ:Strike","champ:Strike","champ:Strike","champ:Defend","champ:Defend","champ:Defend","champ:Defend","champ:Execute","champ:Taunt+1","champ:RecklessLeap","champ:GutPunch","champ:ShieldWall","champ:IronFortress","champ:IronFortress","champ:ShieldSlam","champ:ShieldWall","champ:DefensiveStyle"],"relics":["champ:ChampionCrown","Incense Burner","hubris:BottledRain","Bag of Marbles","Tiny Chest"],"acts_visited":["Exordium"],"potions_floor_usage":[9,10,14,16],"damage_taken":[{"damage":10,"enemies":"2 Louse","floor":2,"turns":3},{"damage":26,"enemies":"downfall:FleeingMerchant","floor":4,"turns":4},{"damage":50,"enemies":"downfall:FleeingMerchant","floor":5,"turns":4},{"damage":21,"enemies":"Cultist","floor":6,"turns":3},{"damage":13,"enemies":"Jaw Worm","floor":8,"turns":4},{"damage":57,"enemies":"3 Sentries","floor":9,"turns":6},{"damage":40,"enemies":"Exordium Thugs","floor":10,"turns":6},{"damage":27,"enemies":"Blue Slaver","floor":14,"turns":4},{"damage":17,"enemies":"Exordium Wildlife","floor":15,"turns":5},{"damage":55,"enemies":"DF_ARCHETYPE_STREAMLINE","floor":16,"turns":12}],"seed_played":"4965346178440273059","potions_obtained":[{"floor":6,"key":"Slimebound:ThreeZeroPotion"},{"floor":8,"key":"ColorlessPotion"},{"floor":9,"key":"Weak Potion"},{"floor":10,"key":"Fire Potion"}],"is_trial":false,"path_per_floor":["R","M","?","$","$","M","T","M","E","M","?","T","R","M","M","B"],"character_chosen":"THE_CHAMP","items_purchased":[],"campfire_rested":1,"item_purchase_floors":[],"current_hp_per_floor":[90,90,90,90,75,74,74,71,54,44,32,32,59,42,35,0,0,0],"gold":114,"neow_bonus":"ONE_RARE_RELIC","is_daily":false,"chose_seed":false,"campfire_upgraded":1,"win_rate":0.0,"timestamp":1612299028,"path_taken":["R","M","?","?","$","M","T","M","E","?","?","?","R","M","M","BOSS"],"items_purchased_type":[],"build_version":"2020-12-22","purchased_purges":0,"victory":false,"max_hp_per_floor":[90,90,90,90,90,90,90,90,90,90,90,90,90,90,90,90,90,90],"card_choices":[{"not_picked":["champ:BladeFlurry","champ:ViciousMockery"],"picked":"champ:RecklessLeap","floor":2},{"not_picked":["champ:TornadoPunch","champ:EnragedBash","champ:SkillfulDodge"],"picked":"SKIP","floor":4},{"not_picked":["champ:IgnorePain","champ:BringItOn"],"picked":"champ:GutPunch","floor":5},{"not_picked":["champ:TornadoPunch","champ:ShieldThrow"],"picked":"champ:ShieldWall","floor":6},{"not_picked":["champ:BringItOn","champ:FocusedDefense"],"picked":"champ:IronFortress","floor":8},{"not_picked":["champ:Parry","champ:SkillfulDodge"],"picked":"champ:IronFortress","floor":9},{"not_picked":["champ:GutPunch","champ:Haymaker"],"picked":"champ:ShieldSlam","floor":10},{"not_picked":["champ:Circumvent","champ:EnGarde"],"picked":"champ:ShieldWall","floor":14},{"not_picked":["champ:PreciseThrust","champ:Shatter"],"picked":"champ:DefensiveStyle","floor":15}],"player_experience":2715967,"relics_obtained":[{"floor":7,"key":"hubris:BottledRain"},{"floor":9,"key":"Bag of Marbles"}],"event_choices":[{"damage_healed":0,"gold_gain":0,"player_choice":"Relic ","damage_taken":12,"max_hp_gain":0,"max_hp_loss":0,"event_name":"betterThird:BetterScrap","floor":11,"gold_loss":0,"cards_obtained":["Dropkick"]}],"is_beta":false,"boss_relics":[],"items_purged_floors":[],"is_endless":false,"potions_floor_spawned":[6,8,9,10],"killed_by":"DF_ARCHETYPE_STREAMLINE","ascension_level":0}}