{"host":"f9ntswufr8mq3t4y","time":1612289699,"event":{"mods":["AchievementEnabler","BaseMod","Best Route Mod","Block Reminder","Colored Map","Colored Powertips","Curses Come First","DeckTracker","Displayed Cursed Tome","Highlight Path","Minty Spire (QoL Compilation)","Permanent Neow","Quick Restart","Slay-I","StSLib"],"gold_per_floor":[112,62,137,150,150,182,182,207,207,133,164,174,174,193,193,294,294,294,294],"floor_reached":18,"language":"ENG","playtime":1958,"items_purged":[],"score":214,"play_id":"6d3266e4-47c4-47f8-bf44-94df2c19669e","local_time":"20210202211459","is_ascension_mode":true,"campfire_choices":[{"floor":7,"key":"REST"},{"data":"Machine Learning","floor":13,"key":"SMITH"},{"floor":15,"key":"REST"}],"circlet_count":0,"master_deck":["Strike_B","Strike_B","Strike_B","Defend_B","Defend_B","Zap","Dualcast","Machine Learning+1","Steam","Auto Shields","Amplify","Coolheaded","Defragment","Coolheaded","All For One","CurseOfTheBell"],"relics":["Cracked Core","InkBottle","Boot","Meat on the Bone","Mercury Hourglass","Cables","Calling Bell","Smiling Mask","HornCleat","Du-Vu Doll"],"acts_visited":["Exordium","TheCity"],"potions_floor_usage":[6,8,11],"damage_taken":[{"damage":0,"enemies":"Small Slimes","floor":1,"turns":4},{"damage":7,"enemies":"Jaw Worm","floor":4,"turns":3},{"damage":19,"enemies":"3 Sentries","floor":6,"turns":6},{"damage":14,"enemies":"Lagavulin","floor":8,"turns":7},{"damage":23,"enemies":"Gremlin Nob","floor":11,"turns":5},{"damage":0,"enemies":"Cultist","floor":12,"turns":4},{"damage":5,"enemies":"Looter","floor":14,"turns":3},{"damage":44,"enemies":"Hexaghost","floor":16,"turns":16},{"damage":6,"enemies":"Spheric Guardian","floor":18,"turns":4}],"seed_played":"2682392783280455677","potions_obtained":[{"floor":1,"key":"Fire Potion"},{"floor":4,"key":"LiquidBronze"},{"floor":6,"key":"Dexterity Potion"},{"floor":11,"key":"BlessingOfTheForge"}],"is_trial":false,"path_per_floor":["M","?","?","M","?","E","R","E","T","$","E","M","R","M","R","B",null,"M"],"character_chosen":"DEFECT","items_purchased":["Defragment"],"campfire_rested":2,"item_purchase_floors":[10],"current_hp_per_floor":[68,68,57,50,47,28,48,34,34,34,23,35,35,42,62,30,68,62,62],"gold":294,"neow_bonus":"TRANSFORM_TWO_CARDS","is_daily":false,"chose_seed":false,"campfire_upgraded":1,"win_rate":0.0,"timestamp":1612289699,"path_taken":["M","?","?","M","?","E","R","E","T","$","E","?","R","M","R","BOSS","M"],"items_purchased_type":["Card"],"build_version":"2020-12-22","purchased_purges":0,"victory":false,"max_hp_per_floor":[68,68,68,68,68,68,68,68,68,68,68,68,68,68,68,68,68,68,68],"card_choices":[{"not_picked":["Darkness","Go for the Eyes"],"picked":"Auto Shields","floor":1},{"not_picked":["Hello World","Turbo","Beam Cell"],"picked":"SKIP","floor":4},{"not_picked":["Hologram","Consume"],"picked":"Amplify","floor":6},{"not_picked":["Redo","Skim"],"picked":"Coolheaded","floor":8},{"not_picked":["Amplify","Hologram","Steam"],"picked":"SKIP","floor":11},{"not_picked":["Rebound","Loop"],"picked":"Coolheaded","floor":12},{"not_picked":["FTL","Gash","Aggregate"],"picked":"SKIP","floor":14},{"not_picked":["Echo Form","Meteor Strike"],"picked":"All For One","floor":16}],"player_experience":387447,"relics_obtained":[{"floor":6,"key":"Boot"},{"floor":8,"key":"Meat on the Bone"},{"floor":9,"key":"Mercury Hourglass"},{"floor":11,"key":"Cables"},{"floor":17,"key":"Smiling Mask"},{"floor":17,"key":"HornCleat"},{"floor":17,"key":"Du-Vu Doll"}],"event_choices":[{"cards_removed":["Defend_B"],"damage_healed":0,"gold_gain":0,"player_choice":"Card Removal","damage_taken":0,"max_hp_gain":0,"max_hp_loss":0,"event_name":"The Cleric","floor":2,"gold_loss":50},{"damage_healed":0,"gold_gain":75,"player_choice":"Gather Gold","damage_taken":11,"max_hp_gain":0,"max_hp_loss":0,"event_name":"World of Goop","floor":3,"gold_loss":0},{"damage_healed":0,"gold_gain":0,"player_choice":"Success","damage_taken":3,"relics_obtained":["InkBottle"],"max_hp_gain":0,"max_hp_loss":0,"event_name":"Scrap Ooze","floor":5,"gold_loss":0}],"is_beta":false,"boss_relics":[{"not_picked":["Astrolabe","Cursed Key"],"picked":"Calling Bell"}],"items_purged_floors":[],"is_endless":false,"potions_floor_spawned":[1,4,6,11],"killed_by":"Spheric Guardian","ascension_level":4}}