{"host":"ekyl8r8j8fco3zlk","time":1612280388,"event":{"mods":["Act Like it!","Arknights","BaseMod","CapriCore","Decade(王小明)","Dota2Spire","Friendly Minions","Gensokyo","Marisa（F雨　魔理沙）","Minty Spire (QoL Compilation)","READ ME - Guardian Mod","Rare Cards Sparkle","Reimu（博丽灵梦）","StSLib","The Alterego","The Immortal","The Jungle","The Senshi","TheWitcher","Waifu the Spire","WarShipGirlsR/战舰少女R mod","Yakumo Yukari mod","【遗物卡牌】REMEMod"],"gold_per_floor":[114,128,208,208,36,36,211,211,211,211,246,259,289,302,302,398,398,418,418,435,448,76,108,108,124,150,166,166,193,209,245,245,362,362,381,381,393,411,391,391,424,482,482,514,531,551,566,596,596,590,590,590,23,82,76],"floor_reached":56,"language":"ZHS","playtime":2044,"items_purged":["Doubt","SnafuTest:SignAxii"],"score":1524,"play_id":"0290ef9a-508d-4300-b6e9-945cfc539e2c","local_time":"20210202233948","is_ascension_mode":false,"campfire_choices":[{"data":"SnafuTest:PowerCounterAttack","floor":6,"key":"SMITH"},{"data":"REME_AllRoundStrike","floor":8,"key":"SMITH"},{"floor":10,"key":"RECALL"},{"data":"REME_FirmDetermination","floor":15,"key":"SMITH"},{"data":"SnafuTest:PowerProbingFeint","floor":24,"key":"SMITH"},{"data":"SnafuTest:CareTaker","floor":28,"key":"SMITH"},{"floor":32,"key":"REST"},{"data":"SnafuTest:Amputation","floor":40,"key":"SMITH"},{"data":"SnafuTest:ShoulderSlam","floor":49,"key":"SMITH"},{"data":"SnafuTest:SmashingSlash","floor":52,"key":"SMITH"}],"circlet_count":0,"master_deck":["SnafuTest:DefaultCommonAttack","SnafuTest:DefaultCommonAttack+1","SnafuTest:DefaultCommonAttack+1","SnafuTest:BountyHunt","SnafuTest:DefaultCommonSkill","SnafuTest:DefaultCommonSkill","SnafuTest:DefaultCommonSkill","REME_AllRoundStrike+1","SnafuTest:SmashingSlash+1","SnafuTest:PowerCounterAttack+1","SnafuTest:VitalShield","REME_FirmDetermination+1","SnafuTest:SpellBitingFrost","SnafuTest:ShoulderSlam+1","SnafuTest:PowerTrialOfGrasses","SnafuTest:PowerBloodLust","SnafuTest:PowerProbingFeint+1","SnafuTest:BloodForBlood+1","SnafuTest:SpellHellfire+1","SnafuTest:SignIgni+1","SnafuTest:WeddingDance+1","SnafuTest:CareTaker+1","SnafuTest:SwordDance+1","SnafuTest:DesperateRemediation+1","SnafuTest:SuddenPuncture+1","SnafuTest:Meditation+1","SnafuTest:PowerMartialMagical+1","SnafuTest:Amputation+1","SnafuTest:BombMoonDust+1","SnafuTest:Kick+1","SnafuTest:PaySaddlery+1","SnafuTest:FreyaBlessing"],"relics":["SnafuTest:UnstableMutagenRelic","REME_ComplimentaryCards","NeowsBlessing","SnafuTest:WolfRelic","Dota2Spire:DivineRapier","Dota2Spire:RefresherOrb","Dota2Spire:MaskOfMadness","Sling","Lizard Tail","SnafuTest:AxiiRelic","Regal Pillow","Blood Vial","SnafuTest:EnergyMutagenRelic","Bottled Tornado","CatCart","Dota2Spire:DrumOfEndurance","Dream Catcher","theSenshi:FeatherClipsRelic","Oddly Smooth Stone","Whetstone","Art of War"],"acts_visited":["Exordium","TheCity","TheBeyond","TheEnding"],"potions_floor_usage":[6,23,27,31,31,33,47,48,50,54,55,55],"damage_taken":[{"damage":0,"enemies":"Small Slimes","floor":1,"turns":1},{"damage":0,"enemies":"2 Louse","floor":2,"turns":1},{"damage":0,"enemies":"Gremlin Nob","floor":11,"turns":1},{"damage":0,"enemies":"Jaw Worm","floor":12,"turns":1},{"damage":0,"enemies":"3 Louse","floor":13,"turns":2},{"damage":0,"enemies":"Gremlin Gang","floor":14,"turns":2},{"damage":40,"enemies":"The Guardian","floor":16,"turns":5},{"damage":15,"enemies":"2 Thieves","floor":18,"turns":2},{"damage":0,"enemies":"Spheric Guardian","floor":20,"turns":1},{"damage":14,"enemies":"Chosen and Byrds","floor":21,"turns":2},{"damage":0,"enemies":"REME_1_Revenger","floor":23,"turns":2},{"damage":0,"enemies":"Snecko","floor":25,"turns":2},{"damage":16,"enemies":"Centurion and Healer","floor":27,"turns":2},{"damage":27,"enemies":"Slavers","floor":29,"turns":3},{"damage":0,"enemies":"3 Cultists","floor":30,"turns":2},{"damage":12,"enemies":"Book of Stabbing","floor":31,"turns":2},{"damage":23,"enemies":"Champ","floor":33,"turns":6},{"damage":15,"enemies":"3 Darklings","floor":35,"turns":2},{"damage":0,"enemies":"Orb Walker","floor":37,"turns":1},{"damage":24,"enemies":"Spire Growth","floor":38,"turns":3},{"damage":0,"enemies":"Nemesis","floor":41,"turns":2},{"damage":20,"enemies":"Orin","floor":42,"turns":7},{"damage":0,"enemies":"Reptomancer","floor":44,"turns":2},{"damage":0,"enemies":"Transient","floor":45,"turns":5},{"damage":30,"enemies":"Writhing Mass","floor":46,"turns":3},{"damage":4,"enemies":"Spire Growth","floor":47,"turns":2},{"damage":4,"enemies":"Nemesis","floor":48,"turns":3},{"damage":55,"enemies":"Donu and Deca","floor":50,"turns":3},{"damage":22,"enemies":"Shield and Spear","floor":54,"turns":2},{"damage":74,"enemies":"The Heart","floor":55,"turns":6}],"seed_played":"-5062066523658639414","potions_obtained":[{"floor":2,"key":"DuplicationPotion"},{"floor":11,"key":"Weak Potion"},{"floor":16,"key":"BlessingOfTheForge"},{"floor":18,"key":"Regen Potion"},{"floor":21,"key":"Dexterity Potion"},{"floor":27,"key":"REME_GoldPotion"},{"floor":30,"key":"SnafuTest:PlaceholderPotion"},{"floor":37,"key":"SnafuTest:PlaceholderPotion"},{"floor":38,"key":"EssenceOfSteel"},{"floor":42,"key":"Weak Potion"},{"floor":44,"key":"ZuzhouPotion:ReiMu"}],"is_trial":false,"path_per_floor":["M","M","?","?","$","R","?","R","T","R","E","M","M","M","R","B",null,"M","?","M","M","$","E","R","M","T","M","R","E","M","E","R","B",null,"M","?","M","M","?","R","E","?","T","E","M","M","M","E","R","B",null,"R","$","E","B",null],"character_chosen":"THE_WITCHER","items_purchased":["SnafuTest:VitalShield","REME_FirmDetermination","REME_GoldPotion","Dota2Spire:MaskOfMadness","Sling","Oddly Smooth Stone","Whetstone","Swift Potion","DistilledChaos","REME_GoldPotion"],"campfire_rested":1,"item_purchase_floors":[5,5,5,22,22,53,53,53,53,53],"current_hp_per_floor":[75,75,75,63,63,63,63,63,63,63,63,63,63,63,63,23,75,60,60,60,46,46,46,46,62,62,46,46,27,27,37,74,52,75,60,60,62,40,40,40,71,53,53,55,57,29,27,49,49,43,75,75,75,59,54],"gold":76,"neow_bonus":"THREE_ENEMY_KILL","is_daily":false,"chose_seed":false,"campfire_upgraded":8,"win_rate":0.0,"timestamp":1612280388,"path_taken":["M","M","?","?","$","R","?","R","T","R","E","M","M","?","R","BOSS","M","?","M","?","$","E","R","M","T","M","R","E","M","E","R","BOSS","M","?","M","M","?","R","E","?","T","E","M","M","M","E","R","BOSS","R","$","E","BOSS"],"items_purchased_type":["Card","Card","Potion","Relic","Relic","Relic","Relic","Potion","Potion","Potion"],"build_version":"2020-12-22","purchased_purges":2,"victory":true,"max_hp_per_floor":[75,75,75,75,75,75,75,75,75,75,75,75,75,75,75,75,75,75,75,75,75,75,75,75,75,75,75,75,75,75,75,75,75,75,75,75,75,75,75,75,75,75,75,75,75,75,75,75,75,75,75,75,75,75,75],"card_choices":[{"not_picked":["SnafuTest:Portal","SnafuTest:PowerVainGlory"],"picked":"SnafuTest:SmashingSlash","floor":1},{"not_picked":["SnafuTest:UndefeatedNarcissism","SnafuTest:SpellBlindFury"],"picked":"SnafuTest:PowerCounterAttack","floor":2},{"not_picked":["SnafuTest:SignAxii","SnafuTest:WorldMap"],"picked":"SnafuTest:SpellBitingFrost","floor":11},{"not_picked":["SnafuTest:MCSongOfPeace","SnafuTest:SpellArcaneDomain"],"picked":"SnafuTest:ShoulderSlam","floor":12},{"not_picked":["SnafuTest:SpellArcaneDomain","SnafuTest:SpellTortoise","SnafuTest:SpellHellfire"],"picked":"SKIP","floor":13},{"not_picked":["SnafuTest:ExcessiveLevies","SnafuTest:SignAxii"],"picked":"SnafuTest:PowerTrialOfGrasses","floor":14},{"not_picked":["SnafuTest:Decapitate","SnafuTest:SweetHome"],"picked":"SnafuTest:PowerBloodLust","floor":16},{"not_picked":["SnafuTest:RecklessBlow","SnafuTest:Portal"],"picked":"SnafuTest:PowerProbingFeint","floor":18},{"not_picked":["SnafuTest:FullCover+1","SnafuTest:PowerAlwaysOnRoads+1"],"picked":"SnafuTest:BloodForBlood+1","floor":20},{"not_picked":["SnafuTest:PayHappyHour","SnafuTest:SpellArcaneDomain"],"picked":"SnafuTest:SpellHellfire+1","floor":21},{"not_picked":["SnafuTest:BombMoonDust","SnafuTest:BloodLineTracing"],"picked":"SnafuTest:SignIgni+1","floor":23},{"not_picked":["SnafuTest:DesperateRemediation","SnafuTest:UndefeatedNarcissism+1"],"picked":"SnafuTest:WeddingDance+1","floor":25},{"not_picked":["SnafuTest:AncestralRitual","SnafuTest:ShoulderSlam"],"picked":"SnafuTest:CareTaker","floor":27},{"not_picked":["SnafuTest:SignAard","SnafuTest:MilitaryReview"],"picked":"SnafuTest:SwordDance+1","floor":29},{"not_picked":["SnafuTest:SpellHellfire","SnafuTest:SpellIncendiaryShower+1"],"picked":"SnafuTest:DesperateRemediation+1","floor":30},{"not_picked":["SnafuTest:SwiftAssault","SnafuTest:ShoulderSlam"],"picked":"SnafuTest:GetPaid+1","floor":31},{"not_picked":["SnafuTest:FullCover","SnafuTest:WeddingDance+1"],"picked":"SnafuTest:SuddenPuncture+1","floor":35},{"not_picked":["SnafuTest:SpellBlindFury+1","SnafuTest:DesperateRemediation"],"picked":"SnafuTest:Meditation+1","floor":37},{"not_picked":["SnafuTest:BombDimeritium","SnafuTest:PayGnomePedlar"],"picked":"SnafuTest:PowerMartialMagical+1","floor":38},{"not_picked":[],"picked":"SnafuTest:Amputation","floor":39},{"not_picked":["SnafuTest:MercilessReaper+1","SnafuTest:MCSongOfPeace"],"picked":"SnafuTest:BombMoonDust+1","floor":41},{"not_picked":["SnafuTest:PowerMartialMagical","SnafuTest:WitchHunt"],"picked":"SnafuTest:Kick+1","floor":42},{"not_picked":["SnafuTest:MCSuccubusSeduction","SnafuTest:DesperateRemediation","SnafuTest:FirstAid"],"picked":"SKIP","floor":44},{"not_picked":["SnafuTest:TradeOrTrick","SnafuTest:SpellBitingFrost+1","SnafuTest:Portal"],"picked":"SKIP","floor":45},{"not_picked":["SnafuTest:BombDimeritium","SnafuTest:ArmoredSortie","SnafuTest:BloodForBlood+1"],"picked":"SKIP","floor":46},{"not_picked":["SnafuTest:ExcessiveLevies","SnafuTest:BombDimeritium","SnafuTest:MCPlayGwent"],"picked":"SKIP","floor":47},{"not_picked":["SnafuTest:SneakKill","SnafuTest:SignAard"],"picked":"SnafuTest:PaySaddlery+1","floor":48},{"not_picked":["SnafuTest:PowerCounterAttack+1","SnafuTest:SmashingSlash"],"picked":"SnafuTest:FreyaBlessing","floor":54}],"player_experience":588171,"relics_obtained":[{"floor":11,"key":"Dota2Spire:DivineRapier"},{"floor":23,"key":"Lizard Tail"},{"floor":26,"key":"SnafuTest:AxiiRelic"},{"floor":29,"key":"Regal Pillow"},{"floor":31,"key":"Blood Vial"},{"floor":41,"key":"Bottled Tornado"},{"floor":42,"key":"CatCart"},{"floor":43,"key":"Dota2Spire:DrumOfEndurance"},{"floor":44,"key":"Dream Catcher"},{"floor":48,"key":"theSenshi:FeatherClipsRelic"},{"floor":54,"key":"Art of War"}],"event_choices":[{"damage_healed":0,"gold_gain":80,"player_choice":"Gained Gold","damage_taken":0,"max_hp_gain":0,"max_hp_loss":0,"event_name":"Golden Wing","floor":3,"gold_loss":0},{"damage_healed":0,"gold_gain":0,"player_choice":"Success","damage_taken":12,"relics_obtained":["SnafuTest:WolfRelic"],"max_hp_gain":0,"max_hp_loss":0,"event_name":"Scrap Ooze","floor":4,"gold_loss":0},{"damage_healed":0,"gold_gain":175,"player_choice":"AGREE","damage_taken":0,"max_hp_gain":0,"max_hp_loss":0,"event_name":"Liars Game","floor":7,"gold_loss":0,"cards_obtained":["Doubt"]},{"damage_healed":0,"gold_gain":0,"player_choice":"Ignored","damage_taken":0,"max_hp_gain":0,"max_hp_loss":0,"event_name":"NoteForYourself","floor":19,"gold_loss":0},{"damage_healed":0,"gold_gain":0,"player_choice":"Ignored","damage_taken":0,"max_hp_gain":0,"max_hp_loss":0,"event_name":"Tomb of Lord Red Mask","floor":36,"gold_loss":0},{"damage_healed":0,"gold_gain":0,"player_choice":"Fight","damage_taken":0,"max_hp_gain":0,"max_hp_loss":0,"event_name":"OrinTheCat","floor":42,"gold_loss":0}],"is_beta":false,"boss_relics":[{"not_picked":["Black Star","Snecko Eye"],"picked":"Dota2Spire:RefresherOrb"},{"not_picked":["Philosopher\u0027s Stone","Tiny House"],"picked":"SnafuTest:EnergyMutagenRelic"}],"items_purged_floors":[22,53],"is_endless":false,"potions_floor_spawned":[2,11,16,18,21,27,30,37,38,42,44],"ascension_level":0}}