{"host":"6q94iy5iz6612v89","time":1612276939,"event":{"mods":["2.2 Compatiblity","AchievementEnabler","BaseMod","Colored Map","DeckTracker","Keyboard Shortcuts","Minty Spire (QoL Compilation)","Permanent Neow","StSLib","SuperFastMode"],"gold_per_floor":[113,113,126,201,201,201,42,42,42,59,59,89,103,103,103,192,192,205,205,230,253,253,253],"floor_reached":22,"language":"KOR","playtime":571,"items_purged":["Strike_G"],"score":344,"play_id":"81dfbbfd-b322-4355-90fa-ae37b8d74870","local_time":"20210202234219","is_ascension_mode":true,"campfire_choices":[{"data":"Predator","floor":6,"key":"SMITH"},{"data":"Dagger Throw","floor":8,"key":"SMITH"},{"data":"Grand Finale","floor":11,"key":"SMITH"},{"floor":15,"key":"REST"}],"circlet_count":0,"master_deck":["AscendersBane","Defend_G","Defend_G","Defend_G","Defend_G","Defend_G","Survivor","Neutralize","Grand Finale+1","Dagger Throw+1","Predator+1","Reflex","Riddle With Holes+1","Blade Dance+1","Backflip+1","Acrobatics"],"relics":["Ring of the Snake","Kunai","Tiny Chest","Golden Idol","Astrolabe","Bronze Scales"],"acts_visited":["Exordium","TheCity"],"potions_floor_usage":[16,22],"damage_taken":[{"damage":0,"enemies":"Cultist","floor":1,"turns":4},{"damage":2,"enemies":"Small Slimes","floor":3,"turns":3},{"damage":6,"enemies":"2 Louse","floor":10,"turns":2},{"damage":23,"enemies":"Large Slime","floor":13,"turns":9},{"damage":30,"enemies":"Slime Boss","floor":16,"turns":10},{"damage":13,"enemies":"Shell Parasite","floor":18,"turns":7},{"damage":11,"enemies":"Chosen","floor":21,"turns":5},{"damage":37,"enemies":"Centurion and Healer","floor":22,"turns":8}],"seed_played":"4737404674499163883","potions_obtained":[{"floor":10,"key":"BlessingOfTheForge"},{"floor":18,"key":"DuplicationPotion"}],"is_trial":false,"path_per_floor":["M","?","M","?","?","R","$","R","T","M","R","?","M","?","R","B",null,"M","?","T","M","M"],"character_chosen":"THE_SILENT","items_purchased":["Reflex"],"campfire_rested":1,"item_purchase_floors":[7],"current_hp_per_floor":[59,64,62,51,51,51,51,51,51,45,45,45,22,22,39,9,47,34,34,34,23,0,0],"gold":253,"neow_bonus":"THREE_RARE_CARDS","is_daily":false,"chose_seed":false,"campfire_upgraded":3,"win_rate":0.0,"timestamp":1612276939,"path_taken":["M","?","M","?","?","R","$","R","T","M","R","?","?","?","R","BOSS","M","?","?","M","M"],"items_purchased_type":["Card"],"build_version":"2020-12-22","purchased_purges":1,"victory":false,"max_hp_per_floor":[60,65,65,65,65,65,65,65,65,65,65,65,65,59,59,59,59,59,59,59,59,59,59],"card_choices":[{"not_picked":["Malaise","Adrenaline"],"picked":"Grand Finale","floor":0},{"not_picked":["Blade Dance","Expertise"],"picked":"Dagger Throw","floor":1},{"not_picked":["Infinite Blades","Prepared"],"picked":"Predator","floor":3},{"not_picked":["Riddle With Holes","Storm of Steel","Dodge and Roll"],"picked":"SKIP","floor":10},{"not_picked":["Riddle With Holes","Storm of Steel","Dodge and Roll"],"picked":"SKIP","floor":10},{"not_picked":["All Out Attack","Cloak And Dagger","Blade Dance"],"picked":"SKIP","floor":13},{"not_picked":["Cloak And Dagger","Prepared","Deflect"],"picked":"SKIP","floor":18},{"not_picked":["Dagger Spray","Skewer"],"picked":"Acrobatics","floor":21}],"player_experience":1453698,"relics_obtained":[{"floor":9,"key":"Kunai"},{"floor":20,"key":"Bronze Scales"}],"event_choices":[{"damage_healed":0,"gold_gain":0,"player_choice":"Donut","damage_taken":0,"max_hp_gain":5,"max_hp_loss":0,"event_name":"Big Fish","floor":2,"gold_loss":0},{"damage_healed":0,"gold_gain":75,"player_choice":"Gather Gold","damage_taken":11,"max_hp_gain":0,"max_hp_loss":0,"event_name":"World of Goop","floor":4,"gold_loss":0},{"cards_removed":["Strike_G"],"damage_healed":0,"gold_gain":0,"player_choice":"Forget","damage_taken":0,"max_hp_gain":0,"max_hp_loss":0,"event_name":"Living Wall","floor":5,"gold_loss":0},{"damage_healed":0,"gold_gain":30,"player_choice":"Searched \u00273\u0027 times","damage_taken":0,"relics_obtained":["Tiny Chest"],"max_hp_gain":0,"max_hp_loss":0,"event_name":"Dead Adventurer","floor":12,"gold_loss":0},{"damage_healed":0,"gold_gain":0,"player_choice":"Lose Max HP","damage_taken":0,"relics_obtained":["Golden Idol"],"max_hp_gain":0,"max_hp_loss":6,"event_name":"Golden Idol","floor":14,"gold_loss":0},{"damage_healed":0,"gold_gain":0,"player_choice":"Ignored","damage_taken":0,"max_hp_gain":0,"max_hp_loss":0,"event_name":"Cursed Tome","floor":19,"gold_loss":0}],"is_beta":false,"boss_relics":[{"not_picked":["Tiny House","Black Star"],"picked":"Astrolabe"}],"items_purged_floors":[7],"is_endless":false,"potions_floor_spawned":[10,18],"killed_by":"Centurion and Healer","ascension_level":20}}