{"host":"p5axfb00mxhraew6","time":1612269510,"event":{"mods":["100% Spire Juice","Abigail Mod","Act Like it!","BaseMod","CapriCore","Friendly Minions","GifTheSpireLib","Jedi Mod","KomeijiMod","Lobotomy","MarisaÅiñ∂âJÅ@ñÇóùçπÅj","Minty Spire (QoL Compilation)","Prisma Mod","ReimuÅiîé??öÎÅj","RemiliaÅiÂQïƒ‰ª?Åj","SOSÅiézîb?îVéqÅj","StSLib","Td1madao Mod","The Alterego","The Immortal","The Problem Sleuth","Yakumo Yukari mod"],"gold_per_floor":[111,144,180,180,215,244,256,300,337,2,12,42,42,17,17,113,113,152,177,177,213,253,253,279,311,366,420,436,471,471,396,396,491,541,571,571,571,584,615,615,669,682,682,716,59,88,38,38,38,58,58],"floor_reached":52,"language":"ENG","playtime":3700,"items_purged":["Strike_RM","Strike_RM"],"score":1232,"play_id":"069b49cb-21ab-4f75-9287-9f46ba27f857","local_time":"20210202213830","is_ascension_mode":true,"campfire_choices":[{"data":"ScarletImprint","floor":7.0,"key":"SMITH"},{"data":"ScarletImprint","floor":15.0,"key":"SMITH"},{"data":"ScarletMeister","floor":23.0,"key":"SMITH"},{"data":"DemonKingCradle","floor":30.0,"key":"SMITH"},{"floor":32.0,"key":"RECALL"},{"floor":40.0,"key":"REST"},{"data":"DemonKingCradle","floor":48,"key":"SMITH"},{"floor":49,"key":"REST"}],"circlet_count":0,"master_deck":["Strike_RM","Defend_RM","Defend_RM","Defend_RM","RedMoon+1","ScarletShoot","FavorOfDestiny+1","ScarletImprint+1","UnderTheZenith","DevilSight","ScarletImprint+1","CharismaGuard","BloodyHallows","CharismaGuard","CharismaGuard","ScarletMeister+1","DiffusionOfMisfortune","NightLord+1","CharismaGuard","DiffusionOfMisfortune","ScarletImprint","VampireFantasy","CharismaGuard+1","DemonKingCradle+1","ScarletMeister","MastersStateliness+1","AfternoonTea+1","MastersStateliness+1","DemonKingCradle+1","UnstableMagic+1","DiffusionOfMisfortune","Stigmanizer+1","RedNightlessCastle+1","DiffusionOfMisfortune+1"],"relics":["ScarletHat","MawBank","Bag of Marbles","Tiny Chest","jedi:crownofsimplicity","OrangePellets","PreservedInsect","SlaversCollar","Potion Belt","jedi:arcanewood","Art of War","Strawberry","Smiling Mask","Tiny House","Mercury Hourglass","HornCleat","Molten Egg 2","Pantograph","Lantern","Strange Spoon","Centennial Puzzle"],"acts_visited":["Exordium","TheCity","TheBeyond"],"potions_floor_usage":[44,50,50,50],"damage_taken":[{"damage":2.0,"enemies":"Small Slimes","floor":1.0,"turns":3.0},{"damage":2.0,"enemies":"Jaw Worm","floor":2.0,"turns":5.0},{"damage":4.0,"enemies":"Cultist","floor":3.0,"turns":5.0},{"damage":4.0,"enemies":"Red Slaver","floor":5.0,"turns":5.0},{"damage":23.0,"enemies":"Lagavulin","floor":6.0,"turns":10.0},{"damage":14.0,"enemies":"3 Sentries","floor":8.0,"turns":15.0},{"damage":0.0,"enemies":"2 Fungi Beasts","floor":11.0,"turns":4.0},{"damage":16.0,"enemies":"Lagavulin","floor":12.0,"turns":8.0},{"damage":18.0,"enemies":"The Guardian","floor":16.0,"turns":16.0},{"damage":0.0,"enemies":"3 Byrds","floor":18.0,"turns":8.0},{"damage":9.0,"enemies":"Chosen","floor":21.0,"turns":6.0},{"damage":7.0,"enemies":"Snake Plant","floor":22.0,"turns":7.0},{"damage":0.0,"enemies":"Slavers","floor":24.0,"turns":2.0},{"damage":0.0,"enemies":"Snecko","floor":25.0,"turns":7.0},{"damage":0.0,"enemies":"Gremlin Leader","floor":27.0,"turns":4.0},{"damage":0.0,"enemies":"Sentry and Sphere","floor":28.0,"turns":7.0},{"damage":6.0,"enemies":"Slavers","floor":29.0,"turns":3.0},{"damage":0.0,"enemies":"Collector","floor":33.0,"turns":7.0},{"damage":35.0,"enemies":"3 Shapes","floor":35.0,"turns":8.0},{"damage":22.0,"enemies":"3 Darklings","floor":38.0,"turns":13.0},{"damage":17.0,"enemies":"4 Shapes","floor":39.0,"turns":10.0},{"damage":0,"enemies":"Giant Head","floor":41,"turns":5},{"damage":11,"enemies":"Spire Growth","floor":42,"turns":7},{"damage":20,"enemies":"Jaw Worm Horde","floor":44,"turns":6},{"damage":2,"enemies":"Nemesis","floor":46,"turns":7},{"damage":59,"enemies":"Awakened One","floor":50,"turns":12}],"seed_played":"2725767089333793197","potions_obtained":[{"floor":1.0,"key":"Strength Potion"},{"floor":3.0,"key":"SpeedPotion"},{"floor":6.0,"key":"CalmPotion"},{"floor":8.0,"key":"ColorlessPotion"},{"floor":8.0,"key":"Weak Potion"},{"floor":11.0,"key":"GamblersBrew"},{"floor":12.0,"key":"BlessingOfTheForge"},{"floor":16.0,"key":"SkillPotion"},{"floor":18.0,"key":"Ancient Potion"},{"floor":21.0,"key":"ZuzhouPotion:ReiMu"},{"floor":22.0,"key":"Strength Potion"},{"floor":22.0,"key":"SpeedPotion"},{"floor":24.0,"key":"Swift Potion"},{"floor":27.0,"key":"BlessingOfTheForge"},{"floor":27.0,"key":"Fire Potion"},{"floor":29.0,"key":"DuplicationPotion"},{"floor":35.0,"key":"SkillPotion"}],"is_trial":false,"path_per_floor":["M","M","M","?","M","E","R","E","T","$","M","E","$","$","R","B",null,"M","T","?","M","M","R","E","M","T","E","M","E","R","?","R","B",null,"M","?","T","M","M","R","E","M","T","M","$","E","$","R","R","B",null,null],"character_chosen":"REMILIA","items_purchased":["jedi:crownofsimplicity","OrangePellets","CharismaGuard","CharismaGuard","Pantograph","Lantern","RedNightlessCastle+1","Strange Spoon"],"campfire_rested":2,"item_purchase_floors":[10,10,10,14,45,45,45,45],"current_hp_per_floor":[66,64,60,75,72,54,54,46,46,46,46,39,39,39,39,42,67,73,73,73,65,58,58,59,63,63,78,82,76,76,76,76,82,87,52,52,52,59,48,74,87,86,86,71,71,75,75,75,87,55,55],"gold":58,"neow_bonus":"UPGRADE_CARD","is_daily":false,"chose_seed":false,"campfire_upgraded":5,"win_rate":0.0,"timestamp":1612269510,"path_taken":["M","M","M","?","M","E","R","E","T","?","?","E","?","$","R","BOSS","M","?","?","M","M","R","E","M","T","E","M","E","R","?","R","BOSS","M","?","?","M","M","R","E","M","T","?","$","E","?","?","R","BOSS"],"items_purchased_type":["Relic","Relic","Card","Card","Relic","Card","Card","Relic"],"build_version":"2020-12-22","purchased_purges":2,"victory":true,"max_hp_per_floor":[75,75,75,75,75,75,75,75,75,75,75,75,75,75,75,75,75,75,75,75,75,75,75,75,75,75,82,82,82,82,82,82,82,87,87,87,87,87,87,87,87,87,87,87,87,87,87,87,87,87,87],"card_choices":[{"not_picked":["VampireSweep","BlasphemousPunishment"],"picked":"FavorOfDestiny","floor":1.0},{"not_picked":["BloodHunter","EmergencyRegeneration"],"picked":"ScarletImprint","floor":2.0},{"not_picked":["VampireSweep","ScarletDream"],"picked":"UnderTheZenith","floor":3.0},{"not_picked":["BlasphemousPunishment","BloodHunter","EmergencyRegeneration"],"picked":"SKIP","floor":5.0},{"not_picked":["EmergencyRegeneration","RedRainbow"],"picked":"DevilSight","floor":6.0},{"not_picked":["FavorOfDestiny","Maim"],"picked":"ScarletImprint","floor":8.0},{"not_picked":["GlobalNightmare","Stigmanizer"],"picked":"BloodyHallows","floor":11.0},{"not_picked":["Maim","ScarletDream"],"picked":"CharismaGuard","floor":12.0},{"not_picked":["CurseOfVladTepes","CeilingFear"],"picked":"ScarletMeister","floor":16.0},{"not_picked":["MastersStateliness","BloodHunter"],"picked":"DiffusionOfMisfortune","floor":18.0},{"not_picked":["BloodHunter","ForbiddenFruit+1"],"picked":"NightLord+1","floor":21.0},{"not_picked":["LeisurelyOfLord","EndlessAdversity"],"picked":"CharismaGuard","floor":22.0},{"not_picked":["BlasphemousPunishment","FavorOfDestiny"],"picked":"DiffusionOfMisfortune","floor":24.0},{"not_picked":["UnstableMagic","CharismaGuard"],"picked":"ScarletImprint","floor":25.0},{"not_picked":["FavorOfDestiny","ScarletGensokyo"],"picked":"VampireFantasy","floor":27.0},{"not_picked":["RedRainbow","BloodHunter"],"picked":"CharismaGuard+1","floor":28.0},{"not_picked":["BloodAndWine","BloodHunter"],"picked":"DemonKingCradle","floor":29.0},{"not_picked":["BloodyHallows","KillingBlow"],"picked":"ScarletMeister","floor":33.0},{"not_picked":["EndlessAdversity+1","HunterOfTheNight"],"picked":"MastersStateliness+1","floor":34.0},{"not_picked":["Stigmanizer","RedRainbow"],"picked":"AfternoonTea+1","floor":35.0},{"not_picked":["EmergencyRegeneration+1","BlasphemousPunishment+1"],"picked":"MastersStateliness+1","floor":38.0},{"not_picked":["AfternoonTea","BlasphemousPunishment+1","ForbiddenFruit"],"picked":"SKIP","floor":39.0},{"not_picked":["DevilSight+1","Stigmanizer"],"picked":"DemonKingCradle","floor":41},{"not_picked":["EmergencyRegeneration+1","UnderTheZenith+1"],"picked":"UnstableMagic+1","floor":41},{"not_picked":["MastersStateliness+1","RedRainbow+1"],"picked":"DiffusionOfMisfortune","floor":42},{"not_picked":["MastersStateliness","ScarletDream"],"picked":"Stigmanizer+1","floor":44},{"not_picked":["ScarletGensokyo","EndlessAdversity+1"],"picked":"DiffusionOfMisfortune+1","floor":46}],"player_experience":1274641,"relics_obtained":[{"floor":6.0,"key":"MawBank"},{"floor":8.0,"key":"Bag of Marbles"},{"floor":9.0,"key":"Tiny Chest"},{"floor":12.0,"key":"PreservedInsect"},{"floor":20.0,"key":"Potion Belt"},{"floor":24.0,"key":"jedi:arcanewood"},{"floor":26.0,"key":"Art of War"},{"floor":27.0,"key":"Strawberry"},{"floor":29.0,"key":"Smiling Mask"},{"floor":37.0,"key":"Mercury Hourglass"},{"floor":41,"key":"HornCleat"},{"floor":43,"key":"Molten Egg 2"},{"floor":46,"key":"Centennial Puzzle"}],"event_choices":[{"cards_removed":["Strike_RM"],"damage_healed":0.0,"max_hp_gain":0.0,"max_hp_loss":0.0,"gold_gain":0.0,"event_name":"Beggar","player_choice":"Gave Gold","floor":31.0,"gold_loss":75.0,"damage_taken":0.0},{"cards_removed":["Defend_RM"],"damage_healed":0.0,"max_hp_gain":0.0,"max_hp_loss":0.0,"gold_gain":0.0,"event_name":"Falling","player_choice":"Removed Skill","floor":36.0,"gold_loss":0.0,"damage_taken":0.0}],"is_beta":false,"boss_relics":[{"not_picked":["Pandora\u0027s Box","RedLine:ReiMu"],"picked":"SlaversCollar"},{"not_picked":["Astrolabe","Runic Pyramid"],"picked":"Tiny House"}],"items_purged_floors":[45,47],"is_endless":false,"potions_floor_spawned":[1,3,8,11,16,18,22,24,27,29,35,39,44],"ascension_level":6}}