{"host":"ooods2gf71idc86d","time":1612290471,"event":{"mods":["AchievementEnabler","BaseMod","Downfall","Marisa????????","Minty Spire (QoL Compilation)","Replay The Spire","StSLib","The Cursed","The Necromancer","The Servant 0.9.4"],"gold_per_floor":[114,128,138,138,152,183,183,242,242,298,313,313,347,364,364,364,364],"floor_reached":16,"language":"ENG","playtime":1362,"items_purged":[],"score":151,"play_id":"36d4dbd9-d66b-4312-b749-02cfb25937a5","local_time":"20210202202751","is_ascension_mode":true,"campfire_choices":[{"floor":7,"key":"REST"},{"floor":12,"key":"REST"},{"floor":15,"key":"REST"}],"circlet_count":0,"master_deck":["Strike_B","Strike_B","Strike_B","Defend_B","Defend_B","Defend_B","Defend_B","Zap","Dualcast","Steam","Hologram+1","Go for the Eyes","ReplayGash","Heatsinks","Auto Shields","Go for the Eyes","Double Energy","Conserve Battery","Turbo","Glacier"],"relics":["Cracked Core","Geode","Replay:Bottled Steam","Darkstone Periapt","Prayer Wheel"],"acts_visited":["Exordium"],"potions_floor_usage":[10,10],"damage_taken":[{"damage":0,"enemies":"Cultist","floor":1,"turns":4},{"damage":3,"enemies":"2 Louse","floor":2,"turns":3},{"damage":5,"enemies":"Small Slimes","floor":3,"turns":4},{"damage":16,"enemies":"3 Louse","floor":5,"turns":4},{"damage":30,"enemies":"Lagavulin","floor":6,"turns":6},{"damage":13,"enemies":"Gremlin Nob","floor":10,"turns":5},{"damage":0,"enemies":"Blue Slaver","floor":11,"turns":3},{"damage":27,"enemies":"3 Sentries","floor":13,"turns":8},{"damage":1,"enemies":"Exordium Wildlife","floor":14,"turns":4},{"damage":32,"enemies":"Hexaghost","floor":16,"turns":16}],"seed_played":"-3953721771050807021","potions_obtained":[{"floor":3,"key":"SteroidPotion"},{"floor":5,"key":"LiquidMemories"},{"floor":8,"key":"FairyPotion"},{"floor":8,"key":"Ancient Potion"},{"floor":11,"key":"hexamod:SoulburnPotion"},{"floor":14,"key":"BlessingOfTheForge"}],"is_trial":false,"path_per_floor":["M","M","M","?","M","E","R","?","T","?","M","R","E","M","R","B"],"character_chosen":"DEFECT","items_purchased":[],"campfire_rested":3,"item_purchase_floors":[],"current_hp_per_floor":[68,65,60,60,44,14,36,6,6,16,16,38,11,10,32,0,0],"gold":364,"neow_bonus":"RANDOM_EVENT","is_daily":false,"chose_seed":false,"campfire_upgraded":0,"win_rate":0.0,"timestamp":1612290471,"path_taken":["M","M","?","?","M","E","R","?","T","?","M","R","E","M","R","BOSS"],"items_purchased_type":[],"build_version":"2020-12-22","purchased_purges":0,"victory":false,"max_hp_per_floor":[75,75,75,75,75,75,75,75,75,75,75,75,75,75,75,75,75],"card_choices":[{"not_picked":["Streamline","Fusion"],"picked":"Hologram","floor":1},{"not_picked":["Streamline","Beam Cell"],"picked":"Go for the Eyes","floor":2},{"not_picked":["Glacier","Compile Driver"],"picked":"ReplayGash","floor":3},{"not_picked":["Cold Snap","Lockon"],"picked":"Heatsinks","floor":5},{"not_picked":["Reinforced Body","Reprogram"],"picked":"Auto Shields","floor":6},{"not_picked":["Leap","Meteor Strike"],"picked":"Go for the Eyes","floor":8},{"not_picked":["Leap","Go for the Eyes"],"picked":"Double Energy","floor":10},{"not_picked":["BasicCrystalCard","Lockon","Coolheaded"],"picked":"SKIP","floor":11},{"not_picked":["Stack","Redo"],"picked":"Conserve Battery","floor":13},{"not_picked":["Doom and Gloom","Conserve Battery"],"picked":"Turbo","floor":14},{"not_picked":["Go for the Eyes","Sweeping Beam"],"picked":"Glacier","floor":14}],"player_experience":1063087,"relics_obtained":[{"floor":6,"key":"Geode"},{"floor":9,"key":"Replay:Bottled Steam"},{"floor":10,"key":"Darkstone Periapt"},{"floor":13,"key":"Prayer Wheel"}],"event_choices":[{"damage_healed":0,"gold_gain":0,"cards_transformed":["Strike_B"],"player_choice":"Change","damage_taken":0,"max_hp_gain":0,"max_hp_loss":0,"event_name":"Living Wall","floor":0,"gold_loss":0,"cards_obtained":["Steam"]},{"damage_healed":0,"gold_gain":0,"player_choice":"Searched \u00271\u0027 times","damage_taken":0,"max_hp_gain":0,"max_hp_loss":0,"event_name":"Dead Adventurer","floor":10,"gold_loss":0}],"is_beta":false,"boss_relics":[],"items_purged_floors":[],"is_endless":false,"potions_floor_spawned":[3,5,11,14],"killed_by":"Hexaghost","ascension_level":7}}