{"host":"9mz6x6ekz95y53i5","time":1612279869,"event":{"mods":["AchievementEnabler","BaseMod","Downfall","Energized Spire","FoggyMod","Minty Spire (QoL Compilation)","Reliquary","Replay The Spire","Spicy Shops","StSLib","The Bug Knight","The Servant 0.9.4","¡¾ÒÅÎï¿¨ÅÆ¡¿REMEMod"],"gold_per_floor":[113,113,113,113,72,72,131,131,131],"floor_reached":8,"language":"ZHS","playtime":350,"items_purged":[],"score":88,"play_id":"375b086d-a48f-467d-9b7c-8150758a67e6","local_time":"20210202233109","is_ascension_mode":true,"campfire_choices":[{"data":"Vigilance","floor":6.0,"key":"SMITH"}],"circlet_count":0,"master_deck":["AscendersBane","Strike_P","Strike_P","Strike_P","Defend_P","Defend_P","Defend_P","Eruption","Vigilance+1","REME_ProfessionalPlagiarism","Wireheading","EmptyBody+1","InnerPeace"],"relics":["PureWater","REME_ComplimentaryCards","Ring of Peace","ReplayTheSpireMod:Ring of Challenge"],"acts_visited":["Exordium"],"potions_floor_usage":[],"damage_taken":[{"damage":5.0,"enemies":"Jaw Worm","floor":1.0,"turns":4.0},{"damage":6.0,"enemies":"Small Slimes","floor":7.0,"turns":5.0},{"damage":0,"enemies":"Gremlin Nob","floor":8,"turns":3}],"seed_played":"-5429271084251215403","potions_obtained":[{"floor":7.0,"key":"Ancient Potion"}],"is_trial":false,"path_per_floor":["M","?","?","?","$","R","M","E"],"character_chosen":"WATCHER","items_purchased":["EmptyBody+1"],"campfire_rested":0,"item_purchase_floors":[5],"current_hp_per_floor":[56,49,49,68,68,68,62,62,62],"gold":131,"neow_bonus":"RANDOM_EVENT","is_daily":false,"chose_seed":false,"campfire_upgraded":1,"win_rate":0.0,"timestamp":1612279869,"path_taken":["M","?","?","?","?","R","?","E"],"items_purchased_type":["Card"],"build_version":"2020-12-22","purchased_purges":0,"victory":false,"max_hp_per_floor":[68,68,68,68,68,68,68,68,68],"card_choices":[{"not_picked":["Crescendo","Prostrate"],"picked":"Wireheading","floor":1.0},{"not_picked":["Prostrate","SashWhip"],"picked":"InnerPeace","floor":7.0}],"player_experience":204008,"relics_obtained":[{"floor":3.0,"key":"Ring of Peace"},{"floor":3.0,"key":"ReplayTheSpireMod:Ring of Challenge"}],"event_choices":[{"cards_removed":["Defend_P"],"damage_healed":0.0,"max_hp_gain":0.0,"max_hp_loss":0.0,"gold_gain":0.0,"event_name":"Golden Wing","player_choice":"Card Removal","floor":2.0,"gold_loss":0.0,"damage_taken":7.0},{"damage_healed":22.0,"max_hp_gain":0.0,"max_hp_loss":0.0,"gold_gain":0.0,"event_name":"Big Fish","player_choice":"Banana","floor":4.0,"gold_loss":0.0,"damage_taken":0.0}],"is_beta":false,"boss_relics":[],"items_purged_floors":[],"is_endless":false,"potions_floor_spawned":[7],"killed_by":"Gremlin Nob","ascension_level":20}}