{"host":"i2s4iw62z1dejrqn","time":1612250499,"event":{"mods":["AchievementEnabler","BaseMod","Minty Spire (QoL Compilation)","Random Character Button","SuperFastMode"],"gold_per_floor":[219,232,250,20,38,38,49,78,154,154,185,214,245,420,420,420,420],"floor_reached":16,"language":"KOR","playtime":986,"items_purged":[],"score":168,"play_id":"ab4ba0de-dab7-4587-a7dc-38815bd2b5fc","local_time":"20210202162139","is_ascension_mode":true,"campfire_choices":[{"data":"Eruption","floor":6.0,"key":"SMITH"},{"floor":10.0,"key":"REST"},{"data":"Adaptation","floor":15.0,"key":"SMITH"}],"circlet_count":0,"master_deck":["Strike_P","Strike_P","Strike_P","Strike_P","Defend_P","Defend_P","Defend_P","Defend_P","Eruption+1","Vigilance","Adaptation+1","SashWhip","Adaptation","Wireheading"],"relics":["PureWater","PreservedInsect","Omamori","TeardropLocket","Ginger","Odd Mushroom","MealTicket"],"acts_visited":["Exordium"],"potions_floor_usage":[],"damage_taken":[{"damage":1.0,"enemies":"2 Louse","floor":1.0,"turns":3.0},{"damage":0.0,"enemies":"Small Slimes","floor":2.0,"turns":2.0},{"damage":7.0,"enemies":"Jaw Worm","floor":3.0,"turns":3.0},{"damage":20.0,"enemies":"3 Louse","floor":5.0,"turns":5.0},{"damage":3.0,"enemies":"Looter","floor":7.0,"turns":2.0},{"damage":12.0,"enemies":"3 Sentries","floor":8.0,"turns":6.0},{"damage":8.0,"enemies":"Lagavulin","floor":11.0,"turns":4.0},{"damage":8.0,"enemies":"The Mushroom Lair","floor":12.0,"turns":4.0},{"damage":5.0,"enemies":"3 Sentries","floor":13.0,"turns":3.0},{"damage":24,"enemies":"Hexaghost","floor":16,"turns":9}],"seed_played":"-7360568018419965039","potions_obtained":[{"floor":3.0,"key":"EssenceOfSteel"},{"floor":5.0,"key":"Swift Potion"},{"floor":8.0,"key":"FearPotion"}],"is_trial":false,"path_per_floor":["M","M","M","$","M","R","M","E","T","R","E","?","E","?","R","B"],"character_chosen":"WATCHER","items_purchased":["PreservedInsect","Adaptation"],"campfire_rested":1,"item_purchase_floors":[4,4],"current_hp_per_floor":[64,64,57,57,37,37,34,22,22,43,35,27,22,22,22,0,0],"gold":420,"neow_bonus":"HUNDRED_GOLD","is_daily":false,"chose_seed":false,"campfire_upgraded":2,"win_rate":0.0,"timestamp":1612250499,"path_taken":["M","M","M","$","M","R","M","E","T","R","E","?","E","?","R","BOSS"],"items_purchased_type":["Relic","Card"],"build_version":"2020-12-22","purchased_purges":0,"victory":false,"max_hp_per_floor":[72,72,72,72,72,72,72,72,72,72,72,72,72,72,72,72,72],"card_choices":[{"not_picked":["Consecrate","Wallop"],"picked":"Adaptation","floor":1.0},{"not_picked":["Protect","LikeWater","Perseverance"],"picked":"SKIP","floor":2.0},{"not_picked":["BowlingBash","JustLucky"],"picked":"SashWhip","floor":3.0},{"not_picked":["Protect","ThirdEye","ForeignInfluence"],"picked":"SKIP","floor":5.0},{"not_picked":["FollowUp","Pray","FearNoEvil"],"picked":"SKIP","floor":7.0},{"not_picked":["LikeWater","FollowUp"],"picked":"Wireheading","floor":8.0},{"not_picked":["WindmillStrike","WaveOfTheHand","EmptyFist"],"picked":"SKIP","floor":11.0},{"not_picked":["Judgement","Nirvana","Brilliance"],"picked":"SKIP","floor":13.0}],"player_experience":455762,"relics_obtained":[{"floor":8.0,"key":"Omamori"},{"floor":9.0,"key":"TeardropLocket"},{"floor":11.0,"key":"Ginger"},{"floor":12.0,"key":"Odd Mushroom"},{"floor":13.0,"key":"MealTicket"}],"event_choices":[{"damage_healed":0.0,"max_hp_gain":0.0,"max_hp_loss":0.0,"gold_gain":0.0,"event_name":"Mushrooms","player_choice":"Fought Mushrooms","floor":12.0,"gold_loss":0.0,"damage_taken":0.0},{"damage_healed":0.0,"max_hp_gain":0.0,"max_hp_loss":0.0,"gold_gain":175.0,"event_name":"Liars Game","player_choice":"AGREE","floor":14.0,"gold_loss":0.0,"damage_taken":0.0,"cards_obtained":["Doubt"]}],"is_beta":false,"boss_relics":[],"items_purged_floors":[],"is_endless":false,"potions_floor_spawned":[3,5,8],"killed_by":"Hexaghost","ascension_level":8}}