{"host":"2htk0ftrajbcnypf","time":1612240925,"event":{"mods":["AchievementEnabler","BaseMod","Better Note","Custom Start","Minty Spire (QoL Compilation)","Rare Cards Sparkle","Relic Filter Mod","Remove Card Discount Mod","Replay The Spire","StSLib","SuperFastMode"],"gold_per_floor":[114,129,129,129,33,72,72,105,105,105,105,280,300,338,338,338,338],"floor_reached":16,"language":"ZHS","playtime":448,"items_purged":["Regret","Injury","Strike_R","Strike_R","Strike_R","Defend_R","Defend_R","Defend_R"],"score":116,"play_id":"4e70160e-f4a8-4250-bb77-0073a211da6f","local_time":"20210202124205","daily_mods":["Specialized","Purple Cards","Elite Swarm"],"is_ascension_mode":false,"campfire_choices":[{"floor":10,"key":"RECALL"}],"circlet_count":0,"master_deck":["Strike_R","Strike_R","Defend_R","Bash","Consecrate+1","Exhume+1","Vault+1","Doubt"],"relics":["Burning Blood","Membership Card","Frozen Egg 2","Toxic Egg 2","Molten Egg 2","Quantum Egg","Black Star","Ornamental Fan","Golden Idol","Singing Bowl","Centennial Puzzle","The Courier","Chameleon Ring","Peace Pipe","Unceasing Top"],"acts_visited":["Exordium"],"potions_floor_usage":[16],"damage_taken":[{"damage":2,"enemies":"Small Slimes","floor":1,"turns":4},{"damage":0,"enemies":"Cultist","floor":2,"turns":2},{"damage":19,"enemies":"Replay:BlueRogue","floor":6,"turns":4},{"damage":2,"enemies":"Gremlin Nob","floor":8,"turns":3},{"damage":6,"enemies":"2 Louse","floor":13,"turns":3},{"damage":32,"enemies":"3 Sentries","floor":14,"turns":7},{"damage":79,"enemies":"Slime Boss","floor":16,"turns":11}],"seed_played":"4284135673133680468","potions_obtained":[{"floor":8,"key":"FearPotion"},{"floor":14,"key":"Dexterity Potion"}],"is_trial":true,"path_per_floor":["M","M","?","?","$","E","$","E","T","R","?","?","M","E","R","B"],"character_chosen":"IRONCLAD","items_purchased":["Exhume+1"],"campfire_rested":0,"item_purchase_floors":[5],"current_hp_per_floor":[80,80,80,80,80,69,69,73,73,73,73,73,75,51,76,0,0],"gold":338,"neow_bonus":"","is_daily":false,"chose_seed":false,"campfire_upgraded":0,"win_rate":0.0,"timestamp":1612240925,"path_taken":["M","?","?","?","$","E","$","E","T","R","?","?","M","E","R","BOSS"],"items_purchased_type":["Card"],"build_version":"2020-12-22","purchased_purges":8,"victory":false,"max_hp_per_floor":[80,80,80,80,80,82,82,82,82,82,82,82,84,86,86,86,86],"card_choices":[{"not_picked":["Sword Boomerang+1","Study+1"],"picked":"Consecrate+1","floor":1},{"not_picked":["Body Slam+1","BowlingBash+1","EmptyFist+1"],"picked":"SKIP","floor":2},{"not_picked":["Judgement+1","Fiend Fire+1","Double Tap+1"],"picked":"Singing Bowl","floor":6},{"not_picked":["Eclipse+1","Feed+1"],"picked":"Vault+1","floor":8},{"not_picked":["Consecrate+1","Replay:ManipulateFuture+1","WindmillStrike+1"],"picked":"Singing Bowl","floor":13},{"not_picked":["SpiritShield+1","Fiend Fire+1","LessonLearned+1"],"picked":"Singing Bowl","floor":14}],"player_experience":22629,"relics_obtained":[{"floor":6,"key":"Singing Bowl"},{"floor":6,"key":"Centennial Puzzle"},{"floor":8,"key":"The Courier"},{"floor":8,"key":"Chameleon Ring"},{"floor":14,"key":"Peace Pipe"},{"floor":14,"key":"Unceasing Top"}],"event_choices":[{"damage_healed":0,"gold_gain":0,"player_choice":"Box","damage_taken":0,"relics_obtained":["Ornamental Fan"],"max_hp_gain":0,"max_hp_loss":0,"event_name":"Big Fish","floor":3,"gold_loss":0,"cards_obtained":["Regret"]},{"damage_healed":0,"gold_gain":0,"player_choice":"Take Wound","damage_taken":0,"relics_obtained":["Golden Idol"],"max_hp_gain":0,"max_hp_loss":0,"event_name":"Golden Idol","floor":4,"gold_loss":0,"cards_obtained":["Injury"]},{"damage_healed":0,"gold_gain":0,"player_choice":"Leave","damage_taken":0,"max_hp_gain":0,"max_hp_loss":0,"event_name":"The Cleric","floor":11,"gold_loss":0},{"damage_healed":0,"gold_gain":175,"player_choice":"AGREE","damage_taken":0,"max_hp_gain":0,"max_hp_loss":0,"event_name":"Liars Game","floor":12,"gold_loss":0,"cards_obtained":["Doubt"]}],"is_beta":false,"boss_relics":[],"items_purged_floors":[5,5,5,5,5,5,5,5],"is_endless":false,"potions_floor_spawned":[8,14],"killed_by":"Slime Boss","ascension_level":0}}