{"host":"3yynf0dn84873kbr","time":1612247939,"event":{"mods":["Act Like it!","Arknights","BaseMod","CapriCore","Gensokyo","Marisa（F雨　魔理沙）","Minty Spire (QoL Compilation)","StSLib","WarShipGirlsR/战舰少女R mod","[IsaacMod]以撒尖塔"],"gold_per_floor":[112,112,212,212,172,172,200,200,227,245,263,263,277,295,295,391,391,405,405,423,184,194,194,144,144,144,160,160,40,40,50,50,153,153,153,153],"floor_reached":35,"language":"ZHS","playtime":1689,"items_purged":[],"score":355,"play_id":"da571a28-a4c7-4a0b-8f7f-6894770c57ec","local_time":"20210202143859","is_ascension_mode":false,"campfire_choices":[{"data":"ats:Magnetic Hammer","floor":6,"key":"SMITH"},{"data":"ats:Part Time Job","floor":12,"key":"SMITH"},{"data":"ats:Beaten Up","floor":15,"key":"SMITH"},{"data":"ats:Thorns","floor":23,"key":"SMITH"},{"data":"ats:Emotion Absorption","floor":25,"key":"SMITH"},{"floor":28,"key":"REST"},{"data":"ats:Shell Defense","floor":32,"key":"SMITH"}],"circlet_count":0,"master_deck":["ats:Strike C","ats:Strike G","ats:Strike S","ats:Strike V","ats:Armor Crushing Shot","ats:Defend","ats:Defend","ats:Defend","ats:Defend","ats:Emotion Absorption+1","EpicFetus","ats:Shell Defense+1","ats:Magnetic Hammer+1","ats:Powerful Strike","ats:Steam Pump","ats:Part Time Job+1","ats:Thorns+1","ats:Consecutive Shot Auto","ats:Hammer On","ats:Beaten Up+1","ats:Soul Rend","ats:Shell Defense+1","ats:Shell Defense","ats:Explosion Area Strengthen","ats:Red Shift+1","ats:Shadow Assault"],"relics":["ats:Sanity","HushsDoor","Boot","Void","ats:Originium","White Beast Statue","TheBean","ats:Tactical Delivery","Matryoshka","Eternal Feather","The Courier","Gensokyo:MaskOfHope","ChampionBelt"],"acts_visited":["Exordium","Gensokyo:Gensokyo","Gensokyo:Gensokyoer"],"potions_floor_usage":[16,16,16,33,33],"damage_taken":[{"damage":5,"enemies":"Gensokyo:3_Fairies","floor":1,"turns":6},{"damage":17,"enemies":"Gensokyo:Mamizou","floor":7,"turns":9},{"damage":0,"enemies":"Gensokyo:Gryphon","floor":10,"turns":4},{"damage":5,"enemies":"Gensokyo:Python","floor":11,"turns":4},{"damage":10,"enemies":"Gensokyo:VengefulSpirit","floor":13,"turns":6},{"damage":4,"enemies":"Gensokyo:LivingMonolith","floor":14,"turns":4},{"damage":63,"enemies":"Gensokyo:Reimu","floor":16,"turns":12},{"damage":16,"enemies":"Gensokyo:AngelMirror","floor":18,"turns":6},{"damage":20,"enemies":"Gensokyo:Chomper","floor":20,"turns":8},{"damage":20,"enemies":"Gensokyo:Mirror_and_Dog","floor":22,"turns":7},{"damage":80,"enemies":"Gensokyo:3_Gloops","floor":27,"turns":7},{"damage":2,"enemies":"Gensokyo:Wraith","floor":31,"turns":5},{"damage":102,"enemies":"Gensokyo:Eternal_Rivals","floor":33,"turns":12},{"damage":97,"enemies":"Gensokyo:Marisa","floor":35,"turns":6}],"seed_played":"8789530120376164114","potions_obtained":[{"floor":10,"key":"EntropicBrew"},{"floor":11,"key":"Block Potion"},{"floor":13,"key":"LiquidMemories"},{"floor":33,"key":"Dexterity Potion"}],"is_trial":false,"path_per_floor":["M","?","?","?","?","R","E","$","T","M","M","R","M","M","R","B",null,"M","?","M","$","M","R","?","R","T","M","R","?","$","M","R","B",null,"M"],"character_chosen":"DOCTOR_CLASS","items_purchased":["Matryoshka"],"campfire_rested":1,"item_purchase_floors":[21],"current_hp_per_floor":[67,67,67,67,67,67,55,55,55,64,64,64,64,66,66,30,72,65,65,64,64,66,66,73,73,73,23,58,58,58,69,79,40,69,0,0],"gold":153,"neow_bonus":"RANDOM_COMMON_RELIC","is_daily":false,"chose_seed":false,"campfire_upgraded":6,"win_rate":0.0,"timestamp":1612247939,"path_taken":["M","?","?","?","?","R","E","?","T","M","M","R","M","?","R","BOSS","M","?","?","$","M","R","?","R","T","M","R","?","?","M","R","BOSS","M"],"items_purchased_type":["Relic"],"build_version":"2020-12-22","purchased_purges":0,"victory":false,"max_hp_per_floor":[72,72,72,72,72,72,72,72,72,72,72,72,72,72,72,72,72,72,72,72,72,72,72,79,79,79,79,79,79,79,79,79,79,79,79,79],"card_choices":[{"not_picked":[],"picked":"EpicFetus","floor":0},{"not_picked":["ats:Very Hot Blade","ats:Part Time Job"],"picked":"ats:Shell Defense","floor":1},{"not_picked":[],"picked":"ats:Magnetic Hammer","floor":5},{"not_picked":[],"picked":"ats:Powerful Strike","floor":5},{"not_picked":[],"picked":"ats:Steam Pump","floor":5},{"not_picked":["ats:Consecutive Shot Auto","ats:Counter Healing Mode"],"picked":"ats:Part Time Job","floor":7},{"not_picked":["ats:Explosion Area Strengthen","ats:Shell Defense"],"picked":"ats:Thorns","floor":10},{"not_picked":["ats:Flame Of Heaven","ats:Directed Diagnosis"],"picked":"ats:Consecutive Shot Auto","floor":11},{"not_picked":["ats:Cat Scratch","ats:Powerful Strike"],"picked":"ats:Hammer On","floor":13},{"not_picked":["ats:Automatic Cover","ats:Revitalization"],"picked":"ats:Beaten Up","floor":14},{"not_picked":["ats:Wolf Pack","ats:Dogmatic Field"],"picked":"ats:Soul Rend","floor":16},{"not_picked":["ats:Shadow Raid+1","ats:Beaten Up"],"picked":"ats:Shell Defense","floor":18},{"not_picked":["ats:Collapsing Strike","ats:Beaten Up"],"picked":"ats:Shell Defense","floor":20},{"not_picked":["ats:Directed Diagnosis+1","ats:Flexible Camouflage"],"picked":"ats:Explosion Area Strengthen","floor":22},{"not_picked":["ats:Explosion Area Strengthen","ats:Ignite","ats:Closed Bolt Burst Fire"],"picked":"SKIP","floor":27},{"not_picked":["ats:Mental Burst","ats:Powerful Strike"],"picked":"ats:Red Shift+1","floor":31},{"not_picked":["ats:True Silver Slash","ats:Nebulous Foxfire"],"picked":"ats:Shadow Assault","floor":33}],"player_experience":144867,"relics_obtained":[{"floor":7,"key":"ats:Originium"},{"floor":7,"key":"White Beast Statue"},{"floor":9,"key":"TheBean"},{"floor":26,"key":"Eternal Feather"},{"floor":26,"key":"The Courier"}],"event_choices":[],"is_beta":false,"boss_relics":[{"not_picked":["SacredBark","Ectoplasm"],"picked":"ats:Tactical Delivery"},{"not_picked":[]},{"not_picked":["Coffee Dripper","Velvet Choker"],"picked":"ChampionBelt"},{"not_picked":[]}],"items_purged_floors":[],"is_endless":false,"potions_floor_spawned":[10,11,13,14,16,18,20,22,27,31,33],"killed_by":"Gensokyo:Marisa","ascension_level":20}}