{"host":"2sct7qpnpunnnd84","time":1612243295,"event":{"mods":["BaseMod","Googly Eyes","Minty Spire (QoL Compilation)","Quick Restart","Shop Mod","The IronCluck"],"gold_per_floor":[213,213,213,66,31,58,58,69,69,144,161,161,57,72,72,184,184,209,127,127,148,148,192,192,213,213,114,136,26,49,71,71,182,182,202,225,99,122,141,141,150,169,195,19,28,28,56,109,118,118,118],"floor_reached":50,"language":"ENG","playtime":2816,"items_purged":[],"score":539,"play_id":"1ca69ffb-7333-4040-895f-3c7c336e7600","local_time":"20210201212135","is_ascension_mode":false,"campfire_choices":[{"data":"Bludgeon","floor":7.0,"key":"SMITH"},{"data":"Inflame","floor":15.0,"key":"SMITH"},{"floor":24.0,"key":"REST"},{"data":"Apotheosis","floor":32.0,"key":"SMITH"},{"data":"Armaments","floor":40.0,"key":"SMITH"},{"floor":45.0,"key":"REST"},{"floor":49,"key":"REST"}],"circlet_count":0,"master_deck":["Strike_R","Strike_R","Strike_R","Strike_R","Strike_R","Defend_R+1","Defend_R","Defend_R+1","Defend_R","Bash","Headbutt","Bludgeon+1","Thunderclap","Flex","Inflame+1","Reaper","Flex","Flex","Armaments+1","Flex+1","Heavy Blade","Spot Weakness","Body Slam+1","Apotheosis+1","Rage","Fire Breathing","Clash+1","Immolate","Cleave+1","Shrug It Off+1","Parasite","Seeing Red+1","HandOfGreed","Inflame+1","Rampage","Uppercut","Seeing Red+1","Parasite","Flame Barrier+1","Body Slam+1"],"relics":["Burning Blood","Membership Card","Mercury Hourglass","MealTicket","CeramicFish","MerchantsRug","Philosopher\u0027s Stone","Oddly Smooth Stone","Meat on the Bone","Ice Cream","Eternal Feather","Bronze Scales","Runic Pyramid","Paper Frog","Strawberry","Vajra","Dream Catcher"],"acts_visited":["Exordium","TheCity","TheBeyond"],"potions_floor_usage":[48,50],"damage_taken":[{"damage":3.0,"enemies":"Jaw Worm","floor":1.0,"turns":4.0},{"damage":12.0,"enemies":"Gremlin Nob","floor":6.0,"turns":4.0},{"damage":0.0,"enemies":"2 Louse","floor":8.0,"turns":2.0},{"damage":5.0,"enemies":"Small Slimes","floor":11.0,"turns":2.0},{"damage":12.0,"enemies":"3 Louse","floor":14.0,"turns":2.0},{"damage":48.0,"enemies":"Hexaghost","floor":16.0,"turns":6.0},{"damage":0.0,"enemies":"Spheric Guardian","floor":18.0,"turns":3.0},{"damage":33.0,"enemies":"2 Thieves","floor":21.0,"turns":4.0},{"damage":66.0,"enemies":"Slavers","floor":23.0,"turns":6.0},{"damage":14.0,"enemies":"Snake Plant","floor":25.0,"turns":4.0},{"damage":16.0,"enemies":"Centurion and Healer","floor":28.0,"turns":4.0},{"damage":30.0,"enemies":"Shelled Parasite and Fungi","floor":30.0,"turns":4.0},{"damage":3.0,"enemies":"Chosen and Byrds","floor":31.0,"turns":3.0},{"damage":62.0,"enemies":"Collector","floor":33.0,"turns":7.0},{"damage":10.0,"enemies":"Orb Walker","floor":35.0,"turns":3.0},{"damage":8.0,"enemies":"3 Darklings","floor":36.0,"turns":3.0},{"damage":21.0,"enemies":"Writhing Mass","floor":38.0,"turns":4.0},{"damage":39.0,"enemies":"Maw","floor":39.0,"turns":7.0},{"damage":14.0,"enemies":"3 Darklings","floor":42.0,"turns":3.0},{"damage":3.0,"enemies":"Sphere and 2 Shapes","floor":47.0,"turns":2.0},{"damage":0,"enemies":"Writhing Mass","floor":48,"turns":3},{"damage":134,"enemies":"Time Eater","floor":50,"turns":9}],"seed_played":"2987816596057618676","potions_obtained":[{"floor":8.0,"key":"LiquidMemories"},{"floor":14.0,"key":"Energy Potion"},{"floor":21.0,"key":"Strength Potion"},{"floor":28.0,"key":"SpeedPotion"},{"floor":30.0,"key":"ColorlessPotion"},{"floor":33.0,"key":"SpeedPotion"},{"floor":35.0,"key":"FearPotion"},{"floor":36.0,"key":"DistilledChaos"},{"floor":39.0,"key":"LiquidMemories"},{"floor":46.0,"key":"FairyPotion"}],"is_trial":false,"path_per_floor":["M","?","?","$","?","E","R","M","T","?","M","?","$","M","R","B",null,"M","$","?","M","?","E","R","M","T","$","M","$","M","M","R","B",null,"M","M","$","M","M","R","?","M","T","$","R","?","M","M","R","B"],"character_chosen":"IRONCLAD","items_purchased":["Membership Card","Inflame","MerchantsRug","Flex","Oddly Smooth Stone","Spot Weakness","Bronze Scales","Apotheosis","Rage","Paper Frog","Vajra","Dream Catcher","Rampage"],"campfire_rested":3,"item_purchase_floors":[4,13,13,19,19,27,27,29,29,37,44,44,44],"current_hp_per_floor":[80,68,68,68,80,74,74,80,80,69,70,70,80,74,74,32,80,80,80,80,60,60,30,54,52,52,67,70,80,56,59,74,38,80,80,78,80,65,54,72,72,80,87,87,87,87,87,87,87,0,0],"gold":118,"neow_bonus":"HUNDRED_GOLD","is_daily":false,"chose_seed":false,"campfire_upgraded":4,"win_rate":0.0,"timestamp":1612243295,"path_taken":["M","?","?","$","?","E","R","M","T","?","M","?","$","M","R","BOSS","M","$","?","M","?","E","R","M","T","$","M","$","M","M","R","BOSS","M","M","$","?","M","R","?","M","T","$","R","?","?","M","R","BOSS"],"items_purchased_type":["Relic","Card","Relic","Card","Relic","Card","Relic","Card","Card","Relic","Relic","Relic","Card"],"build_version":"2020-12-22","purchased_purges":0,"victory":false,"max_hp_per_floor":[80,80,80,80,80,80,80,80,80,80,80,80,80,80,80,80,80,80,80,80,80,80,80,80,80,80,80,80,80,80,80,80,80,80,80,80,80,80,80,80,80,80,87,87,87,87,87,87,87,87,87],"card_choices":[{"not_picked":["Iron Wave","Intimidate"],"picked":"Headbutt","floor":1.0},{"not_picked":["Feel No Pain","Metallicize"],"picked":"Bludgeon","floor":6.0},{"not_picked":["Wild Strike","Battle Trance"],"picked":"Thunderclap","floor":8.0},{"not_picked":["Shrug It Off","Reaper"],"picked":"Flex","floor":11.0},{"not_picked":["Entrench","Sentinel","Sever Soul"],"picked":"SKIP","floor":14.0},{"not_picked":["Offering","Berserk"],"picked":"Reaper","floor":16.0},{"not_picked":["Body Slam","Feel No Pain"],"picked":"Flex","floor":18.0},{"not_picked":["Clash","Iron Wave"],"picked":"Armaments","floor":21.0},{"not_picked":["Shrug It Off","Barricade"],"picked":"Flex+1","floor":23.0},{"not_picked":["Clash","Perfected Strike"],"picked":"Heavy Blade","floor":25.0},{"not_picked":["Headbutt","Warcry+1"],"picked":"Body Slam+1","floor":28.0},{"not_picked":["Blood for Blood+1","Perfected Strike+1"],"picked":"Fire Breathing","floor":30.0},{"not_picked":["Warcry","Offering"],"picked":"Clash+1","floor":31.0},{"not_picked":["Exhume","Offering"],"picked":"Immolate","floor":33.0},{"not_picked":["Flex","Body Slam"],"picked":"Cleave+1","floor":35.0},{"not_picked":["Uppercut","Searing Blow+1"],"picked":"Shrug It Off+1","floor":36.0},{"not_picked":["Anger","Pommel Strike","Havoc+1"],"picked":"SKIP","floor":38.0},{"not_picked":["Warcry+1","Entrench+1"],"picked":"Seeing Red+1","floor":39.0},{"not_picked":["Secret Technique","Mayhem"],"picked":"HandOfGreed","floor":41.0},{"not_picked":["Uppercut","Second Wind"],"picked":"Inflame+1","floor":42.0},{"not_picked":["Anger","Feel No Pain"],"picked":"Uppercut","floor":45.0},{"not_picked":["Clash","Infernal Blade+1"],"picked":"Seeing Red+1","floor":47.0},{"not_picked":["Armaments+1","Anger+1"],"picked":"Flame Barrier+1","floor":48},{"not_picked":["Clothesline+1","Havoc"],"picked":"Body Slam+1","floor":49}],"player_experience":3417879,"relics_obtained":[{"floor":6.0,"key":"Mercury Hourglass"},{"floor":9.0,"key":"MealTicket"},{"floor":23.0,"key":"Ice Cream"},{"floor":26.0,"key":"Eternal Feather"},{"floor":43.0,"key":"Strawberry"}],"event_choices":[{"damage_healed":0.0,"max_hp_gain":0.0,"max_hp_loss":0.0,"gold_gain":0.0,"event_name":"Scrap Ooze","player_choice":"Success","floor":2.0,"gold_loss":0.0,"damage_taken":12.0,"relics_obtained":["War Paint"]},{"damage_healed":0.0,"max_hp_gain":0.0,"max_hp_loss":0.0,"gold_gain":0.0,"event_name":"Golden Wing","player_choice":"Ignored","floor":3.0,"gold_loss":0.0,"damage_taken":0.0},{"damage_healed":20.0,"max_hp_gain":0.0,"max_hp_loss":0.0,"gold_gain":0.0,"event_name":"The Cleric","player_choice":"Healed","floor":5.0,"gold_loss":35.0,"damage_taken":0.0},{"damage_healed":0.0,"max_hp_gain":0.0,"max_hp_loss":0.0,"gold_gain":75.0,"event_name":"World of Goop","player_choice":"Gather Gold","floor":10.0,"gold_loss":0.0,"damage_taken":11.0},{"damage_healed":0.0,"max_hp_gain":0.0,"max_hp_loss":0.0,"gold_gain":0.0,"event_name":"Dead Adventurer","player_choice":"Searched \u00271\u0027 times","floor":12.0,"gold_loss":0.0,"damage_taken":0.0,"relics_obtained":["CeramicFish"]},{"damage_healed":0.0,"max_hp_gain":0.0,"max_hp_loss":0.0,"gold_gain":0.0,"event_name":"Cursed Tome","player_choice":"Ignored","floor":20.0,"gold_loss":0.0,"damage_taken":0.0},{"damage_healed":0.0,"max_hp_gain":0.0,"max_hp_loss":0.0,"gold_gain":0.0,"event_name":"WeMeetAgain","player_choice":"Gave Potion","floor":22.0,"gold_loss":0.0,"damage_taken":0.0,"relics_obtained":["Meat on the Bone"]},{"damage_healed":0.0,"max_hp_gain":0.0,"max_hp_loss":0.0,"gold_gain":0.0,"event_name":"SensoryStone","player_choice":"Memory 1","floor":41.0,"gold_loss":0.0,"damage_taken":0.0},{"damage_healed":0.0,"max_hp_gain":0.0,"max_hp_loss":0.0,"gold_gain":0.0,"event_name":"Lab","player_choice":"Got Potions","floor":46.0,"gold_loss":0.0,"damage_taken":0.0}],"is_beta":false,"boss_relics":[{"not_picked":["Runic Cube","Coffee Dripper"],"picked":"Philosopher\u0027s Stone"},{"not_picked":["Busted Crown","Sozu"],"picked":"Runic Pyramid"}],"items_purged_floors":[],"is_endless":false,"potions_floor_spawned":[8,14,21,28,30,33,35,36,39],"killed_by":"Time Eater","ascension_level":0}}