{"host":"ve0f21dbjbxv4x93","time":1612282861,"event":{"mods":["AchievementEnabler","BaseMod","Downfall","Hermit","Minty Spire (QoL Compilation)","Replay The Spire","StSLib","The Cursed"],"gold_per_floor":[115,115,126,126,144,160,176,176,200,211,225,225,150,225,225,330,330,348,362,362,376,276,305,305,315,339,339,254,271,300,175,175,273,273,290,301,301,314,164,164,179,179,179,179,197,197,211,211,211,211,211],"floor_reached":50,"language":"ENG","playtime":7827,"items_purged":["TheCursedMod:Defend_TheCursed","TheCursedMod:Defend_TheCursed","TheCursedMod:Defend_TheCursed","TheCursedMod:Strike_TheCursed"],"score":851,"play_id":"ccb5c5e0-fcab-4f7d-9213-1db78728a2a7","local_time":"20210202162101","is_ascension_mode":false,"campfire_choices":[{"data":"TheCursedMod:CollectTribute","floor":8.0,"key":"SMITH"},{"data":"TheCursedMod:CleanUpWorkshop","floor":12.0,"key":"SMITH"},{"data":"TheCursedMod:CursedSpellbook","floor":15.0,"key":"SMITH"},{"floor":24.0,"key":"REST"},{"data":"TheCursedMod:SmokeScreen","floor":27.0,"key":"SMITH"},{"floor":32.0,"key":"REST"},{"data":"TheCursedMod:Neurasthenia","floor":40.0,"key":"SMITH"},{"data":"TheCursedMod:AntiAging","floor":42.0,"key":"SMITH"},{"data":"TheCursedMod:SurpriseAttack","floor":44.0,"key":"SMITH"},{"data":"TheCursedMod:SurpriseAttack","floor":46,"key":"SMITH"},{"data":"TheCursedMod:CursedAmulet","floor":49,"key":"SMITH"}],"circlet_count":0,"master_deck":["TheCursedMod:Strike_TheCursed","TheCursedMod:Strike_TheCursed+1","TheCursedMod:CursedWand+1","TheCursedMod:CleanUpWorkshop+1","TheCursedMod:Dregs","TheCursedMod:CursedAmulet+1","TheCursedMod:SpitefulStrike+1","TheCursedMod:CursedSpellbook+1","TheCursedMod:CollectTribute+1","TheCursedMod:SmokeScreen+1","TheCursedMod:AntiAging+1","Sickly","TheCursedMod:CursedSpellbook+1","TheCursedMod:SpitefulStrike+1","TheCursedMod:SurpriseAttack+1","TheCursedMod:BlessingInDisguise+1","TheCursedMod:Neurasthenia+1","TheCursedMod:SurpriseAttack+1","Parasite","TheCursedMod:SpitefulStrike+1"],"relics":["TheCursedMod:BlackMagic101","Blood Vial","Omamori","Replay:Ancient Bell","Lantern","Kunai","Counterbalance","PreservedInsect","Whetstone","Gremlin Food","TheCursedMod:Tack","Painkiller Herb","Prayer Wheel"],"acts_visited":["Exordium","TheCity","TheBeyond"],"potions_floor_usage":[45,50],"damage_taken":[{"damage":2.0,"enemies":"Cultist","floor":1.0,"turns":5.0},{"damage":1.0,"enemies":"2 Louse","floor":3.0,"turns":2.0},{"damage":2.0,"enemies":"Jaw Worm","floor":5.0,"turns":7.0},{"damage":9.0,"enemies":"Exordium Wildlife","floor":6.0,"turns":7.0},{"damage":2.0,"enemies":"2 Fungi Beasts","floor":7.0,"turns":4.0},{"damage":8.0,"enemies":"Gremlin Gang","floor":10.0,"turns":6.0},{"damage":0.0,"enemies":"Looter","floor":11.0,"turns":4.0},{"damage":29.0,"enemies":"The Guardian","floor":16.0,"turns":10.0},{"damage":22.0,"enemies":"Spheric Guardian","floor":18.0,"turns":8.0},{"damage":5.0,"enemies":"Shell Parasite","floor":19.0,"turns":5.0},{"damage":36.0,"enemies":"Centurion and Healer","floor":21.0,"turns":14.0},{"damage":9.0,"enemies":"Gremlin Leader","floor":23.0,"turns":5.0},{"damage":2.0,"enemies":"Snake Plant","floor":25.0,"turns":6.0},{"damage":12.0,"enemies":"3 Cultists","floor":29.0,"turns":6.0},{"damage":0.0,"enemies":"Book of Stabbing","floor":30.0,"turns":4.0},{"damage":3.0,"enemies":"Pondfish","floor":33.0,"turns":10.0},{"damage":4.0,"enemies":"3 Shapes","floor":35.0,"turns":4.0},{"damage":0.0,"enemies":"Orb Walker","floor":36.0,"turns":3.0},{"damage":0.0,"enemies":"4 Shapes","floor":38.0,"turns":6.0},{"damage":6.0,"enemies":"Writhing Mass","floor":41.0,"turns":7.0},{"damage":2,"enemies":"Jaw Worm Horde","floor":45,"turns":4},{"damage":3,"enemies":"Transient","floor":47,"turns":5},{"damage":110,"enemies":"Time Eater","floor":50,"turns":16}],"seed_played":"-4510206734174605545","potions_obtained":[{"floor":1.0,"key":"LifebloodPotion"},{"floor":5.0,"key":"Swift Potion"},{"floor":6.0,"key":"Block Potion"},{"floor":18.0,"key":"FearPotion"},{"floor":21.0,"key":"Guardian:BlockOnCardUsePotion"},{"floor":25.0,"key":"Elixir"},{"floor":33.0,"key":"Block Potion"},{"floor":35.0,"key":"Adrenaline Potion"},{"floor":45,"key":"Block Potion"}],"is_trial":false,"path_per_floor":["M","?","M","?","M","M","M","R","T","M","M","R","$","?","R","B",null,"M","M","?","M","$","E","R","M","T","R","?","M","E","$","R","B",null,"?","?","?","?","T","T","?","T","T","T","?","T","?","?","T","B"],"character_chosen":"THE_CURSED","items_purchased":[],"campfire_rested":2,"item_purchase_floors":[],"current_hp_per_floor":[80,73,74,74,74,67,67,67,67,61,63,63,63,52,52,25,82,62,61,61,29,29,24,51,53,53,53,53,45,49,49,77,78,98,96,100,100,104,104,104,100,100,100,100,100,100,102,102,102,0,0],"gold":211,"neow_bonus":"TEN_PERCENT_HP_BONUS","is_daily":false,"chose_seed":false,"campfire_upgraded":9,"win_rate":0.0,"timestamp":1612282861,"path_taken":["M","?","M","?","M","M","M","R","T","?","M","R","?","?","R","BOSS","M","M","?","M","$","E","R","M","T","R","?","M","E","?","R","BOSS","?","?","?","?","T","T","?","T","T","T","?","T","?","?","T","BOSS"],"items_purchased_type":[],"build_version":"2020-12-22","purchased_purges":4,"victory":false,"max_hp_per_floor":[82,82,82,82,82,82,82,82,82,82,82,82,82,82,82,82,82,84,86,86,88,88,90,90,92,92,92,92,94,96,96,96,98,98,100,102,102,104,104,104,106,106,106,106,106,106,109,109,109,112,112],"card_choices":[{"not_picked":["TheCursedMod:AbyssShockwave","TheCursedMod:CircleOfFlame"],"picked":"TheCursedMod:CursedAmulet","floor":1.0},{"not_picked":["TheCursedMod:CursedMace","TheCursedMod:CursedArmor","TheCursedMod:Torture"],"picked":"SKIP","floor":3.0},{"not_picked":["TheCursedMod:CursedBlade","TheCursedMod:WearCloak"],"picked":"TheCursedMod:SpitefulStrike","floor":5.0},{"not_picked":["TheCursedMod:LuckyCharm","TheCursedMod:Stretching"],"picked":"TheCursedMod:CursedSpellbook","floor":6.0},{"not_picked":["TheCursedMod:Stretching","TheCursedMod:PrepareRite"],"picked":"TheCursedMod:CollectTribute","floor":7.0},{"not_picked":["TheCursedMod:WearCloak","TheCursedMod:VitalStrike"],"picked":"TheCursedMod:SmokeScreen","floor":10.0},{"not_picked":["TheCursedMod:RavingStaff","TheCursedMod:CircleOfCorruption","TheCursedMod:Stretching"],"picked":"SKIP","floor":11.0},{"not_picked":["TheCursedMod:CircleOfAbyss","TheCursedMod:ShockAndAwe"],"picked":"TheCursedMod:AntiAging","floor":16.0},{"not_picked":["Pain","hermit:ImpendingDoom"],"picked":"Sickly","floor":17.0},{"not_picked":["Decay","downfall:Bewildered"],"picked":"downfall:Icky","floor":17.0},{"not_picked":["downfall:Malfunctioning","Spreading Infection"],"picked":"Sickly","floor":17.0},{"not_picked":["TheCursedMod:Stretching","TheCursedMod:CircleOfFocus"],"picked":"TheCursedMod:CursedSpellbook+1","floor":18.0},{"not_picked":["TheCursedMod:ManaCirculation","TheCursedMod:CursedMace+1","TheCursedMod:Evocation"],"picked":"SKIP","floor":19.0},{"not_picked":["TheCursedMod:SmokeScreen","TheCursedMod:CursedAmulet","TheCursedMod:Wield"],"picked":"SKIP","floor":21.0},{"not_picked":["TheCursedMod:TroublousMinions","TheCursedMod:SmokeScreen"],"picked":"TheCursedMod:SpitefulStrike+1","floor":23.0},{"not_picked":["TheCursedMod:ParallelWorld","TheCursedMod:CircleOfFlame+1"],"picked":"TheCursedMod:SurpriseAttack","floor":25.0},{"not_picked":["TheCursedMod:CursedMace","TheCursedMod:SurpriseAttack"],"picked":"TheCursedMod:BlessingInDisguise+1","floor":29.0},{"not_picked":["TheCursedMod:SoulCrush","TheCursedMod:ForbiddenAlchemy","TheCursedMod:CircleOfAmplification+1"],"picked":"SKIP","floor":30.0},{"not_picked":["TheCursedMod:ShockAndAwe","TheCursedMod:StunningStrike"],"picked":"TheCursedMod:Neurasthenia","floor":33.0},{"not_picked":["TheCursedMod:CursedBlade+1","TheCursedMod:SpitefulStrike+1","TheCursedMod:CursedAmulet"],"picked":"SKIP","floor":35.0},{"not_picked":["TheCursedMod:FleshFromBone","TheCursedMod:Grudge+1"],"picked":"TheCursedMod:SurpriseAttack","floor":36.0},{"not_picked":["TheCursedMod:AbyssShockwave","TheCursedMod:RavingStaff+1","TheCursedMod:CircleOfCorruption"],"picked":"SKIP","floor":38.0},{"not_picked":["TheCursedMod:SmokeScreen+1","TheCursedMod:Obscuration","TheCursedMod:BlessingInDisguise+1"],"picked":"SKIP","floor":41.0},{"not_picked":["TheCursedMod:ManaBullet+1","TheCursedMod:FleshFromBone+1","TheCursedMod:DoubleShield"],"picked":"SKIP","floor":45},{"not_picked":["TheCursedMod:CursedBlade+1","TheCursedMod:FleshFromBone","TheCursedMod:ShockAndAwe"],"picked":"SKIP","floor":45},{"not_picked":["TheCursedMod:CursedBoomerang+1","TheCursedMod:AbyssShockwave+1"],"picked":"TheCursedMod:SpitefulStrike+1","floor":47},{"not_picked":["TheCursedMod:Obscuration+1","TheCursedMod:Grudge","TheCursedMod:VitalStrike"],"picked":"SKIP","floor":47}],"player_experience":215928,"relics_obtained":[{"floor":9.0,"key":"Omamori"},{"floor":23.0,"key":"PreservedInsect"},{"floor":26.0,"key":"Whetstone"},{"floor":30.0,"key":"TheCursedMod:Tack"},{"floor":43.0,"key":"Prayer Wheel"}],"event_choices":[{"damage_healed":0.0,"max_hp_gain":0.0,"max_hp_loss":0.0,"gold_gain":0.0,"event_name":"Scrap Ooze","player_choice":"Success","floor":2.0,"gold_loss":0.0,"damage_taken":7.0,"relics_obtained":["Blood Vial"]},{"cards_removed":["TheCursedMod:Strike_TheCursed"],"damage_healed":0.0,"max_hp_gain":0.0,"max_hp_loss":0.0,"gold_gain":0.0,"event_name":"Purifier","player_choice":"Purged","floor":4.0,"gold_loss":0.0,"damage_taken":0.0},{"damage_healed":0.0,"max_hp_gain":0.0,"max_hp_loss":0.0,"gold_gain":75.0,"event_name":"World of Goop","player_choice":"Gather Gold","floor":14.0,"gold_loss":0.0,"damage_taken":11.0},{"damage_healed":0.0,"max_hp_gain":0.0,"max_hp_loss":0.0,"gold_gain":0.0,"event_name":"Addict","player_choice":"Obtained Relic","floor":28.0,"gold_loss":85.0,"damage_taken":0.0,"relics_obtained":["Gremlin Food"]},{"damage_healed":0.0,"max_hp_gain":0.0,"max_hp_loss":0.0,"gold_gain":0.0,"event_name":"Tomb of Lord Red Mask","player_choice":"Ignored","floor":37.0,"gold_loss":0.0,"damage_taken":0.0},{"cards_removed":["TheCursedMod:Defend_TheCursed"],"damage_healed":0,"gold_gain":0,"player_choice":"Purged","damage_taken":0,"max_hp_gain":0,"max_hp_loss":0,"event_name":"Purifier","floor":48,"gold_loss":0}],"is_beta":false,"boss_relics":[{"not_picked":["SacredBark","Coffee Dripper"],"picked":"Replay:Ancient Bell"},{"not_picked":["Pen Nib","Juzu Bracelet"],"picked":"Lantern"},{"not_picked":["Quantum Egg","Meat on the Bone"],"picked":"Kunai"},{"not_picked":["Replay:Kaleidoscope","Thread and Needle"],"picked":"Counterbalance"},{"not_picked":["bronze:MakeshiftBattery","Honey Jar"],"picked":"Painkiller Herb"}],"items_purged_floors":[13,22,31,39],"is_endless":false,"potions_floor_spawned":[1,5,6,18,21,25,33,35,45],"killed_by":"Time Eater","ascension_level":0}}