{"host":"r53pw7z744tg3fxg","time":1612283817,"event":{"mods":["AchievementEnabler","BaseMod","Colored Map","Colored Powertips","Highlight Path","Minty Spire (QoL Compilation)","Quick Restart","Transform Curses"],"gold_per_floor":[111,130,142,31,50,50,113,113,113],"floor_reached":8,"language":"ENG","playtime":1101,"items_purged":[],"score":91,"play_id":"3d44ccf9-7d82-452e-b7aa-88d96493459a","local_time":"20210202093657","is_ascension_mode":true,"campfire_choices":[{"floor":6,"key":"REST"}],"circlet_count":0,"master_deck":["AscendersBane","Strike_P","Strike_P","Strike_P","Strike_P","Defend_P","Defend_P","Defend_P","Defend_P","Eruption","Vigilance","Devotion","WindmillStrike","Sanctity","BattleHymn","BowlingBash","ClearTheMind"],"relics":["PureWater","Kunai"],"acts_visited":["Exordium"],"potions_floor_usage":[5,8],"damage_taken":[{"damage":0,"enemies":"2 Louse","floor":1,"turns":5},{"damage":7,"enemies":"Jaw Worm","floor":2,"turns":3},{"damage":0,"enemies":"Cultist","floor":3,"turns":2},{"damage":16,"enemies":"Large Slime","floor":5,"turns":4},{"damage":17,"enemies":"3 Sentries","floor":7,"turns":7},{"damage":51,"enemies":"Gremlin Nob","floor":8,"turns":4}],"seed_played":"-1496744948859259727","potions_obtained":[{"floor":1,"key":"Swift Potion"},{"floor":7,"key":"BlessingOfTheForge"}],"is_trial":false,"path_per_floor":["M","M","M","$","M","R","?","E"],"character_chosen":"WATCHER","items_purchased":["BattleHymn","BowlingBash"],"campfire_rested":1,"item_purchase_floors":[4,4],"current_hp_per_floor":[61,54,54,54,38,58,41,0,0],"gold":113,"neow_bonus":"ONE_RANDOM_RARE_CARD","is_daily":false,"chose_seed":false,"campfire_upgraded":0,"win_rate":0.0,"timestamp":1612283817,"path_taken":["M","M","M","$","M","R","?","E"],"items_purchased_type":["Card","Card"],"build_version":"2020-12-22","purchased_purges":0,"victory":false,"max_hp_per_floor":[68,68,68,68,68,68,68,68,68],"card_choices":[{"not_picked":["BowlingBash","FollowUp"],"picked":"WindmillStrike","floor":1},{"not_picked":["WindmillStrike","EmptyMind","Protect"],"picked":"SKIP","floor":2},{"not_picked":["WreathOfFlame","Vengeance"],"picked":"Sanctity","floor":3},{"not_picked":["CrushJoints","FollowUp"],"picked":"ClearTheMind","floor":5}],"player_experience":1422039,"relics_obtained":[{"floor":7,"key":"Kunai"}],"event_choices":[{"damage_healed":0,"gold_gain":0,"player_choice":"Searched \u00271\u0027 times","damage_taken":0,"max_hp_gain":0,"max_hp_loss":0,"event_name":"Dead Adventurer","floor":7,"gold_loss":0}],"is_beta":false,"boss_relics":[],"items_purged_floors":[],"is_endless":false,"potions_floor_spawned":[1,7],"killed_by":"Gremlin Nob","ascension_level":18}}