{"host":"c44ey07ufggfw2m8","time":1612265059,"event":{"mods":["2.2 Compatiblity","BaseMod","Colored Map","DeckTracker","Highlight Path","Keyboard Shortcuts","Minty Spire (QoL Compilation)","Permanent Neow","Quick Restart","StSLib","SuperFastMode","UnlockEverythingMod"],"gold_per_floor":[119,134,153,228,242,273,273,273,273,223,235,160,186,186,186,287,287,298,223,243,143,143,172,172,47,74,74,74,74],"floor_reached":28,"language":"KOR","playtime":808,"items_purged":["Strike_P","Defend_P","Defend_P"],"score":323,"play_id":"8baa1b81-0581-4441-a3ad-e3b5af455d73","local_time":"20210202202419","is_ascension_mode":true,"campfire_choices":[{"data":"Eruption","floor":7,"key":"SMITH"},{"data":"Wallop","floor":15,"key":"SMITH"},{"floor":24,"key":"REST"},{"data":"WheelKick","floor":27,"key":"SMITH"}],"circlet_count":0,"master_deck":["Defend_P+1","Defend_P+1","Eruption+1","Vigilance","MasterReality","WheelKick+1","Wallop+1","Prostrate+1","ThirdEye","FollowUp","ThirdEye","FlurryOfBlows","LessonLearned","Collect","Crescendo","Tantrum+1","Injury"],"relics":["PureWater","Pen Nib","Mummified Hand","Lizard Tail","Cursed Key","Enchiridion","Centennial Puzzle","Bag of Marbles"],"acts_visited":["Exordium","TheCity"],"potions_floor_usage":[5,5,6,13,16,23],"damage_taken":[{"damage":1,"enemies":"Jaw Worm","floor":1,"turns":5},{"damage":0,"enemies":"Small Slimes","floor":2,"turns":3},{"damage":1,"enemies":"Cultist","floor":3,"turns":4},{"damage":13,"enemies":"Large Slime","floor":5,"turns":5},{"damage":23,"enemies":"3 Sentries","floor":6,"turns":10},{"damage":0,"enemies":"Exordium Wildlife","floor":11,"turns":3},{"damage":0,"enemies":"Gremlin Nob","floor":13,"turns":2},{"damage":30,"enemies":"The Guardian","floor":16,"turns":10},{"damage":0,"enemies":"Chosen","floor":18,"turns":3},{"damage":17,"enemies":"Spheric Guardian","floor":20,"turns":4},{"damage":33,"enemies":"Gremlin Leader","floor":23,"turns":4},{"damage":0,"enemies":"Snecko","floor":28,"turns":3}],"seed_played":"-8728500517644079656","potions_obtained":[{"floor":3,"key":"Explosive Potion"},{"floor":5,"key":"EntropicBrew"},{"floor":11,"key":"BottledMiracle"},{"floor":16,"key":"AttackPotion"},{"floor":18,"key":"BlessingOfTheForge"}],"is_trial":false,"path_per_floor":["M","M","M","?","M","E","R","?","T","?","M","$","E","?","R","B",null,"M","?","M","$","?","E","R","$","T","R","M"],"character_chosen":"WATCHER","items_purchased":[],"campfire_rested":1,"item_purchase_floors":[],"current_hp_per_floor":[71,71,70,59,46,23,23,47,47,47,47,47,47,47,47,17,72,72,72,55,55,39,6,27,27,27,27,27,27],"gold":74,"neow_bonus":"ONE_RANDOM_RARE_CARD","is_daily":false,"chose_seed":false,"campfire_upgraded":3,"win_rate":0.0,"timestamp":1612265059,"path_taken":["M","M","M","?","M","E","R","?","T","?","M","$","E","?","R","BOSS","M","?","M","$","?","E","R","?","T","R","?"],"items_purchased_type":[],"build_version":"2020-12-22","purchased_purges":3,"victory":false,"max_hp_per_floor":[72,72,72,72,72,72,72,72,72,72,72,72,72,72,72,72,72,72,72,72,72,72,72,72,72,72,72,72,72],"card_choices":[{"not_picked":["BowlingBash","Fasting2"],"picked":"WheelKick","floor":1},{"not_picked":["WaveOfTheHand","Halt"],"picked":"Wallop","floor":2},{"not_picked":["BowlingBash","Consecrate"],"picked":"Prostrate","floor":3},{"not_picked":["EmptyFist","WheelKick"],"picked":"ThirdEye","floor":5},{"not_picked":["Crescendo","Nirvana"],"picked":"FollowUp","floor":6},{"not_picked":["Swivel","Crescendo"],"picked":"ThirdEye","floor":11},{"not_picked":["Fasting2","JustLucky"],"picked":"FlurryOfBlows","floor":13},{"not_picked":["Alpha","DevaForm"],"picked":"LessonLearned","floor":16},{"not_picked":["BowlingBash","Conclude"],"picked":"Collect","floor":18},{"not_picked":["SignatureMove","FollowUp"],"picked":"Crescendo","floor":20},{"not_picked":["Nirvana","Evaluate"],"picked":"Tantrum+1","floor":23}],"player_experience":104379,"relics_obtained":[{"floor":6,"key":"Pen Nib"},{"floor":9,"key":"Mummified Hand"},{"floor":13,"key":"Lizard Tail"},{"floor":22,"key":"Enchiridion"},{"floor":23,"key":"Centennial Puzzle"},{"floor":26,"key":"Bag of Marbles"}],"event_choices":[{"damage_healed":0,"gold_gain":75,"player_choice":"Gather Gold","damage_taken":11,"max_hp_gain":0,"max_hp_loss":0,"event_name":"World of Goop","floor":4,"gold_loss":0},{"damage_healed":24,"gold_gain":0,"player_choice":"Banana","damage_taken":0,"max_hp_gain":0,"max_hp_loss":0,"event_name":"Big Fish","floor":8,"gold_loss":0},{"cards_removed":["Strike_P"],"damage_healed":0,"gold_gain":0,"player_choice":"Card Removal","damage_taken":0,"max_hp_gain":0,"max_hp_loss":0,"event_name":"The Cleric","floor":10,"gold_loss":50},{"cards_removed":["Strike_P"],"damage_healed":0,"gold_gain":0,"player_choice":"Offered Basic","damage_taken":0,"max_hp_gain":0,"max_hp_loss":0,"event_name":"Bonfire Elementals","floor":14,"gold_loss":0},{"cards_removed":["Strike_P"],"damage_healed":0,"gold_gain":0,"player_choice":"Gave Gold","damage_taken":0,"max_hp_gain":0,"max_hp_loss":0,"event_name":"Beggar","floor":19,"gold_loss":75},{"damage_healed":0,"gold_gain":0,"player_choice":"Obtained Book","damage_taken":16,"max_hp_gain":0,"max_hp_loss":0,"event_name":"Cursed Tome","floor":22,"gold_loss":0}],"is_beta":false,"boss_relics":[{"not_picked":["SacredBark","Tiny House"],"picked":"Cursed Key"}],"items_purged_floors":[12,21,25],"is_endless":false,"potions_floor_spawned":[3,5,11,16,18],"killed_by":"Snecko","ascension_level":4}}