{"host":"avjwtc49fhlk6kym","time":1612300893,"event":{"mods":["AchievementEnabler","BaseMod","Better Match","Better Note","Better Third Choice","Colored Map","Colored Powertips","Displayed Cursed Tome","Highlight Path","Minty Spire (QoL Compilation)","Permanent Neow","Quick Restart","StSLib"],"gold_per_floor":[117,117,136,162,173,173,207,222,222,232,232,250,324,345,345,458,458,477,409,419,445,474,474,484,484,539,559,559,559,13,27,27,137,137,154,175,175,36,56,56,65,65,101,128,145,194,194,194],"floor_reached":47,"language":"ENG","playtime":2119,"items_purged":["Strike_P"],"score":508,"play_id":"a5faaafd-d307-4589-bae0-fde3b777b0c9","local_time":"20210202162133","is_ascension_mode":false,"campfire_choices":[{"floor":6.0,"key":"REST"},{"floor":11.0,"key":"REST"},{"data":"BattleHymn","floor":15.0,"key":"SMITH"},{"floor":23.0,"key":"REST"},{"floor":25.0,"key":"REST"},{"floor":32.0,"key":"REST"},{"floor":40.0,"key":"REST"},{"floor":42.0,"key":"REST"}],"circlet_count":0,"master_deck":["Strike_P+1","Strike_P","Strike_P+1","Defend_P","Defend_P","Defend_P","Eruption+1","Vigilance+1","Judgement+1","FlurryOfBlows+1","Evaluate","CrushJoints","DevaForm+1","FollowUp+1","Sanctity","Establishment","BattleHymn+1","FlurryOfBlows","LessonLearned","FlyingSleeves","Protect","Wireheading","Halt","Apotheosis","LessonLearned","CrushJoints","LikeWater","Meditate","MentalFortress","Normality","Wallop"],"relics":["PureWater","MealTicket","Mercury Hourglass","StoneCalendar","CeramicFish","Singing Bowl","Mango","Cursed Key","Ancient Tea Set","Calipers"],"acts_visited":["Exordium","TheCity","TheBeyond"],"potions_floor_usage":[46],"damage_taken":[{"damage":0.0,"enemies":"Small Slimes","floor":1.0,"turns":2.0},{"damage":2.0,"enemies":"Jaw Worm","floor":3.0,"turns":4.0},{"damage":0.0,"enemies":"Cultist","floor":5.0,"turns":4.0},{"damage":10.0,"enemies":"Gremlin Nob","floor":7.0,"turns":3.0},{"damage":8.0,"enemies":"Exordium Wildlife","floor":8.0,"turns":3.0},{"damage":0.0,"enemies":"Looter","floor":10.0,"turns":3.0},{"damage":0.0,"enemies":"2 Fungi Beasts","floor":12.0,"turns":2.0},{"damage":12.0,"enemies":"3 Sentries","floor":13.0,"turns":5.0},{"damage":0.0,"enemies":"Exordium Wildlife","floor":14.0,"turns":3.0},{"damage":0.0,"enemies":"Slime Boss","floor":16.0,"turns":3.0},{"damage":5.0,"enemies":"3 Byrds","floor":18.0,"turns":4.0},{"damage":5.0,"enemies":"Chosen","floor":20.0,"turns":4.0},{"damage":34.0,"enemies":"Centurion and Healer","floor":21.0,"turns":4.0},{"damage":11.0,"enemies":"Snake Plant","floor":22.0,"turns":4.0},{"damage":17.0,"enemies":"Snecko","floor":24.0,"turns":4.0},{"damage":12.0,"enemies":"Centurion and Healer","floor":27.0,"turns":3.0},{"damage":24.0,"enemies":"Cultist and Chosen","floor":31.0,"turns":6.0},{"damage":34.0,"enemies":"Collector","floor":33.0,"turns":11.0},{"damage":9.0,"enemies":"Orb Walker","floor":35.0,"turns":4.0},{"damage":20.0,"enemies":"3 Shapes","floor":36.0,"turns":5.0},{"damage":48.0,"enemies":"Spire Growth","floor":39.0,"turns":6.0},{"damage":21.0,"enemies":"Jaw Worm Horde","floor":44.0,"turns":6.0},{"damage":26.0,"enemies":"Maw","floor":45.0,"turns":7.0},{"damage":42,"enemies":"2 Orb Walkers","floor":46,"turns":3},{"damage":14,"enemies":"4 Shapes","floor":47,"turns":1}],"seed_played":"9063427584449674692","potions_obtained":[{"floor":5.0,"key":"Swift Potion"},{"floor":8.0,"key":"Regen Potion"},{"floor":10.0,"key":"BottledMiracle"},{"floor":13.0,"key":"SteroidPotion"},{"floor":16.0,"key":"Fire Potion"},{"floor":18.0,"key":"Regen Potion"},{"floor":21.0,"key":"SkillPotion"},{"floor":22.0,"key":"Fire Potion"},{"floor":39.0,"key":"Dexterity Potion"},{"floor":44.0,"key":"Fire Potion"},{"floor":45.0,"key":"Energy Potion"}],"is_trial":false,"path_per_floor":["M","?","M","T","M","R","E","M","T","M","R","M","?","M","R","B",null,"M","?","M","M","M","R","M","R","T","M","?","?","$","M","R","B",null,"M","M","?","$","M","R","?","R","T","M","M","?","M"],"character_chosen":"WATCHER","items_purchased":["Apotheosis","Mango","LikeWater","Meditate"],"campfire_rested":7,"item_purchase_floors":[30,30,38,38],"current_hp_per_floor":[51,37,35,35,35,56,46,38,38,38,59,59,47,47,47,47,72,67,67,73,39,28,50,35,57,57,45,45,45,74,52,79,45,92,85,65,65,80,34,62,62,90,90,69,45,5,0,0],"gold":194,"neow_bonus":"THREE_RARE_CARDS","is_daily":false,"chose_seed":false,"campfire_upgraded":1,"win_rate":0.0,"timestamp":1612300893,"path_taken":["M","?","M","?","M","R","E","?","T","M","R","M","?","M","R","BOSS","M","?","M","M","M","R","M","R","T","M","?","?","$","M","R","BOSS","M","M","?","$","M","R","?","R","T","?","M","?","M"],"items_purchased_type":["Card","Relic","Card","Card"],"build_version":"2020-12-22","purchased_purges":1,"victory":false,"max_hp_per_floor":[72,72,72,72,72,72,72,72,72,72,72,72,72,72,72,72,72,72,72,74,74,74,74,76,76,76,76,76,76,90,92,92,92,92,94,94,94,94,96,96,96,96,96,96,98,100,100,100],"card_choices":[{"not_picked":["Scrawl","Blasphemy"],"picked":"Judgement","floor":0.0},{"not_picked":["Sanctity","Weave"],"picked":"FlurryOfBlows","floor":1.0},{"not_picked":["Study","Sanctity"],"picked":"Evaluate","floor":3.0},{"not_picked":["JustLucky","Conclude"],"picked":"CrushJoints","floor":5.0},{"not_picked":["DeusExMachina","DeceiveReality"],"picked":"DevaForm","floor":7.0},{"not_picked":["Crescendo","Perseverance"],"picked":"FollowUp","floor":8.0},{"not_picked":["Consecrate","FlyingSleeves"],"picked":"Sanctity","floor":10.0},{"not_picked":["FollowUp","WindmillStrike"],"picked":"Establishment","floor":12.0},{"not_picked":["FlyingSleeves","WheelKick"],"picked":"BattleHymn","floor":13.0},{"not_picked":["SashWhip","EmptyFist"],"picked":"FlurryOfBlows","floor":14.0},{"not_picked":["Omniscience","DevaForm"],"picked":"LessonLearned","floor":16.0},{"not_picked":["SashWhip","EmptyBody"],"picked":"FlyingSleeves","floor":18.0},{"not_picked":["WreathOfFlame+1","Collect","Worship"],"picked":"Singing Bowl","floor":20.0},{"not_picked":["Halt","FollowUp"],"picked":"Protect","floor":21.0},{"not_picked":["SashWhip","PathToVictory"],"picked":"Wireheading","floor":22.0},{"not_picked":["Crescendo","JustLucky","Evaluate"],"picked":"Singing Bowl","floor":24.0},{"not_picked":["JustLucky","EmptyMind"],"picked":"Halt","floor":27.0},{"not_picked":["Wireheading","WreathOfFlame","SignatureMove"],"picked":"Singing Bowl","floor":31.0},{"not_picked":["Alpha","Omniscience"],"picked":"LessonLearned","floor":33.0},{"not_picked":["BattleHymn","EmptyFist+1","JustLucky"],"picked":"Singing Bowl","floor":35.0},{"not_picked":["Evaluate+1","CutThroughFate+1"],"picked":"CrushJoints","floor":36.0},{"not_picked":["Perseverance+1","DeceiveReality+1","ReachHeaven+1"],"picked":"Singing Bowl","floor":39.0},{"not_picked":["FlurryOfBlows+1","Protect"],"picked":"Wallop","floor":44.0},{"not_picked":["EmptyFist","Pray+1","Consecrate"],"picked":"Singing Bowl","floor":45.0},{"not_picked":["Nirvana","Consecrate","Halt"],"picked":"Singing Bowl","floor":46}],"player_experience":426667,"relics_obtained":[{"floor":4.0,"key":"MealTicket"},{"floor":7.0,"key":"Mercury Hourglass"},{"floor":9.0,"key":"StoneCalendar"},{"floor":13.0,"key":"CeramicFish"},{"floor":43.0,"key":"Ancient Tea Set"},{"floor":46,"key":"Calipers"}],"event_choices":[{"damage_healed":51.0,"max_hp_gain":0.0,"max_hp_loss":72.0,"gold_gain":0.0,"event_name":"betterThird:BetterShining","player_choice":"Upgrade","floor":2.0,"gold_loss":0.0,"damage_taken":14.0,"cards_upgraded":["Eruption","Vigilance"]},{"damage_healed":0.0,"max_hp_gain":0.0,"max_hp_loss":0.0,"gold_gain":30.0,"event_name":"Dead Adventurer","player_choice":"Searched \u00273\u0027 times","floor":13.0,"gold_loss":0.0,"damage_taken":0.0},{"damage_healed":0.0,"max_hp_gain":0.0,"max_hp_loss":0.0,"gold_gain":0.0,"event_name":"WeMeetAgain","player_choice":"Paid Gold","floor":19.0,"gold_loss":68.0,"damage_taken":0.0,"relics_obtained":["Singing Bowl"]},{"cards_removed":["Strike_P"],"damage_healed":0.0,"max_hp_gain":0.0,"max_hp_loss":0.0,"gold_gain":0.0,"event_name":"betterNote:BetterNote","player_choice":"Give","floor":28.0,"gold_loss":0.0,"damage_taken":0.0,"cards_obtained":["Strike_P"]},{"damage_healed":0.0,"max_hp_gain":0.0,"max_hp_loss":0.0,"gold_gain":0.0,"event_name":"Vampires","player_choice":"Ignored","floor":29.0,"gold_loss":0.0,"damage_taken":0.0},{"damage_healed":0.0,"max_hp_gain":0.0,"max_hp_loss":0.0,"gold_gain":0.0,"event_name":"Tomb of Lord Red Mask","player_choice":"Ignored","floor":37.0,"gold_loss":0.0,"damage_taken":0.0},{"damage_healed":0.0,"max_hp_gain":0.0,"max_hp_loss":0.0,"gold_gain":0.0,"cards_transformed":["Defend_P"],"event_name":"Transmorgrifier","player_choice":"Transformed","floor":41.0,"gold_loss":0.0,"damage_taken":0.0,"cards_obtained":["MentalFortress"]},{"damage_healed":0,"gold_gain":0,"player_choice":"Fight","damage_taken":0,"max_hp_gain":0,"max_hp_loss":0,"event_name":"Mysterious Sphere","floor":46,"gold_loss":0}],"is_beta":false,"boss_relics":[{"not_picked":["Runic Pyramid","Coffee Dripper","Ectoplasm"]},{"not_picked":["SacredBark","Snecko Eye"],"picked":"Cursed Key"}],"items_purged_floors":[30],"is_endless":false,"potions_floor_spawned":[5,8,10,13,16,18,21,22,39,44,45],"killed_by":"4 Shapes","ascension_level":0}}