{"host":"hpn0uxah5qjr7pa6","time":1612245405,"event":{"mods":["Act Like it!","Aspiration","BaseMod","Better Third Choice","BetterRewards","Challenge The Spire","Colored Powertips","Conspire","Downfall","Energized Spire","Hallownest","Hermit","Hubris","Infinite Spire","Minty Spire (QoL Compilation)","Permanent Neow","Quick Restart","Rare Cards Sparkle","Replay The Spire","Spicy Shops","StSLib","The Bug Knight","The Jungle"],"gold_per_floor":[219,23,33,33,45,64,64,81,81,6,38,38,57,57,57,156,156,167,185,4,16,16,16,16,16,40,40,57,86,86,102,102,199,199,217,217,228,69,83,100,100,132,132,132,143,143,143,163,163,163],"floor_reached":51,"language":"ENG","playtime":2835,"items_purged":["Bash"],"score":601,"play_id":"3e180bce-0976-4461-9e61-678a4fe54c2b","local_time":"20210201215645","is_ascension_mode":true,"campfire_choices":[{"data":"Pommel Strike","floor":7.0,"key":"SMITH"},{"data":"infinitespire:OneForAll","floor":12.0,"key":"SMITH"},{"data":"Cleave","floor":15.0,"key":"SMITH"},{"floor":23.0,"key":"REST"},{"floor":27.0,"key":"REST"},{"data":"Cleave","floor":30.0,"key":"SMITH"},{"floor":41.0,"key":"REST"},{"data":"hubris:Fate","floor":46.0,"key":"SMITH"}],"circlet_count":0,"master_deck":["Strike_R+1","Strike_R+1","Strike_R+1","Strike_R+1","Strike_R+1","Defend_R+1","Defend_R+1","Defend_R+1","Defend_R+1","Pommel Strike+1","infinitespire:OneForAll+1","Cleave+1","Iron Wave+1","Poisoned Strike+1","Run Through+1","hubris:Fate+1","Cleave+1","Juggernaut+1","Sword Boomerang+1","Iron Wave+1","Rage+1"],"relics":["Burning Blood","infinitespire:BottledMercury","infinitespire:FocusingShard","conspire:Flyswatter","hubris:TerracottaHorce","Boot","Singing Bowl","Sozu","Bag of Marbles","Shuriken","Replay:Mystery Machine"],"acts_visited":["Exordium","TheCity","TheBeyond"],"potions_floor_usage":[],"damage_taken":[{"damage":3.0,"enemies":"Jaw Worm","floor":1.0,"turns":4.0},{"damage":0.0,"enemies":"2 Louse","floor":3.0,"turns":2.0},{"damage":0.0,"enemies":"Small Slimes","floor":5.0,"turns":3.0},{"damage":9.0,"enemies":"2 Fungi Beasts","floor":6.0,"turns":3.0},{"damage":0.0,"enemies":"3 Louse","floor":8.0,"turns":2.0},{"damage":1.0,"enemies":"Lagavulin","floor":11.0,"turns":6.0},{"damage":6.0,"enemies":"Lots of Slimes","floor":13.0,"turns":4.0},{"damage":44.0,"enemies":"Slime Boss","floor":16.0,"turns":12.0},{"damage":4.0,"enemies":"2 Thieves","floor":18.0,"turns":3.0},{"damage":10.0,"enemies":"3 Byrds","floor":19.0,"turns":4.0},{"damage":17.0,"enemies":"Centurion and Healer","floor":21.0,"turns":5.0},{"damage":13.0,"enemies":"Shelled Parasite and Fungi","floor":28.0,"turns":4.0},{"damage":0.0,"enemies":"Slavers","floor":29.0,"turns":4.0},{"damage":18.0,"enemies":"Snake Plant","floor":31.0,"turns":3.0},{"damage":5.0,"enemies":"hubris:MusketHawk","floor":33.0,"turns":2.0},{"damage":1.0,"enemies":"Orb Walker","floor":35.0,"turns":3.0},{"damage":16.0,"enemies":"3 Darklings","floor":37.0,"turns":3.0},{"damage":29.0,"enemies":"Jaw Worm Horde","floor":39.0,"turns":3.0},{"damage":26.0,"enemies":"4 Shapes","floor":40.0,"turns":4.0},{"damage":0.0,"enemies":"Nemesis","floor":42.0,"turns":1.0},{"damage":3.0,"enemies":"Transient","floor":45.0,"turns":5.0},{"damage":4,"enemies":"3 Darklings","floor":48,"turns":3},{"damage":65,"enemies":"Donu and Deca","floor":50,"turns":9}],"seed_played":"35434601239197135","potions_obtained":[{"floor":3.0,"key":"Block Potion"},{"floor":8.0,"key":"EntropicBrew"},{"floor":11.0,"key":"Elixir"},{"floor":13.0,"key":"Strength Potion"},{"floor":18.0,"key":"Guardian:BlockOnCardUsePotion"},{"floor":21.0,"key":"Toxic Potion"}],"is_trial":false,"path_per_floor":["M","$","M","?","M","M","R","M","T","$","E","R","M","?","R","B",null,"M","M","$","M","?","R","?","?","T","R","M","E","R","M","R","B",null,"M","?","M","$","M","M","R","E","T","?","M","R","AVR","M","R","B",null],"character_chosen":"IRONCLAD","items_purchased":["Pommel Strike","infinitespire:BottledMercury","Poisoned Strike","Shrug It Off"],"campfire_rested":3,"item_purchase_floors":[2,2,20,38],"current_hp_per_floor":[80,80,80,80,80,77,77,80,80,80,80,80,80,80,80,61,75,77,73,73,62,62,80,80,59,59,80,73,79,79,69,82,82,82,84,84,76,76,65,45,71,77,77,77,82,82,82,84,90,31],"gold":163,"neow_bonus":"HUNDRED_GOLD","is_daily":false,"chose_seed":false,"campfire_upgraded":5,"win_rate":0.0,"timestamp":1612245405,"path_taken":["M","$","M","?","M","M","R","M","T","$","E","R","M","?","R","BOSS","M","M","$","M","?","R","?","?","T","R","M","E","R","M","R","BOSS","M","?","?","$","M","?","R","E","T","?","M","R","AVR","M","R","BOSS"],"items_purchased_type":["Card","Relic","Card","Card"],"build_version":"2020-12-22","purchased_purges":1,"victory":true,"max_hp_per_floor":[80,80,80,80,80,80,80,80,80,80,80,80,80,80,80,80,80,80,80,80,80,80,80,80,80,80,80,80,80,80,82,82,82,82,84,84,86,86,88,88,88,88,88,88,90,90,90,90,90,90],"card_choices":[{"not_picked":["Replay:Undeath\u0027s Touch","Warcry","Sever Soul"],"picked":"SKIP","floor":1.0},{"not_picked":["Dark Embrace","Havoc","conspire:Charge"],"picked":"SKIP","floor":3.0},{"not_picked":["ReplayTheSpireMod:Strike From Hell","Replay:Undeath\u0027s Touch","ReplayTheSpireMod:Muscle Training"],"picked":"SKIP","floor":5.0},{"not_picked":["ReplayTheSpireMod:LeadingStrike","Anger"],"picked":"Cleave","floor":6.0},{"not_picked":["Infernal Blade","Flex"],"picked":"Iron Wave","floor":8.0},{"not_picked":["Perfected Strike","Seeing Red","conspire:HitWhereItHurts"],"picked":"SKIP","floor":11.0},{"not_picked":["Pommel Strike","ReplayTheSpireMod:Strike From Hell","Carnage"],"picked":"SKIP","floor":13.0},{"not_picked":["ReplayTheSpireMod:Limb From Limb","True Grit+1","Whirlwind"],"picked":"SKIP","floor":18.0},{"not_picked":["Dark Embrace","Twin Strike+1","Fire Breathing+1"],"picked":"SKIP","floor":19.0},{"not_picked":["Dark Embrace","Twin Strike+1","Fire Breathing+1"],"picked":"SKIP","floor":19.0},{"not_picked":["Sever Soul","Clash"],"picked":"Run Through+1","floor":21.0},{"not_picked":["infinitespire:Punishment","ReplayTheSpireMod:Black Plague"],"picked":"hubris:Fate","floor":25.0},{"not_picked":["Wild Strike","Armaments","Blood for Blood"],"picked":"SKIP","floor":28.0},{"not_picked":["Thunderclap","Demonic Infusion"],"picked":"Cleave","floor":29.0},{"not_picked":["Twin Strike","Cleave","Perfected Strike"],"picked":"Singing Bowl","floor":31.0},{"not_picked":["hubris:StunningStrike","Hemogenesis"],"picked":"Juggernaut","floor":33.0},{"not_picked":["Reckless Charge+1","Thunderclap+1","Havoc+1"],"picked":"Singing Bowl","floor":35.0},{"not_picked":["Wild Strike","ReplayTheSpireMod:Strike From Hell","hubris:CleavingFinish"],"picked":"Singing Bowl","floor":37.0},{"not_picked":["Blood for Blood","Twin Strike","Wild Strike+1"],"picked":"Singing Bowl","floor":39.0},{"not_picked":["Wild Strike","Twin Strike"],"picked":"Sword Boomerang+1","floor":40.0},{"not_picked":["Second Wind","Clash"],"picked":"Iron Wave+1","floor":42.0},{"not_picked":["Uppercut","Anger","Searing Blow+1"],"picked":"Singing Bowl","floor":45.0},{"not_picked":["Thunderclap","Perfected Strike"],"picked":"Rage","floor":48}],"player_experience":161034,"relics_obtained":[{"floor":9.0,"key":"infinitespire:FocusingShard"},{"floor":11.0,"key":"conspire:Flyswatter"},{"floor":26.0,"key":"Boot"},{"floor":29.0,"key":"Singing Bowl"},{"floor":42.0,"key":"Bag of Marbles"},{"floor":43.0,"key":"Shuriken"}],"event_choices":[{"damage_healed":0.0,"max_hp_gain":0.0,"max_hp_loss":9.0,"gold_gain":0.0,"event_name":"betterThird:BetterWriting","player_choice":"Simplicity","floor":24.0,"gold_loss":0.0,"damage_taken":0.0},{"damage_healed":0.0,"max_hp_gain":0.0,"max_hp_loss":0.0,"gold_gain":0.0,"event_name":"Upgrade Shrine","player_choice":"Upgraded","floor":36.0,"gold_loss":0.0,"damage_taken":0.0,"cards_upgraded":["Juggernaut"]},{"cards_removed":["Shrug It Off"],"damage_healed":0.0,"max_hp_gain":0.0,"max_hp_loss":0.0,"gold_gain":0.0,"event_name":"Falling","player_choice":"Removed Skill","floor":44.0,"gold_loss":0.0,"damage_taken":0.0}],"is_beta":false,"boss_relics":[{"not_picked":["aspiration:PoetsPen_weak","ReplayTheSpireMod:DimensionalGlitch"],"picked":"hubris:TerracottaHorce"},{"not_picked":["Runic Cube","Replay:Drink Me"],"picked":"Sozu"}],"items_purged_floors":[10],"is_endless":false,"potions_floor_spawned":[3,8,11,13,18,21,35,39,42,45],"ascension_level":1}}