{"host":"rihxvzvzrfpivboj","time":1612272333,"event":{"mods":["Act Like it!","BaseMod","Better Third Choice","Block Reminder","Colored Map","Colored Powertips","Downfall","GifTheSpireLib","Googly Eyes","Jorbs\u0027s Wanderer Trilogy","Keyboard Shortcuts","Minty Spire (QoL Compilation)","Quick Restart","Relic Sorter","StSLib","The Runesmith","Unceasing Turn Reminder","Waifu the Spire"],"gold_per_floor":[99,109,120,133,152,186,186,186,186,219,219,61,61,90,100,205,205,205,215,225,243,10,36,36,36,68,68,78,78,78,78,97,202,202,102,116,127,138,220,253,253,287,307,325,353,253,253,271,281,281],"floor_reached":51,"language":"ENG","playtime":4491,"items_purged":["bronze:Strike","bronze:Defend"],"score":915,"play_id":"acb09117-0855-479f-9a01-5a13302c2f9d","local_time":"20210202142533","is_ascension_mode":true,"campfire_choices":[{"data":"bronze:Strike","floor":1,"key":"PURGE"},{"floor":13,"key":"REST"},{"data":"bronze:Strike","floor":18,"key":"PURGE"},{"data":"bronze:Strike","floor":27,"key":"PURGE"},{"data":"bronze:Defend","floor":30,"key":"PURGE"},{"data":"bronze:Defend","floor":35,"key":"PURGE"},{"floor":46,"key":"RECALL"}],"circlet_count":0,"master_deck":["bronze:Replicate","bronze:Goto","bronze:Flail","bronze:BronzeOrb+1","bronze:Branch","bronze:Virus","bronze:Terminator","bronze:Flail","bronze:Verify","bronze:Fortify","bronze:FineTuning","bronze:Frontload+1","bronze:HardenedForm","bronze:ForceShield+1","bronze:Goto+1","bronze:Fortify","bronze:Assembly+1","bronze:GetLatest+1","bronze:Optimize+1","bronze:RecursiveStrike","bronze:FineTuning+1"],"relics":["bronze:BronzeCore","Peace Pipe","Shuriken","Eternal Feather","bronze:CableSpool","Sling","Regal Pillow","Coffee Dripper","Medical Kit","FossilizedHelix","bronze:BottledCode","Toxic Egg 2","SacredBark","downfall:HeartBlessingBlue","Runesmith:AutoHammer","Strawberry","Meat on the Bone","Frozen Egg 2","The Courier","downfall:HeartBlessingGreen"],"acts_visited":["Exordium","TheCity","TheBeyond"],"potions_floor_usage":[5,8,16,16,23,40,42,50],"damage_taken":[{"damage":1,"enemies":"Cultist","floor":2,"turns":3},{"damage":0,"enemies":"Small Slimes","floor":3,"turns":3},{"damage":1,"enemies":"Jaw Worm","floor":4,"turns":5},{"damage":10,"enemies":"Large Slime","floor":5,"turns":6},{"damage":26,"enemies":"Lagavulin","floor":6,"turns":6},{"damage":16,"enemies":"Gremlin Nob","floor":10,"turns":4},{"damage":0,"enemies":"downfall:FleeingMerchant","floor":12,"turns":4},{"damage":0,"enemies":"3 Sentries","floor":14,"turns":2},{"damage":0,"enemies":"Red Slaver","floor":15,"turns":2},{"damage":9,"enemies":"WA_ARCHETYPE_RETAIN","floor":16,"turns":5},{"damage":0,"enemies":"Shell Parasite","floor":19,"turns":3},{"damage":0,"enemies":"Centurion and Healer","floor":20,"turns":2},{"damage":4,"enemies":"Shelled Parasite and Fungi","floor":21,"turns":4},{"damage":0,"enemies":"downfall:FleeingMerchant","floor":22,"turns":4},{"damage":7,"enemies":"Slavers","floor":23,"turns":3},{"damage":0,"enemies":"Gremlin Leader","floor":26,"turns":5},{"damage":0,"enemies":"3 Cultists","floor":28,"turns":2},{"damage":0,"enemies":"Snake Plant","floor":32,"turns":4},{"damage":37,"enemies":"IC_MUSHROOM_ARCHETYPE","floor":33,"turns":7},{"damage":0,"enemies":"3 Darklings","floor":36,"turns":3},{"damage":0,"enemies":"3 Shapes","floor":37,"turns":1},{"damage":0,"enemies":"Maw","floor":38,"turns":7},{"damage":0,"enemies":"downfall:FleeingMerchant","floor":39,"turns":2},{"damage":21,"enemies":"Nemesis","floor":40,"turns":8},{"damage":0,"enemies":"Reptomancer","floor":42,"turns":3},{"damage":0,"enemies":"Transient","floor":43,"turns":5},{"damage":0,"enemies":"Jaw Worm Horde","floor":44,"turns":3},{"damage":30,"enemies":"Giant Head","floor":45,"turns":9},{"damage":7,"enemies":"Writhing Mass","floor":48,"turns":5},{"damage":2,"enemies":"4 Shapes","floor":49,"turns":4},{"damage":3,"enemies":"SI_POISON_ARCHETYPE","floor":50,"turns":10}],"seed_played":"8556606969257192312","potions_obtained":[{"floor":3,"key":"Block Potion"},{"floor":6,"key":"Fruit Juice"},{"floor":11,"key":"Dexterity Potion"},{"floor":11,"key":"SpeedPotion"},{"floor":11,"key":"Block Potion"},{"floor":15,"key":"Regen Potion"},{"floor":16,"key":"Strength Potion"},{"floor":19,"key":"LiquidBronze"},{"floor":20,"key":"PowerPotion"},{"floor":26,"key":"GamblersBrew"},{"floor":36,"key":"ColorlessPotion"},{"floor":40,"key":"PowerPotion"},{"floor":48,"key":"Block Potion"}],"is_trial":false,"path_per_floor":["R","M","M","M","M","E","T","?","?","E","?","$","R","E","M","B",null,"R","M","M","M","$","E","T","?","E","R","M","?","R","?","M","B",null,"R","M","M","M","$","E","T","E","M","M","E","R","?","M","M","B",null],"character_chosen":"THE_AUTOMATON","items_purchased":["Sling","Medical Kit","Runesmith:AutoHammer"],"campfire_rested":1,"item_purchase_floors":[12,22,39],"current_hp_per_floor":[49,48,48,47,37,11,11,21,21,5,5,5,35,35,35,40,80,80,80,80,76,76,69,69,69,69,70,70,70,70,70,70,33,70,80,80,80,80,80,66,66,66,66,66,48,60,52,45,55,52],"gold":281,"neow_bonus":"ONE_RARE_RELIC","is_daily":false,"chose_seed":false,"campfire_upgraded":0,"win_rate":0.0,"timestamp":1612272333,"path_taken":["R","M","?","M","M","E","T","?","?","E","?","$","R","E","M","BOSS","R","M","M","M","$","E","T","?","E","R","M","?","R","?","M","BOSS","R","M","M","?","$","E","T","E","M","M","E","R","?","M","M","BOSS"],"items_purchased_type":["Relic","Relic","Relic"],"build_version":"2020-12-22","purchased_purges":2,"victory":true,"max_hp_per_floor":[70,70,70,70,70,70,70,80,80,80,80,80,80,80,80,80,80,80,80,80,80,80,80,80,70,70,70,70,70,70,70,70,70,70,80,80,80,80,80,87,87,87,87,87,87,87,87,87,87,87],"card_choices":[{"not_picked":["bronze:BuggyMess","bronze:Fortify"],"picked":"bronze:Overheat","floor":2},{"not_picked":["bronze:Separator","bronze:DelayedGuard","bronze:Iterate"],"picked":"SKIP","floor":3},{"not_picked":["bronze:Separator","bronze:BugBarrage"],"picked":"bronze:Flail","floor":4},{"not_picked":["bronze:DelayedSlice","bronze:Shell","bronze:Constructor"],"picked":"SKIP","floor":5},{"not_picked":["bronze:ClassDefault","bronze:BitShift"],"picked":"bronze:BronzeOrb","floor":6},{"not_picked":["bronze:OilSpill","bronze:BuggyMess"],"picked":"bronze:Branch","floor":10},{"not_picked":["bronze:CloningBeam","bronze:BuggyMess"],"picked":"bronze:Virus","floor":12},{"not_picked":["bronze:Iterate","bronze:BitShift"],"picked":"bronze:Terminator","floor":14},{"not_picked":["bronze:Turbo","bronze:WhirlingStrike"],"picked":"bronze:Flail","floor":15},{"not_picked":["bronze:BurnOut","bronze:HyperBeam"],"picked":"bronze:Verify","floor":16},{"not_picked":["bronze:Overheat","bronze:Separator","bronze:DelayedGuard+1"],"picked":"SKIP","floor":19},{"not_picked":["bronze:BugBarrage","bronze:Repair","bronze:DelayedGuard"],"picked":"SKIP","floor":20},{"not_picked":["bronze:Deprecate","bronze:MaxOutput+1"],"picked":"bronze:Fortify","floor":21},{"not_picked":["bronze:Turbo+1","bronze:ChosenStrike"],"picked":"bronze:FineTuning","floor":22},{"not_picked":["bronze:Repulsor","bronze:FollowUp"],"picked":"bronze:Frontload+1","floor":23},{"not_picked":["bronze:FineTuning+1","bronze:WildBeam"],"picked":"bronze:HardenedForm","floor":26},{"not_picked":["bronze:MaxOutput","bronze:Branch"],"picked":"bronze:ForceShield+1","floor":28},{"not_picked":["bronze:Flail","bronze:Constructor+1","bronze:Separator"],"picked":"SKIP","floor":32},{"not_picked":["bronze:Format+1","bronze:Mutator"],"picked":"bronze:Assembly+1","floor":33},{"not_picked":["bronze:CloningBeam","bronze:ChosenStrike+1","bronze:Overload+1"],"picked":"SKIP","floor":36},{"not_picked":["bronze:OilSpill+1","bronze:DelayedSlice"],"picked":"bronze:GetLatest+1","floor":37},{"not_picked":["bronze:CutThrough+1","bronze:Constructor+1","bronze:OilSpill+1"],"picked":"SKIP","floor":38},{"not_picked":["bronze:BuggyMess+1","bronze:BugBarrage+1","bronze:BronzeArmor+1"],"picked":"SKIP","floor":39},{"not_picked":["bronze:Iterate","bronze:CutThrough+1","bronze:BronzeArmor+1"],"picked":"SKIP","floor":40},{"not_picked":["bronze:Terminator+1","bronze:Shield+1"],"picked":"bronze:Optimize+1","floor":42},{"not_picked":["bronze:NullPointer","bronze:Shield+1","bronze:ClassDefault+1"],"picked":"SKIP","floor":43},{"not_picked":["bronze:DelayedGuard+1","bronze:DelayedSlice+1"],"picked":"bronze:RecursiveStrike","floor":44},{"not_picked":["bronze:WildBeam+1","bronze:ForceShield+1"],"picked":"bronze:FineTuning+1","floor":45},{"not_picked":["bronze:Constructor+1","bronze:NullPointer+1","bronze:Deprecate+1"],"picked":"SKIP","floor":48},{"not_picked":["bronze:BuggyMess+1","bronze:DarkDash+1","bronze:BronzeArmor+1"],"picked":"SKIP","floor":49}],"player_experience":1156529,"relics_obtained":[{"floor":6,"key":"Shuriken"},{"floor":7,"key":"Eternal Feather"},{"floor":10,"key":"bronze:CableSpool"},{"floor":14,"key":"Regal Pillow"},{"floor":23,"key":"FossilizedHelix"},{"floor":26,"key":"Toxic Egg 2"},{"floor":40,"key":"Strawberry"},{"floor":41,"key":"Meat on the Bone"},{"floor":42,"key":"Frozen Egg 2"},{"floor":45,"key":"The Courier"}],"event_choices":[{"damage_healed":0,"gold_gain":0,"player_choice":"Donut","damage_taken":0,"max_hp_gain":5,"max_hp_loss":0,"event_name":"Big Fish","floor":8,"gold_loss":0},{"cards_removed":["bronze:Defend"],"damage_healed":0,"gold_gain":0,"player_choice":"Card Removal","damage_taken":0,"max_hp_gain":0,"max_hp_loss":0,"event_name":"The Cleric","floor":9,"gold_loss":0},{"damage_healed":0,"gold_gain":0,"player_choice":"Got Potions","damage_taken":0,"max_hp_gain":0,"max_hp_loss":0,"event_name":"Lab","floor":11,"gold_loss":0},{"damage_healed":0,"gold_gain":0,"player_choice":"Ignored","damage_taken":0,"max_hp_gain":0,"max_hp_loss":0,"event_name":"Ghosts","floor":29,"gold_loss":0}],"is_beta":false,"boss_relics":[{"not_picked":["Calling Bell","bronze:MakeshiftBattery"],"picked":"Coffee Dripper"},{"not_picked":["Velvet Choker","Sozu"],"picked":"SacredBark"}],"items_purged_floors":[22,39],"is_endless":false,"potions_floor_spawned":[3,6,14,15,16,19,20,26,28,36,37,40,48],"ascension_level":1}}