{"host":"f4xk8spljo3akohx","time":1612241603,"event":{"mods":["Act Like it!","Arknights","BaseMod","Downfall","Gensokyo","GifTheSpireLib","Hallownest","Highlight Path","Marisa£®ÏF”Í°°ƒß¿Ì…≥£©","Minty Spire (QoL Compilation)","Quick Restart","StSLib","The Bug Knight"],"gold_per_floor":[109,109,109,74,88,117,117,42,110,124,144,170,70,81,81,81,81],"floor_reached":16,"language":"ZHS","playtime":503,"items_purged":["ats:Strike V","ats:Strike G"],"score":135,"play_id":"20f92a95-c1a9-48ca-9b0d-a39a4b07db66","local_time":"20210202125323","is_ascension_mode":false,"campfire_choices":[{"data":"ats:Guardian Obelisk","floor":7,"key":"SMITH"},{"floor":15,"key":"REST"}],"circlet_count":0,"master_deck":["ats:Strike C","ats:Strike S","ats:Armor Crushing Shot","ats:Defend","ats:Defend","ats:Defend","ats:Defend","ats:Emotion Absorption","ats:Guardian Obelisk+1","ats:Wolf Pack","ats:Ignite"],"relics":["ats:Sanity","NeowsBlessing","Hallownest:DreamNailRelic","ats:Originium","ats:Industrial Water Cannon","Letter Opener","Shovel"],"acts_visited":["Hallownest:Greenpath"],"potions_floor_usage":[],"damage_taken":[{"damage":0,"enemies":"Hallownest:monsterHuskWarrior","floor":1,"turns":1},{"damage":0,"enemies":"Hallownest:2_Tiktiks_and_1_Crawlid","floor":5,"turns":2},{"damage":0,"enemies":"Hallownest:eliteCrystalGuardian","floor":6,"turns":1},{"damage":10,"enemies":"Hallownest:2_MossCreeps","floor":10,"turns":7},{"damage":13,"enemies":"Hallownest:2_Tiktiks_1_Baldur_1_Crawlid","floor":11,"turns":6},{"damage":35,"enemies":"Hallownest:eliteVengeflyKing","floor":12,"turns":9},{"damage":12,"enemies":"Hallownest:MossCreep_and_Mosskin","floor":14,"turns":7},{"damage":33,"enemies":"Hallownest:BossHornet","floor":16,"turns":4}],"seed_played":"1941822641310060369","potions_obtained":[{"floor":5,"key":"Swift Potion"},{"floor":10,"key":"bronze:BurnAndBuffPotion"},{"floor":11,"key":"Guardian:BlockOnCardUsePotion"}],"is_trial":false,"path_per_floor":["M","?","?","?","M","E","R","$","T","M","M","E","$","M","R","B"],"character_chosen":"DOCTOR_CLASS","items_purchased":[],"campfire_rested":1,"item_purchase_floors":[],"current_hp_per_floor":[72,72,72,77,77,77,77,77,77,67,54,19,19,7,30,0,0],"gold":81,"neow_bonus":"THREE_ENEMY_KILL","is_daily":false,"chose_seed":false,"campfire_upgraded":1,"win_rate":0.0,"timestamp":1612241603,"path_taken":["M","?","?","?","M","E","R","$","T","?","M","E","$","M","R","BOSS"],"items_purchased_type":[],"build_version":"2020-12-22","purchased_purges":2,"victory":false,"max_hp_per_floor":[72,72,72,77,77,77,77,77,77,77,77,77,77,77,77,77,77],"card_choices":[{"not_picked":["ats:Leaping Hammer","ats:Hammer On","ats:Revitalization"],"picked":"SKIP","floor":1},{"not_picked":["ats:Hook Shot","ats:Leaping Hammer","ats:Cat Scratch"],"picked":"SKIP","floor":5},{"not_picked":["ats:Composite Medical Shells","ats:Poison Spread"],"picked":"ats:Guardian Obelisk","floor":6},{"not_picked":["ats:Flexible Camouflage","ats:Closed Bolt Burst Fire","ats:Sashimi Platter"],"picked":"SKIP","floor":10},{"not_picked":["ats:Collapsing Strike","ats:Hammer On"],"picked":"ats:Wolf Pack","floor":11},{"not_picked":["ats:Revitalization","ats:Defend Order"],"picked":"ats:Ignite","floor":12},{"not_picked":["ats:Beaten Up","ats:Overload","ats:LN2 Cannon"],"picked":"SKIP","floor":14}],"player_experience":68855,"relics_obtained":[{"floor":6,"key":"ats:Originium"},{"floor":6,"key":"ats:Industrial Water Cannon"},{"floor":9,"key":"Letter Opener"},{"floor":12,"key":"ats:Originium"},{"floor":12,"key":"Shovel"}],"event_choices":[],"is_beta":false,"boss_relics":[],"items_purged_floors":[8,13],"is_endless":false,"potions_floor_spawned":[5,10,11],"killed_by":"Hallownest:BossHornet","ascension_level":0}}