{"host":"3a1ypf1irl30q4k8","time":1612286335,"event":{"mods":["AchievementEnabler","BaseMod","Bestiary","Colored Map","Minty Spire (QoL Compilation)","Relic Stats"],"gold_per_floor":[115,127,145,161,3,3,18,18,42,20,20,55,55,87,87,190,190,172,172,1,14,24,57,68,78,101,120,120,153,27,61,61,161,161,177,177,177,177,22,48,48,48,74,74,103,119,1,13,13,13,13],"floor_reached":50,"language":"ENG","playtime":2711,"items_purged":["Strike_G","Strike_G","Defend_G"],"score":737,"play_id":"adcf2335-a86d-42f0-8384-3be4a359b1bd","local_time":"20210202171855","is_ascension_mode":true,"campfire_choices":[{"data":"Dagger Spray","floor":6.0,"key":"SMITH"},{"data":"Blade Dance","floor":8.0,"key":"SMITH"},{"floor":13.0,"key":"REST"},{"data":"Blur","floor":15.0,"key":"SMITH"},{"floor":32,"key":"REST"},{"floor":41,"key":"REST"},{"floor":49,"key":"RECALL"}],"circlet_count":0,"master_deck":["Defend_G","Defend_G+1","Defend_G","Defend_G","Survivor+1","Neutralize+1","Flying Knee","Leg Sweep+1","Dagger Spray+1","Well Laid Plans","Blade Dance+1","Quick Slash","Burst","Blur+1","Adrenaline","Poisoned Stab+1","Choke","Footwork","Dodge and Roll","Endless Agony","Finisher+1","Caltrops","Escape Plan","Regret","Blade Dance","Deflect+1","Dodge and Roll","Blade Dance+1","Phantasmal Killer+1","Blur+1","Masterful Stab+1","Bullet Time+1","Dagger Spray+1","Accuracy","Finesse+1","Clumsy","Deflect+1","Deflect+1","Escape Plan+1"],"relics":["Philosopher\u0027s Stone","Strawberry","Bag of Marbles","MealTicket","Cursed Key","Question Card","Centennial Puzzle","PreservedInsect","Pen Nib","Meat on the Bone","Toxic Egg 2","Astrolabe","Nunchaku","War Paint","The Courier"],"acts_visited":["Exordium","TheCity","TheBeyond"],"potions_floor_usage":[24,29,31,33,40,46,50],"damage_taken":[{"damage":8.0,"enemies":"Cultist","floor":1.0,"turns":4.0},{"damage":4.0,"enemies":"Jaw Worm","floor":2.0,"turns":4.0},{"damage":0.0,"enemies":"2 Louse","floor":3.0,"turns":2.0},{"damage":0.0,"enemies":"Exordium Wildlife","floor":4.0,"turns":5.0},{"damage":0.0,"enemies":"Blue Slaver","floor":7.0,"turns":4.0},{"damage":12.0,"enemies":"Gremlin Nob","floor":12.0,"turns":4.0},{"damage":2.0,"enemies":"3 Sentries","floor":14.0,"turns":6.0},{"damage":29.0,"enemies":"Hexaghost","floor":16.0,"turns":13.0},{"damage":7.0,"enemies":"2 Thieves","floor":18.0,"turns":4.0},{"damage":3.0,"enemies":"Chosen","floor":21.0,"turns":4.0},{"damage":10.0,"enemies":"Shelled Parasite and Fungi","floor":22.0,"turns":6.0},{"damage":28,"enemies":"Slavers","floor":23,"turns":7},{"damage":1,"enemies":"Snecko","floor":24,"turns":6},{"damage":5,"enemies":"Centurion and Healer","floor":25,"turns":5},{"damage":5,"enemies":"Shelled Parasite and Fungi","floor":27,"turns":4},{"damage":1,"enemies":"Gremlin Leader","floor":29,"turns":2},{"damage":15,"enemies":"Slavers","floor":31,"turns":3},{"damage":29,"enemies":"Automaton","floor":33,"turns":12},{"damage":0,"enemies":"Orb Walker","floor":35,"turns":4},{"damage":41,"enemies":"Giant Head","floor":40,"turns":9},{"damage":19,"enemies":"Nemesis","floor":45,"turns":5},{"damage":12,"enemies":"3 Shapes","floor":46,"turns":3},{"damage":1,"enemies":"Maw","floor":48,"turns":8},{"damage":64,"enemies":"Awakened One","floor":50,"turns":4}],"seed_played":"101162566679722977","potions_obtained":[{"floor":3.0,"key":"Energy Potion"},{"floor":4.0,"key":"PowerPotion"},{"floor":14.0,"key":"Energy Potion"},{"floor":18.0,"key":"Fire Potion"},{"floor":23,"key":"PowerPotion"},{"floor":29,"key":"Block Potion"},{"floor":31,"key":"DistilledChaos"},{"floor":33,"key":"Poison Potion"},{"floor":35,"key":"AttackPotion"},{"floor":40,"key":"Energy Potion"},{"floor":45,"key":"LiquidMemories"},{"floor":48,"key":"Strength Potion"}],"is_trial":false,"path_per_floor":["M","M","M","M","$","R","M","R","T","$","?","E","R","E","R","B",null,"M","?","$","M","M","E","M","M","T","M","?","E","$","E","R","B",null,"M","?","?","?","$","E","R","?","T","T","E","M","$","M","R","B"],"character_chosen":"THE_SILENT","items_purchased":["Dagger Spray","Well Laid Plans","Quick Slash","Choke","Footwork","Weak Potion","Dodge and Roll","Nunchaku","Deflect+1"],"campfire_rested":3,"item_purchase_floors":[5,5,10,20,20,20,30,39,47],"current_hp_per_floor":[62,58,58,58,58,58,58,58,65,65,50,38,61,59,59,30,77,70,70,77,74,64,36,35,30,30,25,25,24,39,36,59,42,77,77,77,73,73,73,44,65,65,65,65,46,46,61,60,60,0,0],"gold":13,"neow_bonus":"BOSS_RELIC","is_daily":false,"chose_seed":false,"campfire_upgraded":3,"win_rate":0.0,"timestamp":1612286335,"path_taken":["M","M","M","M","?","R","?","R","T","?","?","E","R","E","R","BOSS","M","?","$","M","M","E","?","M","T","M","?","E","$","E","R","BOSS","M","?","?","?","$","E","R","?","T","?","E","?","?","M","R","BOSS"],"items_purchased_type":["Card","Card","Card","Card","Card","Potion","Card","Relic","Card"],"build_version":"2020-12-22","purchased_purges":3,"victory":false,"max_hp_per_floor":[70,70,70,70,70,70,70,70,77,77,77,77,77,77,77,77,77,77,77,77,77,77,77,77,77,77,77,77,77,77,77,77,77,77,77,77,73,73,73,73,73,73,73,73,73,73,73,73,73,73,73],"relic_stats":{"Centennial Puzzle":[34],"Nunchaku":[10],"counters":[24,128],"Astrolabe":["Blur","Masterful Stab","Bullet Time"],"MealTicket":37,"PreservedInsect":256,"Pen Nib":[18],"War Paint":["Survivor","Defend_G"],"Cursed Key":2,"Question Card":16,"obtain_stats":[{"Astrolabe":34,"PreservedInsect":26,"Pen Nib":28,"The Courier":45,"War Paint":40,"Cursed Key":17,"Question Card":19,"Centennial Puzzle":23,"Nunchaku":39,"Strawberry":9,"Philosopher\u0027s Stone":0,"MealTicket":14,"Bag of Marbles":12,"Toxic Egg 2":31,"Ring of the Snake":0,"Meat on the Bone":29},{"Astrolabe":18,"PreservedInsect":14,"Pen Nib":15,"The Courier":21,"War Paint":20,"Cursed Key":8,"Question Card":9,"Centennial Puzzle":12,"Nunchaku":19,"Strawberry":5,"Philosopher\u0027s Stone":0,"MealTicket":7,"Bag of Marbles":6,"Toxic Egg 2":17,"Ring of the Snake":0,"Meat on the Bone":16},{"Astrolabe":95,"PreservedInsect":74,"Pen Nib":78,"The Courier":113,"War Paint":108,"Cursed Key":42,"Question Card":46,"Centennial Puzzle":63,"Nunchaku":99,"Strawberry":19,"Philosopher\u0027s Stone":0,"MealTicket":29,"Bag of Marbles":23,"Toxic Egg 2":83,"Ring of the Snake":0,"Meat on the Bone":80}],"Meat on the Bone":48},"card_choices":[{"not_picked":["Outmaneuver","Backflip"],"picked":"Flying Knee","floor":1.0},{"not_picked":["Catalyst","Outmaneuver"],"picked":"Flying Knee","floor":2.0},{"not_picked":["Acrobatics","Quick Slash"],"picked":"Leg Sweep","floor":3.0},{"not_picked":["Outmaneuver","Flying Knee","Slice"],"picked":"SKIP","floor":4.0},{"not_picked":["Finisher","Outmaneuver"],"picked":"Blade Dance","floor":7.0},{"not_picked":["Crippling Poison","Predator"],"picked":"Burst","floor":12.0},{"not_picked":["Sucker Punch","Corpse Explosion"],"picked":"Blur","floor":14.0},{"not_picked":["Grand Finale","Storm of Steel"],"picked":"Adrenaline","floor":16.0},{"not_picked":["Bane","Prepared"],"picked":"Poisoned Stab+1","floor":18.0},{"not_picked":["Dagger Throw","Slice","Deadly Poison"],"picked":"Dodge and Roll","floor":21.0},{"not_picked":["Acrobatics","Eviscerate","Heel Hook+1"],"picked":"Endless Agony","floor":22},{"not_picked":["Acrobatics+1","Deadly Poison+1","Dagger Spray"],"picked":"Finisher+1","floor":23},{"not_picked":["Slice","Dagger Spray","Doppelganger"],"picked":"Caltrops","floor":24},{"not_picked":["Poisoned Stab","Bane","Reflex"],"picked":"Escape Plan","floor":25},{"not_picked":["Deflect","Distraction","Bane"],"picked":"Blade Dance","floor":27},{"not_picked":["Cloak And Dagger","Distraction","Deadly Poison+1"],"picked":"Deflect+1","floor":29},{"not_picked":["Poisoned Stab+1","Heel Hook","Leg Sweep+1"],"picked":"Blade Dance+1","floor":31},{"not_picked":["Glass Knife","Venomology+1","Malaise+1"],"picked":"Phantasmal Killer+1","floor":33},{"not_picked":["Predator","Noxious Fumes","Slice+1"],"picked":"Dagger Spray+1","floor":35},{"not_picked":["Blade Dance+1","Backstab+1","Catalyst+1"],"picked":"Accuracy","floor":40},{"not_picked":["Enlightenment+1","Thinking Ahead+1","Chrysalis+1"],"picked":"Finesse+1","floor":42},{"not_picked":["Leg Sweep+1","Masterful Stab+1","Bouncing Flask+1","Blade Dance+1"],"picked":"SKIP","floor":45},{"not_picked":["Bane+1","Masterful Stab","Escape Plan+1"],"picked":"Deflect+1","floor":46},{"not_picked":["Deadly Poison+1","Poisoned Stab","Underhanded Strike"],"picked":"Escape Plan+1","floor":48}],"player_experience":1291918,"relics_obtained":[{"floor":9.0,"key":"Strawberry"},{"floor":12.0,"key":"Bag of Marbles"},{"floor":14.0,"key":"MealTicket"},{"floor":23,"key":"Centennial Puzzle"},{"floor":26,"key":"PreservedInsect"},{"floor":29,"key":"Meat on the Bone"},{"floor":31,"key":"Toxic Egg 2"},{"floor":40,"key":"War Paint"},{"floor":45,"key":"The Courier"}],"event_choices":[{"damage_healed":0.0,"max_hp_gain":0.0,"max_hp_loss":0.0,"gold_gain":0.0,"event_name":"Shining Light","player_choice":"Entered Light","floor":11.0,"gold_loss":0.0,"damage_taken":15.0,"cards_upgraded":["Leg Sweep","Neutralize"]},{"cards_removed":["Flying Knee"],"damage_healed":0.0,"max_hp_gain":0.0,"max_hp_loss":0.0,"gold_gain":0.0,"event_name":"WeMeetAgain","player_choice":"Gave Card","floor":19.0,"gold_loss":0.0,"damage_taken":0.0,"relics_obtained":["Question Card"]},{"damage_healed":0,"gold_gain":0,"player_choice":"Opened","damage_taken":0,"relics_obtained":["Pen Nib"],"max_hp_gain":0,"max_hp_loss":0,"event_name":"The Mausoleum","floor":28,"gold_loss":0},{"damage_healed":0,"gold_gain":0,"player_choice":"Ignored","damage_taken":0,"max_hp_gain":0,"max_hp_loss":0,"event_name":"Mysterious Sphere","floor":36,"gold_loss":0},{"damage_healed":0,"gold_gain":0,"player_choice":"Max HP","damage_taken":0,"max_hp_gain":0,"max_hp_loss":4,"event_name":"Winding Halls","floor":37,"gold_loss":0},{"damage_healed":0,"gold_gain":0,"player_choice":"Ignored","damage_taken":0,"max_hp_gain":0,"max_hp_loss":0,"event_name":"Tomb of Lord Red Mask","floor":38,"gold_loss":0},{"damage_healed":0,"gold_gain":0,"player_choice":"Memory 1","damage_taken":0,"max_hp_gain":0,"max_hp_loss":0,"event_name":"SensoryStone","floor":42,"gold_loss":0}],"is_beta":false,"boss_relics":[{"not_picked":["Black Star","Tiny House"],"picked":"Cursed Key"},{"not_picked":["HoveringKite","Busted Crown"],"picked":"Astrolabe"}],"items_purged_floors":[5,30,47],"is_endless":false,"potions_floor_spawned":[3,4,14,18,23,29,31,33,35,40,45,48],"killed_by":"Awakened One","ascension_level":4}}