{"host":"d5i1qeb9dejicw1z","time":1612238799,"event":{"mods":["AchievementEnabler","BaseMod","Better Note","BetterRewards","Evolution","Gold Saver","Minty Spire (QoL Compilation)","Permanent Neow","Relic Filter Mod","Reliquary","StSLib"],"gold_per_floor":[729,779,798,268,285,285,304,304,328,130,130,155,175,175,175,248,248,267,286,286,75,75,75,75,87,87,87,8,24,24,59,59,138,138,155,169,2,17,33,33,66,66,66,96,96,96,96,129,141,153,165],"floor_reached":52,"language":"ENG","playtime":1636,"items_purged":["Rebound","Mind Blast","Rebound","Rebound"],"score":2442,"play_id":"71f26b26-15f8-4280-91a4-7c253c879c29","local_time":"20210201200639","is_ascension_mode":true,"campfire_choices":[{"data":"Zap","floor":6,"key":"SMITH"},{"data":"Dualcast","floor":8,"key":"SMITH"},{"data":"Streamline","floor":11,"key":"SMITH"},{"data":"Scrape","floor":15,"key":"SMITH"},{"data":"Beam Cell","floor":23,"key":"SMITH"},{"floor":27,"key":"REST"},{"data":"Go for the Eyes","floor":30,"key":"SMITH"},{"data":"Sadistic Nature","floor":32,"key":"SMITH"},{"data":"All For One","floor":40,"key":"SMITH"},{"floor":42,"key":"REST"},{"data":"Leap","floor":45,"key":"SMITH"},{"data":"Leap","floor":47,"key":"SMITH"},{"data":"Leap","floor":49,"key":"SMITH"}],"circlet_count":0,"master_deck":["AscendersBane","Leap+1","Leap+1","Leap+1","Zap+1","Dualcast+1","Streamline+1","Scrape+1","Sadistic Nature+1","Scrape+1","All For One+1","Beam Cell+1","Beam Cell+1","Go for the Eyes+1","Go for the Eyes+1","Streamline+1"],"relics":["Cracked Core","EVO:Axolotl","PreservedInsect","Shuriken","Incense Burner","reliquary:TridentHead","reliquary:Conveyor","Membership Card","Pen Nib","Orichalcum","Strawberry","Empty Cage","Potion Belt","Pen Nib","reliquary:BoilingFlask","Bag of Preparation","HandDrill","Nunchaku","SacredBark","Du-Vu Doll","reliquary:Aerogel","Frozen Egg 2","Anchor","MawBank"],"acts_visited":["Exordium","TheCity","TheBeyond"],"potions_floor_usage":[13,16,25,31,36,50,51],"damage_taken":[{"damage":3,"enemies":"Jaw Worm","floor":1,"turns":4},{"damage":0,"enemies":"Cultist","floor":3,"turns":2},{"damage":3,"enemies":"Small Slimes","floor":5,"turns":3},{"damage":0,"enemies":"Blue Slaver","floor":7,"turns":4},{"damage":0,"enemies":"Exordium Thugs","floor":13,"turns":1},{"damage":22,"enemies":"The Guardian","floor":16,"turns":8},{"damage":13,"enemies":"2 Thieves","floor":18,"turns":2},{"damage":0,"enemies":"Spheric Guardian","floor":19,"turns":2},{"damage":15,"enemies":"Snake Plant","floor":25,"turns":2},{"damage":0,"enemies":"Chosen and Byrds","floor":29,"turns":2},{"damage":1,"enemies":"Gremlin Leader","floor":31,"turns":3},{"damage":9,"enemies":"Collector","floor":33,"turns":4},{"damage":16,"enemies":"3 Shapes","floor":35,"turns":2},{"damage":0,"enemies":"3 Darklings","floor":36,"turns":1},{"damage":0,"enemies":"Maw","floor":38,"turns":4},{"damage":0,"enemies":"Transient","floor":39,"turns":6},{"damage":3,"enemies":"Giant Head","floor":41,"turns":3},{"damage":0,"enemies":"Reptomancer","floor":44,"turns":2},{"damage":3,"enemies":"Giant Head","floor":48,"turns":4},{"damage":37,"enemies":"Awakened One","floor":50,"turns":6},{"damage":46,"enemies":"Donu and Deca","floor":51,"turns":7}],"seed_played":"-8324709082124222397","potions_obtained":[{"floor":3,"key":"CultistPotion"},{"floor":5,"key":"FocusPotion"},{"floor":18,"key":"Fire Potion"},{"floor":19,"key":"PowerPotion"},{"floor":31,"key":"Block Potion"},{"floor":35,"key":"Swift Potion"},{"floor":38,"key":"GamblersBrew"}],"is_trial":false,"path_per_floor":["M","?","M","$","M","R","M","R","T","$","R","T","M","?","R","B",null,"M","M","?","$","?","R","T","M","T","R","$","M","R","E","R","B",null,"M","M","$","M","M","R","E","R","T","E","R","?","R","E","R","B","B",null],"character_chosen":"DEFECT","items_purchased":["PreservedInsect","Shuriken","reliquary:TridentHead","Trip","Scrape","Sadistic Nature","Membership Card","Orichalcum","Scrape","Potion Belt","reliquary:SculptingSteel","HandDrill","Du-Vu Doll"],"campfire_rested":2,"item_purchase_floors":[0,0,0,0,4,4,4,10,10,21,21,28,37],"current_hp_per_floor":[76,76,76,76,73,73,73,73,73,73,73,80,80,80,80,58,84,71,71,71,71,71,71,71,56,56,83,83,83,83,82,82,73,88,72,72,72,72,72,72,69,93,93,93,93,88,88,85,85,48,2],"gold":177,"neow_bonus":"","is_daily":false,"chose_seed":false,"campfire_upgraded":11,"win_rate":0.0,"timestamp":1612238799,"path_taken":["M","?","M","$","?","R","M","R","T","$","R","?","M","?","R","BOSS","M","M","?","$","?","R","?","M","T","R","?","M","R","E","R","BOSS","M","M","$","M","M","R","E","R","T","E","R","?","R","E","R","BOSS","BOSS"],"items_purchased_type":["Relic","Relic","Relic","Card","Card","Card","Relic","Relic","Card","Relic","Relic","Relic","Relic"],"build_version":"2020-12-22","purchased_purges":4,"victory":true,"max_hp_per_floor":[86,86,86,86,86,86,86,86,86,86,86,93,93,93,93,93,93,93,93,93,93,93,93,93,93,93,93,93,93,93,93,93,93,93,93,93,93,93,93,93,93,93,93,93,93,88,88,88,88,88,88],"card_choices":[{"not_picked":["Reinforced Body","Stack","Blizzard"],"picked":"SKIP","floor":1},{"not_picked":["Glacier","Cold Snap"],"picked":"Streamline","floor":3},{"not_picked":["Compile Driver","Glacier","Melter"],"picked":"SKIP","floor":5},{"not_picked":["Steam","Sweeping Beam","Streamline"],"picked":"SKIP","floor":7},{"not_picked":["Reinforced Body","Streamline","Consume"],"picked":"SKIP","floor":13},{"not_picked":["Meteor Strike","Thunder Strike"],"picked":"All For One","floor":16},{"not_picked":["Auto Shields","Barrage","Recycle"],"picked":"SKIP","floor":18},{"not_picked":["Compile Driver","Stack"],"picked":"Beam Cell","floor":19},{"not_picked":["Rebound","Self Repair"],"picked":"Beam Cell+1","floor":25},{"not_picked":["Rebound","BootSequence"],"picked":"Go for the Eyes","floor":29},{"not_picked":["Reinforced Body","Cold Snap","Sweeping Beam"],"picked":"SKIP","floor":31},{"not_picked":["Coolheaded+1","Sweeping Beam"],"picked":"Go for the Eyes+1","floor":35},{"not_picked":["Conserve Battery","Stack","Fusion+1"],"picked":"SKIP","floor":36},{"not_picked":["Beam Cell","Hologram","Stack"],"picked":"SKIP","floor":38},{"not_picked":["Biased Cognition","Aggregate","Go for the Eyes+1"],"picked":"SKIP","floor":39},{"not_picked":["Conserve Battery","Electrodynamics","Aggregate+1"],"picked":"SKIP","floor":41},{"not_picked":["Steam","Lockon","Leap"],"picked":"SKIP","floor":44},{"not_picked":["Hologram","Fusion+1"],"picked":"Streamline+1","floor":48}],"player_experience":1234261,"relics_obtained":[{"floor":9,"key":"Pen Nib"},{"floor":12,"key":"Strawberry"},{"floor":24,"key":"reliquary:BoilingFlask"},{"floor":26,"key":"Bag of Preparation"},{"floor":31,"key":"Nunchaku"},{"floor":41,"key":"reliquary:Aerogel"},{"floor":43,"key":"Frozen Egg 2"},{"floor":44,"key":"Anchor"},{"floor":48,"key":"MawBank"}],"event_choices":[{"damage_healed":0,"gold_gain":50,"player_choice":"Pray","damage_taken":0,"max_hp_gain":0,"max_hp_loss":0,"event_name":"Golden Shrine","floor":2,"gold_loss":0},{"damage_healed":0,"gold_gain":0,"player_choice":"Grow","damage_taken":0,"max_hp_gain":0,"max_hp_loss":0,"event_name":"Living Wall","floor":14,"gold_loss":0,"cards_upgraded":["Scrape"]},{"damage_healed":0,"gold_gain":0,"player_choice":"Ignored","damage_taken":0,"max_hp_gain":0,"max_hp_loss":0,"event_name":"Purifier","floor":20,"gold_loss":0},{"damage_healed":0,"gold_gain":0,"player_choice":"Ignored","damage_taken":0,"max_hp_gain":0,"max_hp_loss":0,"event_name":"betterNote:BetterNote","floor":22,"gold_loss":0,"cards_obtained":["Echo Form"]},{"damage_healed":0,"gold_gain":0,"player_choice":"Max HP","damage_taken":0,"max_hp_gain":0,"max_hp_loss":5,"event_name":"Winding Halls","floor":46,"gold_loss":0}],"is_beta":false,"boss_relics":[{"not_picked":["Ectoplasm","reliquary:RedPaperclip"],"picked":"Empty Cage"},{"not_picked":["Coffee Dripper","Black Star"],"picked":"SacredBark"}],"items_purged_floors":[0,0,4,10],"is_endless":false,"potions_floor_spawned":[3,5,7,18,19,31,35,38],"ascension_level":20}}