{"host":"m8o7tt929h4qck9e","time":1612297156,"event":{"mods":["Act Like it!","Aspiration","BaseMod","Better Third Choice","BetterRewards","Card Forge","Colored Powertips","Conspire","Defuse TimeMaze Blight","Friendly Minions","Gensokyo","Halation","Hubris","Infinite Spire","Jedi Mod","Minty Spire (QoL Compilation)","Replay The Spire","Shop Mod","Spicy Shops","StSLib","The Jungle","TheFirefly","Transform Curses","??????REMEMod"],"gold_per_floor":[120,120,138,138,166,166,190,190,190,216,91,108,108,127,127,226,226,239,239,260,260,260,260,281,281,281,304,304,79,89,105,105,203,203,222,245,245,301,301,301,301,301,148,166,166,166,191,191,54,70,70,74],"floor_reached":53,"language":"ENG","playtime":10988,"items_purged":["thefirefly:Strike","thefirefly:Strike","thefirefly:Strike","Writhe"],"score":801,"play_id":"69e3048e-267d-418b-acda-d4716783cd64","local_time":"20210202151916","is_ascension_mode":false,"campfire_choices":[{"data":"thefirefly:Defend","floor":6.0,"key":"SMITH"},{"data":"thefirefly:StealthMode","floor":8.0,"key":"SMITH"},{"data":"Replay:Sssssssssshield","floor":13.0,"key":"SMITH"},{"data":"thefirefly:ChargedLaser","floor":15.0,"key":"SMITH"},{"data":"thefirefly:BoltzmannBrain","floor":23,"key":"SMITH"},{"data":"thefirefly:FullProjection","floor":23,"key":"SMITH"},{"data":"thefirefly:Preload","floor":25,"key":"SMITH"},{"data":"thefirefly:AccountUncertainty","floor":25,"key":"SMITH"},{"data":"thefirefly:PhotonBlast","floor":32,"key":"SMITH"},{"data":"thefirefly:ErraticMotions","floor":32,"key":"SMITH"},{"data":"thefirefly:Regeneration","floor":40,"key":"SMITH"},{"data":"thefirefly:BreachMissile","floor":40,"key":"SMITH"},{"data":"thefirefly:NebulaVeil","floor":48,"key":"SMITH"},{"data":"thefirefly:Defend","floor":48,"key":"SMITH"},{"floor":51,"key":"DIG"}],"circlet_count":0,"master_deck":["thefirefly:Defend+1","thefirefly:Defend","thefirefly:Defend","thefirefly:Defend+1","thefirefly:StealthMode+1","thefirefly:PhotonBlast+1","Clumsy","thefirefly:LifeSupport+1","thefirefly:ChargedLaser+1","thefirefly:NebulaVeil+1","Replay:Sssssssssshield+1","thefirefly:AccountUncertainty+1","thefirefly:BoltzmannBrain+1","thefirefly:Preload+1","thefirefly:FullProjection+1","thefirefly:ErraticMotions+1","thefirefly:BreachMissile+1","ReplayTheSpireMod:Doomed","Decay","thefirefly:Prominence+1","thefirefly:Regeneration+1","thefirefly:BoltzmannBrain+1"],"relics":["thefirefly:StealthSystem","Hammer of Thor","Seething Fire","Anvil of the Gods","REME_ComplimentaryCards","BargainBundle","Replay:Bandana","Lantern","halation:Toothbrush","infinitespire:BottledMercury","ReplayFunnel","Gensokyo:Justice","ReplayTheSpireMod:Shallot","hubris:RunicObelisk","hubris:MedicalManual","Replay:Arrowhead","hubris:DeckOfHolding","Replay:Mystery Machine","TheAbacus","Replay:Ancient Bell","Replay:Rubber Ducky","Mercury Hourglass","Du-Vu Doll","hubris:GlazedTorus","halation:AfternoonTea","Pet Ghost","Omamori","DollysMirror","Oddly Smooth Stone"],"acts_visited":["Exordium","Gensokyo:Gensokyo","Gensokyo:Gensokyoer"],"potions_floor_usage":[50,52,52],"damage_taken":[{"damage":0.0,"enemies":"Gensokyo:3_Fairies","floor":1.0,"turns":8.0},{"damage":0.0,"enemies":"Gensokyo:Python","floor":3.0,"turns":5.0},{"damage":0.0,"enemies":"Gensokyo:2_Kodama","floor":5.0,"turns":4.0},{"damage":0.0,"enemies":"Gensokyo:Kitsune","floor":7.0,"turns":5.0},{"damage":0.0,"enemies":"Gensokyo:LivingMonolith","floor":10.0,"turns":5.0},{"damage":1.0,"enemies":"Gensokyo:VengefulSpirit","floor":12.0,"turns":8.0},{"damage":0.0,"enemies":"Gensokyo:2_Rabbits","floor":14.0,"turns":5.0},{"damage":19.0,"enemies":"Gensokyo:Yukari","floor":16.0,"turns":9.0},{"damage":0.0,"enemies":"Gensokyo:CosmicMonolith","floor":18.0,"turns":5.0},{"damage":0.0,"enemies":"Gensokyo:2_Gloops","floor":20.0,"turns":5.0},{"damage":0,"enemies":"Gensokyo:Swordslinger","floor":24,"turns":5},{"damage":0,"enemies":"Gensokyo:Wraith","floor":27,"turns":5},{"damage":0,"enemies":"Gensokyo:Mirror_and_Dog","floor":30,"turns":5},{"damage":0,"enemies":"Gensokyo:Swordslinger","floor":31,"turns":4},{"damage":0,"enemies":"Gensokyo:Kaguya","floor":33,"turns":14},{"damage":0,"enemies":"Gensokyo:3_Bats","floor":35,"turns":6},{"damage":0,"enemies":"Gensokyo:AncientGuardian","floor":36,"turns":12},{"damage":10,"enemies":"Gensokyo:Sharpion","floor":44,"turns":6},{"damage":0,"enemies":"Gensokyo:Dusk_and_Dawn","floor":47,"turns":5},{"damage":0,"enemies":"Gensokyo:4_Bats","floor":50,"turns":5},{"damage":0,"enemies":"Gensokyo:Scarlet_Devils","floor":52,"turns":8}],"seed_played":"4491201075321239783","potions_obtained":[{"floor":16.0,"key":"AttackPotion"},{"floor":18.0,"key":"Fire Potion"},{"floor":27,"key":"PowerPotion"}],"is_trial":false,"path_per_floor":["M","?","M","?","M","R","M","R","T","M","$","M","R","M","R","B",null,"M","?","M","AVR","?","R","M","R","T","M","?","$","M","M","R","B",null,"M","M","AVR","?","?","R","PTL","PTL","$","M","T","?","M","R","COS","M","R","B",null],"character_chosen":"THE_FIREFLY","items_purchased":["BargainBundle","Replay:Bandana","Block Potion","Venom Potion","Energy Potion","Lantern","halation:Toothbrush","thefirefly:LifeSupport+1","thefirefly:ChargedLaser","infinitespire:BottledMercury","thefirefly:NebulaVeil","ReplayFunnel","Replay:Sssssssssshield","Replay:Mystery Machine","TheAbacus","Pet Ghost"],"campfire_rested":0,"item_purchase_floors":[0,0,0,0,0,0,0,0,0,0,0,0,0,29,29,43],"current_hp_per_floor":[41,47,56,59,61,61,61,61,61,61,64,63,63,63,63,44,64,64,59,59,59,65,65,65,65,65,65,65,65,65,65,65,65,65,65,65,68,68,71,71,71,71,71,71,71,71,71,71,71,71,71,71],"gold":74,"neow_bonus":"","is_daily":false,"chose_seed":false,"campfire_upgraded":14,"win_rate":0.0,"timestamp":1612297156,"path_taken":["M","?","?","?","M","R","M","R","T","M","$","?","R","M","R","BOSS","M","?","M","AVR","?","R","M","R","T","M","?","$","?","M","R","BOSS","M","M","AVR","?","?","R","PTL","PTL","$","M","T","?","?","R","COS","M","R","BOSS"],"items_purchased_type":["Relic","Relic","Potion","Potion","Potion","Relic","Relic","Card","Card","Relic","Card","Relic","Card","Relic","Relic","Relic"],"build_version":"2020-12-22","purchased_purges":4,"victory":true,"max_hp_per_floor":[58,58,58,61,61,61,61,61,61,61,64,64,64,64,64,64,64,64,59,59,59,65,65,65,65,65,65,65,65,65,65,65,65,65,65,65,68,68,71,71,71,71,71,71,71,71,71,71,71,71,71,71],"card_choices":[{"not_picked":["thefirefly:Boost","thefirefly:EvasiveManeuver","thefirefly:Ruminate"],"picked":"SKIP","floor":1.0},{"not_picked":["thefirefly:Rend","thefirefly:EnergyShield"],"picked":"thefirefly:Preload","floor":3.0},{"not_picked":["thefirefly:StarCinder","thefirefly:EMP","thefirefly:FlakCannon"],"picked":"SKIP","floor":5.0},{"not_picked":["thefirefly:QuantumTunneling","thefirefly:Flight"],"picked":"thefirefly:AccountUncertainty","floor":7.0},{"not_picked":["thefirefly:Boost","thefirefly:CoveringFire","thefirefly:StoredPower"],"picked":"SKIP","floor":10.0},{"not_picked":["thefirefly:FlakCannon","thefirefly:AccountUncertainty","thefirefly:ArtillleryBeam"],"picked":"SKIP","floor":12.0},{"not_picked":["thefirefly:EvasiveManeuver","thefirefly:AuroralDischarge","thefirefly:EnergyShield"],"picked":"SKIP","floor":14.0},{"not_picked":["thefirefly:BreachMissile","thefirefly:Dematerialize"],"picked":"thefirefly:BoltzmannBrain","floor":16.0},{"not_picked":["thefirefly:Teleport","thefirefly:AccountUncertainty+1","thefirefly:Rend"],"picked":"SKIP","floor":18.0},{"not_picked":["thefirefly:Distort+1","thefirefly:Teleport"],"picked":"thefirefly:Preload","floor":20.0},{"not_picked":["thefirefly:NebulaVeil","thefirefly:StoredPower","thefirefly:ChargedLaser"],"picked":"SKIP","floor":24},{"not_picked":["thefirefly:FullProjection","thefirefly:Teleport","thefirefly:AutoTargeting+1"],"picked":"SKIP","floor":27},{"not_picked":["thefirefly:LifeSupport","thefirefly:Teleport","thefirefly:AuroralDischarge+1"],"picked":"SKIP","floor":30},{"not_picked":["thefirefly:Pacify","thefirefly:ArtillleryBeam+1","thefirefly:HyperFocus"],"picked":"SKIP","floor":31},{"not_picked":["thefirefly:Cosmogenesis","thefirefly:LustForEternity"],"picked":"thefirefly:BreachMissile","floor":33},{"not_picked":["hubris:Wrath","hubris:Lust"],"picked":"ReplayTheSpireMod:Doomed","floor":34},{"not_picked":["Pain","jedi:frostbite"],"picked":"Writhe","floor":34},{"not_picked":["hubris:Gluttony","Regret"],"picked":"Decay","floor":34},{"not_picked":["thefirefly:Ruminate+1","thefirefly:PotentAmmunition","thefirefly:EMP"],"picked":"SKIP","floor":35},{"not_picked":["thefirefly:SteadyAim+1","thefirefly:RecollectionSubroutine+1"],"picked":"thefirefly:Prominence+1","floor":36},{"not_picked":["thefirefly:InterceptingShot+1","thefirefly:LustForEternity","thefirefly:FlakCannon+1"],"picked":"SKIP","floor":44},{"not_picked":["thefirefly:EvasiveManeuver","thefirefly:SearingEnigma+1","thefirefly:LifeSupport"],"picked":"SKIP","floor":47},{"not_picked":["thefirefly:DecoyShot","thefirefly:ShieldArray","thefirefly:CoveringFire"],"picked":"SKIP","floor":50}],"player_experience":29783,"relics_obtained":[{"floor":9.0,"key":"ReplayTheSpireMod:Shallot"},{"floor":26,"key":"hubris:DeckOfHolding"},{"floor":38,"key":"halation:AfternoonTea"},{"floor":45,"key":"Omamori"},{"floor":51,"key":"Oddly Smooth Stone"}],"event_choices":[{"damage_healed":0,"gold_gain":0,"player_choice":"Leave","damage_taken":0,"max_hp_gain":0,"max_hp_loss":0,"event_name":"conspire:Investor","floor":46,"gold_loss":0}],"is_beta":false,"boss_relics":[{"not_picked":["halation:Yufonium","Astrolabe"],"picked":"hubris:RunicObelisk"},{"not_picked":["ReplayTheSpireMod:SealedPack","Replay:Fungal Core"],"picked":"Replay:Ancient Bell"},{"not_picked":["Blue Doll","MawBank"],"picked":"Replay:Rubber Ducky"},{"not_picked":["conspire:Flyswatter","Pear"],"picked":"Mercury Hourglass"},{"not_picked":["Mango","infinitespire:Golems Mask"],"picked":"Du-Vu Doll"}],"items_purged_floors":[0,0,11,37],"is_endless":false,"potions_floor_spawned":[1,14,16,18,27,31,36,44],"ascension_level":0}}