{"host":"0m8zx4nh2snqg8t8","time":1612301598,"event":{"mods":["BaseMod","Hermit","Infinite Spire","Minty Spire (QoL Compilation)","Replay The Spire","StSLib","The Jungle"],"gold_per_floor":[118,129,142,67,242,274,274,345,345,370,88,38,38,38],"floor_reached":13,"language":"ENG","playtime":596,"items_purged":["Doubt"],"score":109,"play_id":"6044ecc3-8f3a-4f40-923f-dcbe3ab6d8ca","local_time":"20210202133318","is_ascension_mode":true,"campfire_choices":[{"floor":7,"key":"REST"}],"circlet_count":0,"master_deck":["Strike_B","Strike_B","Strike_B","Defend_B","Defend_B","Defend_B","Defend_B","Zap","Dualcast","Coolheaded","Chaos","Defragment","Leap","FIFO Queue","Ball Lightning","Capacitor","Conserve Battery","Doom and Gloom"],"relics":["Cracked Core","Replay:Antivirus Software","Divine Protection","Ancient Tea Set","Orrery"],"acts_visited":["Exordium"],"potions_floor_usage":[6],"damage_taken":[{"damage":5,"enemies":"Small Slimes","floor":1,"turns":2},{"damage":7,"enemies":"Jaw Worm","floor":2,"turns":3},{"damage":0,"enemies":"2 Louse","floor":3,"turns":2},{"damage":68,"enemies":"Gremlin Nob","floor":6,"turns":6},{"damage":13,"enemies":"Lagavulin","floor":10,"turns":8},{"damage":13,"enemies":"3 Sentries","floor":13,"turns":2}],"seed_played":"-4124359421613814429","potions_obtained":[{"floor":2,"key":"FearPotion"},{"floor":3,"key":"SkillPotion"}],"is_trial":false,"path_per_floor":["M","M","M","$","?","E","R","T","T","E","$","?","E"],"character_chosen":"DEFECT","items_purchased":["Defragment","Ball Lightning","Orrery"],"campfire_rested":1,"item_purchase_floors":[4,11,11],"current_hp_per_floor":[77,70,70,70,70,2,26,26,26,13,13,13,0,0],"gold":38,"neow_bonus":"TEN_PERCENT_HP_BONUS","is_daily":false,"chose_seed":false,"campfire_upgraded":0,"win_rate":0.0,"timestamp":1612301598,"path_taken":["M","M","M","$","?","E","R","?","T","E","$","?","E"],"items_purchased_type":["Card","Card","Relic"],"build_version":"2020-12-22","purchased_purges":1,"victory":false,"max_hp_per_floor":[82,82,82,82,82,82,82,82,82,82,82,82,82,82],"card_choices":[{"not_picked":["Turbo","Leap"],"picked":"Coolheaded","floor":1},{"not_picked":["Cold Snap","Streamline","Rip and Tear"],"picked":"SKIP","floor":2},{"not_picked":["ReplaySolidLightProjector","Turbo"],"picked":"Chaos","floor":3},{"not_picked":["ReplayTheSpireMod:Omega Cannon","Go for the Eyes"],"picked":"Leap","floor":6},{"not_picked":["Streamline","Barrage"],"picked":"FIFO Queue","floor":10},{"not_picked":["Chill","Coolheaded"],"picked":"Capacitor","floor":11},{"not_picked":["Ball Lightning","Auto Shields"],"picked":"Conserve Battery","floor":11},{"not_picked":["Beam Cell","Panic Button"],"picked":"Doom and Gloom","floor":11}],"player_experience":305498,"relics_obtained":[{"floor":6,"key":"Replay:Antivirus Software"},{"floor":8,"key":"Divine Protection"},{"floor":10,"key":"Ancient Tea Set"}],"event_choices":[{"damage_healed":0,"gold_gain":175,"player_choice":"AGREE","damage_taken":0,"max_hp_gain":0,"max_hp_loss":0,"event_name":"Liars Game","floor":5,"gold_loss":0,"cards_obtained":["Doubt"]},{"cards_removed":["Strike_B"],"damage_healed":0,"gold_gain":0,"player_choice":"Card Removal","damage_taken":0,"max_hp_gain":0,"max_hp_loss":0,"event_name":"The Cleric","floor":12,"gold_loss":50}],"is_beta":false,"boss_relics":[],"items_purged_floors":[11],"is_endless":false,"potions_floor_spawned":[2,3],"killed_by":"3 Sentries","ascension_level":4}}