{"host":"nxma0dbhh74lxenq","time":1612279795,"event":{"mods":["Astrologer","BaseMod","Beaked The Cultist","CapriCore","Colored Map","DeckTracker","Gremlin Mod","HololiveMod","KinomotoSakuraMod(ñÿîVñ{?)","Koishi","Mad Scientist","Minty Spire (QoL Compilation)","Prisma Mod","StSLib","SuperFastMode","The Bladedancer","The Cursed","The Immortal","The Mystic","YoumuÅiç∞ÈÆódöÎÅj"],"gold_per_floor":[360,53,64,75,88,115,40,40,65,65,99,25,44,63,63,63,63],"floor_reached":16,"language":"JPN","playtime":542,"items_purged":["Koishi:BasicStrike"],"score":196,"play_id":"9f781fff-6c68-44a0-a6c1-e9d452006790","local_time":"20210203002955","is_ascension_mode":true,"campfire_choices":[{"data":"Koishi:TerrifyingSpectre","floor":8,"key":"SMITH"},{"floor":10,"key":"REST"},{"floor":15,"key":"REST"}],"circlet_count":0,"master_deck":["AscendersBane","Koishi:BasicStrike","Koishi:BasicStrike","Koishi:BasicDefend","Koishi:BasicDefend","Koishi:BasicDefend","Koishi:BasicDefend","Koishi:Provoke","Koishi:HauntingSlash","Koishi:Whimsy","Koishi:SubterraneanRose","Koishi:Jaunt","Koishi:CatchAndRose","Koishi:RacingHeart","Koishi:ParalyzingFear","Koishi:TerrifyingSpectre+1","Koishi:Catatonia","Koishi:TremblingHands"],"relics":["Koishi:ImaginaryFriend","Potion Belt","Oddly Smooth Stone","PreservedInsect","Vajra","Darkstone Periapt"],"acts_visited":["Exordium"],"potions_floor_usage":[16],"damage_taken":[{"damage":15,"enemies":"Small Slimes","floor":1,"turns":5},{"damage":1,"enemies":"2 Louse","floor":3,"turns":3},{"damage":1,"enemies":"Cultist","floor":4,"turns":4},{"damage":0,"enemies":"Exordium Wildlife","floor":5,"turns":5},{"damage":20,"enemies":"Gremlin Nob","floor":6,"turns":5},{"damage":11,"enemies":"Lagavulin","floor":11,"turns":7},{"damage":16,"enemies":"Exordium Thugs","floor":13,"turns":6},{"damage":0,"enemies":"Large Slime","floor":14,"turns":6},{"damage":45,"enemies":"Slime Boss","floor":16,"turns":7}],"seed_played":"-1850388519109800356","potions_obtained":[{"floor":3,"key":"Explosive Potion"},{"floor":6,"key":"DuplicationPotion"},{"floor":14,"key":"Swift Potion"}],"is_trial":false,"path_per_floor":["M","$","M","M","M","E","?","R","T","R","E","?","M","M","R","B"],"character_chosen":"KOISHI","items_purchased":["Potion Belt","Koishi:SubterraneanRose","Koishi:Jaunt"],"campfire_rested":2,"item_purchase_floors":[2,2,2],"current_hp_per_floor":[39,39,39,40,42,26,26,26,26,41,36,36,25,26,41,0,0],"gold":63,"neow_bonus":"TWO_FIFTY_GOLD","is_daily":false,"chose_seed":false,"campfire_upgraded":1,"win_rate":0.0,"timestamp":1612279795,"path_taken":["M","$","M","M","M","E","?","R","T","R","E","?","?","M","R","BOSS"],"items_purchased_type":["Relic","Card","Card"],"build_version":"2020-12-22","purchased_purges":1,"victory":false,"max_hp_per_floor":[52,52,52,52,52,52,52,52,52,52,52,52,52,52,52,52,52],"card_choices":[{"not_picked":["Koishi:UnconsciousUprising","Koishi:EmbryosDream"],"picked":"Koishi:Whimsy","floor":1},{"not_picked":["Koishi:UnconsciousUprising","Koishi:UnansweredLove"],"picked":"Koishi:CatchAndRose","floor":3},{"not_picked":["Koishi:StingingMind","Koishi:Vanish"],"picked":"Koishi:RacingHeart","floor":4},{"not_picked":["Koishi:Whimsy","Koishi:BloodcurdlingScream"],"picked":"Koishi:ParalyzingFear","floor":5},{"not_picked":["Koishi:DNAsFlaw","Koishi:SubterraneanRose"],"picked":"Koishi:TerrifyingSpectre","floor":6},{"not_picked":["Koishi:SubterraneanRose","Koishi:StrangeCloudFist"],"picked":"Koishi:Catatonia","floor":11},{"not_picked":["Koishi:VengefulSpirit","Koishi:Bloodlust","Koishi:ParalyzingFear"],"picked":"SKIP","floor":13},{"not_picked":["Koishi:PhantomStrike","Koishi:StrangeCloudFist"],"picked":"Koishi:TremblingHands","floor":14}],"player_experience":571964,"relics_obtained":[{"floor":6,"key":"Oddly Smooth Stone"},{"floor":9,"key":"PreservedInsect"},{"floor":11,"key":"Vajra"}],"event_choices":[{"cards_removed":["Koishi:BasicStrike"],"damage_healed":0,"gold_gain":0,"player_choice":"Card Removal","damage_taken":0,"max_hp_gain":0,"max_hp_loss":0,"event_name":"The Cleric","floor":7,"gold_loss":75},{"damage_healed":0,"gold_gain":0,"player_choice":"Paid Gold","damage_taken":0,"relics_obtained":["Darkstone Periapt"],"max_hp_gain":0,"max_hp_loss":0,"event_name":"WeMeetAgain","floor":12,"gold_loss":74}],"is_beta":false,"boss_relics":[],"items_purged_floors":[2],"is_endless":false,"potions_floor_spawned":[3,6,14],"killed_by":"Slime Boss","ascension_level":15}}