{"host":"rq7gz685gkaokql0","time":1612237287,"event":{"mods":["BaseMod","Hubris","Infinite Spire","Minty Spire (QoL Compilation)","Replay The Spire","StSLib"],"gold_per_floor":[111,111,121,121,133,160,160,160,187,205,233,76,76,90,90,165,165,177,210,210,229,247,247,247],"floor_reached":23,"language":"ENG","playtime":759,"items_purged":[],"score":402,"play_id":"45cde6b9-2194-4691-a61e-4d7849a567ac","local_time":"20210201174127","is_ascension_mode":true,"campfire_choices":[{"floor":13,"key":"REST"},{"floor":15,"key":"REST"}],"circlet_count":0,"master_deck":["AscendersBane","Strike_R","Strike_R","Strike_R","Strike_R","Defend_R","Defend_R","Defend_R","Defend_R","Bash","Thunderclap+1","Sword Boomerang","Juggernaut","Disarm","Armaments","Wild Strike","Fire Breathing","Spot Weakness","Immolate","Overencumbered","Clumsy","hubris:Disease","Feed","Heavy Blade","ReplayTheSpireMod:Limb From Limb","Iron Wave+1"],"relics":["Burning Blood","NeowsBlessing","Oddly Smooth Stone","hubris:Icosahedron","Vajra","Ancient Tea Set","hubris:TenFootPole","Replay:Ancient Bell","Anchor","Matryoshka","hubris:Potato","Red Mask"],"acts_visited":["Exordium","TheCity"],"potions_floor_usage":[11,16,19,21,22,23,23],"damage_taken":[{"damage":0.0,"enemies":"2 Louse","floor":1.0,"turns":1.0},{"damage":0.0,"enemies":"Small Slimes","floor":3.0,"turns":1.0},{"damage":0.0,"enemies":"Cultist","floor":5.0,"turns":1.0},{"damage":67.0,"enemies":"3 Sentries","floor":6.0,"turns":10.0},{"damage":8.0,"enemies":"Blue Slaver","floor":10.0,"turns":4.0},{"damage":5,"enemies":"Lagavulin","floor":11,"turns":6},{"damage":6,"enemies":"2 Fungi Beasts","floor":14,"turns":3},{"damage":24,"enemies":"Slime Boss","floor":16,"turns":9},{"damage":26,"enemies":"2 Thieves","floor":18,"turns":3},{"damage":28,"enemies":"Masked Bandits","floor":19,"turns":4},{"damage":12,"enemies":"Chosen","floor":21,"turns":5},{"damage":8,"enemies":"Snake Plant","floor":22,"turns":3},{"damage":19,"enemies":"Nightmare","floor":23,"turns":6}],"seed_played":"6054353097079621390","potions_obtained":[{"floor":3.0,"key":"Energy Potion"},{"floor":6.0,"key":"Energy Potion"},{"floor":14,"key":"Explosive Potion"},{"floor":16,"key":"AttackPotion"},{"floor":20,"key":"LiquidMemories"},{"floor":21,"key":"EssenceOfSteel"},{"floor":22,"key":"Energy Potion"}],"is_trial":false,"path_per_floor":["M","?","M","?","M","E","?","?","T","M","E","$","R","M","R","B",null,"M","?","?","M","M","NM"],"character_chosen":"IRONCLAD","items_purchased":["hubris:TenFootPole"],"campfire_rested":2,"item_purchase_floors":[12],"current_hp_per_floor":[74,74,75,75,75,14,14,14,14,12,13,13,35,35,57,39,66,46,27,27,21,19,0,0],"gold":247,"neow_bonus":"THREE_ENEMY_KILL","is_daily":false,"chose_seed":false,"campfire_upgraded":0,"win_rate":0.0,"timestamp":1612237287,"path_taken":["M","?","M","?","?","E","?","?","T","M","E","?","R","M","R","BOSS","M","?","?","?","M","NM"],"items_purchased_type":["Relic"],"build_version":"2020-12-22","purchased_purges":0,"victory":false,"max_hp_per_floor":[75,75,75,75,75,75,75,75,75,75,75,75,75,75,75,75,75,75,78,78,78,78,78,78],"card_choices":[{"not_picked":["Warcry","Shrug It Off"],"picked":"Thunderclap","floor":1.0},{"not_picked":["Blood for Blood","Flex"],"picked":"Sword Boomerang","floor":3.0},{"not_picked":["Havoc","ReplayReversal"],"picked":"Disarm","floor":5.0},{"not_picked":["Clothesline","Sever Soul"],"picked":"Armaments","floor":6.0},{"not_picked":["Warcry","hubris:ReadiedAction"],"picked":"Wild Strike","floor":10.0},{"not_picked":["Havoc","Dropkick"],"picked":"Fire Breathing","floor":11},{"not_picked":["Corruption","Twin Strike"],"picked":"Spot Weakness","floor":14},{"not_picked":["hubris:StunningStrike","Bludgeon"],"picked":"Immolate","floor":16},{"not_picked":["hubris:Sloth","hubris:Envy"],"picked":"Overencumbered","floor":17},{"not_picked":["Looming Evil","Sickly"],"picked":"Clumsy","floor":17},{"not_picked":["hubris:Gluttony","hubris:Envy"],"picked":"hubris:Disease","floor":17},{"not_picked":["Thunderclap","Perfected Strike"],"picked":"Feed","floor":18},{"not_picked":["Headbutt","Perfected Strike"],"picked":"Heavy Blade","floor":19},{"not_picked":["Sentinel","Headbutt"],"picked":"ReplayTheSpireMod:Limb From Limb","floor":21},{"not_picked":["Twin Strike","Clash+1"],"picked":"Iron Wave+1","floor":22}],"player_experience":1234880,"relics_obtained":[{"floor":6.0,"key":"Oddly Smooth Stone"},{"floor":9.0,"key":"Vajra"},{"floor":11,"key":"Ancient Tea Set"},{"floor":19,"key":"Red Mask"}],"event_choices":[{"damage_healed":0.0,"max_hp_gain":0.0,"max_hp_loss":0.0,"gold_gain":0.0,"event_name":"The Cleric","player_choice":"Leave","floor":2.0,"gold_loss":0.0,"damage_taken":0.0},{"damage_healed":0.0,"max_hp_gain":0.0,"max_hp_loss":0.0,"gold_gain":0.0,"cards_transformed":["Strike_R"],"event_name":"Transmorgrifier","player_choice":"Transformed","floor":4.0,"gold_loss":0.0,"damage_taken":0.0,"cards_obtained":["Juggernaut"]},{"damage_healed":0,"gold_gain":0,"player_choice":"Fought Bandits","damage_taken":0,"max_hp_gain":0,"max_hp_loss":0,"event_name":"Masked Bandits","floor":19,"gold_loss":0},{"damage_healed":0,"gold_gain":0,"player_choice":"Got Potions","damage_taken":0,"max_hp_gain":0,"max_hp_loss":0,"event_name":"Lab","floor":20,"gold_loss":0}],"is_beta":false,"boss_relics":[{"not_picked":["hubris:VirtuousBlindfold","hubris:ScarierMask"],"picked":"Replay:Ancient Bell"},{"not_picked":["Grinning Jar","Replay:Wax Seal"],"picked":"Anchor"},{"not_picked":["Snack Pack","White Beast Statue"],"picked":"Matryoshka"},{"not_picked":["Shovel","infinitespire:Joker Card"],"picked":"hubris:Potato"}],"items_purged_floors":[],"is_endless":false,"potions_floor_spawned":[3,6,14,16,21,22],"killed_by":"Nightmare","ascension_level":20}}