{"host":"l84l8xigz5v5foa2","time":1612276079,"event":{"mods":["2.2 Compatiblity","AchievementEnabler","BaseMod","Better Note","Better Vampires","Card Filter","Colored Map","DeckTracker","Gremlin Skip","Highlight Path","Keyboard Shortcuts","Minty Spire (QoL Compilation)","Permanent Neow","Quick Restart","Relic Filter","Relic Stats","Shop Mod","StSLib","SuperFastMode","Transform Curses","Unknown Chances"],"gold_per_floor":[111,129,129,129,143,143,171,185,212,227,227,101,112,127,127,202,202,218,133,133,133,153,184,184,199,223,223,233,268,278,294,294,294,294],"floor_reached":33,"language":"ENG","playtime":984,"items_purged":["Strike_G"],"score":553,"play_id":"43d462f9-26ac-492e-aa99-4ac77c015b33","local_time":"20210202232759","is_ascension_mode":true,"campfire_choices":[{"data":"Neutralize","floor":6,"key":"SMITH"},{"data":"Calculated Gamble","floor":11,"key":"SMITH"},{"data":"Blade Dance","floor":15,"key":"SMITH"},{"data":"Bullet Time","floor":24,"key":"SMITH"},{"data":"Phantasmal Killer","floor":27,"key":"SMITH"},{"data":"Tactician","floor":32,"key":"SMITH"}],"circlet_count":0,"master_deck":["AscendersBane","Strike_G","Defend_G","Defend_G","Defend_G","Defend_G","Defend_G","Survivor","Neutralize+1","Die Die Die","Deflect","Bane","Dagger Throw","Bullet Time+1","Calculated Gamble+1","Dash","Blade Dance+1","Backflip","Phantasmal Killer+1","Blade Dance","Cloak And Dagger","Sucker Punch+1","Noxious Fumes+1","Tactician+1","Dagger Throw","Cloak And Dagger+1"],"relics":["Ring of the Snake","Toy Ornithopter","Bag of Marbles","WristBlade","Bronze Scales","Unceasing Top","Art of War","Anchor"],"acts_visited":["Exordium","TheCity"],"potions_floor_usage":[8,8,16,25,30,31],"damage_taken":[{"damage":0,"enemies":"2 Louse","floor":1,"turns":1},{"damage":0,"enemies":"Small Slimes","floor":2,"turns":2},{"damage":4,"enemies":"Cultist","floor":5,"turns":5},{"damage":30,"enemies":"Gremlin Nob","floor":7,"turns":5},{"damage":1,"enemies":"Large Slime","floor":8,"turns":8},{"damage":4,"enemies":"Blue Slaver","floor":10,"turns":4},{"damage":6,"enemies":"Looter","floor":13,"turns":3},{"damage":0,"enemies":"Exordium Wildlife","floor":14,"turns":1},{"damage":6,"enemies":"Hexaghost","floor":16,"turns":9},{"damage":0,"enemies":"Spheric Guardian","floor":18,"turns":2},{"damage":0,"enemies":"Shell Parasite","floor":22,"turns":1},{"damage":30,"enemies":"Slavers","floor":23,"turns":7},{"damage":0,"enemies":"Chosen and Byrds","floor":25,"turns":3},{"damage":0,"enemies":"Centurion and Healer","floor":28,"turns":3},{"damage":0,"enemies":"Gremlin Leader","floor":29,"turns":4},{"damage":0,"enemies":"Sentry and Sphere","floor":30,"turns":3},{"damage":0,"enemies":"Chosen and Byrds","floor":31,"turns":3},{"damage":42,"enemies":"Collector","floor":33,"turns":7}],"seed_played":"5081503143886730665","potions_obtained":[{"floor":1,"key":"CultistPotion"},{"floor":2,"key":"Energy Potion"},{"floor":8,"key":"Fruit Juice"},{"floor":18,"key":"SmokeBomb"},{"floor":23,"key":"Explosive Potion"},{"floor":29,"key":"Explosive Potion"},{"floor":30,"key":"LiquidBronze"}],"is_trial":false,"path_per_floor":["M","M","?","?","M","R","E","M","T","M","R","$","M","M","R","B",null,"M","?","?","?","M","E","R","M","T","R","M","E","M","M","R","B"],"character_chosen":"THE_SILENT","items_purchased":["Blade Dance"],"campfire_rested":0,"item_purchase_floors":[12],"current_hp_per_floor":[44,44,44,44,40,40,10,24,24,20,20,20,14,14,14,13,57,57,57,57,57,57,27,27,32,32,32,32,32,37,42,42,0,0],"gold":294,"neow_bonus":"THREE_RARE_CARDS","is_daily":false,"chose_seed":false,"campfire_upgraded":6,"win_rate":0.0,"timestamp":1612276079,"path_taken":["M","M","?","?","M","R","E","?","T","M","R","$","M","M","R","BOSS","M","?","?","?","?","E","R","M","T","R","M","E","M","M","R","BOSS"],"items_purchased_type":["Card"],"build_version":"2020-12-22","purchased_purges":1,"victory":false,"max_hp_per_floor":[66,66,66,66,66,66,66,71,71,71,71,71,71,71,71,71,71,71,71,71,71,71,71,71,71,71,71,71,71,71,71,71,71,71],"relic_stats":{"counters":[18,71],"Bronze Scales":[60],"Art of War":[0],"obtain_stats":[{"Anchor":29,"WristBlade":17,"Bronze Scales":19,"Bag of Marbles":9,"Art of War":26,"Toy Ornithopter":7,"Unceasing Top":23,"Ring of the Snake":0},{"Anchor":15,"WristBlade":9,"Bronze Scales":10,"Bag of Marbles":5,"Art of War":13,"Toy Ornithopter":4,"Unceasing Top":12,"Ring of the Snake":0},{"Anchor":58,"WristBlade":38,"Bronze Scales":40,"Bag of Marbles":21,"Art of War":51,"Toy Ornithopter":13,"Unceasing Top":48,"Ring of the Snake":0}],"Toy Ornithopter":30,"Unceasing Top":[2],"Ring of the Snake":[36]},"card_choices":[{"not_picked":["Storm of Steel","Phantasmal Killer"],"picked":"Die Die Die","floor":0},{"not_picked":["Distraction","Masterful Stab"],"picked":"Deflect","floor":1},{"not_picked":["PiercingWail","Predator","Choke"],"picked":"SKIP","floor":2},{"not_picked":["Deflect","Outmaneuver"],"picked":"Dagger Throw","floor":5},{"not_picked":["Flying Knee","Dagger Spray"],"picked":"Bullet Time","floor":7},{"not_picked":["Deflect","Flying Knee"],"picked":"Calculated Gamble","floor":8},{"not_picked":["PiercingWail","Slice"],"picked":"Dash","floor":10},{"not_picked":["Unload","Poisoned Stab","Dodge and Roll"],"picked":"SKIP","floor":13},{"not_picked":["Dagger Spray","Prepared"],"picked":"Backflip","floor":14},{"not_picked":["Doppelganger","Envenom"],"picked":"Phantasmal Killer","floor":16},{"not_picked":["Crippling Poison+1","Outmaneuver"],"picked":"Blade Dance","floor":18},{"not_picked":["Bouncing Flask+1","Noxious Fumes","Flying Knee"],"picked":"SKIP","floor":22},{"not_picked":["Terror","Outmaneuver"],"picked":"Sucker Punch+1","floor":23},{"not_picked":["Bane","Caltrops"],"picked":"Noxious Fumes+1","floor":25},{"not_picked":["Quick Slash","Choke"],"picked":"Tactician","floor":28},{"not_picked":["Finisher","Predator"],"picked":"Dagger Throw","floor":29},{"not_picked":["Slice","Concentrate"],"picked":"Cloak And Dagger+1","floor":30},{"not_picked":["Slice","Dagger Throw+1","Dagger Spray"],"picked":"SKIP","floor":31}],"player_experience":1481477,"relics_obtained":[{"floor":7,"key":"Toy Ornithopter"},{"floor":9,"key":"Bag of Marbles"},{"floor":23,"key":"Unceasing Top"},{"floor":26,"key":"Art of War"},{"floor":29,"key":"Anchor"}],"event_choices":[{"damage_healed":0,"gold_gain":0,"cards_transformed":["Strike_G"],"player_choice":"Change","damage_taken":0,"max_hp_gain":0,"max_hp_loss":0,"event_name":"Living Wall","floor":3,"gold_loss":0,"cards_obtained":["Bane"]},{"cards_removed":["Strike_G"],"damage_healed":0,"gold_gain":0,"player_choice":"Purged","damage_taken":0,"max_hp_gain":0,"max_hp_loss":0,"event_name":"Purifier","floor":4,"gold_loss":0},{"damage_healed":0,"gold_gain":0,"player_choice":"Obtained Relic","damage_taken":0,"relics_obtained":["Bronze Scales"],"max_hp_gain":0,"max_hp_loss":0,"event_name":"Addict","floor":19,"gold_loss":85},{"damage_healed":0,"gold_gain":0,"player_choice":"Read","damage_taken":0,"max_hp_gain":0,"max_hp_loss":0,"event_name":"The Library","floor":20,"gold_loss":0,"cards_obtained":["Cloak And Dagger"]},{"cards_removed":["Strike_G"],"damage_healed":0,"gold_gain":0,"player_choice":"Elegance","damage_taken":0,"max_hp_gain":0,"max_hp_loss":0,"event_name":"Back to Basics","floor":21,"gold_loss":0}],"is_beta":false,"boss_relics":[{"not_picked":["Calling Bell","Cursed Key"],"picked":"WristBlade"}],"items_purged_floors":[12],"is_endless":false,"potions_floor_spawned":[1,2,8,18,23,29,30],"killed_by":"Collector","ascension_level":15}}