{"host":"6gl4z8x6qhx9xtfj","time":1612260995,"event":{"mods":["2.2 Compatiblity","AchievementEnabler","BaseMod","Bestiary","Colored Map","Colored Powertips","Evolution","Minty Spire (QoL Compilation)","Quick Restart","Relic Stats","StSLib","SuperFastMode"],"gold_per_floor":[166,166,179,190,207,241,241,273,322,322,342,371,371,74,74,177,177,191,6,6,16,27,27,40,82,105,105,141,150,32,68,77,184,184,212,56,71,121,121,162,187,218,218,230,243,277,277,301,301,301,301],"floor_reached":50,"language":"RUS","playtime":3296,"items_purged":["EmptyBody"],"score":975,"play_id":"2261f253-0266-49f6-afed-2cf2934aae03","local_time":"20210202131635","is_ascension_mode":true,"campfire_choices":[{"data":"Vigilance","floor":7,"key":"SMITH"},{"data":"ReachHeaven","floor":10,"key":"SMITH"},{"data":"Protect","floor":13,"key":"SMITH"},{"data":"CutThroughFate","floor":15,"key":"SMITH"},{"floor":23,"key":"REST"},{"floor":27,"key":"REST"},{"floor":29,"key":"REST"},{"floor":32,"key":"REST"},{"floor":49,"key":"REST"}],"circlet_count":0,"master_deck":["CutThroughFate+1","FlyingSleeves","CrushJoints+1","BowlingBash","EmptyBody+1","Evaluate","ThirdEye","Eruption+1","Vigilance+1","FearNoEvil","CarveReality","Consecrate","Protect+1","ReachHeaven+1","Blasphemy+1","Evaluate+1","FollowUp+1","TalkToTheHand","DeusExMachina+1","Wallop+1","Evaluate+1","SandsOfTime","BattleHymn+1","LessonLearned+1","Devotion+1","Prostrate+1","WheelKick+1","CutThroughFate+1","LikeWater+1"],"relics":["EVO:Axolotl","Tiny House","Strawberry","Mummified Hand","Centennial Puzzle","Orichalcum","Happy Flower","Nunchaku","Fusion Hammer","Membership Card","CeramicFish","Bronze Scales","Dream Catcher","Anchor","War Paint","Sozu","Calipers","Girya","Lantern","Singing Bowl","TeardropLocket","Bottled Tornado"],"acts_visited":["Exordium","TheCity","TheBeyond"],"potions_floor_usage":[33,45,45,50],"damage_taken":[{"damage":5,"enemies":"Jaw Worm","floor":1,"turns":4},{"damage":5,"enemies":"Small Slimes","floor":3,"turns":2},{"damage":0,"enemies":"Cultist","floor":4,"turns":2},{"damage":1,"enemies":"Blue Slaver","floor":5,"turns":3},{"damage":5,"enemies":"3 Sentries","floor":6,"turns":4},{"damage":8,"enemies":"Gremlin Nob","floor":8,"turns":3},{"damage":2,"enemies":"Exordium Wildlife","floor":11,"turns":2},{"damage":0,"enemies":"Lagavulin","floor":12,"turns":4},{"damage":7,"enemies":"The Guardian","floor":16,"turns":9},{"damage":1,"enemies":"2 Thieves","floor":18,"turns":2},{"damage":0,"enemies":"3 Byrds","floor":21,"turns":3},{"damage":9,"enemies":"Centurion and Healer","floor":22,"turns":3},{"damage":0,"enemies":"Cultist and Chosen","floor":24,"turns":5},{"damage":7,"enemies":"Book of Stabbing","floor":25,"turns":3},{"damage":20,"enemies":"Slavers","floor":28,"turns":3},{"damage":0,"enemies":"Book of Stabbing","floor":31,"turns":3},{"damage":58,"enemies":"Collector","floor":33,"turns":8},{"damage":22,"enemies":"3 Shapes","floor":35,"turns":4},{"damage":4,"enemies":"Orb Walker","floor":37,"turns":5},{"damage":0,"enemies":"Mind Bloom Boss Battle","floor":38,"turns":5},{"damage":13,"enemies":"Nemesis","floor":40,"turns":5},{"damage":0,"enemies":"Maw","floor":41,"turns":5},{"damage":0,"enemies":"Giant Head","floor":42,"turns":5},{"damage":7,"enemies":"3 Darklings","floor":44,"turns":4},{"damage":9,"enemies":"Jaw Worm Horde","floor":45,"turns":3},{"damage":16,"enemies":"Nemesis","floor":46,"turns":3},{"damage":6,"enemies":"Writhing Mass","floor":48,"turns":5},{"damage":40,"enemies":"Time Eater","floor":50,"turns":4}],"seed_played":"-4927660874535930269","potions_obtained":[{"floor":0,"key":"AttackPotion"},{"floor":1,"key":"AttackPotion"},{"floor":3,"key":"Fire Potion"},{"floor":5,"key":"Weak Potion"},{"floor":6,"key":"FearPotion"},{"floor":18,"key":"DuplicationPotion"},{"floor":33,"key":"AttackPotion"}],"is_trial":false,"path_per_floor":["M","?","M","M","M","E","R","E","T","R","M","E","R","$","R","B",null,"M","$","?","M","M","R","M","E","T","R","E","R","$","E","R","B",null,"M","$","M","?","?","E","M","E","T","M","M","E","?","M","R","B"],"character_chosen":"WATCHER","items_purchased":["Happy Flower","Nunchaku","Membership Card","Anchor","SandsOfTime","BattleHymn","Calipers"],"campfire_rested":5,"item_purchase_floors":[14,14,19,30,30,30,36],"current_hp_per_floor":[74,74,69,69,68,70,70,62,62,62,60,60,60,60,60,53,83,82,82,82,82,73,93,93,86,86,93,73,93,93,93,93,35,79,57,57,53,53,53,40,40,42,42,37,30,14,14,8,39,0,0],"gold":301,"neow_bonus":"BOSS_RELIC","is_daily":false,"chose_seed":false,"campfire_upgraded":4,"win_rate":0.0,"timestamp":1612260995,"path_taken":["M","?","M","M","M","E","R","E","T","R","M","E","R","$","R","BOSS","M","$","?","M","M","R","M","E","T","R","E","R","?","E","R","BOSS","M","$","M","?","?","E","M","E","T","M","M","E","?","?","R","BOSS"],"items_purchased_type":["Relic","Relic","Relic","Relic","Card","Card","Relic"],"build_version":"2020-12-22","purchased_purges":1,"victory":false,"max_hp_per_floor":[86,86,86,86,86,93,93,93,93,93,93,93,93,93,93,93,93,93,93,93,93,93,93,93,93,93,93,93,93,93,93,93,93,93,93,93,93,93,93,93,93,95,95,97,99,99,99,99,101,101,101],"relic_stats":{"Happy Flower":[29],"Singing Bowl":8,"counters":[28,111],"CeramicFish":108,"Orichalcum":[12],"War Paint":["DeusExMachina","EmptyBody"],"Sozu":6,"Centennial Puzzle":[44],"Nunchaku":[24],"Dream Catcher":3,"Mummified Hand":[22],"Bronze Scales":[168],"obtain_stats":[{"Girya":38,"Lantern":40,"Tiny House":0,"Calipers":36,"Happy Flower":14,"Singing Bowl":42,"CeramicFish":25,"EVO:Axolotl":0,"TeardropLocket":43,"Orichalcum":12,"War Paint":31,"Bottled Tornado":46,"Sozu":34,"Centennial Puzzle":9,"Nunchaku":14,"Dream Catcher":28,"Anchor":30,"Mummified Hand":8,"Strawberry":6,"Bronze Scales":26,"Fusion Hammer":17,"Membership Card":19,"PureWater":0},{"Girya":20,"Lantern":21,"Tiny House":0,"Calipers":18,"Happy Flower":8,"Singing Bowl":23,"CeramicFish":14,"EVO:Axolotl":0,"TeardropLocket":23,"Orichalcum":8,"War Paint":16,"Bottled Tornado":26,"Sozu":17,"Centennial Puzzle":6,"Nunchaku":8,"Dream Catcher":15,"Anchor":15,"Mummified Hand":6,"Strawberry":5,"Bronze Scales":14,"Fusion Hammer":9,"Membership Card":10,"PureWater":0},{"Girya":77,"Lantern":82,"Tiny House":0,"Calipers":67,"Happy Flower":24,"Singing Bowl":92,"CeramicFish":49,"EVO:Axolotl":0,"TeardropLocket":92,"Orichalcum":24,"War Paint":55,"Bottled Tornado":102,"Sozu":63,"Centennial Puzzle":18,"Nunchaku":24,"Dream Catcher":52,"Anchor":52,"Mummified Hand":18,"Strawberry":15,"Bronze Scales":49,"Fusion Hammer":33,"Membership Card":35,"PureWater":0}]},"card_choices":[{"not_picked":["Collect","Meditate"],"picked":"FearNoEvil","floor":0},{"not_picked":["Swivel","FollowUp"],"picked":"CarveReality","floor":1},{"not_picked":["ForeignInfluence","Crescendo","PathToVictory"],"picked":"SKIP","floor":3},{"not_picked":["SashWhip","WreathOfFlame"],"picked":"Consecrate","floor":4},{"not_picked":["ThirdEye","TalkToTheHand"],"picked":"Protect","floor":5},{"not_picked":["PathToVictory","Consecrate"],"picked":"ReachHeaven","floor":6},{"not_picked":["Perseverance","Consecrate","EmptyMind"],"picked":"SKIP","floor":8},{"not_picked":["BowlingBash","EmptyBody","SignatureMove"],"picked":"SKIP","floor":11},{"not_picked":["FlurryOfBlows","Consecrate","Study"],"picked":"SKIP","floor":12},{"not_picked":["MasterReality","Establishment"],"picked":"Blasphemy","floor":16},{"not_picked":["Halt","Adaptation","Vengeance+1"],"picked":"SKIP","floor":18},{"not_picked":["Halt","CrushJoints+1"],"picked":"Evaluate+1","floor":21},{"not_picked":["FearNoEvil","ClearTheMind"],"picked":"FollowUp","floor":22},{"not_picked":["CrushJoints","PathToVictory+1"],"picked":"TalkToTheHand","floor":24},{"not_picked":["ThirdEye","ForeignInfluence+1"],"picked":"DeusExMachina","floor":25},{"not_picked":["Sanctity+1","WreathOfFlame"],"picked":"Wallop+1","floor":28},{"not_picked":["JustLucky","CrushJoints"],"picked":"Evaluate+1","floor":29},{"not_picked":["Indignation","Study"],"picked":"LessonLearned","floor":31},{"not_picked":["Weave+1","Meditate"],"picked":"SandsOfTime+1","floor":32},{"not_picked":["DevaForm","Establishment"],"picked":"Devotion","floor":33},{"not_picked":["InnerPeace","FlyingSleeves"],"picked":"Prostrate+1","floor":35},{"not_picked":["Swivel","SashWhip","CarveReality+1"],"picked":"SKIP","floor":37},{"not_picked":["Halt+1","WreathOfFlame+1"],"picked":"WheelKick+1","floor":40},{"not_picked":["SashWhip+1","Indignation"],"picked":"CutThroughFate+1","floor":41},{"not_picked":["Alpha","Crescendo+1","SignatureMove"],"picked":"Singing Bowl","floor":42},{"not_picked":["Wallop+1","FlurryOfBlows+1","ClearTheMind"],"picked":"Singing Bowl","floor":44},{"not_picked":["Consecrate","Perseverance","WindmillStrike"],"picked":"Singing Bowl","floor":45},{"not_picked":["Crescendo+1","Prostrate","Weave+1"],"picked":"SKIP","floor":46},{"not_picked":["FollowUp","Indignation"],"picked":"LikeWater+1","floor":48},{"not_picked":["FollowUp","LessonLearned","SandsOfTime+1"],"picked":"Singing Bowl","floor":49}],"player_experience":116271,"relics_obtained":[{"floor":6,"key":"Strawberry"},{"floor":8,"key":"Mummified Hand"},{"floor":9,"key":"Centennial Puzzle"},{"floor":12,"key":"Orichalcum"},{"floor":25,"key":"CeramicFish"},{"floor":26,"key":"Bronze Scales"},{"floor":28,"key":"Dream Catcher"},{"floor":31,"key":"War Paint"},{"floor":38,"key":"Girya"},{"floor":40,"key":"Lantern"},{"floor":42,"key":"Singing Bowl"},{"floor":43,"key":"TeardropLocket"},{"floor":46,"key":"Bottled Tornado"}],"event_choices":[{"damage_healed":0,"gold_gain":0,"player_choice":"Grow","damage_taken":0,"max_hp_gain":0,"max_hp_loss":0,"event_name":"Living Wall","floor":2,"gold_loss":0,"cards_upgraded":["Eruption"]},{"damage_healed":0,"gold_gain":0,"player_choice":"Forge","damage_taken":0,"max_hp_gain":0,"max_hp_loss":0,"event_name":"Accursed Blacksmith","floor":20,"gold_loss":0,"cards_upgraded":["Blasphemy"]},{"damage_healed":0,"gold_gain":0,"player_choice":"Fight","damage_taken":0,"max_hp_gain":0,"max_hp_loss":0,"event_name":"MindBloom","floor":38,"gold_loss":0},{"cards_removed":["SandsOfTime"],"damage_healed":0,"gold_gain":0,"player_choice":"Removed Attack","damage_taken":0,"max_hp_gain":0,"max_hp_loss":0,"event_name":"Falling","floor":39,"gold_loss":0},{"damage_healed":0,"gold_gain":0,"player_choice":"Upgraded","damage_taken":0,"max_hp_gain":0,"max_hp_loss":0,"event_name":"Upgrade Shrine","floor":47,"gold_loss":0,"cards_upgraded":["LessonLearned"]}],"is_beta":false,"boss_relics":[{"not_picked":["Black Star","Calling Bell"],"picked":"Fusion Hammer"},{"not_picked":["Astrolabe","SacredBark"],"picked":"Sozu"}],"items_purged_floors":[19],"is_endless":false,"potions_floor_spawned":[1,3,5,6,18,24,31,33,35,37,41,44,45,48],"killed_by":"Time Eater","ascension_level":7}}