{"host":"0cnpp25a4xqhnyrs","time":1612237146,"event":{"mods":["BaseMod","BetterRewards","DeckTracker","Downfall","Minty Spire (QoL Compilation)","Quick Restart","StSLib","Transform Curses"],"gold_per_floor":[119,119,119,119,119,119,159,159,182,0,44,78,101,153,153,276,276,310,344,124,124,174,174,208,4,57,97,97,144,173,173,173,294,294,326,33,33,74,101,141,165,165,247,247,270,270,301,346,346,346,346],"floor_reached":50,"language":"ENG","playtime":3807,"items_purged":["Defend_G","Defend_G"],"score":773,"play_id":"668e1476-dc08-4a74-9de2-cbaf832cad6b","local_time":"20210201213906","daily_mods":["Heirloom","DeadlyEvents","Elite Swarm"],"is_ascension_mode":false,"campfire_choices":[{"floor":6.0,"key":"REST"},{"floor":8.0,"key":"REST"},{"floor":15.0,"key":"REST"},{"floor":23.0,"key":"REST"},{"floor":28.0,"key":"REST"},{"floor":32.0,"key":"REST"},{"floor":42.0,"key":"REST"},{"data":"Infinite Blades","floor":44.0,"key":"SMITH"},{"data":"Noxious Fumes","floor":46.0,"key":"SMITH"},{"floor":49.0,"key":"REST"}],"circlet_count":0,"master_deck":["Strike_G+1","Strike_G","Strike_G","Strike_G+1","Strike_G","Defend_G","Defend_G+1","Defend_G","Survivor","Neutralize","Bouncing Flask+1","Corpse Explosion","Accuracy","Envenom","Poisoned Stab","Poisoned Stab","A Thousand Cuts","Catalyst+1","Crippling Poison","Outmaneuver","Poisoned Stab","Night Terror+1","Slice+1","Night Terror","Slice","Quick Slash","Finisher","Infinite Blades+1","Noxious Fumes+1","Burst+1","Bane","Blade Dance+1","Night Terror+1"],"relics":["Ring of the Snake","champ:DeflectingBracers","Golden Idol","Kunai","The Courier","Guardian:PocketSentry","TwistedFunnel","CeramicFish","bronze:DecasWashers","expansioncontent:StudyCardRelic","Omamori","NlothsMask","Du-Vu Doll","StrikeDummy","Membership Card","Toy Ornithopter","Lantern","Toxic Egg 2","Calling Bell","Smiling Mask","Slimebound:PreparedRelic","StoneCalendar","Snake Skull","PreservedInsect","Whetstone","Vajra","FossilizedHelix","War Paint","Mummified Hand","Mercury Hourglass","Art of War","Ginger"],"acts_visited":["Exordium","TheCity","TheBeyond"],"potions_floor_usage":[50],"damage_taken":[{"damage":0.0,"enemies":"Small Slimes","floor":1.0,"turns":3.0},{"damage":16.0,"enemies":"3 Sentries","floor":7.0,"turns":7.0},{"damage":5.0,"enemies":"Lagavulin","floor":11.0,"turns":4.0},{"damage":0.0,"enemies":"2 Louse","floor":12.0,"turns":2.0},{"damage":0.0,"enemies":"Cultist","floor":13.0,"turns":2.0},{"damage":6.0,"enemies":"3 Sentries","floor":14.0,"turns":2.0},{"damage":19.0,"enemies":"Slime Boss","floor":16.0,"turns":8.0},{"damage":6.0,"enemies":"Chosen","floor":18.0,"turns":3.0},{"damage":20.0,"enemies":"2 Thieves","floor":19.0,"turns":2.0},{"damage":16.0,"enemies":"Gremlin Leader","floor":22.0,"turns":5.0},{"damage":17.0,"enemies":"Book of Stabbing","floor":24.0,"turns":4.0},{"damage":23.0,"enemies":"Slavers","floor":27.0,"turns":2.0},{"damage":40.0,"enemies":"Gremlin Leader","floor":29.0,"turns":6.0},{"damage":6.0,"enemies":"Cultist and Chosen","floor":30.0,"turns":3.0},{"damage":26.0,"enemies":"Automaton","floor":33.0,"turns":5.0},{"damage":1.0,"enemies":"3 Darklings","floor":35.0,"turns":2.0},{"damage":18.0,"enemies":"Nemesis","floor":38.0,"turns":3.0},{"damage":9.0,"enemies":"Giant Head","floor":40.0,"turns":5.0},{"damage":0.0,"enemies":"Orb Walker","floor":41.0,"turns":2.0},{"damage":0.0,"enemies":"Writhing Mass","floor":45.0,"turns":2.0},{"damage":26.0,"enemies":"Nemesis","floor":47.0,"turns":3.0},{"damage":0.0,"enemies":"Giant Head","floor":48.0,"turns":5.0},{"damage":77,"enemies":"Time Eater","floor":50,"turns":7}],"seed_played":"-3588914707108724226","potions_obtained":[{"floor":1.0,"key":"CunningPotion"},{"floor":7.0,"key":"Guardian:BlockOnCardUsePotion"},{"floor":11.0,"key":"Energy Potion"},{"floor":13.0,"key":"Slimebound:ThreeZeroPotion"},{"floor":18.0,"key":"Regen Potion"},{"floor":19.0,"key":"hexamod:SoulburnPotion"},{"floor":29.0,"key":"FearPotion"},{"floor":35.0,"key":"SpeedPotion"},{"floor":38.0,"key":"sneckomod:MuddlingPotion"},{"floor":47.0,"key":"SmokeBomb"}],"is_trial":true,"path_per_floor":["M","?","?","?","T","R","E","R","T","$","E","M","M","E","R","B",null,"M","M","$","?","E","R","E","$","T","E","R","E","M","T","R","B",null,"M","$","?","E","T","E","M","R","T","R","M","R","E","E","R","B"],"character_chosen":"THE_SILENT","items_purchased":["TwistedFunnel","Accuracy","Outmaneuver","Poisoned Stab","Omamori","Slice","Membership Card","Finisher","Infinite Blades","Noxious Fumes","Snake Skull","PreservedInsect","Whetstone","Vajra"],"campfire_rested":8,"item_purchase_floors":[10,10,20,20,20,25,25,36,36,36,36,36,36,36],"current_hp_per_floor":[70,75,57,42,42,64,48,70,70,70,65,65,65,59,75,56,75,69,49,49,49,45,67,50,50,50,27,49,14,8,8,30,9,75,74,74,74,56,56,47,47,69,69,69,69,69,48,48,70,0,0],"gold":346,"neow_bonus":"","is_daily":false,"chose_seed":false,"campfire_upgraded":2,"win_rate":0.0,"timestamp":1612237146,"path_taken":["M","?","?","?","?","R","E","R","T","$","E","M","?","E","R","BOSS","M","M","$","?","?","R","E","$","T","E","R","E","?","?","R","BOSS","M","$","?","?","?","E","M","R","T","R","M","R","?","E","R","BOSS"],"items_purchased_type":["Relic","Card","Card","Card","Relic","Card","Relic","Card","Card","Card","Relic","Relic","Relic","Relic"],"build_version":"2020-12-22","purchased_purges":2,"victory":false,"max_hp_per_floor":[70,75,75,75,75,75,75,75,75,75,75,75,75,75,75,75,75,75,75,75,75,75,75,75,75,75,75,75,75,75,75,75,75,75,75,75,75,75,75,75,75,75,75,75,75,75,75,75,75,75,75],"card_choices":[{"not_picked":["Distraction","Prepared"],"picked":"Bouncing Flask","floor":1.0},{"not_picked":["Tools of the Trade","Storm of Steel"],"picked":"Corpse Explosion","floor":7.0},{"not_picked":["Doppelganger","Tools of the Trade"],"picked":"Envenom","floor":11.0},{"not_picked":["Bouncing Flask","Sucker Punch"],"picked":"Poisoned Stab","floor":12.0},{"not_picked":["Reflex","Eviscerate"],"picked":"Poisoned Stab","floor":13.0},{"not_picked":["After Image","Wraith Form v2"],"picked":"A Thousand Cuts","floor":14.0},{"not_picked":["Expertise","Backflip"],"picked":"Catalyst","floor":18.0},{"not_picked":["Underhanded Strike","Acrobatics"],"picked":"Crippling Poison","floor":19.0},{"not_picked":["Grand Finale","Malaise"],"picked":"Night Terror","floor":22.0},{"not_picked":["Doppelganger","Envenom","Glass Knife"],"picked":"SKIP","floor":24.0},{"not_picked":["Grand Finale","Unload","Bullet Time"],"picked":"SKIP","floor":27.0},{"not_picked":["Die Die Die","Envenom"],"picked":"Night Terror","floor":29.0},{"not_picked":["Concentrate","Prepared"],"picked":"Slice","floor":30.0},{"not_picked":["Skewer+1","Dagger Spray+1"],"picked":"Quick Slash","floor":35.0},{"not_picked":["Envenom","After Image","Grand Finale"],"picked":"SKIP","floor":38.0},{"not_picked":["Venomology+1","Tools of the Trade"],"picked":"Burst+1","floor":40.0},{"not_picked":["Dodge and Roll+1","Heel Hook+1"],"picked":"Bane","floor":41.0},{"not_picked":["Backstab+1","Riddle With Holes+1"],"picked":"Blade Dance+1","floor":45.0},{"not_picked":["Tools of the Trade","Envenom","After Image"],"picked":"SKIP","floor":47.0},{"not_picked":["Envenom","Die Die Die"],"picked":"Night Terror+1","floor":48.0}],"player_experience":82510,"relics_obtained":[{"floor":5.0,"key":"Kunai"},{"floor":7.0,"key":"The Courier"},{"floor":9.0,"key":"Guardian:PocketSentry"},{"floor":11.0,"key":"CeramicFish"},{"floor":14.0,"key":"bronze:DecasWashers"},{"floor":22.0,"key":"Du-Vu Doll"},{"floor":24.0,"key":"StrikeDummy"},{"floor":27.0,"key":"Toy Ornithopter"},{"floor":29.0,"key":"Lantern"},{"floor":31.0,"key":"Toxic Egg 2"},{"floor":34.0,"key":"Smiling Mask"},{"floor":34.0,"key":"Slimebound:PreparedRelic"},{"floor":34.0,"key":"StoneCalendar"},{"floor":38.0,"key":"FossilizedHelix"},{"floor":39.0,"key":"War Paint"},{"floor":40.0,"key":"Mummified Hand"},{"floor":43.0,"key":"Mercury Hourglass"},{"floor":47.0,"key":"Art of War"},{"floor":48.0,"key":"Ginger"}],"event_choices":[{"damage_healed":0.0,"max_hp_gain":5.0,"max_hp_loss":0.0,"gold_gain":0.0,"event_name":"Big Fish","player_choice":"Donut","floor":2.0,"gold_loss":0.0,"damage_taken":0.0},{"damage_healed":0.0,"max_hp_gain":0.0,"max_hp_loss":0.0,"gold_gain":0.0,"event_name":"Golden Idol","player_choice":"Take Damage","floor":3.0,"gold_loss":0.0,"damage_taken":18.0,"relics_obtained":["Golden Idol"]},{"damage_healed":0.0,"max_hp_gain":0.0,"max_hp_loss":0.0,"gold_gain":0.0,"event_name":"Shining Light","player_choice":"Entered Light","floor":4.0,"gold_loss":0.0,"damage_taken":15.0,"cards_upgraded":["Bouncing Flask","Strike_G"]},{"damage_healed":0.0,"max_hp_gain":0.0,"max_hp_loss":0.0,"gold_gain":0.0,"event_name":"FaceTrader","player_choice":"Trade","floor":21.0,"gold_loss":0.0,"damage_taken":0.0,"relics_obtained":["NlothsMask"]},{"damage_healed":0.0,"max_hp_gain":0.0,"max_hp_loss":0.0,"gold_gain":0.0,"event_name":"Upgrade Shrine","player_choice":"Upgraded","floor":37.0,"gold_loss":0.0,"damage_taken":0.0,"cards_upgraded":["Catalyst"]}],"is_beta":false,"boss_relics":[{"not_picked":["HoveringKite","Runic Pyramid"],"picked":"expansioncontent:StudyCardRelic"},{"not_picked":["Pandora\u0027s Box","Cursed Key"],"picked":"Calling Bell"}],"items_purged_floors":[20,25],"is_endless":false,"potions_floor_spawned":[1,7,11,13,18,19,29,35,38,47],"killed_by":"Time Eater","ascension_level":0}}