{"host":"bxn2em57qlx5u4i0","time":1612242547,"event":{"mods":["BaseMod","Colored Map","Colored Powertips","Highlight Path","Minty Spire (QoL Compilation)","Random Character Button","Relic Sorter","Relic Stats","StSLib","SuperFastMode"],"gold_per_floor":[20,37,37,37,48,59,59,94,94,94,123,123,178,206,34,34,110,110,125,40,40,50,68,97,97,132,157,183,221,233,62,74,74,152,152,171,151,168,168,184,196,221,238,261,273,273,273,305,0,0,0,0,0,0,0,35,35],"floor_reached":58,"language":"ENG","playtime":2495,"items_purged":["Strike_G"],"score":3366,"play_id":"fb16a3cc-28e8-42ad-991b-bba961c2ab97","local_time":"20210202000907","is_ascension_mode":true,"campfire_choices":[{"data":"Noxious Fumes","floor":7,"key":"SMITH"},{"data":"Bouncing Flask","floor":9,"key":"SMITH"},{"data":"After Image","floor":12,"key":"SMITH"},{"data":"Well Laid Plans","floor":16,"key":"SMITH"},{"floor":25,"key":"REST"},{"floor":30,"key":"REST"},{"floor":33,"key":"RECALL"},{"floor":46,"key":"REST"},{"floor":50,"key":"REST"},{"floor":54,"key":"REST"}],"circlet_count":0,"master_deck":["AscendersBane","Strike_G+1","Strike_G+1","Strike_G+1","Strike_G+1","Defend_G+1","Defend_G+1","Defend_G+1","Defend_G+1","Survivor+1","Neutralize+1","Blur+1","Dagger Throw+1","Escape Plan+1","Noxious Fumes+1","Bouncing Flask+1","After Image+1","Well Laid Plans+1","Deflect+1","Bullet Time+1","Escape Plan+1","Blur+1","Catalyst+1","After Image+1","Footwork+1","Blur+1","Venomology"],"relics":["Ring of the Snake","CaptainsWheel","Letter Opener","InkBottle","Pantograph","Bag of Preparation","Odd Mushroom","Snake Skull","Fusion Hammer","Akabeko","Nilry\u0027s Codex","Thread and Needle","Omamori","MawBank","Bag of Marbles","Philosopher\u0027s Stone","Meat on the Bone","Blood Vial","Mark of the Bloom","PreservedInsect","Red Mask","Anchor"],"acts_visited":["Exordium","TheCity","TheBeyond","TheEnding"],"potions_floor_usage":[8,13,14,22,24,28,28,36,42,43,57,57,57],"damage_taken":[{"damage":4.0,"enemies":"Jaw Worm","floor":1.0,"turns":6.0},{"damage":0.0,"enemies":"Small Slimes","floor":2.0,"turns":4.0},{"damage":0.0,"enemies":"2 Fungi Beasts","floor":5.0,"turns":4.0},{"damage":4,"enemies":"Blue Slaver","floor":6,"turns":5},{"damage":11,"enemies":"Gremlin Nob","floor":8,"turns":4},{"damage":11,"enemies":"Lagavulin","floor":11,"turns":6},{"damage":0,"enemies":"Gremlin Nob","floor":13,"turns":4},{"damage":11,"enemies":"The Mushroom Lair","floor":14,"turns":5},{"damage":18,"enemies":"The Guardian","floor":17,"turns":8},{"damage":0,"enemies":"Chosen","floor":19,"turns":5},{"damage":0,"enemies":"2 Thieves","floor":22,"turns":4},{"damage":3,"enemies":"Snake Plant","floor":23,"turns":4},{"damage":1,"enemies":"Slavers","floor":24,"turns":6},{"damage":0,"enemies":"Book of Stabbing","floor":26,"turns":5},{"damage":26,"enemies":"Gremlin Leader","floor":28,"turns":5},{"damage":0,"enemies":"3 Cultists","floor":32,"turns":5},{"damage":0,"enemies":"Collector","floor":34,"turns":8},{"damage":0,"enemies":"3 Darklings","floor":36,"turns":5},{"damage":0,"enemies":"Orb Walker","floor":38,"turns":4},{"damage":0,"enemies":"3 Darklings","floor":40,"turns":5},{"damage":0,"enemies":"Sphere and 2 Shapes","floor":41,"turns":7},{"damage":0,"enemies":"Reptomancer","floor":42,"turns":7},{"damage":0,"enemies":"4 Shapes","floor":43,"turns":6},{"damage":0,"enemies":"Writhing Mass","floor":45,"turns":4},{"damage":0,"enemies":"Nemesis","floor":48,"turns":5},{"damage":0,"enemies":"Awakened One","floor":51,"turns":17},{"damage":0,"enemies":"Time Eater","floor":52,"turns":13},{"damage":0,"enemies":"Shield and Spear","floor":56,"turns":7},{"damage":19,"enemies":"The Heart","floor":57,"turns":8}],"seed_played":"8721377569813354707","potions_obtained":[{"floor":1.0,"key":"AttackPotion"},{"floor":11,"key":"Weak Potion"},{"floor":13,"key":"SkillPotion"},{"floor":14,"key":"Weak Potion"},{"floor":17,"key":"SteroidPotion"},{"floor":22,"key":"PowerPotion"},{"floor":24,"key":"DistilledChaos"},{"floor":32,"key":"Weak Potion"},{"floor":37,"key":"Poison Potion"},{"floor":42,"key":"PowerPotion"},{"floor":45,"key":"SkillPotion"}],"is_trial":false,"path_per_floor":["M","M","M","?","M","M","R","E","R","T","E","R","?","?","$","R","B",null,"M","?","?","M","M","E","R","E","T","E","T","R","$","M","R","B",null,"M","?","M","?","M","M","E","M","T","M","R","?","E","?","R","B","B",null,"R","$","E","B",null],"character_chosen":"THE_SILENT","items_purchased":["Snake Skull","GhostInAJar"],"campfire_rested":5,"item_purchase_floors":[15,31],"current_hp_per_floor":[55,55,55,48,48,44,44,33,33,33,22,22,22,11,11,11,18,54,54,54,33,33,30,29,48,48,48,22,22,41,41,41,41,66,66,66,66,66,63,63,63,63,63,63,63,63,63,63,63,63,63,63,63,63,63,63,44],"gold":35,"neow_bonus":"ONE_RARE_RELIC","is_daily":false,"chose_seed":false,"campfire_upgraded":4,"win_rate":0.0,"timestamp":1612242547,"path_taken":["M","M","M","?","M","M","R","E","R","T","E","R","?","?","$","R","BOSS","M","?","?","M","M","E","R","E","T","E","?","R","?","M","R","BOSS","M","?","?","?","M","M","E","M","T","M","R","?","E","?","R","BOSS","BOSS","R","$","E","BOSS"],"items_purchased_type":["Relic","Potion"],"build_version":"2020-12-22","purchased_purges":1,"victory":true,"max_hp_per_floor":[66,66,66,66,66,66,66,66,66,66,66,66,66,66,66,66,66,66,66,66,66,66,66,66,66,66,66,66,66,66,66,66,66,66,66,66,66,66,63,63,63,63,63,63,63,63,63,63,63,63,63,63,63,63,63,63,63],"relic_stats":{"Mark of the Bloom":121,"counters":[29,176],"Snake Skull":[328],"PreservedInsect":77,"Bag of Preparation":[44],"Letter Opener":[739],"MawBank":36,"Blood Vial":0,"Pantograph":50,"obtain_stats":[{"Mark of the Bloom":47,"Nilry\u0027s Codex":21,"Thread and Needle":24,"Snake Skull":15,"PreservedInsect":48,"Bag of Preparation":13,"Omamori":26,"Letter Opener":8,"Odd Mushroom":14,"MawBank":28,"Akabeko":20,"Blood Vial":44,"CaptainsWheel":0,"Anchor":56,"Pantograph":11,"Philosopher\u0027s Stone":35,"Fusion Hammer":18,"Bag of Marbles":29,"Red Mask":49,"InkBottle":10,"Ring of the Snake":0,"Meat on the Bone":42},{"Mark of the Bloom":24,"Nilry\u0027s Codex":10,"Thread and Needle":13,"Snake Skull":8,"PreservedInsect":25,"Bag of Preparation":7,"Omamori":14,"Letter Opener":5,"Odd Mushroom":8,"MawBank":15,"Akabeko":10,"Blood Vial":23,"CaptainsWheel":0,"Anchor":28,"Pantograph":6,"Philosopher\u0027s Stone":17,"Fusion Hammer":9,"Bag of Marbles":15,"Red Mask":25,"InkBottle":5,"Ring of the Snake":0,"Meat on the Bone":22},{"Mark of the Bloom":126,"Nilry\u0027s Codex":51,"Thread and Needle":65,"Snake Skull":38,"PreservedInsect":131,"Bag of Preparation":33,"Omamori":70,"Letter Opener":23,"Odd Mushroom":38,"MawBank":75,"Akabeko":51,"Blood Vial":122,"CaptainsWheel":0,"Anchor":168,"Pantograph":29,"Philosopher\u0027s Stone":88,"Fusion Hammer":46,"Bag of Marbles":75,"Red Mask":131,"InkBottle":23,"Ring of the Snake":0,"Meat on the Bone":116}],"InkBottle":[65],"Ring of the Snake":[58],"Meat on the Bone":0},"card_choices":[{"not_picked":["Flying Knee","Sucker Punch"],"picked":"Blur","floor":1.0},{"not_picked":["PiercingWail","Slice"],"picked":"Dagger Throw","floor":2.0},{"not_picked":["Slice","PiercingWail"],"picked":"Escape Plan","floor":5.0},{"not_picked":["Finisher","Dagger Spray"],"picked":"Noxious Fumes","floor":6},{"not_picked":["Masterful Stab","Distraction"],"picked":"Bouncing Flask","floor":8},{"not_picked":["Poisoned Stab","Catalyst"],"picked":"After Image","floor":11},{"not_picked":["Dagger Throw","Riddle With Holes"],"picked":"Well Laid Plans","floor":13},{"not_picked":["Blade Dance","Quick Slash"],"picked":"Deflect","floor":14},{"not_picked":["Venomology","Die Die Die"],"picked":"Bullet Time","floor":17},{"not_picked":["Predator","Noxious Fumes"],"picked":"Escape Plan","floor":19},{"not_picked":["Tactician","Riddle With Holes"],"picked":"Blur","floor":22},{"not_picked":["Eviscerate","Dodge and Roll"],"picked":"Catalyst","floor":23},{"not_picked":["Eviscerate+1","Outmaneuver","Die Die Die"],"picked":"SKIP","floor":24},{"not_picked":["Cloak And Dagger","Masterful Stab","Prepared"],"picked":"SKIP","floor":26},{"not_picked":["Deflect","Masterful Stab","Sucker Punch"],"picked":"SKIP","floor":28},{"not_picked":["Dodge and Roll","Acrobatics","All Out Attack"],"picked":"SKIP","floor":32},{"not_picked":["Tools of the Trade","Adrenaline"],"picked":"After Image","floor":34},{"not_picked":["Concentrate","Heel Hook+1"],"picked":"Footwork","floor":36},{"not_picked":["All Out Attack+1","Dagger Throw","Sucker Punch"],"picked":"SKIP","floor":38},{"not_picked":["Riddle With Holes","Flying Knee","Dagger Spray"],"picked":"SKIP","floor":40},{"not_picked":["Bouncing Flask","Dash"],"picked":"Blur+1","floor":41},{"not_picked":["Caltrops","Predator","Expertise"],"picked":"SKIP","floor":42},{"not_picked":["Backstab","Outmaneuver","Caltrops"],"picked":"SKIP","floor":43},{"not_picked":["Concentrate","Outmaneuver","Underhanded Strike"],"picked":"SKIP","floor":45},{"not_picked":["Poisoned Stab","Skewer","A Thousand Cuts"],"picked":"SKIP","floor":48},{"not_picked":["Underhanded Strike","Masterful Stab"],"picked":"Venomology","floor":56}],"player_experience":2987532,"relics_obtained":[{"floor":8,"key":"Letter Opener"},{"floor":10,"key":"InkBottle"},{"floor":11,"key":"Pantograph"},{"floor":13,"key":"Bag of Preparation"},{"floor":14,"key":"Odd Mushroom"},{"floor":21,"key":"Nilry\u0027s Codex"},{"floor":24,"key":"Thread and Needle"},{"floor":26,"key":"Omamori"},{"floor":28,"key":"MawBank"},{"floor":29,"key":"Bag of Marbles"},{"floor":42,"key":"Meat on the Bone"},{"floor":44,"key":"Blood Vial"},{"floor":48,"key":"PreservedInsect"},{"floor":56,"key":"Anchor"}],"event_choices":[{"cards_removed":["Defend_G"],"damage_healed":0.0,"max_hp_gain":0.0,"max_hp_loss":0.0,"gold_gain":0.0,"event_name":"Golden Wing","player_choice":"Card Removal","floor":4.0,"gold_loss":0.0,"damage_taken":7.0},{"damage_healed":0,"gold_gain":0,"player_choice":"Searched \u00271\u0027 times","damage_taken":0,"max_hp_gain":0,"max_hp_loss":0,"event_name":"Dead Adventurer","floor":13,"gold_loss":0},{"damage_healed":0,"gold_gain":0,"player_choice":"Fought Mushrooms","damage_taken":0,"max_hp_gain":0,"max_hp_loss":0,"event_name":"Mushrooms","floor":14,"gold_loss":0},{"damage_healed":0,"gold_gain":0,"player_choice":"Obtained Relic","damage_taken":0,"relics_obtained":["Akabeko"],"max_hp_gain":0,"max_hp_loss":0,"event_name":"Addict","floor":20,"gold_loss":85},{"damage_healed":0,"gold_gain":0,"player_choice":"Obtained Book","damage_taken":21,"max_hp_gain":0,"max_hp_loss":0,"event_name":"Cursed Tome","floor":21,"gold_loss":0},{"damage_healed":0,"gold_gain":0,"player_choice":"Bought 1 Potion","damage_taken":0,"max_hp_gain":0,"max_hp_loss":0,"event_name":"The Woman in Blue","floor":37,"gold_loss":0},{"damage_healed":0,"gold_gain":0,"player_choice":"Max HP","damage_taken":0,"max_hp_gain":0,"max_hp_loss":3,"event_name":"Winding Halls","floor":39,"gold_loss":0},{"damage_healed":0,"gold_gain":0,"player_choice":"Upgrade","damage_taken":0,"relics_obtained":["Mark of the Bloom"],"max_hp_gain":0,"max_hp_loss":0,"event_name":"MindBloom","floor":47,"gold_loss":0,"cards_upgraded":["Strike_G","Strike_G","Strike_G","Strike_G","Defend_G","Defend_G","Defend_G","Defend_G","Survivor","Neutralize","Blur","Dagger Throw","Escape Plan","Deflect","Bullet Time","Escape Plan","Blur","Catalyst","After Image","Footwork"]},{"damage_healed":0,"gold_gain":0,"player_choice":"Paid","damage_taken":0,"relics_obtained":["Red Mask"],"max_hp_gain":0,"max_hp_loss":0,"event_name":"Tomb of Lord Red Mask","floor":49,"gold_loss":305}],"is_beta":false,"boss_relics":[{"not_picked":["Velvet Choker","WristBlade"],"picked":"Fusion Hammer"},{"not_picked":["Runic Pyramid","Empty Cage"],"picked":"Philosopher\u0027s Stone"}],"items_purged_floors":[31],"is_endless":false,"potions_floor_spawned":[1,11,13,14,17,22,23,24,32,38,42,45],"ascension_level":20}}