{"host":"qmnyg5dk1o6rw6mz","time":1612231808,"event":{"mods":["2.2 Compatiblity","AchievementEnabler","Act Like it!","Aspiration","Astrologer","BaseMod","Beaked The Cultist","Better Altar","Better Match","Better Note","Better Sensory Stone","Better Skull","Better Third Choice","Better Vampires","Block Reminder","CapriCore","Challenge The Spire","ChefMod","Colored Map","Colored Powertips","Conspire","Defuse TimeMaze Blight","Disable Question Mark Monsters","Displayed Cursed Tome","Downfall","Energized Spire","Fox Events","Gensokyo","GifTheSpireLib","Hermit","Highlight Path","Hubris","Infinite Spire","Jedi Mod","Marisa¡]Ãú«B¡@Å]²z¨F¡^","Marked Mod","Minty Spire (QoL Compilation)","Monster B Gone","Pale of the Ancients","Permanent Neow","Quick Restart","Reimu¡]³Õ???¡^","Relic Filter","Reliquary","Replay The Spire","StSLib","Synergy Search","The Construct","The Cursed","The Dragon Tamer","The Gatherer","The Hayseed","The Poker Player","The Runesmith","The Showman","Unceasing Turn Reminder","Weighted Paths","Wide Potions","thorton"],"gold_per_floor":[134,134,134,12,37,37,74,10,10,10,10,10,10,10,10,10,10,10,10,0,0,0,0,0,0,0,0,0,0,0,70,91,183,183,183],"floor_reached":33,"language":"ENG","playtime":923,"items_purged":["Normality","Injury"],"score":256,"play_id":"75b6a31c-65bb-42bc-b130-4c95ecfccbe9","local_time":"20210202101008","is_ascension_mode":false,"campfire_choices":[{"data":"thethorton:CreditCard+1","floor":6,"key":"SMITH"},{"data":"thethorton:BusinessBash","floor":11,"key":"SMITH"},{"data":"thethorton:CreditCard+3","floor":15,"key":"SMITH"},{"data":"thethorton:DoubleRun","floor":29,"key":"SMITH"}],"circlet_count":0,"master_deck":["thethorton:Strike+1","thethorton:Strike","thethorton:Strike","thethorton:Defend","thethorton:Defend","thethorton:Defend","thethorton:Defend","thethorton:Heckle+1","thethorton:CreditCard+4","thethorton:DoubleRun+1","Thinking Ahead+1","thethorton:BusinessCard+1","thethorton:BusinessBurst+1","thethorton:BusinessBash+1","thethorton:DesperateRun+1","thethorton:ShoutAndRun+1","thethorton:Portfolio+1","thethorton:FearfulRun+1","thethorton:BusinessCard+1","thethorton:RichRun+1","downfall:Bewildered","thethorton:FearfulRun+1","thethorton:CowardiceForm"],"relics":["thethorton:CouragePotion","Toxic Egg 2","jedi:ominousloannote","thethorton:StoneOfSprinting","Juzu Bracelet","construct:ClawGrip","aspiration:SneckoTail","aspiration:FetidBarrel","hubris:BottledHeart","reliquary:JackalopeAntler","sneckomod:BabySnecko","Blue Candle","Mercury Hourglass"],"acts_visited":["Exordium","TheCity"],"potions_floor_usage":[18,20,33,33,33],"damage_taken":[{"damage":7,"enemies":"2 Louse","floor":1,"turns":4},{"damage":8,"enemies":"Small Slimes","floor":5,"turns":5},{"damage":7,"enemies":"Cultist","floor":7,"turns":5},{"damage":0,"enemies":"Red Slaver","floor":14,"turns":1},{"damage":18,"enemies":"Hexaghost","floor":16,"turns":6},{"damage":19,"enemies":"Spheric Guardian","floor":18,"turns":4},{"damage":13,"enemies":"2 Thieves","floor":20,"turns":4},{"damage":16,"enemies":"Centurion and Healer","floor":22,"turns":4},{"damage":0,"enemies":"Snake Plant","floor":31,"turns":5},{"damage":6,"enemies":"Champ","floor":33,"turns":6}],"seed_played":"-2027605415782974481","potions_obtained":[{"floor":1,"key":"jedi:tentaclejuice"},{"floor":14,"key":"Elixir"},{"floor":16,"key":"DistilledChaos"},{"floor":22,"key":"ZuzhouPotion:ReiMu"},{"floor":31,"key":"BlessingOfTheForge"},{"floor":32,"key":"Toxic Potion"}],"is_trial":false,"path_per_floor":["M","?","?","$","M","R","M","$","T","?","R","?","?","M","R","B",null,"M","?","M","?","M","?","?","?","T","T","?","R","$","M","R_BF","B"],"character_chosen":"THE_THORT","items_purchased":["thethorton:BusinessCard+1","jedi:ominousloannote","thethorton:DesperateRun+1","thethorton:StoneOfSprinting"],"campfire_rested":0,"item_purchase_floors":[4,8,8,8],"current_hp_per_floor":[61,61,61,61,53,53,46,46,46,46,46,32,32,32,32,14,68,49,49,36,36,20,20,20,1,1,1,1,1,1,1,1,0,0,0],"gold":183,"neow_bonus":"UPGRADE_CARD","is_daily":false,"chose_seed":false,"campfire_upgraded":4,"win_rate":0.0,"timestamp":1612231808,"path_taken":["M","?","?","$","?","R","M","?","T","?","R","?","?","M","R","BOSS","M","?","M","?","M","?","?","?","T","?","?","R","$","M","R_BF","BOSS"],"items_purchased_type":["Card","Relic","Card","Relic"],"build_version":"2020-12-22","purchased_purges":2,"victory":false,"max_hp_per_floor":[68,68,68,68,68,68,68,68,68,68,68,68,68,68,68,68,68,68,68,68,68,68,68,68,1,1,1,1,1,1,1,1,1,1,1],"card_choices":[{"not_picked":["thethorton:HitAhead","thethorton:SheetShred"],"picked":"thethorton:DoubleRun","floor":1},{"not_picked":["Secret Weapon+1","ReplayTheSpireMod:Uncanny Aura+1"],"picked":"Thinking Ahead+1","floor":3},{"not_picked":["thethorton:DownPayment+1","thethorton:LongTermPayoff+1"],"picked":"thethorton:BusinessBurst+1","floor":5},{"not_picked":["thethorton:ToxicGreed+1","thethorton:DualBap"],"picked":"thethorton:BusinessBash","floor":7},{"not_picked":["thethorton:CallIn+1","thethorton:GoldBuffer+1"],"picked":"thethorton:ShoutAndRun+1","floor":14},{"not_picked":["thethorton:Jackpot+1","thethorton:ScalingIsWin"],"picked":"thethorton:Portfolio+1","floor":16},{"not_picked":["thethorton:ThickSkin","thethorton:ShoutAndRun+1"],"picked":"thethorton:FearfulRun+1","floor":18},{"not_picked":["thethorton:BookBash+1","thethorton:FearfulRun+1"],"picked":"thethorton:BusinessCard+1","floor":20},{"not_picked":["thethorton:Distance+1","thethorton:DownPayment+1"],"picked":"thethorton:RichRun+1","floor":22},{"not_picked":["thethorton:SicklyRun+1","thethorton:SeeingDouble+1"],"picked":"thethorton:FearfulRun+1","floor":31},{"not_picked":["thethorton:LastDitchEffort+1","thethorton:DoubleRun+1"],"picked":"thethorton:CowardiceForm","floor":32}],"player_experience":209364,"relics_obtained":[{"floor":9,"key":"Juzu Bracelet"},{"floor":26,"key":"reliquary:FerryPass"},{"floor":27,"key":"reliquary:JackalopeAntler"}],"event_choices":[{"damage_healed":0,"gold_gain":1,"player_choice":"1","damage_taken":0,"max_hp_gain":0,"max_hp_loss":0,"event_name":"betterStone:BetterStone","floor":3,"gold_loss":0},{"damage_healed":46,"gold_gain":0,"player_choice":"Upgrade","damage_taken":14,"max_hp_gain":0,"max_hp_loss":68,"event_name":"betterThird:BetterShining","floor":12,"gold_loss":0,"cards_upgraded":["thethorton:Heckle","thethorton:Strike"]},{"cards_removed":["thethorton:Strike"],"damage_healed":0,"gold_gain":0,"player_choice":"Forget","damage_taken":0,"max_hp_gain":0,"max_hp_loss":0,"event_name":"Living Wall","floor":13,"gold_loss":0},{"cards_removed":["thethorton:CreditCard"],"damage_healed":0,"gold_gain":0,"player_choice":"Give","damage_taken":0,"max_hp_gain":0,"max_hp_loss":0,"event_name":"betterNote:BetterNote","floor":19,"gold_loss":0,"cards_obtained":["None"]},{"damage_healed":0,"gold_gain":0,"player_choice":"Leave","damage_taken":0,"max_hp_gain":0,"max_hp_loss":0,"event_name":"conspire:Investor","floor":23,"gold_loss":0}],"is_beta":false,"boss_relics":[{"not_picked":["hubris:CrackedHourglass","aspiration:RandomNobGenerator"],"picked":"construct:ClawGrip"}],"items_purged_floors":[4,8],"is_endless":false,"potions_floor_spawned":[1,14,16,22,31],"killed_by":"Champ","ascension_level":0}}