{"host":"w01zow3jg16g8jdh","time":1612262553,"event":{"mods":["AchievementEnabler","BaseMod","DeckTracker","Keyboard Shortcuts","Minty Spire (QoL Compilation)","Permanent Neow","StSLib","SuperFastMode"],"gold_per_floor":[112,112,124,49,49,76,76,88,114,114,114,125,135,146,146,223,523,535,547,547,462,462,462,496,496,496,512,254,288,288,288,288],"floor_reached":31,"language":"KOR","playtime":777,"items_purged":["Strike_G","Defend_G"],"score":596,"play_id":"4b226ee4-77e9-4a26-9b20-9633cc04e64e","local_time":"20210202194233","is_ascension_mode":true,"campfire_choices":[{"data":"Dagger Spray","floor":7.0,"key":"SMITH"},{"data":"Neutralize","floor":10.0,"key":"SMITH"},{"data":"Noxious Fumes","floor":15.0,"key":"SMITH"},{"floor":23,"key":"REST"},{"data":"Well Laid Plans","floor":30,"key":"SMITH"}],"circlet_count":0,"master_deck":["AscendersBane","Strike_G","Strike_G","Strike_G","Defend_G","Defend_G","Defend_G","Survivor","Neutralize+1","Quick Slash","Dagger Spray+1","Well Laid Plans+1","Deadly Poison","Noxious Fumes+1","CurseOfTheBell","Bane","RitualDagger","Adrenaline"],"relics":["Ring of the Snake","Ancient Tea Set","Anchor","Calling Bell","Blood Vial","Singing Bowl","Old Coin","Bag of Marbles","MealTicket","Toy Ornithopter","Mummified Hand","Lee\u0027s Waffle","WingedGreaves"],"acts_visited":["Exordium","TheCity"],"potions_floor_usage":[18,19],"damage_taken":[{"damage":0.0,"enemies":"Small Slimes","floor":1.0,"turns":5.0},{"damage":2.0,"enemies":"Jaw Worm","floor":3.0,"turns":5.0},{"damage":54.0,"enemies":"3 Sentries","floor":6.0,"turns":11.0},{"damage":0.0,"enemies":"2 Louse","floor":8.0,"turns":2.0},{"damage":0.0,"enemies":"Red Slaver","floor":12.0,"turns":3.0},{"damage":1.0,"enemies":"Looter","floor":13.0,"turns":3.0},{"damage":0.0,"enemies":"3 Louse","floor":14.0,"turns":2.0},{"damage":6.0,"enemies":"The Guardian","floor":16.0,"turns":9.0},{"damage":20,"enemies":"2 Thieves","floor":18,"turns":3},{"damage":21,"enemies":"Shell Parasite","floor":19,"turns":8},{"damage":27,"enemies":"Slavers","floor":24,"turns":3},{"damage":0,"enemies":"Shelled Parasite and Fungi","floor":27,"turns":1},{"damage":53,"enemies":"Book of Stabbing","floor":29,"turns":5}],"seed_played":"4948610602832441805","potions_obtained":[{"floor":6.0,"key":"PowerPotion"},{"floor":8.0,"key":"FearPotion"},{"floor":16.0,"key":"ColorlessPotion"},{"floor":24,"key":"Swift Potion"},{"floor":29,"key":"AttackPotion"}],"is_trial":false,"path_per_floor":["M","?","M","$","?","E","R","M","T","R","?","M","M","M","R","B",null,"M","M","?","?","?","R","E","?","T","M","$","E","R","$"],"character_chosen":"THE_SILENT","items_purchased":["Lee\u0027s Waffle"],"campfire_rested":1,"item_purchase_floors":[28],"current_hp_per_floor":[59,59,57,57,62,8,8,8,8,8,8,8,7,7,7,1,54,38,19,13,13,13,34,11,11,11,13,82,31,31,46,46],"gold":288,"neow_bonus":"REMOVE_CARD","is_daily":false,"chose_seed":false,"campfire_upgraded":4,"win_rate":0.0,"timestamp":1612262553,"path_taken":["M","?","M","$","?","E","R","?","T","R","?","M","?","M","R","BOSS","M","M","?","?","?","R","E","?","T","?","$","E","R","$"],"items_purchased_type":["Relic"],"build_version":"2020-12-22","purchased_purges":2,"victory":false,"max_hp_per_floor":[66,66,66,66,71,71,71,71,71,71,71,71,71,71,71,71,71,73,73,73,73,73,73,75,75,75,75,82,84,84,84,84],"card_choices":[{"not_picked":["Flying Knee","All Out Attack"],"picked":"Quick Slash","floor":1.0},{"not_picked":["Dodge and Roll","All Out Attack","Bane"],"picked":"SKIP","floor":3.0},{"not_picked":["Dodge and Roll","All Out Attack","Bane"],"picked":"SKIP","floor":3.0},{"not_picked":["Well Laid Plans","Blur"],"picked":"Dagger Spray","floor":6.0},{"not_picked":["Outmaneuver","Expertise"],"picked":"Well Laid Plans","floor":8.0},{"not_picked":["Dodge and Roll","Flying Knee"],"picked":"Deadly Poison","floor":12.0},{"not_picked":["Dagger Spray","Dodge and Roll","Slice"],"picked":"SKIP","floor":13.0},{"not_picked":["Cloak And Dagger","Bouncing Flask"],"picked":"Noxious Fumes","floor":14.0},{"not_picked":["Cloak And Dagger","Flying Knee","Dagger Throw"],"picked":"Singing Bowl","floor":18},{"not_picked":["Dodge and Roll","Flying Knee"],"picked":"Bane","floor":19},{"not_picked":["Outmaneuver","Choke","Catalyst"],"picked":"Singing Bowl","floor":24},{"not_picked":["Choke","Dash"],"picked":"Adrenaline","floor":27},{"not_picked":["Storm of Steel","Backflip","Underhanded Strike"],"picked":"Singing Bowl","floor":29}],"player_experience":342996,"relics_obtained":[{"floor":6.0,"key":"Ancient Tea Set"},{"floor":9.0,"key":"Anchor"},{"floor":17.0,"key":"Blood Vial"},{"floor":17.0,"key":"Singing Bowl"},{"floor":17.0,"key":"Old Coin"},{"floor":24,"key":"MealTicket"},{"floor":26,"key":"Mummified Hand"},{"floor":29,"key":"WingedGreaves"}],"event_choices":[{"damage_healed":0.0,"max_hp_gain":0.0,"max_hp_loss":0.0,"gold_gain":0.0,"event_name":"Liars Game","player_choice":"Ignored","floor":2.0,"gold_loss":0.0,"damage_taken":0.0},{"damage_healed":0.0,"max_hp_gain":5.0,"max_hp_loss":0.0,"gold_gain":0.0,"event_name":"Big Fish","player_choice":"Donut","floor":5.0,"gold_loss":0.0,"damage_taken":0.0},{"cards_removed":["Strike_G"],"damage_healed":0.0,"max_hp_gain":0.0,"max_hp_loss":0.0,"gold_gain":0.0,"event_name":"Bonfire Elementals","player_choice":"Offered Basic","floor":11.0,"gold_loss":0.0,"damage_taken":0.0},{"damage_healed":0,"gold_gain":0,"player_choice":"Joined the Cult","damage_taken":6,"max_hp_gain":0,"max_hp_loss":0,"event_name":"Nest","floor":20,"gold_loss":0,"cards_obtained":["RitualDagger"]},{"damage_healed":0,"gold_gain":0,"player_choice":"Obtained Relic","damage_taken":0,"relics_obtained":["Bag of Marbles"],"max_hp_gain":0,"max_hp_loss":0,"event_name":"Addict","floor":21,"gold_loss":85},{"damage_healed":0,"gold_gain":0,"player_choice":"Ignored","damage_taken":0,"max_hp_gain":0,"max_hp_loss":0,"event_name":"Ghosts","floor":22,"gold_loss":0},{"damage_healed":0,"gold_gain":0,"player_choice":"Gave Potion","damage_taken":0,"relics_obtained":["Toy Ornithopter"],"max_hp_gain":0,"max_hp_loss":0,"event_name":"WeMeetAgain","floor":25,"gold_loss":0}],"is_beta":false,"boss_relics":[{"not_picked":["Velvet Choker","Cursed Key"],"picked":"Calling Bell"}],"items_purged_floors":[4,28],"is_endless":false,"potions_floor_spawned":[6,8,12,16,24,29],"ascension_level":20}}