{"host":"btk6hapgokl8j5e3","time":1612281834,"event":{"mods":["Act Like it!","BaseMod","BetterRewards","Colored Powertips","Downfall","Friendly Minions","GifTheSpireLib","Minty Spire (QoL Compilation)","StSLib"],"gold_per_floor":[99,119,131,131,6,24,24,24,174,192,206,206,232,245,257,353,353,253,268,1,1,86,86,110,144,144,144,144],"floor_reached":26,"language":"ENG","playtime":2218,"items_purged":["downfall:Bewildered","downfall:Icky"],"score":251,"play_id":"ce4b4bd9-bcc3-4b75-9251-d2c6a96617e8","local_time":"20210202170354","is_ascension_mode":false,"campfire_choices":[{"data":"sneckomod:SerpentIdol","floor":8,"key":"SMITH"},{"data":"sneckomod:MorePower","floor":12,"key":"SMITH"},{"floor":18,"key":"RECALL"}],"circlet_count":0,"master_deck":["sneckomod:Strike","sneckomod:Strike","sneckomod:Defend","sneckomod:Defend","sneckomod:TailWhip","sneckomod:SnekBite","sneckomod:Unknown","sneckomod:UnknownCommonAttack","sneckomod:SerpentIdol+1","sneckomod:TrashToTreasure","sneckomod:CheapStock","sneckomod:MorePower+1","sneckomod:UnknownRarePower+1","sneckomod:Nope","sneckomod:UnknownRarePower+1","sneckomod:UnknownBoss+1","sneckomod:UnknownRareAttack+1","sneckomod:Unknown3Cost","sneckomod:UnknownX+1","sneckomod:UnknownRareSkill+1"],"relics":["sneckomod:SneckoSoul","Juzu Bracelet","StrikeDummy","Busted Crown","downfall:HeartBlessingGreen","Oddly Smooth Stone","Pen Nib","Strawberry"],"acts_visited":["Exordium","TheCity"],"potions_floor_usage":[10,14,14,16,26],"damage_taken":[{"damage":7,"enemies":"Small Slimes","floor":2,"turns":5},{"damage":4,"enemies":"Cultist","floor":3,"turns":3},{"damage":0,"enemies":"downfall:FleeingMerchant","floor":5,"turns":4},{"damage":7,"enemies":"2 Louse","floor":6,"turns":2},{"damage":10,"enemies":"Exordium Thugs","floor":10,"turns":2},{"damage":10,"enemies":"3 Louse","floor":11,"turns":4},{"damage":20,"enemies":"Gremlin Nob","floor":13,"turns":5},{"damage":0,"enemies":"Gremlin Gang","floor":14,"turns":5},{"damage":3,"enemies":"Blue Slaver","floor":15,"turns":3},{"damage":33,"enemies":"DF_ARCHETYPE_STREAMLINE","floor":16,"turns":9},{"damage":26,"enemies":"Spheric Guardian","floor":19,"turns":4},{"damage":9,"enemies":"downfall:FleeingMerchant","floor":20,"turns":4},{"damage":12,"enemies":"Book of Stabbing","floor":25,"turns":4},{"damage":53,"enemies":"downfall:Augmenter","floor":26,"turns":3}],"seed_played":"-2713711389347222250","potions_obtained":[{"floor":3,"key":"EssenceOfSteel"},{"floor":6,"key":"sneckomod:DiceRollPotion"},{"floor":10,"key":"SteroidPotion"},{"floor":13,"key":"EssenceOfSteel"},{"floor":15,"key":"GamblersBrew"}],"is_trial":false,"path_per_floor":["R","M","M","?","$","M","T","R","?","M","M","R","E","M","M","B",null,"R","M","$","?","?","?","T","E","?"],"character_chosen":"THE_SNECKO","items_purchased":["sneckomod:CheapStock","Oddly Smooth Stone"],"campfire_rested":0,"item_purchase_floors":[5,20],"current_hp_per_floor":[99,92,88,88,88,81,81,81,81,71,61,61,41,41,38,5,99,99,73,64,64,50,50,50,45,0,0,0],"gold":144,"neow_bonus":"TEN_PERCENT_HP_BONUS","is_daily":false,"chose_seed":false,"campfire_upgraded":2,"win_rate":0.0,"timestamp":1612281834,"path_taken":["R","M","M","?","$","?","T","R","?","M","M","R","E","M","M","BOSS","R","M","$","?","?","?","T","E","?"],"items_purchased_type":["Card","Relic"],"build_version":"2020-12-22","purchased_purges":2,"victory":false,"max_hp_per_floor":[99,99,99,99,99,99,99,99,99,99,99,99,99,99,99,99,99,99,99,99,99,99,99,99,106,106,106,106],"card_choices":[{"not_picked":["sneckomod:Unknown1Cost","sneckomod:DiceCrush"],"picked":"sneckomod:UnknownCommonAttack","floor":2},{"not_picked":["sneckomod:DiceCrush","sneckomod:QuickMove"],"picked":"sneckomod:SerpentIdol","floor":3},{"not_picked":["sneckomod:UnknownUncommonSkill","sneckomod:UnknownBlock"],"picked":"sneckomod:TrashToTreasure","floor":5},{"not_picked":["sneckomod:UnknownBlock","sneckomod:UnknownCommonAttack","sneckomod:QuickMove"],"picked":"SKIP","floor":6},{"not_picked":["sneckomod:SoulCleanse","sneckomod:QuickBite"],"picked":"sneckomod:MorePower","floor":10},{"not_picked":["sneckomod:Unknown1Cost+1","sneckomod:UnknownUncommonPower+1"],"picked":"sneckomod:UnknownRarePower+1","floor":11},{"not_picked":["sneckomod:UnknownUncommonSkill","sneckomod:IronFang"],"picked":"sneckomod:Nope","floor":11},{"not_picked":["sneckomod:UnknownExhaust+1","sneckomod:UnknownX+1"],"picked":"sneckomod:UnknownRarePower+1","floor":13},{"not_picked":["sneckomod:UnknownBlock","sneckomod:TrashToTreasure","sneckomod:UnknownCommonSkill"],"picked":"SKIP","floor":13},{"not_picked":["sneckomod:UnknownCommonAttack+1","sneckomod:Unknown0Cost+1"],"picked":"sneckomod:UnknownBoss+1","floor":14},{"not_picked":["sneckomod:SoulRoll","sneckomod:DiceCrush","sneckomod:DefensiveFlair"],"picked":"SKIP","floor":14},{"not_picked":["sneckomod:Unknown2Cost+1","sneckomod:UnknownBoss+1"],"picked":"sneckomod:UnknownRareAttack+1","floor":15},{"not_picked":["sneckomod:Nope","sneckomod:UnknownDraw","sneckomod:WideSting"],"picked":"SKIP","floor":15},{"not_picked":["sneckomod:UnlimitedRolls","sneckomod:UnknownRareAttack"],"picked":"sneckomod:Unknown3Cost","floor":16},{"not_picked":["sneckomod:Unknown3Cost+1","sneckomod:Unknown1Cost+1"],"picked":"sneckomod:UnknownX+1","floor":16},{"not_picked":["sneckomod:UnknownUncommonPower+1","sneckomod:UnknownUncommonSkill+1"],"picked":"sneckomod:UnknownRareSkill+1","floor":19},{"not_picked":["sneckomod:UnknownUncommonSkill"],"picked":"SKIP","floor":19},{"not_picked":["sneckomod:UnknownCommonSkill"],"picked":"SKIP","floor":20},{"not_picked":["sneckomod:Mudshield"],"picked":"SKIP","floor":25}],"player_experience":225823,"relics_obtained":[{"floor":7,"key":"Juzu Bracelet"},{"floor":13,"key":"StrikeDummy"},{"floor":24,"key":"Pen Nib"},{"floor":25,"key":"Strawberry"}],"event_choices":[],"is_beta":false,"boss_relics":[{"not_picked":["Pandora\u0027s Box","sneckomod:SneckoBoss"],"picked":"Busted Crown"}],"items_purged_floors":[5,20],"is_endless":false,"potions_floor_spawned":[3,6,10,13,15],"killed_by":"downfall:Augmenter","ascension_level":0}}