{"host":"5h6e4l6hpn0p5lap","time":1612235483,"event":{"mods":["AchievementEnabler","BaseMod","Better Altar","Better Match","Better Sensory Stone","Better Skull","Better Third Choice","Colored Map","Filter the Spire","Minty Spire (QoL Compilation)","StSLib"],"gold_per_floor":[13,13,13,27,45,73,73,73,73,90,116,128,128,158,158,263,263,282,162,172,172,172,172,188,222,292,292,292,217,251,51,51,151,151,165,165,184,60,77,77,96,131,179,179,189,64,77,87,87,87,87,87,41,74,74,74],"floor_reached":55,"language":"ENG","playtime":2886,"items_purged":["Demon Form","Anger","Clash"],"score":805,"play_id":"85b4de51-ea4e-46c7-a581-77eb7752bb71","local_time":"20210201221123","is_ascension_mode":false,"campfire_choices":[{"data":"Body Slam","floor":7,"key":"SMITH"},{"data":"Intimidate","floor":13,"key":"SMITH"},{"data":"Bash","floor":15,"key":"SMITH"},{"data":"Corruption","floor":23,"key":"SMITH"},{"data":"True Grit","floor":28,"key":"SMITH"},{"data":"True Grit","floor":32,"key":"SMITH"},{"data":"Shrug It Off","floor":40,"key":"SMITH"},{"floor":44,"key":"RECALL"},{"floor":49,"key":"REST"},{"data":"Battle Trance","floor":52,"key":"SMITH"}],"circlet_count":0,"master_deck":["Bash+1","True Grit+1","Feel No Pain+1","Body Slam+1","Intimidate+1","Sentinel","Offering","Battle Trance+1","Impervious","Corruption+1","Armaments+1","Iron Wave+1","Second Wind","Infernal Blade","Cleave+1","Disarm+1","True Grit+1","Dark Shackles","Shrug It Off+1","Ghostly Armor","True Grit+1","Feed","Reckless Charge+1","Clothesline+1","Shrug It Off+1","Seeing Red+1","Dual Wield+1","Body Slam+1","Pommel Strike+1","Shrug It Off","Disarm+1"],"relics":["Burning Blood","Charon\u0027s Ashes","StrikeDummy","PreservedInsect","Art of War","Red Skull","Pandora\u0027s Box","Whetstone","Self Forming Clay","Pantograph","Dream Catcher","Lantern","Sozu","Pocketwatch","Calipers"],"acts_visited":["Exordium","TheCity","TheBeyond","TheEnding"],"potions_floor_usage":[24,33,42,55],"damage_taken":[{"damage":7.0,"enemies":"2 Louse","floor":1.0,"turns":2.0},{"damage":2.0,"enemies":"Small Slimes","floor":4.0,"turns":3.0},{"damage":0.0,"enemies":"Cultist","floor":5.0,"turns":4.0},{"damage":20.0,"enemies":"Gremlin Nob","floor":6.0,"turns":4.0},{"damage":5,"enemies":"Looter","floor":10,"turns":2},{"damage":0,"enemies":"3 Sentries","floor":11,"turns":5},{"damage":2,"enemies":"Blue Slaver","floor":12,"turns":3},{"damage":6,"enemies":"Gremlin Nob","floor":14,"turns":3},{"damage":32,"enemies":"Hexaghost","floor":16,"turns":8},{"damage":6,"enemies":"Shell Parasite","floor":18,"turns":3},{"damage":5,"enemies":"3 Byrds","floor":20,"turns":5},{"damage":6,"enemies":"Shelled Parasite and Fungi","floor":24,"turns":4},{"damage":6,"enemies":"Gremlin Leader","floor":25,"turns":3},{"damage":0,"enemies":"Slavers","floor":30,"turns":2},{"damage":41,"enemies":"Collector","floor":33,"turns":9},{"damage":6,"enemies":"3 Shapes","floor":35,"turns":3},{"damage":6,"enemies":"Orb Walker","floor":37,"turns":2},{"damage":1,"enemies":"3 Darklings","floor":39,"turns":4},{"damage":6,"enemies":"Jaw Worm Horde","floor":41,"turns":3},{"damage":40,"enemies":"Reptomancer","floor":42,"turns":12},{"damage":0,"enemies":"Writhing Mass","floor":45,"turns":5},{"damage":7,"enemies":"4 Shapes","floor":47,"turns":3},{"damage":12,"enemies":"Spire Growth","floor":48,"turns":5},{"damage":16,"enemies":"Time Eater","floor":50,"turns":10},{"damage":30,"enemies":"Shield and Spear","floor":54,"turns":6},{"damage":89,"enemies":"The Heart","floor":55,"turns":9}],"seed_played":"8888180585961608273","potions_obtained":[{"floor":4.0,"key":"Regen Potion"},{"floor":6,"key":"ColorlessPotion"},{"floor":12,"key":"Ancient Potion"},{"floor":24,"key":"PowerPotion"},{"floor":25,"key":"SpeedPotion"},{"floor":30,"key":"Weak Potion"}],"is_trial":false,"path_per_floor":["M","?","?","M","M","E","R","?","T","M","E","M","R","E","R","B",null,"M","$","M","?","?","R","M","E","T","T","R","?","E","$","R","B",null,"M","?","M","$","M","R","M","E","T","R","M","$","M","M","R","B",null,"R","$","E","B"],"character_chosen":"IRONCLAD","items_purchased":["True Grit","Lantern","True Grit","Shrug It Off","Shrug It Off"],"campfire_rested":1,"item_purchase_floors":[19,31,31,38,53],"current_hp_per_floor":[79,79,72,76,80,71,71,71,71,72,78,80,80,80,80,54,80,80,80,80,80,80,80,80,80,80,80,80,80,80,80,80,45,80,83,83,83,83,83,83,83,52,52,52,58,58,60,54,80,79,89,89,89,65,0,0],"gold":74,"neow_bonus":"ONE_RARE_RELIC","is_daily":false,"chose_seed":false,"campfire_upgraded":8,"win_rate":0.0,"timestamp":1612235483,"path_taken":["M","?","?","M","M","E","R","?","T","?","E","M","R","E","R","BOSS","M","$","M","?","?","R","?","E","T","?","R","?","E","$","R","BOSS","M","?","?","$","M","R","M","E","T","R","M","?","M","M","R","BOSS","R","$","E","BOSS"],"items_purchased_type":["Card","Relic","Card","Card","Card"],"build_version":"2020-12-22","purchased_purges":3,"victory":false,"max_hp_per_floor":[80,80,80,80,80,80,80,80,80,80,80,80,80,80,80,80,80,80,80,80,80,80,80,80,80,80,80,80,80,80,80,80,80,80,83,83,83,83,83,83,83,86,86,86,86,86,89,89,89,89,89,89,89,89,89,89],"card_choices":[{"not_picked":["Flex","Twin Strike"],"picked":"True Grit","floor":1.0},{"not_picked":["Thunderclap","Iron Wave"],"picked":"Feel No Pain","floor":4.0},{"not_picked":["Cleave","Perfected Strike"],"picked":"Clash","floor":5.0},{"not_picked":["Reaper","Inflame"],"picked":"Body Slam","floor":6},{"not_picked":["Warcry","Clothesline"],"picked":"Intimidate","floor":10},{"not_picked":["Intimidate","Flex"],"picked":"Sentinel","floor":11},{"not_picked":["Armaments","Inflame"],"picked":"Offering","floor":12},{"not_picked":["Twin Strike","Anger"],"picked":"Battle Trance","floor":14},{"not_picked":["Feed","Demon Form"],"picked":"Impervious","floor":16},{"not_picked":["Pummel+1","Perfected Strike"],"picked":"Disarm+1","floor":18},{"not_picked":["Warcry","Twin Strike","Thunderclap"],"picked":"SKIP","floor":20},{"not_picked":["Enlightenment","Trip"],"picked":"Dark Shackles","floor":21},{"not_picked":["Anger","Flex","Havoc"],"picked":"SKIP","floor":24},{"not_picked":["Clothesline","Flex","Corruption"],"picked":"SKIP","floor":25},{"not_picked":["Heavy Blade+1","Clash+1"],"picked":"Shrug It Off+1","floor":29},{"not_picked":["Thunderclap","Sword Boomerang"],"picked":"Ghostly Armor","floor":30},{"not_picked":["Brutality","Berserk"],"picked":"Feed","floor":33},{"not_picked":["Cleave+1","Dropkick+1"],"picked":"Reckless Charge+1","floor":35},{"not_picked":["Perfected Strike+1","Headbutt+1"],"picked":"Clothesline+1","floor":37},{"not_picked":["Havoc","Clash+1","Flex"],"picked":"SKIP","floor":39},{"not_picked":["Infernal Blade+1","Headbutt"],"picked":"Seeing Red+1","floor":41},{"not_picked":["Exhume","Wild Strike"],"picked":"Dual Wield+1","floor":42},{"not_picked":["Whirlwind+1","Warcry","Dual Wield+1"],"picked":"SKIP","floor":45},{"not_picked":["Clothesline","Iron Wave","Dual Wield"],"picked":"SKIP","floor":47},{"not_picked":["Dropkick+1","Dark Embrace"],"picked":"Body Slam+1","floor":48},{"not_picked":["Shrug It Off","Infernal Blade"],"picked":"Pommel Strike+1","floor":49},{"not_picked":["Sword Boomerang+1","Limit Break"],"picked":"Disarm+1","floor":54}],"player_experience":1037159,"relics_obtained":[{"floor":6,"key":"StrikeDummy"},{"floor":9,"key":"PreservedInsect"},{"floor":11,"key":"Art of War"},{"floor":14,"key":"Red Skull"},{"floor":25,"key":"Whetstone"},{"floor":26,"key":"Self Forming Clay"},{"floor":27,"key":"Pantograph"},{"floor":30,"key":"Dream Catcher"},{"floor":42,"key":"Pocketwatch"},{"floor":54,"key":"Calipers"}],"event_choices":[{"damage_healed":0.0,"max_hp_gain":0.0,"max_hp_loss":0.0,"gold_gain":0.0,"event_name":"Living Wall","player_choice":"Grow","floor":2.0,"gold_loss":0.0,"damage_taken":0.0,"cards_upgraded":["True Grit"]},{"cards_removed":["Defend_R"],"damage_healed":0.0,"max_hp_gain":0.0,"max_hp_loss":0.0,"gold_gain":0.0,"event_name":"Golden Wing","player_choice":"Card Removal","floor":3.0,"gold_loss":0.0,"damage_taken":7.0},{"damage_healed":0,"gold_gain":0,"player_choice":"Forge","damage_taken":0,"max_hp_gain":0,"max_hp_loss":0,"event_name":"Accursed Blacksmith","floor":8,"gold_loss":0,"cards_upgraded":["Feel No Pain"]},{"damage_healed":0,"gold_gain":2,"player_choice":"1","damage_taken":0,"max_hp_gain":0,"max_hp_loss":0,"event_name":"betterStone:BetterStone","floor":21,"gold_loss":0},{"damage_healed":0,"gold_gain":0,"player_choice":"Full Heal","damage_taken":0,"max_hp_gain":0,"max_hp_loss":0,"event_name":"Wheel of Change","floor":22,"gold_loss":0},{"damage_healed":0,"gold_gain":0,"player_choice":"2","damage_taken":0,"max_hp_gain":0,"max_hp_loss":0,"event_name":"betterMatch:BetterMatch","floor":29,"gold_loss":0,"cards_obtained":["betterMatch:CommonCard"]},{"damage_healed":0,"gold_gain":0,"player_choice":"Upgraded","damage_taken":0,"max_hp_gain":0,"max_hp_loss":0,"event_name":"Upgrade Shrine","floor":36,"gold_loss":0,"cards_upgraded":["Armaments"]}],"is_beta":false,"boss_relics":[{"not_picked":["Busted Crown","Philosopher\u0027s Stone"],"picked":"Pandora\u0027s Box"},{"not_picked":["Calling Bell","Mark of Pain"],"picked":"Sozu"}],"items_purged_floors":[19,38,46],"is_endless":false,"potions_floor_spawned":[4,6,12,24,25,30,39,42,45,47,48,54],"killed_by":"The Heart","ascension_level":0}}