{"host":"0xtpc43j5kblke7u","time":1612238996,"event":{"mods":["AchievementEnabler","BaseMod","Colored Map","Highlight Path","Minty Spire (QoL Compilation)"],"gold_per_floor":[110,127,138,152,152,180,199,212,280,312,312,312,329,361,361,458,458,472,571,361,299,317,343,368,403,403,419,431,431,444,457,457,555,555,575,587,587,340,351,382,392,30,30,30,50,272,272,282,282,282,282],"floor_reached":50,"language":"ENG","playtime":4557,"items_purged":["Strike_P","Strike_P"],"score":726,"play_id":"8ba4ce4a-4e4d-491d-8b7e-548b74dfac9d","local_time":"20210201230956","is_ascension_mode":true,"campfire_choices":[{"data":"BowlingBash","floor":12.0,"key":"SMITH"},{"data":"Judgement","floor":15.0,"key":"SMITH"},{"floor":32.0,"key":"REST"},{"floor":44,"key":"DIG"},{"floor":49,"key":"REST"}],"circlet_count":0,"master_deck":["Strike_P+1","Strike_P+1","Defend_P","Defend_P","Defend_P","Defend_P","Eruption+1","Vigilance+1","ThirdEye+1","Consecrate+1","BowlingBash+1","FearNoEvil","FollowUp","EmptyMind+1","MentalFortress+1","Judgement+1","LessonLearned","CurseOfTheBell","EmptyFist+1","CarveReality+1","Tantrum+1","Evaluate+1","ClearTheMind+1","Protect+1","Evaluate+1","DeusExMachina","MasterReality+1","EmptyBody+1","WheelKick+1","ThirdEye","Madness","Madness","Protect"],"relics":["PureWater","White Beast Statue","Pear","Pantograph","Frozen Egg 2","FossilizedHelix","Calling Bell","Strawberry","CloakClasp","Molten Egg 2","Lantern","Shovel","Red Mask","Toy Ornithopter","Torii","VioletLotus","War Paint","Peace Pipe","HornCleat","Blue Candle","Bottled Flame"],"acts_visited":["Exordium","TheCity","TheBeyond"],"potions_floor_usage":[36,39,39,41,50,50,50],"damage_taken":[{"damage":12.0,"enemies":"Cultist","floor":1.0,"turns":3.0},{"damage":1.0,"enemies":"2 Louse","floor":2.0,"turns":2.0},{"damage":7.0,"enemies":"Small Slimes","floor":3.0,"turns":4.0},{"damage":9.0,"enemies":"Exordium Thugs","floor":4.0,"turns":5.0},{"damage":19.0,"enemies":"3 Sentries","floor":6.0,"turns":7.0},{"damage":11.0,"enemies":"Looter","floor":7.0,"turns":2.0},{"damage":2.0,"enemies":"3 Louse","floor":8.0,"turns":2.0},{"damage":0.0,"enemies":"Gremlin Nob","floor":10.0,"turns":2.0},{"damage":0.0,"enemies":"Exordium Thugs","floor":13.0,"turns":3.0},{"damage":33.0,"enemies":"Lagavulin","floor":14.0,"turns":4.0},{"damage":35.0,"enemies":"The Guardian","floor":16.0,"turns":11.0},{"damage":0.0,"enemies":"Spheric Guardian","floor":18.0,"turns":2.0},{"damage":3.0,"enemies":"3 Byrds","floor":22.0,"turns":3.0},{"damage":12.0,"enemies":"Book of Stabbing","floor":23.0,"turns":4.0},{"damage":0.0,"enemies":"Masked Bandits","floor":24.0,"turns":6.0},{"damage":54.0,"enemies":"Gremlin Leader","floor":25.0,"turns":6.0},{"damage":12.0,"enemies":"Snake Plant","floor":27.0,"turns":3.0},{"damage":6.0,"enemies":"Centurion and Healer","floor":28.0,"turns":7.0},{"damage":0.0,"enemies":"Snecko","floor":30.0,"turns":3.0},{"damage":1.0,"enemies":"Cultist and Chosen","floor":31.0,"turns":3.0},{"damage":96.0,"enemies":"Automaton","floor":33.0,"turns":13.0},{"damage":0,"enemies":"Orb Walker","floor":35,"turns":2},{"damage":2,"enemies":"3 Darklings","floor":36,"turns":7},{"damage":0,"enemies":"Jaw Worm Horde","floor":39,"turns":3},{"damage":2,"enemies":"Nemesis","floor":40,"turns":7},{"damage":32,"enemies":"4 Shapes","floor":41,"turns":9},{"damage":4,"enemies":"Sphere and 2 Shapes","floor":45,"turns":9},{"damage":10,"enemies":"3 Darklings","floor":48,"turns":6},{"damage":107,"enemies":"Time Eater","floor":50,"turns":11}],"seed_played":"2014272979752520953","potions_obtained":[{"floor":2.0,"key":"Ancient Potion"},{"floor":3.0,"key":"Regen Potion"},{"floor":6.0,"key":"EntropicBrew"},{"floor":7.0,"key":"AttackPotion"},{"floor":8.0,"key":"EssenceOfSteel"},{"floor":10.0,"key":"Dexterity Potion"},{"floor":13.0,"key":"BottledMiracle"},{"floor":14.0,"key":"FearPotion"},{"floor":16.0,"key":"Ancient Potion"},{"floor":23.0,"key":"SpeedPotion"},{"floor":27.0,"key":"BottledMiracle"},{"floor":28.0,"key":"PowerPotion"},{"floor":30.0,"key":"FairyPotion"},{"floor":31.0,"key":"Explosive Potion"},{"floor":33.0,"key":"GamblersBrew"},{"floor":35,"key":"SkillPotion"},{"floor":36,"key":"StancePotion"},{"floor":39,"key":"BlessingOfTheForge"},{"floor":40,"key":"SneckoOil"},{"floor":41,"key":"Fire Potion"}],"is_trial":false,"path_per_floor":["M","M","M","M","T","E","M","M","T","E","?","R","M","E","R","B",null,"M","?","$","?","M","E","?","E","T","M","M","?","M","M","R","B",null,"M","M","?","$","M","E","M","$","T","R","M","?","?","M","R","B"],"character_chosen":"WATCHER","items_purchased":["CarveReality+1","Tantrum+1","War Paint","HornCleat","ThirdEye","Dexterity Potion"],"campfire_rested":2,"item_purchase_floors":[20,20,38,42,42,42],"current_hp_per_floor":[60,59,52,52,52,43,32,30,30,30,57,57,57,24,24,14,89,89,89,89,89,86,74,74,20,20,13,7,7,7,11,37,26,89,89,87,87,87,89,87,60,60,60,60,56,56,45,35,61,0,0],"gold":282,"neow_bonus":"UPGRADE_CARD","is_daily":false,"chose_seed":false,"campfire_upgraded":2,"win_rate":0.0,"timestamp":1612238996,"path_taken":["M","?","?","M","?","E","M","M","T","E","?","R","M","E","R","BOSS","M","?","$","?","?","E","?","E","T","M","M","?","M","M","R","BOSS","M","M","?","$","?","E","?","$","T","R","M","?","?","M","R","BOSS"],"items_purchased_type":["Card","Card","Relic","Relic","Card","Potion"],"build_version":"2020-12-22","purchased_purges":2,"victory":false,"max_hp_per_floor":[72,72,72,72,72,82,82,82,82,82,82,82,82,82,82,82,89,89,89,89,89,89,89,89,89,89,89,89,89,89,89,89,89,89,89,89,89,89,89,89,89,89,89,89,89,89,89,89,89,89,89],"card_choices":[{"not_picked":["JustLucky","CrushJoints"],"picked":"ThirdEye","floor":1.0},{"not_picked":["PathToVictory","SashWhip"],"picked":"Consecrate","floor":2.0},{"not_picked":["Scrawl","Nirvana"],"picked":"BowlingBash","floor":3.0},{"not_picked":["ClearTheMind","JustLucky"],"picked":"FearNoEvil","floor":4.0},{"not_picked":["Protect","DeusExMachina"],"picked":"FollowUp","floor":6.0},{"not_picked":["JustLucky","Perseverance"],"picked":"EmptyMind","floor":7.0},{"not_picked":["Vengeance","FlyingSleeves","JustLucky"],"picked":"SKIP","floor":8.0},{"not_picked":["EmptyMind","Swivel"],"picked":"MentalFortress+1","floor":10.0},{"not_picked":["Worship","Crescendo","PathToVictory"],"picked":"SKIP","floor":13.0},{"not_picked":["Consecrate","SashWhip"],"picked":"Judgement","floor":14.0},{"not_picked":["Establishment+1","Devotion+1"],"picked":"LessonLearned","floor":16.0},{"not_picked":["SignatureMove+1","Study+1"],"picked":"EmptyFist+1","floor":18.0},{"not_picked":["Swivel","CutThroughFate+1","PathToVictory"],"picked":"SKIP","floor":22.0},{"not_picked":["Swivel","CutThroughFate+1","PathToVictory"],"picked":"SKIP","floor":22.0},{"not_picked":["ThirdEye","Meditate"],"picked":"Evaluate+1","floor":23.0},{"not_picked":["BowlingBash+1","CutThroughFate+1"],"picked":"ClearTheMind+1","floor":24.0},{"not_picked":["WaveOfTheHand","Devotion+1"],"picked":"Protect+1","floor":25.0},{"not_picked":["Protect","Prostrate","Conclude+1"],"picked":"SKIP","floor":27.0},{"not_picked":["Prostrate","EmptyFist+1","FollowUp+1"],"picked":"SKIP","floor":28.0},{"not_picked":["Study+1","Weave+1"],"picked":"Evaluate","floor":30.0},{"not_picked":["TalkToTheHand+1","BowlingBash+1"],"picked":"DeusExMachina","floor":31.0},{"not_picked":["Devotion+1","DeusExMachina"],"picked":"MasterReality+1","floor":33.0},{"not_picked":["Protect+1","SashWhip+1"],"picked":"EmptyBody+1","floor":35},{"not_picked":["Crescendo","EmptyMind","ForeignInfluence"],"picked":"SKIP","floor":36},{"not_picked":["CutThroughFate+1","PathToVictory"],"picked":"WheelKick+1","floor":39},{"not_picked":["Consecrate+1","WaveOfTheHand","FlurryOfBlows+1"],"picked":"SKIP","floor":40},{"not_picked":["WreathOfFlame+1","CutThroughFate+1","SandsOfTime+1"],"picked":"SKIP","floor":41},{"not_picked":["Prostrate+1","Collect+1","Weave+1"],"picked":"SKIP","floor":45},{"not_picked":["BowlingBash+1","CrushJoints+1"],"picked":"Protect","floor":48}],"player_experience":652934,"relics_obtained":[{"floor":5.0,"key":"White Beast Statue"},{"floor":6.0,"key":"Pear"},{"floor":9.0,"key":"Pantograph"},{"floor":10.0,"key":"Frozen Egg 2"},{"floor":14.0,"key":"FossilizedHelix"},{"floor":17.0,"key":"Strawberry"},{"floor":17.0,"key":"CloakClasp"},{"floor":17.0,"key":"Molten Egg 2"},{"floor":23.0,"key":"Shovel"},{"floor":24.0,"key":"Red Mask"},{"floor":25.0,"key":"Toy Ornithopter"},{"floor":26.0,"key":"Torii"},{"floor":40,"key":"Peace Pipe"},{"floor":43,"key":"Blue Candle"},{"floor":44,"key":"Bottled Flame"}],"event_choices":[{"damage_healed":27.0,"max_hp_gain":0.0,"max_hp_loss":0.0,"gold_gain":0.0,"event_name":"Big Fish","player_choice":"Banana","floor":11.0,"gold_loss":0.0,"damage_taken":0.0},{"damage_healed":0.0,"max_hp_gain":0.0,"max_hp_loss":0.0,"gold_gain":99.0,"event_name":"Nest","player_choice":"Stole From Cult","floor":19.0,"gold_loss":0.0,"damage_taken":0.0},{"damage_healed":0.0,"max_hp_gain":0.0,"max_hp_loss":0.0,"gold_gain":0.0,"event_name":"WeMeetAgain","player_choice":"Paid Gold","floor":21.0,"gold_loss":62.0,"damage_taken":0.0,"relics_obtained":["Lantern"]},{"damage_healed":0.0,"max_hp_gain":0.0,"max_hp_loss":0.0,"gold_gain":0.0,"event_name":"Masked Bandits","player_choice":"Fought Bandits","floor":24.0,"gold_loss":0.0,"damage_taken":0.0},{"damage_healed":0.0,"max_hp_gain":0.0,"max_hp_loss":0.0,"gold_gain":0.0,"event_name":"Accursed Blacksmith","player_choice":"Forge","floor":29.0,"gold_loss":0.0,"damage_taken":0.0,"cards_upgraded":["Consecrate"]},{"damage_healed":0,"gold_gain":0,"player_choice":"Got Potions","damage_taken":0,"max_hp_gain":0,"max_hp_loss":0,"event_name":"Lab","floor":37,"gold_loss":0},{"damage_healed":0,"gold_gain":222,"player_choice":"Wore Mask","damage_taken":0,"max_hp_gain":0,"max_hp_loss":0,"event_name":"Tomb of Lord Red Mask","floor":46,"gold_loss":0},{"damage_healed":0,"gold_gain":0,"player_choice":"Embrace Madness","damage_taken":11,"max_hp_gain":0,"max_hp_loss":0,"event_name":"Winding Halls","floor":47,"gold_loss":0,"cards_obtained":["Madness","Madness"]}],"is_beta":false,"boss_relics":[{"not_picked":["Coffee Dripper","SlaversCollar"],"picked":"Calling Bell"},{"not_picked":["Empty Cage","Runic Pyramid"],"picked":"VioletLotus"}],"items_purged_floors":[20,38],"is_endless":false,"potions_floor_spawned":[2,3,6,7,8,10,13,14,16,18,22,23,24,25,27,28,30,31,33,35,36,39,40,41,45,48],"killed_by":"Time Eater","ascension_level":4}}