{"host":"8tt89ql5f7um4tav","time":1612307091,"event":{"mods":["AchievementEnabler","BaseMod","Colored Map","Googly Eyes","Minty Spire (QoL Compilation)","Permanent Neow","Quick Restart"],"gold_per_floor":[111,111,128,139,14,49,49,67,92,92,116,116,116,116],"floor_reached":13,"language":"ENG","playtime":441,"items_purged":["Strike_B"],"score":116,"play_id":"5e17ff59-5629-40d0-8fad-27b8f827d08b","local_time":"20210203000451","is_ascension_mode":true,"campfire_choices":[{"data":"Rainbow","floor":7,"key":"SMITH"},{"data":"Fusion","floor":10,"key":"SMITH"},{"data":"Defragment","floor":12,"key":"SMITH"}],"circlet_count":0,"master_deck":["Strike_B","Strike_B+1","Defend_B","Defend_B","Defend_B","Defend_B","Zap","Dualcast","Fusion+1","Melter","Rainbow+1","Zap","Leap","Gash+1","Doom and Gloom","Capacitor","Defragment+1"],"relics":["Cracked Core","Oddly Smooth Stone","Whetstone","Odd Mushroom"],"acts_visited":["Exordium"],"potions_floor_usage":[],"damage_taken":[{"damage":0.0,"enemies":"2 Louse","floor":1.0,"turns":2.0},{"damage":0.0,"enemies":"Cultist","floor":3.0,"turns":4.0},{"damage":0,"enemies":"Small Slimes","floor":4,"turns":5},{"damage":36,"enemies":"Gremlin Nob","floor":6,"turns":5},{"damage":0,"enemies":"2 Fungi Beasts","floor":8,"turns":3},{"damage":0,"enemies":"The Mushroom Lair","floor":11,"turns":4},{"damage":36,"enemies":"3 Sentries","floor":13,"turns":6}],"seed_played":"-7465650443510605475","potions_obtained":[{"floor":3.0,"key":"Strength Potion"},{"floor":4,"key":"ColorlessPotion"}],"is_trial":false,"path_per_floor":["M","?","M","M","$","E","R","M","T","R","?","R","E"],"character_chosen":"DEFECT","items_purchased":["Gash"],"campfire_rested":0,"item_purchase_floors":[5],"current_hp_per_floor":[68,68,68,68,68,32,32,32,32,32,32,32,0,0],"gold":116,"neow_bonus":"REMOVE_CARD","is_daily":false,"chose_seed":false,"campfire_upgraded":3,"win_rate":0.0,"timestamp":1612307091,"path_taken":["M","?","M","?","$","E","R","M","T","R","?","R","E"],"items_purchased_type":["Card"],"build_version":"2020-12-22","purchased_purges":1,"victory":false,"max_hp_per_floor":[75,75,75,75,75,75,75,75,75,75,75,75,75,75],"card_choices":[{"not_picked":["Beam Cell","Melter"],"picked":"Fusion","floor":1.0},{"not_picked":["Beam Cell","Fusion"],"picked":"Melter","floor":1.0},{"not_picked":["Turbo","Rebound"],"picked":"Leap","floor":3.0},{"not_picked":["Hologram","Sweeping Beam","Beam Cell"],"picked":"SKIP","floor":4},{"not_picked":["Steam","Double Energy"],"picked":"Doom and Gloom","floor":6},{"not_picked":["Steam Power","Force Field"],"picked":"Capacitor","floor":8},{"not_picked":["Fusion","Static Discharge"],"picked":"Defragment","floor":11}],"player_experience":945134,"relics_obtained":[{"floor":6,"key":"Oddly Smooth Stone"},{"floor":9,"key":"Whetstone"},{"floor":11,"key":"Odd Mushroom"}],"event_choices":[{"damage_healed":0.0,"max_hp_gain":0.0,"max_hp_loss":0.0,"gold_gain":0.0,"event_name":"Match and Keep!","player_choice":"2 cards matched","floor":2.0,"gold_loss":0.0,"damage_taken":0.0,"cards_obtained":["Rainbow","Zap"]},{"damage_healed":0,"gold_gain":0,"player_choice":"Fought Mushrooms","damage_taken":0,"max_hp_gain":0,"max_hp_loss":0,"event_name":"Mushrooms","floor":11,"gold_loss":0}],"is_beta":false,"boss_relics":[],"items_purged_floors":[5],"is_endless":false,"potions_floor_spawned":[3,4],"killed_by":"3 Sentries","ascension_level":8}}