{"host":"n8m0so6y44v0klfv","time":1612283425,"event":{"mods":["BaseMod","Colored Map","Downfall","Minty Spire (QoL Compilation)","StSLib"],"gold_per_floor":[99,119,66,66,76,109,109,19,19,19,47,47,67,67,81,178,178,178,190,190,205,219,119,119,136,150,150,150,150,150],"floor_reached":28,"language":"ENG","playtime":1198,"items_purged":["downfall:Malfunctioning"],"score":251,"play_id":"c1cbd7e8-fefa-4d3f-a52e-dc474b6d62dd","local_time":"20210202113025","is_ascension_mode":true,"campfire_choices":[{"data":"bronze:Replicate","floor":1,"key":"SMITH"},{"floor":9,"key":"REST"},{"floor":12,"key":"REST"},{"floor":18,"key":"RECALL"},{"data":"bronze:Overload","floor":23,"key":"SMITH"}],"circlet_count":0,"master_deck":["bronze:Strike+1","bronze:Strike","bronze:Defend","bronze:Defend","bronze:Defend+1","bronze:Defend","bronze:Replicate+1","bronze:Goto","bronze:FineTuning+1","bronze:CleanCode","bronze:DigitalCarnage","bronze:ChosenStrike","bronze:Philosophize","bronze:WhirlingStrike","bronze:Overload+1","bronze:Deprecate","bronze:Terminator","bronze:ForceShield","bronze:InfiniteLoop","bronze:Optimize","bronze:Constructor+1","bronze:Flail","bronze:ClassDefault","bronze:ChildClass+1"],"relics":["bronze:BronzeCore","Anchor","Darkstone Periapt","Oddly Smooth Stone","Velvet Choker","downfall:HeartBlessingRed"],"acts_visited":["Exordium","TheCity"],"potions_floor_usage":[11,20],"damage_taken":[{"damage":2,"enemies":"Jaw Worm","floor":2,"turns":3},{"damage":0,"enemies":"downfall:FleeingMerchant","floor":3,"turns":4},{"damage":0,"enemies":"Small Slimes","floor":5,"turns":2},{"damage":20,"enemies":"Lagavulin","floor":6,"turns":6},{"damage":10,"enemies":"downfall:FleeingMerchant","floor":8,"turns":4},{"damage":33,"enemies":"Gremlin Nob","floor":11,"turns":4},{"damage":0,"enemies":"2 Louse","floor":13,"turns":2},{"damage":0,"enemies":"Lots of Slimes","floor":15,"turns":2},{"damage":20,"enemies":"IC_STATUS_ARCHETYPE","floor":16,"turns":6},{"damage":0,"enemies":"Spheric Guardian","floor":19,"turns":2},{"damage":5,"enemies":"3 Byrds","floor":21,"turns":4},{"damage":28,"enemies":"Snecko","floor":22,"turns":4},{"damage":0,"enemies":"Cultist and Chosen","floor":25,"turns":3},{"damage":0,"enemies":"Centurion and Healer","floor":26,"turns":4},{"damage":44,"enemies":"Slavers","floor":28,"turns":3}],"seed_played":"514972769878730348","potions_obtained":[{"floor":5,"key":"hexamod:SoulburnPotion"},{"floor":6,"key":"bronze:FreeFunctionsPotion"},{"floor":11,"key":"SteroidPotion"},{"floor":20,"key":"Fruit Juice"},{"floor":20,"key":"DuplicationPotion"},{"floor":26,"key":"LiquidMemories"}],"is_trial":false,"path_per_floor":["R","M","$","?","M","E","T","$","R","?","E","R","M","?","M","B",null,"R","M","?","M","M","R","T","M","M","?","E"],"character_chosen":"THE_AUTOMATON","items_purchased":["bronze:DigitalCarnage"],"campfire_rested":2,"item_purchase_floors":[3],"current_hp_per_floor":[70,68,68,68,68,48,48,38,59,59,26,47,47,47,47,27,70,70,70,75,70,42,42,42,42,42,42,0,0,0],"gold":150,"neow_bonus":"REMOVE_CARD","is_daily":false,"chose_seed":false,"campfire_upgraded":2,"win_rate":0.0,"timestamp":1612283425,"path_taken":["R","M","$","?","M","E","T","$","R","?","E","R","M","?","M","BOSS","R","M","?","M","?","R","T","M","M","?","E"],"items_purchased_type":["Card"],"build_version":"2020-12-22","purchased_purges":1,"victory":false,"max_hp_per_floor":[70,70,70,70,70,70,70,70,70,70,70,70,70,70,70,70,70,70,70,75,75,75,75,75,75,75,75,75,75,75],"card_choices":[{"not_picked":["bronze:Overheat","bronze:Turbo"],"picked":"bronze:FineTuning","floor":2},{"not_picked":["bronze:Overheat","bronze:Frontload"],"picked":"bronze:CleanCode","floor":3},{"not_picked":["bronze:Constructor","bronze:BuggyMess"],"picked":"bronze:ChosenStrike","floor":5},{"not_picked":["bronze:GetLatest","bronze:BuggyMess"],"picked":"bronze:Philosophize","floor":6},{"not_picked":["bronze:Frontload","bronze:DelayedGuard"],"picked":"bronze:WhirlingStrike","floor":8},{"not_picked":["bronze:OilSpill","bronze:Branch"],"picked":"bronze:Overload","floor":11},{"not_picked":["bronze:ChosenStrike","bronze:DelayedSlice"],"picked":"bronze:Deprecate","floor":13},{"not_picked":["bronze:BuggyMess","bronze:DelayedGuard"],"picked":"bronze:ForceShield","floor":15},{"not_picked":["bronze:Break","bronze:HardenedForm"],"picked":"bronze:InfiniteLoop","floor":16},{"not_picked":["bronze:Frontload","bronze:OilSpill"],"picked":"bronze:Optimize","floor":19},{"not_picked":["bronze:Frontload+1","bronze:BuggyMess+1"],"picked":"bronze:Constructor+1","floor":21},{"not_picked":["bronze:Invalidate","bronze:Optimize"],"picked":"bronze:Flail","floor":22},{"not_picked":["bronze:BitShift","bronze:DelayedSlice"],"picked":"bronze:ClassDefault","floor":25},{"not_picked":["bronze:GetLatest","bronze:Repulsor"],"picked":"bronze:ChildClass+1","floor":26}],"player_experience":526255,"relics_obtained":[{"floor":6,"key":"Anchor"},{"floor":7,"key":"Darkstone Periapt"},{"floor":11,"key":"Oddly Smooth Stone"}],"event_choices":[{"damage_healed":0,"gold_gain":0,"player_choice":"Got Potions","damage_taken":0,"max_hp_gain":0,"max_hp_loss":0,"event_name":"Lab","floor":20,"gold_loss":0}],"is_beta":false,"boss_relics":[{"not_picked":["Runic Dome","Sozu"],"picked":"Velvet Choker"}],"items_purged_floors":[8],"is_endless":false,"potions_floor_spawned":[5,6,11,25,26],"killed_by":"Slavers","ascension_level":2}}