{"host":"d61fcf2p3sjwe6yo","time":1612274514,"event":{"mods":["AchievementEnabler","BaseMod","Colored Map","Downfall","Minty Spire (QoL Compilation)","StSLib","SuperFastMode"],"gold_per_floor":[99,119,137,152,302,332,332,366,383,414,414,70,70,70,88,164,164,64,84,100,181,198,98,121,21,49,69,103,127,170,170,194,194,194,194],"floor_reached":33,"language":"ENG","playtime":1927,"items_purged":["downfall:Icky"],"score":510,"play_id":"d4b63b7d-6227-4bd7-906b-bb64a9c5792f","local_time":"20210202170154","is_ascension_mode":true,"campfire_choices":[{"data":"hexamod:Float","floor":1.0,"key":"SMITH"},{"floor":13.0,"key":"REST"},{"floor":18,"key":"RECALL"},{"data":"hexamod:PowerFromBeyond","floor":23,"key":"SMITH"},{"data":"hexamod:TimeOfNeed","floor":25,"key":"SMITH"}],"circlet_count":0,"master_deck":["AscendersBane","hexamod:Strike","hexamod:Strike","hexamod:Strike","hexamod:Defend","hexamod:Defend","hexamod:Defend","hexamod:Defend","hexamod:Sear","hexamod:Float+1","hexamod:RainOfEmbers","hexamod:PowerFromBeyond+1","hexamod:ThermalTransfer+1","hexamod:SuperheatedStrike+1","hexamod:TimeOfNeed+1","hexamod:ShieldOfDarkness","hexamod:SearingWound","hexamod:SuperheatedStrike+1","hexamod:Incineration+1","hexamod:RecurringNightmare","hexamod:PhantomCloak+1","hexamod:GhostflameBarrier","hexamod:FlamesFromBeyond","hexamod:PowerFromBeyond+1"],"relics":["hexamod:SpiritBrand","hexamod:SoulConsumer","Tiny Chest","Molten Egg 2","Art of War","Turnip","HornCleat","hexamod:IceCube","downfall:HeartBlessingGreen","downfall:HeartBlessingRed","CeramicFish","downfall:HeartBlessingBlue","White Beast Statue","Pen Nib"],"acts_visited":["Exordium","TheCity"],"potions_floor_usage":[16,16,28,33,33],"damage_taken":[{"damage":8.0,"enemies":"2 Louse","floor":2.0,"turns":3.0},{"damage":0.0,"enemies":"Small Slimes","floor":3.0,"turns":3.0},{"damage":7.0,"enemies":"Jaw Worm","floor":4.0,"turns":3.0},{"damage":3.0,"enemies":"Gremlin Nob","floor":6.0,"turns":3.0},{"damage":30.0,"enemies":"3 Sentries","floor":8.0,"turns":9.0},{"damage":8.0,"enemies":"3 Louse","floor":9.0,"turns":3.0},{"damage":2.0,"enemies":"Gremlin Nob","floor":10.0,"turns":3.0},{"damage":0.0,"enemies":"downfall:FleeingMerchant","floor":12.0,"turns":4.0},{"damage":1,"enemies":"Red Slaver","floor":15,"turns":3},{"damage":7,"enemies":"IC_STATUS_ARCHETYPE","floor":16,"turns":9},{"damage":0,"enemies":"Shell Parasite","floor":19,"turns":4},{"damage":1,"enemies":"Spheric Guardian","floor":20,"turns":5},{"damage":8,"enemies":"Snecko","floor":22,"turns":4},{"damage":21,"enemies":"Centurion and Healer","floor":26,"turns":5},{"damage":0,"enemies":"Cultist and Chosen","floor":27,"turns":4},{"damage":28,"enemies":"Gremlin Leader","floor":28,"turns":9},{"damage":0,"enemies":"Snake Plant","floor":29,"turns":4},{"damage":12,"enemies":"Book of Stabbing","floor":30,"turns":6},{"damage":26,"enemies":"Shelled Parasite and Fungi","floor":32,"turns":4},{"damage":25,"enemies":"SI_MIRROR_ARCHETYPE","floor":33,"turns":4}],"seed_played":"3848335614945782716","potions_obtained":[{"floor":2.0,"key":"Fire Potion"},{"floor":6.0,"key":"sneckomod:MuddlingPotion"},{"floor":8.0,"key":"Weak Potion"},{"floor":9.0,"key":"Dexterity Potion"},{"floor":15,"key":"SneckoOil"},{"floor":16,"key":"FairyPotion"},{"floor":20,"key":"LiquidBronze"},{"floor":26,"key":"Explosive Potion"},{"floor":29,"key":"Ancient Potion"},{"floor":30,"key":"GamblersBrew"},{"floor":32,"key":"hexamod:InfernoChargePotion"}],"is_trial":false,"path_per_floor":["R","M","M","M","?","E","T","E","M","E","?","$","R","?","M","B",null,"R","M","M","T","M","R","T","R","M","M","E","M","E","?","M","B"],"character_chosen":"THE_SPIRIT","items_purchased":["HornCleat"],"campfire_rested":1,"item_purchase_floors":[12],"current_hp_per_floor":[63,59,63,60,60,61,61,35,31,33,33,37,55,55,58,55,61,61,63,63,63,59,59,59,69,52,56,32,32,24,24,25,0,0,0],"gold":194,"neow_bonus":"ONE_RARE_RELIC","is_daily":false,"chose_seed":false,"campfire_upgraded":3,"win_rate":0.0,"timestamp":1612274514,"path_taken":["R","M","M","M","?","E","T","E","M","E","?","?","R","?","M","BOSS","R","M","M","?","M","R","T","R","M","M","E","M","E","?","M","BOSS"],"items_purchased_type":["Relic"],"build_version":"2020-12-22","purchased_purges":1,"victory":false,"max_hp_per_floor":[63,63,63,63,63,63,63,63,63,63,63,63,63,63,63,63,63,63,63,63,63,63,63,63,73,73,73,73,73,73,73,73,73,73,73],"card_choices":[{"not_picked":["hexamod:Rewind","hexamod:InspiringFlames","hexamod:Firestarter"],"picked":"SKIP","floor":2.0},{"not_picked":["hexamod:SecondSeal","hexamod:BacktrackSmack","hexamod:Again"],"picked":"SKIP","floor":3.0},{"not_picked":["hexamod:ThirdSeal","hexamod:SuperheatedStrike"],"picked":"hexamod:RainOfEmbers","floor":4.0},{"not_picked":["hexamod:HexaLevel","hexamod:FastForward"],"picked":"hexamod:PowerFromBeyond","floor":6.0},{"not_picked":["hexamod:SwordOfDarkness+1","hexamod:GhostLash+1"],"picked":"hexamod:ThermalTransfer+1","floor":8.0},{"not_picked":["hexamod:Firestarter+1","hexamod:GhostShield"],"picked":"hexamod:SuperheatedStrike+1","floor":9.0},{"not_picked":["hexamod:CatchUp","hexamod:GhostShield","hexamod:NightmareStrike+1"],"picked":"SKIP","floor":10.0},{"not_picked":["hexamod:Firestarter+1","hexamod:SpectersWail+1"],"picked":"hexamod:TimeOfNeed","floor":12.0},{"not_picked":["hexamod:SwordOfDarkness+1","hexamod:NightmareStrike+1"],"picked":"hexamod:ShieldOfDarkness","floor":15},{"not_picked":["hexamod:ApocalypticArmor","hexamod:UnlimitedPower"],"picked":"hexamod:SearingWound","floor":16},{"not_picked":["hexamod:GhostShield","hexamod:AdvancingGuard"],"picked":"hexamod:SuperheatedStrike+1","floor":19},{"not_picked":["hexamod:InspiringFlames","hexamod:Rewind","hexamod:SuperheatedStrike+1"],"picked":"SKIP","floor":20},{"not_picked":["hexamod:PowerFromBeyond","hexamod:GhostShield"],"picked":"hexamod:Incineration+1","floor":22},{"not_picked":["hexamod:StepThrough+1","hexamod:SwordOfDarkness+1"],"picked":"hexamod:RecurringNightmare","floor":26},{"not_picked":["hexamod:HauntingEcho+1","hexamod:SuperheatedStrike+1","hexamod:SpectersWail+1"],"picked":"SKIP","floor":27},{"not_picked":["hexamod:SpectersWail+1","hexamod:GhostOfSpireFuture"],"picked":"hexamod:PhantomCloak+1","floor":28},{"not_picked":["hexamod:SpectralAdrenaline","hexamod:SkipABeat"],"picked":"hexamod:GhostflameBarrier","floor":29},{"not_picked":["hexamod:HauntingEcho+1","hexamod:FastForward"],"picked":"hexamod:FlamesFromBeyond","floor":30},{"not_picked":["hexamod:NightmareGuise","hexamod:NightmareStrike+1"],"picked":"hexamod:PowerFromBeyond+1","floor":32}],"player_experience":761944,"relics_obtained":[{"floor":6.0,"key":"Tiny Chest"},{"floor":7.0,"key":"Molten Egg 2"},{"floor":8.0,"key":"Art of War"},{"floor":10.0,"key":"Turnip"},{"floor":24,"key":"CeramicFish"},{"floor":28,"key":"White Beast Statue"},{"floor":30,"key":"Pen Nib"}],"event_choices":[{"cards_removed":["hexamod:Strike"],"damage_healed":0.0,"max_hp_gain":0.0,"max_hp_loss":0.0,"gold_gain":0.0,"event_name":"Bonfire Elementals","player_choice":"Offered Basic","floor":14.0,"gold_loss":0.0,"damage_taken":0.0}],"is_beta":false,"boss_relics":[{"not_picked":["bronze:MakeshiftBattery","Runic Pyramid"],"picked":"hexamod:IceCube"}],"items_purged_floors":[12],"is_endless":false,"potions_floor_spawned":[2,6,8,9,15,16,20,22,26,29,30,32],"killed_by":"SI_MIRROR_ARCHETYPE","ascension_level":13}}