{"host":"zrwwt1jjq0fpdjej","time":1612240729,"event":{"mods":["AchievementEnabler","BaseMod","Colored Map","Minty Spire (QoL Compilation)","StSLib","SuperFastMode"],"gold_per_floor":[119,69,88,88,107,134,134,161,207,26,89,101,125,149,161,173,173],"floor_reached":16,"language":"KOR","playtime":749,"items_purged":[],"score":165,"play_id":"9324193c-fdaf-44d6-9eee-bcffaf235721","local_time":"20210202133849","is_ascension_mode":true,"campfire_choices":[{"data":"Entrench","floor":7.0,"key":"SMITH"},{"floor":15.0,"key":"REST"}],"circlet_count":0,"master_deck":["AscendersBane","Strike_R","Strike_R","Strike_R","Defend_R","Defend_R+1","Defend_R+1","Defend_R","Bash","Armaments","Entrench+1","Fiend Fire","Battle Trance","Heavy Blade","Entrench","Whirlwind","Flame Barrier","Immolate","Body Slam"],"relics":["Burning Blood","NeowsBlessing","Shuriken","War Paint","Blood Vial","Dream Catcher","MawBank"],"acts_visited":["Exordium"],"potions_floor_usage":[],"damage_taken":[{"damage":0.0,"enemies":"2 Louse","floor":1.0,"turns":1.0},{"damage":0.0,"enemies":"Jaw Worm","floor":3.0,"turns":1.0},{"damage":0.0,"enemies":"Cultist","floor":5.0,"turns":1.0},{"damage":48.0,"enemies":"Lagavulin","floor":6.0,"turns":10.0},{"damage":25.0,"enemies":"Gremlin Nob","floor":8.0,"turns":4.0},{"damage":0.0,"enemies":"Lagavulin Event","floor":11.0,"turns":12.0},{"damage":11.0,"enemies":"Looter","floor":13.0,"turns":3.0},{"damage":0.0,"enemies":"Exordium Wildlife","floor":14.0,"turns":3.0},{"damage":49,"enemies":"Hexaghost","floor":16,"turns":10}],"seed_played":"-4773761831058045750","potions_obtained":[{"floor":6.0,"key":"PowerPotion"},{"floor":8.0,"key":"Weak Potion"},{"floor":11.0,"key":"ElixirPotion"}],"is_trial":false,"path_per_floor":["M","?","M","?","M","E","R","E","T","$","?","$","M","M","R","B"],"character_chosen":"IRONCLAD","items_purchased":["Dream Catcher","Whirlwind"],"campfire_rested":1,"item_purchase_floors":[10,10],"current_hp_per_floor":[78,78,80,80,80,38,38,19,19,19,27,27,24,32,56,9,9],"gold":173,"neow_bonus":"THREE_ENEMY_KILL","is_daily":false,"chose_seed":false,"campfire_upgraded":1,"win_rate":0.0,"timestamp":1612240729,"path_taken":["M","?","M","?","?","E","R","E","T","$","?","?","M","M","R","BOSS"],"items_purchased_type":["Relic","Card"],"build_version":"2020-12-22","purchased_purges":0,"victory":false,"max_hp_per_floor":[80,80,80,80,80,80,80,80,80,80,80,80,80,80,80,80,80],"card_choices":[{"not_picked":["Pommel Strike","Reckless Charge"],"picked":"Armaments","floor":1.0},{"not_picked":["Blood for Blood","Seeing Red"],"picked":"Entrench","floor":3.0},{"not_picked":["Dropkick","Clothesline"],"picked":"Battle Trance","floor":5.0},{"not_picked":["Shrug It Off","Fiend Fire"],"picked":"Heavy Blade","floor":6.0},{"not_picked":["Metallicize","Twin Strike"],"picked":"Entrench","floor":8.0},{"not_picked":["Spot Weakness","Burning Pact"],"picked":"Flame Barrier","floor":11.0},{"not_picked":["Anger","Headbutt","Pommel Strike"],"picked":"SKIP","floor":13.0},{"not_picked":["Clash","Second Wind"],"picked":"Immolate","floor":14.0},{"not_picked":["True Grit","Spot Weakness"],"picked":"Body Slam","floor":15.0}],"player_experience":250459,"relics_obtained":[{"floor":6.0,"key":"Shuriken"},{"floor":8.0,"key":"War Paint"},{"floor":9.0,"key":"Blood Vial"},{"floor":11.0,"key":"MawBank"}],"event_choices":[{"cards_removed":["Strike_R"],"damage_healed":0.0,"max_hp_gain":0.0,"max_hp_loss":0.0,"gold_gain":0.0,"event_name":"The Cleric","player_choice":"Card Removal","floor":2.0,"gold_loss":50.0,"damage_taken":0.0},{"damage_healed":0.0,"max_hp_gain":0.0,"max_hp_loss":0.0,"gold_gain":0.0,"cards_transformed":["Strike_R"],"event_name":"Transmorgrifier","player_choice":"Transformed","floor":4.0,"gold_loss":0.0,"damage_taken":0.0,"cards_obtained":["Fiend Fire"]},{"damage_healed":0.0,"max_hp_gain":0.0,"max_hp_loss":0.0,"gold_gain":30.0,"event_name":"Dead Adventurer","player_choice":"Searched \u00272\u0027 times","floor":11.0,"gold_loss":0.0,"damage_taken":0.0}],"is_beta":false,"boss_relics":[],"items_purged_floors":[],"is_endless":false,"potions_floor_spawned":[6,8,11],"killed_by":"Hexaghost","ascension_level":10}}