{"host":"pec1bvkeldr5yzx1","time":1612282020,"event":{"mods":["ATMod(°¢èªMod)","AchievementEnabler","Act Like it!","Aspiration","BaseMod","Better Altar","Better Match","Better Sensory Stone","Better Skull","Better Vampires","BetterRewards","Conspire","Dota2Spire","Energized Spire","Friendly Minions","GifTheSpireLib","Hubris","Minty Spire (QoL Compilation)","Replay The Spire","Spicy Shops","StSLib","Stuff the Spire","SuperFastMode","óô»ðÖ¸ÄÏ"],"gold_per_floor":[111,121,121,140,159,186,186,215,215,230,63,94,94,132,132,227,227,237,6,6,6,6,36,36,49,122,153,153,68,68,86,86,86,86],"floor_reached":33,"language":"ZHS","playtime":991,"items_purged":["hubris:Despair"],"score":443,"play_id":"00b4b989-5095-4bb5-ac70-dd0be270f547","local_time":"20210203000700","is_ascension_mode":true,"campfire_choices":[{"floor":7.0,"key":"REST"},{"floor":13.0,"key":"REST"},{"data":"Loop","floor":15.0,"key":"SMITH"},{"floor":30,"key":"RECALL"}],"circlet_count":0,"master_deck":["Strike_B","Strike_B","Strike_B","Strike_B","Defend_B","Defend_B","Defend_B","Defend_B","Zap","Dualcast","FIFO Queue","FIFO Queue","Sunder","Sweeping Beam","Turbo","Loop+1","Redo","Beam Cell","Ball Lightning","Conserve Battery","Ball Lightning","HandOfGreed","Redo","Time Bomb","Rainbow+1","Leap","Creative AI+1","Double Energy","Heatsinks","Recycle","Delirium","Reprogram"],"relics":["Cracked Core","AT_ATBox","FossilizedHelix","PreservedInsect","aspiration:HummingbirdHeart","Pantograph","Bag of Preparation","ReplayTheSpireMod:Lightbulb","ReplayTheSpireMod:TigerMarble","aspiration:EnhancedActuators","Carrot","Dota2Spire:Butterfly","aspiration:Stellarator","ReplayTheSpireMod:CursedCoin","Guide Book","MutagenicStrength","Shuriken","hubris:RGBLights","Ring of Hypnosis","Ring of Fury","StuffTheSpire:OldFever"],"acts_visited":["Exordium","TheCity"],"potions_floor_usage":[33],"damage_taken":[{"damage":0.0,"enemies":"Small Slimes","floor":1.0,"turns":3.0},{"damage":0.0,"enemies":"Cultist","floor":2.0,"turns":3.0},{"damage":0.0,"enemies":"2 Louse","floor":4.0,"turns":2.0},{"damage":4.0,"enemies":"Large Slime","floor":5.0,"turns":4.0},{"damage":0.0,"enemies":"Lagavulin","floor":6.0,"turns":3.0},{"damage":0.0,"enemies":"3 Sentries","floor":8.0,"turns":4.0},{"damage":0.0,"enemies":"Blue Slaver","floor":10.0,"turns":2.0},{"damage":0.0,"enemies":"Gremlin Nob","floor":12.0,"turns":2.0},{"damage":6.0,"enemies":"Gremlin Gang","floor":14.0,"turns":3.0},{"damage":25.0,"enemies":"The Guardian","floor":16.0,"turns":7.0},{"damage":0.0,"enemies":"Chosen","floor":18.0,"turns":3.0},{"damage":23.0,"enemies":"Book of Stabbing","floor":23.0,"turns":4.0},{"damage":5.0,"enemies":"2 Thieves","floor":25.0,"turns":3.0},{"damage":0,"enemies":"Replay:Snechameleon","floor":27,"turns":4},{"damage":11,"enemies":"Sentry and Sphere","floor":31,"turns":4},{"damage":72,"enemies":"Pondfish","floor":33,"turns":7}],"seed_played":"6038631430949388418","potions_obtained":[{"floor":4.0,"key":"Dota2Spire:Clarity"},{"floor":5.0,"key":"SkillPotion"},{"floor":12.0,"key":"Explosive Potion"},{"floor":16.0,"key":"conspire:TimeTravelPotion"}],"is_trial":false,"path_per_floor":["M","M","?","M","M","E","R","E","T","M","$","E","R","M","R","B",null,"M","$","?","?","?","E","$","M","T","E","?","?","R","M","R","B"],"character_chosen":"DEFECT","items_purchased":["FossilizedHelix","PreservedInsect","aspiration:HummingbirdHeart","Pantograph","FIFO Queue","Sunder","Sweeping Beam","HandOfGreed","ReplayTheSpireMod:CursedCoin","Creative AI","Guide Book"],"campfire_rested":2,"item_purchase_floors":[0,0,0,0,0,0,0,11,19,19,19],"current_hp_per_floor":[40,40,9,9,5,5,27,27,27,27,27,27,49,43,43,43,75,75,75,75,75,75,52,52,47,47,47,47,47,47,40,40,0,0],"gold":86,"neow_bonus":"","is_daily":false,"chose_seed":false,"campfire_upgraded":1,"win_rate":0.0,"timestamp":1612282020,"path_taken":["M","M","?","M","M","E","R","E","T","M","$","E","R","M","R","BOSS","M","$","?","?","?","E","?","?","T","E","?","?","R","M","R","BOSS"],"items_purchased_type":["Relic","Relic","Relic","Relic","Card","Card","Card","Card","Relic","Card","Relic"],"build_version":"2020-12-22","purchased_purges":1,"victory":false,"max_hp_per_floor":[75,75,75,75,75,75,75,75,75,75,75,75,75,75,75,75,75,75,75,75,75,75,75,75,75,75,75,75,75,75,75,75,75,75],"card_choices":[{"not_picked":["Conserve Battery","Redo"],"picked":"Turbo","floor":1.0},{"not_picked":["hubris:Ukulele","Streamline"],"picked":"Loop","floor":2.0},{"not_picked":["Steam Power","StuffTheSpire:Coldhearted"],"picked":"Redo","floor":4.0},{"not_picked":["BasicCrystalCard","Reprogram"],"picked":"Beam Cell","floor":5.0},{"not_picked":["Streamline","ReplayTheSpireMod:Dual Polarity"],"picked":"Ball Lightning","floor":6.0},{"not_picked":["BasicCrystalCard","Barrage"],"picked":"Conserve Battery","floor":8.0},{"not_picked":["Gash","Streamline"],"picked":"Ball Lightning","floor":10.0},{"not_picked":["Rebound","Steam Power"],"picked":"Redo","floor":12.0},{"not_picked":["Barrage","Ball Lightning"],"picked":"Time Bomb","floor":14.0},{"not_picked":["Buffer","Reboot"],"picked":"Rainbow","floor":16.0},{"not_picked":["Streamline","Sunder+1"],"picked":"Leap","floor":18.0},{"not_picked":["Beam Cell+1","Consume"],"picked":"Double Energy","floor":23.0},{"not_picked":["Chaos+1","conspire:Rain"],"picked":"Heatsinks","floor":25.0},{"not_picked":["Hyperbeam","Conserve Battery"],"picked":"Recycle","floor":27},{"not_picked":["Stack","AT_WarpDrive+1"],"picked":"Redo","floor":31}],"player_experience":125565,"relics_obtained":[{"floor":6.0,"key":"ReplayTheSpireMod:TigerMarble"},{"floor":8.0,"key":"aspiration:EnhancedActuators"},{"floor":9.0,"key":"Carrot"},{"floor":12.0,"key":"Dota2Spire:Butterfly"},{"floor":23.0,"key":"Shuriken"},{"floor":27,"key":"hubris:RGBLights"},{"floor":28,"key":"Ring of Hypnosis"},{"floor":28,"key":"Ring of Fury"}],"event_choices":[{"damage_healed":0.0,"max_hp_gain":0.0,"max_hp_loss":0.0,"gold_gain":0.0,"event_name":"betterSkull:BetterSkull","player_choice":"RE RE ","floor":3.0,"gold_loss":0.0,"damage_taken":35.0,"cards_upgraded":[],"relics_obtained":["Bag of Preparation","ReplayTheSpireMod:Lightbulb"]},{"damage_healed":0.0,"max_hp_gain":0.0,"max_hp_loss":0.0,"gold_gain":0.0,"event_name":"conspire:Investor","player_choice":"Leave","floor":21.0,"gold_loss":0.0,"damage_taken":0.0},{"damage_healed":0.0,"max_hp_gain":0.0,"max_hp_loss":0.0,"gold_gain":0.0,"event_name":"Drug Dealer","player_choice":"Inject Mutagens","floor":22.0,"gold_loss":0.0,"damage_taken":0.0,"relics_obtained":["MutagenicStrength"]},{"damage_healed":0,"gold_gain":0,"player_choice":"Obtained Relic","damage_taken":0,"relics_obtained":["StuffTheSpire:OldFever"],"max_hp_gain":0,"max_hp_loss":0,"event_name":"Addict","floor":29,"gold_loss":85}],"is_beta":false,"boss_relics":[{"not_picked":["Honey Jar","hubris:BlackHole"],"picked":"aspiration:Stellarator"}],"items_purged_floors":[19],"is_endless":false,"potions_floor_spawned":[4,5,12,16,23,25,27],"killed_by":"Pondfish","ascension_level":2}}