{"host":"0k696jvpnlqjk4gh","time":1612301214,"event":{"mods":["AchievementEnabler","BaseMod","Colored Map","Colored Powertips","Minty Spire (QoL Compilation)","Quick Restart"],"gold_per_floor":[116,291,291,241,261,287,311,311,311,311,343,357,357,367,367,464,464,478,478,478,393,411,411,427,447,447,472,472,432,432,457,457,562,562,580,580,580,606,617,617,80,80,80,115,125,144,144,156,156,156,156,156,84,84,84],"floor_reached":54,"language":"ENG","playtime":2091,"items_purged":[],"score":820,"play_id":"cfdc06c6-6a7c-4029-a097-f0d34adc2079","local_time":"20210202212654","is_ascension_mode":true,"campfire_choices":[{"floor":8,"key":"RECALL"},{"data":"Storm","floor":13,"key":"SMITH"},{"data":"Static Discharge","floor":15,"key":"SMITH"},{"data":"Creative AI","floor":23,"key":"SMITH"},{"floor":28,"key":"REST"},{"floor":30,"key":"REST"},{"floor":32,"key":"REST"},{"floor":40,"key":"REST"},{"data":"Zap","floor":42,"key":"SMITH"},{"data":"Consume","floor":49,"key":"SMITH"},{"data":"Darkness","floor":52,"key":"SMITH"}],"circlet_count":0,"master_deck":["Strike_B","Strike_B","Defend_B","Defend_B","Zap+1","Dualcast","Storm+1","Conserve Battery","Coolheaded","Genetic Algorithm","Static Discharge+1","Darkness+1","Creative AI+1","Hello World+1","Conserve Battery+1","Barrage+1","Glacier","Hello World+1","Self Repair+1","Blind","Consume+1","Normality","Parasite","Defragment+1"],"relics":["Cracked Core","NeowsBlessing","Boot","Tiny Chest","Blood Vial","Mummified Hand","Peace Pipe","Astrolabe","Ginger","Pocketwatch","Frozen Egg 2","Omamori","TungstenRod","Cursed Key","Lantern","ClockworkSouvenir","Happy Flower","Bronze Scales","Blue Candle","Mercury Hourglass"],"acts_visited":["Exordium","TheCity","TheBeyond","TheEnding"],"potions_floor_usage":[11,11,24,31,39,44,44,44,44,44,50],"damage_taken":[{"damage":0,"enemies":"Cultist","floor":1,"turns":1},{"damage":0,"enemies":"Small Slimes","floor":5,"turns":1},{"damage":0,"enemies":"Gremlin Nob","floor":6,"turns":1},{"damage":7,"enemies":"3 Sentries","floor":11,"turns":11},{"damage":2,"enemies":"2 Louse","floor":12,"turns":3},{"damage":10,"enemies":"2 Fungi Beasts","floor":14,"turns":4},{"damage":57,"enemies":"Slime Boss","floor":16,"turns":10},{"damage":13,"enemies":"Spheric Guardian","floor":18,"turns":3},{"damage":14,"enemies":"Chosen","floor":22,"turns":4},{"damage":31,"enemies":"3 Cultists","floor":24,"turns":4},{"damage":0,"enemies":"Cultist and Chosen","floor":25,"turns":5},{"damage":35,"enemies":"Slavers","floor":31,"turns":5},{"damage":28,"enemies":"Collector","floor":33,"turns":9},{"damage":18,"enemies":"3 Shapes","floor":35,"turns":4},{"damage":15,"enemies":"3 Darklings","floor":39,"turns":6},{"damage":9,"enemies":"Reptomancer","floor":44,"turns":6},{"damage":0,"enemies":"4 Shapes","floor":45,"turns":6},{"damage":6,"enemies":"Spire Growth","floor":46,"turns":5},{"damage":22,"enemies":"Writhing Mass","floor":48,"turns":5},{"damage":33,"enemies":"Time Eater","floor":50,"turns":10},{"damage":77,"enemies":"Shield and Spear","floor":54,"turns":3}],"seed_played":"6346715076417550298","potions_obtained":[{"floor":5,"key":"AttackPotion"},{"floor":6,"key":"ColorlessPotion"},{"floor":22,"key":"Regen Potion"},{"floor":25,"key":"Regen Potion"},{"floor":33,"key":"SkillPotion"},{"floor":35,"key":"FocusPotion"},{"floor":37,"key":"EntropicBrew"},{"floor":39,"key":"FearPotion"},{"floor":48,"key":"Ancient Potion"}],"is_trial":false,"path_per_floor":["M","?","?","?","M","E","T","R","T","?","E","M","R","M","R","B",null,"M","T","?","?","M","R","M","M","T","T","R","$","R","E","R","B",null,"M","?","?","T","M","R","$","R","T","E","M","M","T","M","R","B",null,"R","$","E"],"character_chosen":"DEFECT","items_purchased":["Hello World+1","ClockworkSouvenir","Happy Flower","Bronze Scales","Blind","Defragment+1"],"campfire_rested":4,"item_purchase_floors":[29,41,41,41,41,53],"current_hp_per_floor":[75,75,75,75,75,75,75,75,75,75,68,68,68,60,60,5,75,62,62,62,62,50,50,30,32,32,32,54,54,75,49,71,45,75,57,57,57,57,44,66,66,66,66,69,75,75,75,63,63,42,75,75,75,0,0],"gold":84,"neow_bonus":"THREE_ENEMY_KILL","is_daily":false,"chose_seed":false,"campfire_upgraded":6,"win_rate":0.0,"timestamp":1612301214,"path_taken":["M","?","?","?","M","E","?","R","T","?","E","M","R","?","R","BOSS","M","?","?","?","M","R","M","?","T","?","R","?","R","E","R","BOSS","M","?","?","?","M","R","$","R","T","E","?","M","?","?","R","BOSS","R","$","E"],"items_purchased_type":["Card","Relic","Relic","Relic","Card","Card"],"build_version":"2020-12-22","purchased_purges":0,"victory":false,"max_hp_per_floor":[75,75,75,75,75,75,75,75,75,75,75,75,75,75,75,75,75,75,75,75,75,75,75,75,75,75,75,75,75,75,75,75,75,75,75,75,75,75,75,75,75,75,75,75,75,75,75,75,75,75,75,75,75,75,75],"card_choices":[{"not_picked":["Stack","Skim"],"picked":"Storm","floor":1},{"not_picked":["Rebound","Gash"],"picked":"Conserve Battery","floor":5},{"not_picked":["Consume","Steam Power"],"picked":"Coolheaded","floor":6},{"not_picked":["Conserve Battery","Thunder Strike"],"picked":"Genetic Algorithm","floor":11},{"not_picked":["Conserve Battery","Steam"],"picked":"Static Discharge","floor":12},{"not_picked":["Doom and Gloom","Go for the Eyes"],"picked":"Darkness","floor":14},{"not_picked":["Meteor Strike","Rainbow"],"picked":"Creative AI","floor":16},{"not_picked":["Streamline+1","Hologram","Chill"],"picked":"SKIP","floor":18},{"not_picked":["Redo+1","Sweeping Beam","Hologram"],"picked":"SKIP","floor":22},{"not_picked":["Rip and Tear","Cold Snap","Stack"],"picked":"SKIP","floor":24},{"not_picked":["Auto Shields+1","Gash"],"picked":"Glacier","floor":25},{"not_picked":["Turbo+1","Seek","Go for the Eyes+1"],"picked":"SKIP","floor":31},{"not_picked":["Genetic Algorithm","Compile Driver+1","Conserve Battery"],"picked":"SKIP","floor":35},{"not_picked":["Streamline","Rebound+1"],"picked":"Self Repair+1","floor":39},{"not_picked":["Conserve Battery+1","Turbo+1","Thunder Strike"],"picked":"SKIP","floor":44},{"not_picked":["Hologram","Steam Power","Reprogram"],"picked":"SKIP","floor":45},{"not_picked":["Rip and Tear+1","Darkness"],"picked":"Consume","floor":46},{"not_picked":["Redo+1","Beam Cell+1","Ball Lightning+1"],"picked":"SKIP","floor":48}],"player_experience":115916,"relics_obtained":[{"floor":6,"key":"Tiny Chest"},{"floor":7,"key":"Blood Vial"},{"floor":9,"key":"Mummified Hand"},{"floor":11,"key":"Peace Pipe"},{"floor":19,"key":"Ginger"},{"floor":26,"key":"Frozen Egg 2"},{"floor":27,"key":"Omamori"},{"floor":31,"key":"TungstenRod"},{"floor":38,"key":"Lantern"},{"floor":44,"key":"Blue Candle"},{"floor":47,"key":"Mercury Hourglass"}],"event_choices":[{"damage_healed":0,"gold_gain":175,"player_choice":"AGREE","damage_taken":0,"max_hp_gain":0,"max_hp_loss":0,"event_name":"Liars Game","floor":2,"gold_loss":0,"cards_obtained":["Doubt"]},{"damage_healed":0,"gold_gain":0,"player_choice":"Box","damage_taken":0,"relics_obtained":["Boot"],"max_hp_gain":0,"max_hp_loss":0,"event_name":"Big Fish","floor":3,"gold_loss":0,"cards_obtained":["Regret"]},{"cards_removed":["Regret"],"damage_healed":0,"gold_gain":0,"player_choice":"Card Removal","damage_taken":0,"max_hp_gain":0,"max_hp_loss":0,"event_name":"The Cleric","floor":4,"gold_loss":50},{"cards_removed":["Doubt"],"damage_healed":0,"gold_gain":0,"player_choice":"Purged","damage_taken":0,"max_hp_gain":0,"max_hp_loss":0,"event_name":"Purifier","floor":10,"gold_loss":0},{"damage_healed":0,"gold_gain":0,"player_choice":"Ignored","damage_taken":0,"max_hp_gain":0,"max_hp_loss":0,"event_name":"Ghosts","floor":20,"gold_loss":0},{"damage_healed":0,"gold_gain":0,"player_choice":"Obtained Relic","damage_taken":0,"relics_obtained":["Pocketwatch"],"max_hp_gain":0,"max_hp_loss":0,"event_name":"Addict","floor":21,"gold_loss":85},{"cards_removed":["Defend_B"],"damage_healed":0,"gold_gain":0,"player_choice":"Removed Skill","damage_taken":0,"max_hp_gain":0,"max_hp_loss":0,"event_name":"Falling","floor":36,"gold_loss":0},{"damage_healed":0,"gold_gain":0,"player_choice":"Got Potions","damage_taken":0,"max_hp_gain":0,"max_hp_loss":0,"event_name":"Lab","floor":37,"gold_loss":0}],"is_beta":false,"boss_relics":[{"not_picked":["Sozu","FrozenCore"],"picked":"Astrolabe"},{"not_picked":["SacredBark","Fusion Hammer"],"picked":"Cursed Key"}],"items_purged_floors":[],"is_endless":false,"potions_floor_spawned":[5,6,22,25,33,35,39,48],"killed_by":"Shield and Spear","ascension_level":3}}