{"host":"61y0z9o9vf3ujftj","time":1612242952,"event":{"mods":["BaseMod","Colored Map","Colored Powertips","GifTheSpireLib","HexUI Lib","Highlight Path","Minty Spire (QoL Compilation)","Relic Stats","StSLib","ojb\u0027s Info Mod"],"gold_per_floor":[19,30,45,45,63,63,90,90,90,125,137,137,17,27,27,122,122,138,138,138,156,176,203,213,246,246,277,310,310,161,161,161,259,259,269,281,300,300,51,79,93,93,93,112,123,152,162,195,195,195,195,195,17,47,47],"floor_reached":56,"language":"ENG","playtime":5344,"items_purged":["Strike_R","Strike_R","Strike_R"],"score":2102,"play_id":"4ed8df43-a929-4c18-b50c-9035e720e4af","local_time":"20210201231552","is_ascension_mode":true,"campfire_choices":[{"data":"Dark Embrace","floor":6.0,"key":"SMITH"},{"data":"Inflame","floor":12.0,"key":"SMITH"},{"data":"Fiend Fire","floor":15.0,"key":"SMITH"},{"data":"RitualDagger","floor":29.0,"key":"SMITH"},{"data":"Corruption","floor":32.0,"key":"SMITH"},{"data":"Barricade","floor":42.0,"key":"SMITH"},{"floor":49.0,"key":"RECALL"},{"data":"Feel No Pain","floor":52.0,"key":"SMITH"}],"circlet_count":0,"master_deck":["AscendersBane","Defend_R","Defend_R","Defend_R","Defend_R","Bash","Sword Boomerang","Dark Embrace+1","Feel No Pain+1","Wild Strike","True Grit+1","Inflame+1","Flame Barrier","Flex+1","Exhume+1","Warcry+1","Fiend Fire+1","Offering+1","Burning Pact+1","RitualDagger+1","Seeing Red+1","Clothesline+1","Sentinel+1","Dark Embrace+1","Battle Trance+1","Feel No Pain+1","Infernal Blade+1","Shockwave+1","Corruption+1","Barricade+1","Warcry+1","Burning Pact+1","Disarm+1","Body Slam+1","Burning Pact+1","Shrug It Off+1"],"relics":["Burning Blood","Oddly Smooth Stone","Toy Ornithopter","Toxic Egg 2","Cursed Key","Du-Vu Doll","MealTicket","WingedGreaves","Dream Catcher","Coffee Dripper","Omamori","Pocketwatch","Happy Flower","Meat on the Bone","Centennial Puzzle"],"acts_visited":["Exordium","TheCity","TheBeyond","TheEnding"],"potions_floor_usage":[55],"damage_taken":[{"damage":23.0,"enemies":"Small Slimes","floor":1.0,"turns":5.0},{"damage":7.0,"enemies":"Jaw Worm","floor":2.0,"turns":3.0},{"damage":3.0,"enemies":"Cultist","floor":3.0,"turns":4.0},{"damage":25.0,"enemies":"Lots of Slimes","floor":5.0,"turns":7.0},{"damage":29.0,"enemies":"Lagavulin","floor":7.0,"turns":8.0},{"damage":24.0,"enemies":"Gremlin Nob","floor":10.0,"turns":5.0},{"damage":8.0,"enemies":"Exordium Thugs","floor":11.0,"turns":4.0},{"damage":6.0,"enemies":"Looter","floor":14.0,"turns":4.0},{"damage":23.0,"enemies":"Slime Boss","floor":16.0,"turns":9.0},{"damage":0.0,"enemies":"Spheric Guardian","floor":18.0,"turns":2.0},{"damage":14.0,"enemies":"2 Thieves","floor":21.0,"turns":4.0},{"damage":6.0,"enemies":"Snecko","floor":22.0,"turns":2.0},{"damage":7.0,"enemies":"Book of Stabbing","floor":23.0,"turns":3.0},{"damage":0.0,"enemies":"Shelled Parasite and Fungi","floor":24.0,"turns":3.0},{"damage":6.0,"enemies":"Slavers","floor":25.0,"turns":2.0},{"damage":14.0,"enemies":"Book of Stabbing","floor":27.0,"turns":4.0},{"damage":36.0,"enemies":"Slavers","floor":28.0,"turns":3.0},{"damage":26.0,"enemies":"Champ","floor":33.0,"turns":11.0},{"damage":0.0,"enemies":"3 Shapes","floor":35.0,"turns":4.0},{"damage":0.0,"enemies":"Orb Walker","floor":36.0,"turns":2.0},{"damage":6.0,"enemies":"Jaw Worm Horde","floor":37.0,"turns":3.0},{"damage":0.0,"enemies":"Nemesis","floor":40.0,"turns":3.0},{"damage":6.0,"enemies":"Sphere and 2 Shapes","floor":41.0,"turns":2.0},{"damage":0.0,"enemies":"4 Shapes","floor":44.0,"turns":3.0},{"damage":12.0,"enemies":"3 Darklings","floor":45.0,"turns":3.0},{"damage":3.0,"enemies":"Giant Head","floor":46.0,"turns":3.0},{"damage":6.0,"enemies":"Transient","floor":47.0,"turns":3.0},{"damage":0.0,"enemies":"Nemesis","floor":48.0,"turns":3.0},{"damage":6.0,"enemies":"Time Eater","floor":50.0,"turns":3.0},{"damage":23.0,"enemies":"Shield and Spear","floor":54.0,"turns":2.0},{"damage":26,"enemies":"The Heart","floor":55,"turns":5}],"seed_played":"-6842850982603946654","potions_obtained":[{"floor":1.0,"key":"FearPotion"},{"floor":2.0,"key":"FairyPotion"},{"floor":10.0,"key":"DuplicationPotion"},{"floor":18.0,"key":"CultistPotion"}],"is_trial":false,"path_per_floor":["M","M","M","?","M","R","E","?","T","E","M","R","$","M","R","B",null,"M","?","T","M","M","E","M","E","T","E","E","R","$","?","R","B",null,"M","M","M","T","$","E","M","R","T","M","M","E","M","E","R","B",null,"R","$","E","B",null],"character_chosen":"IRONCLAD","items_purchased":["Exhume+1","Warcry+1","Shockwave+1","Omamori","Shrug It Off+1"],"campfire_rested":0,"item_purchase_floors":[13,13,30,39,53],"current_hp_per_floor":[55,54,57,57,38,38,15,41,41,23,21,21,21,21,21,9,62,68,62,62,54,54,53,59,59,59,51,21,21,36,36,36,16,64,70,76,76,76,80,80,80,80,80,80,74,77,77,80,80,80,80,80,80,63,48],"gold":47,"neow_bonus":"TRANSFORM_TWO_CARDS","is_daily":false,"chose_seed":false,"campfire_upgraded":7,"win_rate":0.0,"timestamp":1612242952,"path_taken":["M","M","M","?","M","R","E","?","T","E","M","R","$","M","R","BOSS","M","?","?","M","M","E","M","E","T","E","E","R","$","?","R","BOSS","M","?","?","?","?","E","M","R","T","M","M","E","M","E","R","BOSS","R","$","E","BOSS"],"items_purchased_type":["Card","Card","Card","Relic","Card"],"build_version":"2020-12-22","purchased_purges":3,"victory":true,"max_hp_per_floor":[80,80,80,80,80,80,80,80,80,80,80,80,80,80,80,80,80,80,80,80,80,80,80,80,80,80,80,80,80,80,80,80,80,80,80,80,80,80,80,80,80,80,80,80,80,80,80,80,80,80,80,80,80,80,80],"relic_stats":{"Dream Catcher":0,"Centennial Puzzle":[3],"Happy Flower":[5],"counters":[31,122],"MealTicket":19,"Cursed Key":1,"obtain_stats":[{"Happy Flower":46,"Oddly Smooth Stone":7,"Omamori":39,"Cursed Key":17,"Burning Blood":0,"Du-Vu Doll":23,"Dream Catcher":28,"Centennial Puzzle":54,"MealTicket":25,"WingedGreaves":27,"Coffee Dripper":34,"Toxic Egg 2":10,"Toy Ornithopter":9,"Pocketwatch":40,"Meat on the Bone":48},{"Happy Flower":26,"Oddly Smooth Stone":5,"Omamori":21,"Cursed Key":9,"Burning Blood":0,"Du-Vu Doll":13,"Dream Catcher":17,"Centennial Puzzle":30,"MealTicket":15,"WingedGreaves":16,"Coffee Dripper":18,"Toxic Egg 2":6,"Toy Ornithopter":5,"Pocketwatch":22,"Meat on the Bone":28},{"Happy Flower":106,"Oddly Smooth Stone":27,"Omamori":92,"Cursed Key":49,"Burning Blood":0,"Du-Vu Doll":60,"Dream Catcher":72,"Centennial Puzzle":117,"MealTicket":65,"WingedGreaves":69,"Coffee Dripper":83,"Toxic Egg 2":32,"Toy Ornithopter":27,"Pocketwatch":95,"Meat on the Bone":112}],"Burning Blood":171,"Toy Ornithopter":10,"Pocketwatch":[6],"Meat on the Bone":0},"card_choices":[{"not_picked":["Infernal Blade","Flex"],"picked":"Feel No Pain","floor":1.0},{"not_picked":["Iron Wave","Body Slam"],"picked":"Wild Strike","floor":2.0},{"not_picked":["Shrug It Off","Cleave"],"picked":"True Grit","floor":3.0},{"not_picked":["Pommel Strike","Iron Wave"],"picked":"Inflame","floor":5.0},{"not_picked":["Clothesline","Blood for Blood"],"picked":"Flame Barrier","floor":7.0},{"not_picked":["Iron Wave","Combust","Thunderclap"],"picked":"SKIP","floor":10.0},{"not_picked":["Thunderclap","Sword Boomerang"],"picked":"Flex+1","floor":11.0},{"not_picked":["Perfected Strike","Ghostly Armor+1"],"picked":"Fiend Fire","floor":14.0},{"not_picked":["Bludgeon","Demon Form"],"picked":"Offering+1","floor":16.0},{"not_picked":["Thunderclap","Feel No Pain"],"picked":"Burning Pact+1","floor":18.0},{"not_picked":["Infernal Blade+1","Twin Strike"],"picked":"Seeing Red+1","floor":21.0},{"not_picked":["Flex+1","Whirlwind"],"picked":"Clothesline+1","floor":22.0},{"not_picked":["Flame Barrier+1","Hemokinesis"],"picked":"Sentinel+1","floor":23.0},{"not_picked":["Pummel+1","Havoc+1"],"picked":"Dark Embrace+1","floor":24.0},{"not_picked":["Heavy Blade","Anger"],"picked":"Battle Trance+1","floor":25.0},{"not_picked":["Flame Barrier+1","Hemokinesis"],"picked":"Feel No Pain+1","floor":27.0},{"not_picked":["Armaments+1","Pommel Strike"],"picked":"Infernal Blade+1","floor":28.0},{"not_picked":["Corruption","Berserk"],"picked":"Barricade","floor":33.0},{"not_picked":["Clash","Carnage"],"picked":"Warcry+1","floor":35.0},{"not_picked":["Thunderclap+1","Havoc+1"],"picked":"Burning Pact+1","floor":36.0},{"not_picked":["Whirlwind","Headbutt+1"],"picked":"Disarm+1","floor":37.0},{"not_picked":["Reaper","Shrug It Off+1"],"picked":"Body Slam+1","floor":40.0},{"not_picked":["Reckless Charge+1","Clash"],"picked":"Burning Pact+1","floor":41.0},{"not_picked":["Pommel Strike+1","True Grit+1","Iron Wave+1"],"picked":"SKIP","floor":44.0},{"not_picked":["Shockwave+1","Battle Trance+1","Heavy Blade"],"picked":"SKIP","floor":45.0},{"not_picked":["Sword Boomerang+1","Iron Wave","Anger+1"],"picked":"SKIP","floor":46.0},{"not_picked":["Uppercut","Pommel Strike+1","Feel No Pain"],"picked":"SKIP","floor":47.0},{"not_picked":["Perfected Strike+1","Armaments+1","Sentinel+1"],"picked":"SKIP","floor":48.0},{"not_picked":["Brutality","Whirlwind","Thunderclap+1"],"picked":"SKIP","floor":54.0}],"player_experience":474321,"relics_obtained":[{"floor":7.0,"key":"Oddly Smooth Stone"},{"floor":9.0,"key":"Toy Ornithopter"},{"floor":10.0,"key":"Toxic Egg 2"},{"floor":23.0,"key":"Du-Vu Doll"},{"floor":25.0,"key":"MealTicket"},{"floor":27.0,"key":"WingedGreaves"},{"floor":28.0,"key":"Dream Catcher"},{"floor":40.0,"key":"Pocketwatch"},{"floor":46.0,"key":"Happy Flower"},{"floor":48.0,"key":"Meat on the Bone"},{"floor":54.0,"key":"Centennial Puzzle"}],"event_choices":[{"damage_healed":0.0,"max_hp_gain":0.0,"max_hp_loss":0.0,"gold_gain":0.0,"event_name":"Living Wall","player_choice":"Grow","floor":4.0,"gold_loss":0.0,"damage_taken":0.0,"cards_upgraded":["True Grit"]},{"damage_healed":26.0,"max_hp_gain":0.0,"max_hp_loss":0.0,"gold_gain":0.0,"event_name":"Big Fish","player_choice":"Banana","floor":8.0,"gold_loss":0.0,"damage_taken":0.0},{"damage_healed":0.0,"max_hp_gain":0.0,"max_hp_loss":0.0,"gold_gain":0.0,"event_name":"Nest","player_choice":"Joined the Cult","floor":19.0,"gold_loss":0.0,"damage_taken":6.0,"cards_obtained":["RitualDagger"]},{"damage_healed":0.0,"max_hp_gain":0.0,"max_hp_loss":0.0,"gold_gain":0.0,"event_name":"Match and Keep!","player_choice":"1 cards matched","floor":31.0,"gold_loss":0.0,"damage_taken":0.0,"cards_obtained":["Corruption"]}],"is_beta":false,"boss_relics":[{"not_picked":["Pandora\u0027s Box","Tiny House"],"picked":"Cursed Key"},{"not_picked":["SlaversCollar","Runic Pyramid"],"picked":"Coffee Dripper"}],"items_purged_floors":[30,39,53],"is_endless":false,"potions_floor_spawned":[1,2,10,14,18,21,25,33,36,37,44,46],"ascension_level":11}}