{"host":"0fm1w3v00gid44jl","time":1612292439,"event":{"mods":["AchievementEnabler","BaseMod","Colored Map","Colored Powertips","Displayed Cursed Tome","Downfall","Googly Eyes","Highlight Path","Minty Spire (QoL Compilation)","Permanent Neow","Relic Stats","StSLib","SuperFastMode","slay the spire mod where everything is the same but ironclad has a cowboy hat"],"gold_per_floor":[99,109,109,109,34,34,34,34,52,2,30,15,49,61,74,74,74,74],"floor_reached":16,"language":"ENG","playtime":410,"items_purged":[],"score":135,"play_id":"b79f8c57-92f0-492f-8a55-3ec5c8c28f42","local_time":"20210202130039","is_ascension_mode":true,"campfire_choices":[{"data":"Slimebound:CorrosiveSpit","floor":1,"key":"SMITH"},{"data":"Slimebound:FlameTackle","floor":6,"key":"SMITH"},{"data":"Slimebound:Split","floor":8,"key":"SMITH"}],"circlet_count":0,"master_deck":["Slimebound:Strike_Slimebound","Slimebound:Strike_Slimebound","Slimebound:Strike_Slimebound","Slimebound:Tackle","Slimebound:Defend_Slimebound","Slimebound:Defend_Slimebound","Slimebound:Defend_Slimebound","Slimebound:Defend_Slimebound","Slimebound:Split+1","Slimebound:CorrosiveSpit+1","Slimebound:FlameTackle+1","Clumsy","Doubt","Slimebound:SlimeSpikes","Slimebound:GrowthPunch","Slimebound:ForwardTackle","Slimebound:LeechEnergy","Slimebound:GoopTackle","Slimebound:Repurpose"],"relics":["Busted Crown","downfall:ExtraCursedKey","Slimebound:GreedOozeRelic","Frozen Egg 2","Shuriken","Letter Opener"],"acts_visited":["Exordium"],"potions_floor_usage":[13],"damage_taken":[{"damage":0,"enemies":"2 Louse","floor":2,"turns":1},{"damage":2,"enemies":"Jaw Worm","floor":9,"turns":2},{"damage":0,"enemies":"downfall:FleeingMerchant","floor":10,"turns":4},{"damage":12,"enemies":"Lagavulin","floor":11,"turns":5},{"damage":6,"enemies":"downfall:FleeingMerchant","floor":12,"turns":4},{"damage":28,"enemies":"Gremlin Nob","floor":13,"turns":4},{"damage":0,"enemies":"Small Slimes","floor":14,"turns":1},{"damage":3,"enemies":"Blue Slaver","floor":15,"turns":2},{"damage":22,"enemies":"IC_STATUS_ARCHETYPE","floor":16,"turns":2}],"seed_played":"7713600883746351272","potions_obtained":[{"floor":2,"key":"Strength Potion"},{"floor":9,"key":"GamblersBrew"},{"floor":11,"key":"Block Potion"},{"floor":14,"key":"hexamod:SoulburnPotion"}],"is_trial":false,"path_per_floor":["R","M","?","?","?","R","T","R","M","$","E","$","E","M","M","B"],"character_chosen":"SLIMEBOUND","items_purchased":["Slimebound:ForwardTackle"],"campfire_rested":0,"item_purchase_floors":[10],"current_hp_per_floor":[65,65,65,65,65,65,65,65,63,63,51,45,17,17,14,0,0,0],"gold":74,"neow_bonus":"BOSS_RELIC","is_daily":false,"chose_seed":false,"campfire_upgraded":3,"win_rate":0.0,"timestamp":1612292439,"path_taken":["R","M","?","?","?","R","T","R","M","$","E","$","E","M","M","BOSS"],"items_purchased_type":["Card"],"build_version":"2020-12-22","purchased_purges":0,"victory":false,"max_hp_per_floor":[65,65,65,65,65,65,65,65,65,65,65,65,65,65,65,65,65,65],"relic_stats":{"Busted Crown":16,"counters":[9,25],"Shuriken":[5],"Letter Opener":[10],"obtain_stats":[{"Slimebound:GreedOozeRelic":5,"Busted Crown":0,"Shuriken":11,"downfall:ExtraCursedKey":4,"Slimebound:AbsorbEndCombat":0,"Letter Opener":13,"Frozen Egg 2":7},{"Slimebound:GreedOozeRelic":1,"Busted Crown":0,"Shuriken":4,"downfall:ExtraCursedKey":1,"Slimebound:AbsorbEndCombat":0,"Letter Opener":6,"Frozen Egg 2":1},{"Slimebound:GreedOozeRelic":1,"Busted Crown":0,"Shuriken":12,"downfall:ExtraCursedKey":1,"Slimebound:AbsorbEndCombat":0,"Letter Opener":20,"Frozen Egg 2":1}]},"card_choices":[{"not_picked":[],"picked":"Slimebound:FlameTackle","floor":2},{"not_picked":[],"picked":"Slimebound:SlimeSpikes","floor":9},{"not_picked":[],"picked":"Slimebound:GrowthPunch","floor":10},{"not_picked":[],"picked":"Slimebound:LeechEnergy","floor":11},{"not_picked":["Slimebound:TongueLash"],"picked":"SKIP","floor":12},{"not_picked":[],"picked":"Slimebound:GoopTackle","floor":13},{"not_picked":[],"picked":"Slimebound:Repurpose","floor":14},{"not_picked":["Slimebound:FlameTackle"],"picked":"SKIP","floor":15}],"player_experience":1596179,"relics_obtained":[{"floor":7,"key":"Frozen Egg 2"},{"floor":11,"key":"Shuriken"},{"floor":13,"key":"Letter Opener"}],"event_choices":[],"is_beta":false,"boss_relics":[],"items_purged_floors":[],"is_endless":false,"potions_floor_spawned":[2,9,11,14],"killed_by":"IC_STATUS_ARCHETYPE","ascension_level":5}}