{"host":"z5bn7jsck728mmiq","time":1612231573,"event":{"mods":["BaseMod","Bestiary","DeckTracker","Minty Spire (QoL Compilation)","StSLib"],"gold_per_floor":[113,126,39,57,0,0,13,68,91,91,103,119,294,313,313,413,413,423,441,458,39,57,57,82,82,106,0,0,0,10,28,28,28,28],"floor_reached":33,"language":"ENG","playtime":1219,"items_purged":[],"score":261,"play_id":"8dbff83c-6119-4f1a-8dac-1ba68a7b79b8","local_time":"20210201180613","is_ascension_mode":false,"campfire_choices":[{"data":"Infinite Blades","floor":6,"key":"SMITH"},{"floor":15,"key":"REST"},{"data":"Accuracy","floor":23,"key":"SMITH"},{"floor":25,"key":"REST"},{"floor":28,"key":"REST"},{"floor":32,"key":"REST"}],"circlet_count":0,"master_deck":["Strike_G","Strike_G","Strike_G","Strike_G","Defend_G","Defend_G","Defend_G","Defend_G","Defend_G","Survivor","Neutralize","Deadly Poison","Bouncing Flask","Accuracy+1","Cloak And Dagger","Infinite Blades+1","Poisoned Stab","Die Die Die","Infinite Blades","Doubt","Prepared","Tools of the Trade","Backflip","Dodge and Roll+1","Blade Dance","Dodge and Roll","Blur","Acrobatics","Pain","Tactician","Accuracy+1","Envenom+1"],"relics":["Ring of the Snake","Oddly Smooth Stone","Bag of Preparation","Strawberry","Cursed Key","Lantern","Frozen Egg 2","Bag of Marbles","Potion Belt"],"acts_visited":["Exordium","TheCity"],"potions_floor_usage":[4,19,22,24,33],"damage_taken":[{"damage":6,"enemies":"Cultist","floor":1,"turns":6},{"damage":2,"enemies":"Small Slimes","floor":2,"turns":4},{"damage":5,"enemies":"Jaw Worm","floor":4,"turns":4},{"damage":6,"enemies":"2 Fungi Beasts","floor":7,"turns":4},{"damage":0,"enemies":"Large Slime","floor":11,"turns":5},{"damage":10,"enemies":"Blue Slaver","floor":12,"turns":4},{"damage":32,"enemies":"Lots of Slimes","floor":14,"turns":4},{"damage":64,"enemies":"Slime Boss","floor":16,"turns":11},{"damage":18,"enemies":"Chosen","floor":18,"turns":5},{"damage":11,"enemies":"3 Byrds","floor":19,"turns":4},{"damage":14,"enemies":"Centurion and Healer","floor":20,"turns":7},{"damage":12,"enemies":"Snecko","floor":22,"turns":5},{"damage":27,"enemies":"Book of Stabbing","floor":24,"turns":7},{"damage":19,"enemies":"Shelled Parasite and Fungi","floor":30,"turns":5},{"damage":6,"enemies":"Cultist and Chosen","floor":31,"turns":4},{"damage":52,"enemies":"Collector","floor":33,"turns":3}],"seed_played":"2498974206228058068","potions_obtained":[{"floor":2,"key":"PowerPotion"},{"floor":7,"key":"FairyPotion"},{"floor":16,"key":"LiquidBronze"},{"floor":19,"key":"DistilledChaos"},{"floor":22,"key":"Block Potion"},{"floor":24,"key":"SteroidPotion"},{"floor":31,"key":"CultistPotion"}],"is_trial":false,"path_per_floor":["M","M","$","M","?","R","M","T","T","?","M","M","?","M","R","B",null,"M","M","M","$","M","R","E","R","T","?","R","?","M","M","R","B"],"character_chosen":"THE_SILENT","items_purchased":["Accuracy","Cloak And Dagger","Lantern","Frozen Egg 2","Dodge and Roll"],"campfire_rested":4,"item_purchase_floors":[3,3,21,21,21],"current_hp_per_floor":[71,69,69,64,64,64,58,58,65,65,65,55,55,23,48,13,84,66,55,41,41,29,29,2,27,27,27,52,52,33,27,52,0,0],"gold":28,"neow_bonus":"TEN_PERCENT_HP_BONUS","is_daily":false,"chose_seed":false,"campfire_upgraded":2,"win_rate":0.0,"timestamp":1612231573,"path_taken":["M","?","?","M","?","R","?","?","T","?","M","M","?","M","R","BOSS","M","M","M","$","M","R","E","R","T","?","R","?","M","M","R","BOSS"],"items_purchased_type":["Card","Card","Relic","Relic","Card"],"build_version":"2020-12-22","purchased_purges":0,"victory":false,"max_hp_per_floor":[77,77,77,77,77,77,77,77,84,84,84,84,84,84,84,84,84,84,84,84,84,84,84,84,84,84,84,84,84,84,84,84,84,84],"card_choices":[{"not_picked":["Dagger Throw","Finisher"],"picked":"Deadly Poison","floor":1},{"not_picked":["All Out Attack","Slice"],"picked":"Bouncing Flask","floor":2},{"not_picked":["Poisoned Stab","PiercingWail"],"picked":"Infinite Blades","floor":4},{"not_picked":["Flechettes","Finisher"],"picked":"Poisoned Stab","floor":7},{"not_picked":["Backflip","Slice"],"picked":"Die Die Die","floor":11},{"not_picked":["Predator","Choke"],"picked":"Infinite Blades","floor":12},{"not_picked":["Deflect","Dodge and Roll"],"picked":"Prepared","floor":14},{"not_picked":["Unload","Phantasmal Killer"],"picked":"Tools of the Trade","floor":16},{"not_picked":["Prepared","Backstab"],"picked":"Backflip","floor":18},{"not_picked":["Deflect","Expertise"],"picked":"Dodge and Roll+1","floor":19},{"not_picked":["Distraction","Bane+1"],"picked":"Blade Dance","floor":20},{"not_picked":["Sucker Punch","Expertise+1"],"picked":"Blur","floor":22},{"not_picked":["Concentrate","Dagger Throw"],"picked":"Acrobatics","floor":24},{"not_picked":["Outmaneuver","Distraction"],"picked":"Accuracy+1","floor":30},{"not_picked":["Poisoned Stab","Bane"],"picked":"Envenom+1","floor":31}],"player_experience":100517,"relics_obtained":[{"floor":8,"key":"Bag of Preparation"},{"floor":9,"key":"Strawberry"},{"floor":24,"key":"Bag of Marbles"},{"floor":26,"key":"Potion Belt"}],"event_choices":[{"damage_healed":0,"gold_gain":0,"player_choice":"Paid Gold","damage_taken":0,"relics_obtained":["Oddly Smooth Stone"],"max_hp_gain":0,"max_hp_loss":0,"event_name":"WeMeetAgain","floor":5,"gold_loss":57},{"cards_removed":["Strike_G"],"damage_healed":0,"gold_gain":0,"player_choice":"Forget","damage_taken":0,"max_hp_gain":0,"max_hp_loss":0,"event_name":"Living Wall","floor":10,"gold_loss":0},{"damage_healed":0,"gold_gain":175,"player_choice":"AGREE","damage_taken":0,"max_hp_gain":0,"max_hp_loss":0,"event_name":"Liars Game","floor":13,"gold_loss":0,"cards_obtained":["Doubt"]},{"damage_healed":0,"gold_gain":0,"player_choice":"Paid Fearfully","damage_taken":0,"max_hp_gain":0,"max_hp_loss":0,"event_name":"Masked Bandits","floor":27,"gold_loss":106},{"damage_healed":0,"gold_gain":0,"player_choice":"1 cards matched","damage_taken":0,"max_hp_gain":0,"max_hp_loss":0,"event_name":"Match and Keep!","floor":29,"gold_loss":0,"cards_obtained":["Tactician"]}],"is_beta":false,"boss_relics":[{"not_picked":["Velvet Choker","Runic Dome"],"picked":"Cursed Key"}],"items_purged_floors":[],"is_endless":false,"potions_floor_spawned":[2,7,16,19,22,24,31],"killed_by":"Collector","ascension_level":0}}