{"host":"r53pw7z744tg3fxg","time":1612281785,"event":{"mods":["AchievementEnabler","BaseMod","Colored Map","Colored Powertips","Highlight Path","Minty Spire (QoL Compilation)","Quick Restart","Transform Curses"],"gold_per_floor":[213,232,244,77,88,88,103,103,103,103,120,120,120,134,134,211,211,223,223,241,259,135,135,135],"floor_reached":23,"language":"ENG","playtime":903,"items_purged":[],"score":352,"play_id":"d0d69635-e684-4d86-963e-e3d6c8eb8a8c","local_time":"20210202090305","is_ascension_mode":true,"campfire_choices":[{"data":"Eruption","floor":6,"key":"SMITH"},{"floor":8,"key":"REST"},{"data":"BattleHymn","floor":12,"key":"SMITH"},{"data":"Wallop","floor":15,"key":"SMITH"}],"circlet_count":0,"master_deck":["AscendersBane","Strike_P","Strike_P","Strike_P","Strike_P","Defend_P","Defend_P","Defend_P","Defend_P","Eruption+1","Vigilance","BowlingBash","PathToVictory","BattleHymn+1","ThirdEye","Evaluate","Wallop+1","ReachHeaven","DeusExMachina","CarveReality","RitualDagger","DeceiveReality","Halt+1","LikeWater","TalkToTheHand"],"relics":["PureWater","ClockworkSouvenir","Meat on the Bone","Black Star"],"acts_visited":["Exordium","TheCity"],"potions_floor_usage":[5,7,16,20],"damage_taken":[{"damage":2.0,"enemies":"Cultist","floor":1.0,"turns":3.0},{"damage":8.0,"enemies":"2 Louse","floor":2.0,"turns":4.0},{"damage":6.0,"enemies":"Jaw Worm","floor":3.0,"turns":5.0},{"damage":5,"enemies":"Large Slime","floor":5,"turns":4},{"damage":0,"enemies":"2 Fungi Beasts","floor":7,"turns":3},{"damage":3,"enemies":"Red Slaver","floor":11,"turns":2},{"damage":0,"enemies":"Blue Slaver","floor":14,"turns":2},{"damage":31,"enemies":"Hexaghost","floor":16,"turns":7},{"damage":9,"enemies":"2 Thieves","floor":18,"turns":3},{"damage":31,"enemies":"Shell Parasite","floor":20,"turns":7},{"damage":6,"enemies":"Snake Plant","floor":21,"turns":4},{"damage":62,"enemies":"Book of Stabbing","floor":23,"turns":5}],"seed_played":"-8544605490952718974","potions_obtained":[{"floor":2.0,"key":"Energy Potion"},{"floor":3.0,"key":"FairyPotion"},{"floor":5,"key":"Fire Potion"},{"floor":7,"key":"BottledMiracle"},{"floor":18,"key":"Swift Potion"}],"is_trial":false,"path_per_floor":["M","M","M","$","M","R","M","R","T","?","M","R","$","M","R","B",null,"M","?","M","M","$","E"],"character_chosen":"WATCHER","items_purchased":["ClockworkSouvenir","LikeWater","TalkToTheHand"],"campfire_rested":1,"item_purchase_floors":[4,22,22],"current_hp_per_floor":[59,51,45,45,40,40,40,60,60,60,57,57,57,57,57,38,61,52,46,27,33,33,0,0],"gold":135,"neow_bonus":"HUNDRED_GOLD","is_daily":false,"chose_seed":false,"campfire_upgraded":3,"win_rate":0.0,"timestamp":1612281785,"path_taken":["M","M","M","?","M","R","M","R","T","?","M","R","$","M","R","BOSS","M","?","M","M","$","E"],"items_purchased_type":["Relic","Card","Card"],"build_version":"2020-12-22","purchased_purges":0,"victory":false,"max_hp_per_floor":[68,68,68,68,68,68,68,68,68,68,68,68,68,68,68,68,68,68,68,68,68,68,68,68],"card_choices":[{"not_picked":["Halt","Prostrate"],"picked":"BowlingBash","floor":1.0},{"not_picked":["Fasting2","SignatureMove"],"picked":"PathToVictory","floor":2.0},{"not_picked":["Evaluate","Vengeance"],"picked":"BattleHymn","floor":3.0},{"not_picked":["Prostrate","FlyingSleeves"],"picked":"ThirdEye","floor":5},{"not_picked":["FollowUp","ClearTheMind"],"picked":"Evaluate","floor":7},{"not_picked":["JustLucky","PathToVictory"],"picked":"Wallop","floor":11},{"not_picked":["Adaptation","SashWhip"],"picked":"ReachHeaven","floor":14},{"not_picked":["Omniscience","Alpha"],"picked":"DeusExMachina","floor":16},{"not_picked":["Sanctity","EmptyMind"],"picked":"CarveReality","floor":18},{"not_picked":["SashWhip","Weave"],"picked":"DeceiveReality","floor":20},{"not_picked":["BowlingBash","SignatureMove"],"picked":"Halt+1","floor":21}],"player_experience":1422039,"relics_obtained":[{"floor":9,"key":"Meat on the Bone"}],"event_choices":[{"damage_healed":0,"gold_gain":0,"player_choice":"Leave","damage_taken":0,"max_hp_gain":0,"max_hp_loss":0,"event_name":"The Cleric","floor":10,"gold_loss":0},{"damage_healed":0,"gold_gain":0,"player_choice":"Joined the Cult","damage_taken":6,"max_hp_gain":0,"max_hp_loss":0,"event_name":"Nest","floor":19,"gold_loss":0,"cards_obtained":["RitualDagger"]}],"is_beta":false,"boss_relics":[{"not_picked":["SacredBark","VioletLotus"],"picked":"Black Star"}],"items_purged_floors":[],"is_endless":false,"potions_floor_spawned":[2,3,5,7,18],"killed_by":"Book of Stabbing","ascension_level":18}}