{"host":"cxvb37eaaiijvrl4","time":1612308740,"event":{"mods":["ATMod(阿瑾Mod)","BaseMod","Better Third Choice","Minty Spire (QoL Compilation)","MostiFishMod","Quick Restart","Rare Cards Sparkle","Shop Mod","Spicy Shops","StSLib","TestMod","Uncapped","残留之物"],"gold_per_floor":[117,192,192,203,203,203,232,248,275,275,24,54,54,70,70,148,148,164,39,39,58,73,99,112,137,217,250,267,302,302,302,302,378,378,389,436,436,104,118,151,164,194,194,206,206,231,246,260,260,260,260,260,260,110,139,139],"floor_reached":57,"language":"ZHS","playtime":1667,"items_purged":["Dualcast","Strike_B","Defend_B","Coolheaded+1"],"score":3675,"play_id":"633220e9-7fb0-41e5-8c70-28040844d5ab","local_time":"20210202153220","is_ascension_mode":true,"campfire_choices":[{"data":"Turbo","floor":6.0,"key":"SMITH"},{"data":"Zap","floor":10.0,"key":"SMITH"},{"data":"MostiFishMod:PushDownKick","floor":13.0,"key":"SMITH"},{"data":"Coolheaded","floor":15.0,"key":"SMITH"},{"data":"Fusion","floor":30,"key":"SMITH"},{"data":"AT_DarkMatter","floor":32,"key":"SMITH"},{"data":"AT_StudyProgram","floor":45,"key":"SMITH"},{"floor":49,"key":"RECALL"},{"data":"MostiFishMod:Distribution","floor":53,"key":"SMITH"}],"circlet_count":0,"master_deck":["AscendersBane","Defend_B","Defend_B","Defend_B","Zap+1","AT_DarkMatter+1","Turbo+1","AT_StudyProgram+1","MostiFishMod:PushDownKick+1","Thunder Strike","AT_DarkMatter+1","MostiFishMod:Distribution+1","Fusion+1","AT_DarkMatter","AT_DarkMatter","Gash","MostiFishMod:InterfaceCompatibility","Steam+1","Double Energy+1"],"relics":["testmod-TestBox","AT_ATBox","PatriotShield","testmod-EqualTreatment","ExusiaiGun","SynthV:TestCard","MealTicket","testmod-BouquetWithThorns","Nunchaku","testmod-PortableAltar","Orichalcum","Bag of Marbles","Symbiotic Virus","Blood Vial","Toy Ornithopter","DaveBox","Medical Kit","Empty Cage","FossilizedHelix","Calipers","Mango","Toxic Egg 2","Meat on the Bone","testmod-HeartOfStrike","Art of War"],"acts_visited":["Exordium","TheCity","TheBeyond","TheEnding"],"potions_floor_usage":[40,56,56,56],"damage_taken":[{"damage":0.0,"enemies":"Small Slimes","floor":1.0,"turns":1.0},{"damage":0.0,"enemies":"2 Louse","floor":4.0,"turns":2.0},{"damage":0.0,"enemies":"Lagavulin","floor":7.0,"turns":3.0},{"damage":0.0,"enemies":"Cultist","floor":8.0,"turns":1.0},{"damage":0.0,"enemies":"3 Sentries","floor":12.0,"turns":1.0},{"damage":0.0,"enemies":"Large Slime","floor":14.0,"turns":1.0},{"damage":0.0,"enemies":"Slime Boss","floor":16.0,"turns":2.0},{"damage":2.0,"enemies":"3 Byrds","floor":18.0,"turns":2.0},{"damage":1.0,"enemies":"Spheric Guardian","floor":21.0,"turns":1.0},{"damage":14.0,"enemies":"Snake Plant","floor":22.0,"turns":2.0},{"damage":1,"enemies":"Book of Stabbing","floor":23,"turns":2},{"damage":1,"enemies":"Sentry and Sphere","floor":24,"turns":2},{"damage":8,"enemies":"Slavers","floor":25,"turns":4},{"damage":0,"enemies":"Gremlin Leader","floor":27,"turns":1},{"damage":1,"enemies":"Centurion and Healer","floor":28,"turns":3},{"damage":4,"enemies":"Slavers","floor":29,"turns":3},{"damage":0,"enemies":"Automaton","floor":33,"turns":3},{"damage":9,"enemies":"3 Shapes","floor":35,"turns":3},{"damage":0,"enemies":"2 Orb Walkers","floor":36,"turns":1},{"damage":0,"enemies":"Orb Walker","floor":39,"turns":1},{"damage":0,"enemies":"Reptomancer","floor":40,"turns":2},{"damage":0,"enemies":"3 Darklings","floor":41,"turns":3},{"damage":0,"enemies":"Nemesis","floor":42,"turns":4},{"damage":0,"enemies":"Maw","floor":44,"turns":1},{"damage":0,"enemies":"Mind Bloom Boss Battle","floor":46,"turns":2},{"damage":0,"enemies":"4 Shapes","floor":47,"turns":4},{"damage":0,"enemies":"3 Darklings","floor":48,"turns":2},{"damage":0,"enemies":"Donu and Deca","floor":50,"turns":1},{"damage":0,"enemies":"Awakened One","floor":51,"turns":3},{"damage":0,"enemies":"Shield and Spear","floor":55,"turns":3},{"damage":0,"enemies":"The Heart","floor":56,"turns":5}],"seed_played":"-370157370172335379","potions_obtained":[{"floor":1.0,"key":"PlaceholderMod:PlaceholderPotion"},{"floor":22.0,"key":"testmod-SpacePotion"},{"floor":24,"key":"LiquidMemories"},{"floor":29,"key":"Explosive Potion"},{"floor":33,"key":"FocusPotion"},{"floor":39,"key":"Energy Potion"},{"floor":40,"key":"testmod-SpacePotion"},{"floor":41,"key":"FearPotion"},{"floor":46,"key":"Weak Potion"}],"is_trial":false,"path_per_floor":["M","?","?","M","?","R","E","M","T","R","$","E","R","M","R","B",null,"M","$","?","M","M","E","M","E","T","E","M","E","R","?","R","B",null,"M","?","?","$","M","E","M","E","T","M","R","?","M","M","R","B","B",null,"R","$","E","B",null],"character_chosen":"DEFECT","items_purchased":["AT_StudyProgram","Calipers"],"campfire_rested":0,"item_purchase_floors":[11,38],"current_hp_per_floor":[64,53,53,53,53,53,53,53,53,53,68,68,68,68,68,68,70,68,69,68,66,52,51,50,42,42,42,43,41,41,41,41,43,51,44,46,46,50,49,62,61,60,59,58,57,56,55,54,53,52,51,50,49,48,47,46],"gold":139,"neow_bonus":"BOSS_RELIC","is_daily":false,"chose_seed":false,"campfire_upgraded":8,"win_rate":0.0,"timestamp":1612308740,"path_taken":["M","?","?","?","?","R","E","?","T","R","$","E","R","M","R","BOSS","M","$","?","M","M","E","M","E","T","E","M","E","R","?","R","BOSS","M","?","?","$","M","E","M","E","T","M","R","?","M","M","R","BOSS","BOSS","R","$","E","BOSS"],"items_purchased_type":["Card","Relic"],"build_version":"2020-12-22","purchased_purges":4,"victory":true,"max_hp_per_floor":[71,71,71,71,71,71,71,71,71,71,71,71,71,71,71,71,71,70,69,68,67,66,65,64,63,62,61,60,59,58,57,56,55,54,53,52,51,50,49,62,61,60,59,58,57,56,55,54,53,52,51,50,49,48,47,46],"card_choices":[{"not_picked":["Barrage","Reinforced Body","Double Energy"],"picked":"SKIP","floor":1.0},{"not_picked":["Static Discharge","Leap","AT_HeatAcrobatics","Streamline"],"picked":"Turbo","floor":4.0},{"not_picked":["Reprogram","Rebound","Redo","AT_EMC2","Cold Snap"],"picked":"SKIP","floor":7.0},{"not_picked":["Streamline","Turbo","All For One","Leap"],"picked":"Skim","floor":8.0},{"not_picked":["Stack","Steam","Compile Driver","Go for the Eyes"],"picked":"MostiFishMod:PushDownKick","floor":12.0},{"not_picked":["Aggregate","Melter","Steam Power","Leap"],"picked":"Coolheaded","floor":14.0},{"not_picked":["Multi-Cast","Rainbow","Fission","MostiFishMod:Prepare"],"picked":"Thunder Strike","floor":16.0},{"not_picked":["Rebound","Streamline","Redo","MostiFishMod:PushDownKick"],"picked":"AT_DarkMatter","floor":18.0},{"not_picked":["Hello World","Lockon","Undo+1","Rip and Tear","Sweeping Beam"],"picked":"SKIP","floor":21.0},{"not_picked":["Barrage","Cold Snap","Tempest","Conserve Battery","Compile Driver"],"picked":"SKIP","floor":22.0},{"not_picked":["Coolheaded","Biased Cognition","Ball Lightning","Compile Driver","MostiFishMod:PushDownKick"],"picked":"SKIP","floor":23},{"not_picked":["Melter","Barrage","Stack","Sweeping Beam","Auto Shields"],"picked":"SKIP","floor":24},{"not_picked":["Skim","AT_ThreeBodyProblem","MostiFishMod:PushDownKick","Fusion","Steam"],"picked":"SKIP","floor":25},{"not_picked":["Skim","AT_ThreeBodyProblem","MostiFishMod:PushDownKick","Steam"],"picked":"Fusion","floor":25},{"not_picked":["MostiFishMod:InterfaceCompatibility","Steam","MostiFishMod:Exploitation","Barrage"],"picked":"AT_DarkMatter","floor":27},{"not_picked":["White Noise","Conserve Battery","Genetic Algorithm","Beam Cell"],"picked":"AT_DarkMatter","floor":28},{"not_picked":["Go for the Eyes","Machine Learning","Genetic Algorithm","Ball Lightning+1"],"picked":"Gash","floor":29},{"not_picked":["AT_RightCognition","Thunder Strike","MostiFishMod:Nova","Amplify"],"picked":"MostiFishMod:InterfaceCompatibility","floor":33},{"not_picked":["Streamline","Barrage","Rip and Tear","Stack"],"picked":"Steam+1","floor":35},{"not_picked":["MostiFishMod:LinkProtocol","AT_ThunderBolt","Force Field","Beam Cell","Go for the Eyes"],"picked":"SKIP","floor":39},{"not_picked":["Gash","Melter","AT_ThunderBolt","Steam","Defragment"],"picked":"SKIP","floor":40},{"not_picked":["Rebound","Turbo+1","Go for the Eyes+1","Reprogram","MostiFishMod:IceShield"],"picked":"SKIP","floor":41},{"not_picked":["Barrage","AT_RightCognition","Streamline","MostiFishMod:InterfaceCompatibility","Sweeping Beam"],"picked":"SKIP","floor":42},{"not_picked":["Leap+1","Melter","MostiFishMod:PushDownKick","Barrage+1","Conserve Battery+1"],"picked":"SKIP","floor":44},{"not_picked":["Go for the Eyes","FTL+1","Heatsinks","Lockon","Turbo+1"],"picked":"SKIP","floor":47},{"not_picked":["Machine Learning","Force Field+1","Go for the Eyes+1","Hologram+1"],"picked":"Double Energy+1","floor":48},{"not_picked":["Undo+1","Heatsinks+1","Steam+1","Barrage","AT_HeatAcrobatics+1"],"picked":"SKIP","floor":55}],"player_experience":729506,"relics_obtained":[{"floor":1.0,"key":"SynthV:TestCard"},{"floor":7.0,"key":"testmod-BouquetWithThorns"},{"floor":12.0,"key":"Nunchaku"},{"floor":23,"key":"Orichalcum"},{"floor":25,"key":"Bag of Marbles"},{"floor":26,"key":"Symbiotic Virus"},{"floor":27,"key":"Blood Vial"},{"floor":29,"key":"Toy Ornithopter"},{"floor":36,"key":"FossilizedHelix"},{"floor":40,"key":"Mango"},{"floor":42,"key":"Toxic Egg 2"},{"floor":43,"key":"Meat on the Bone"},{"floor":46,"key":"testmod-HeartOfStrike"},{"floor":55,"key":"Art of War"}],"event_choices":[{"damage_healed":0.0,"max_hp_gain":0.0,"max_hp_loss":0.0,"gold_gain":75.0,"event_name":"betterThird:BetterGoop","player_choice":"Gold","floor":2.0,"gold_loss":0.0,"damage_taken":11.0},{"damage_healed":0.0,"max_hp_gain":0.0,"max_hp_loss":0.0,"gold_gain":0.0,"event_name":"Accursed Blacksmith","player_choice":"Forge","floor":3.0,"gold_loss":0.0,"damage_taken":0.0,"cards_upgraded":["AT_DarkMatter"]},{"damage_healed":0.0,"max_hp_gain":0.0,"max_hp_loss":0.0,"gold_gain":0.0,"event_name":"WeMeetAgain","player_choice":"Gave Potion","floor":5.0,"gold_loss":0.0,"damage_taken":0.0,"relics_obtained":["MealTicket"]},{"damage_healed":0.0,"max_hp_gain":0.0,"max_hp_loss":0.0,"gold_gain":0.0,"cards_transformed":["Strike_B","Strike_B"],"event_name":"Drug Dealer","player_choice":"Became Test Subject","floor":20.0,"gold_loss":0.0,"damage_taken":0.0,"cards_obtained":["Heatsinks","MostiFishMod:Distribution"]},{"damage_healed":0,"gold_gain":0,"player_choice":"Swap Relic","damage_taken":0,"relics_obtained":["DaveBox"],"max_hp_gain":0,"max_hp_loss":0,"event_name":"给自己的盒子","floor":31,"relics_lost":["DaveBox"],"gold_loss":0},{"damage_healed":0,"gold_gain":0,"player_choice":"Fight","damage_taken":0,"max_hp_gain":0,"max_hp_loss":0,"event_name":"Mysterious Sphere","floor":36,"gold_loss":0},{"cards_removed":["Skim"],"damage_healed":0,"gold_gain":0,"player_choice":"Removed Skill","damage_taken":0,"max_hp_gain":0,"max_hp_loss":0,"event_name":"Falling","floor":37,"gold_loss":0},{"damage_healed":0,"gold_gain":0,"player_choice":"Fight","damage_taken":0,"max_hp_gain":0,"max_hp_loss":0,"event_name":"MindBloom","floor":46,"gold_loss":0}],"is_beta":false,"boss_relics":[{"not_picked":["RhineFirstAidKit","testmod-DreamHouse"],"picked":"testmod-PortableAltar"},{"not_picked":["Velvet Choker","Tiny House"],"picked":"Empty Cage"}],"items_purged_floors":[11,11,19,54],"is_endless":false,"potions_floor_spawned":[1,4,7,12,22,23,24,29,33,39,40,41,46,47,55],"ascension_level":20}}