{"host":"yvlk1m4foro8gl4v","time":1612243795,"event":{"mods":["AchievementEnabler","Act Like it!","BaseMod","Minty Spire (QoL Compilation)","Relic Stats","StSLib","The Servant 0.9.4","Uncapped"],"gold_per_floor":[116,116,66,66,83,83,116,116,116,128,128,145,59,73,73,73,73],"floor_reached":16,"language":"ENG","playtime":468,"items_purged":[],"score":194,"play_id":"3c60120c-429b-4d5a-a51f-8b69253d90e3","local_time":"20210202052955","is_ascension_mode":true,"campfire_choices":[{"data":"Sword Boomerang","floor":6,"key":"SMITH"},{"data":"Dropkick","floor":8,"key":"SMITH"},{"data":"Burning Pact","floor":11,"key":"SMITH"},{"data":"Dropkick","floor":15,"key":"SMITH"}],"circlet_count":0,"master_deck":["AscendersBane","Strike_R","Strike_R","Strike_R","Strike_R","Defend_R","Defend_R","Bash","Sword Boomerang+1","Burning Pact+1","Dropkick+1","Burning Pact","Purity","Dropkick+1"],"relics":["Burning Blood","NeowsBlessing","Dead Branch","Happy Flower"],"acts_visited":["Exordium"],"potions_floor_usage":[],"damage_taken":[{"damage":0,"enemies":"2 Louse","floor":1,"turns":1},{"damage":0,"enemies":"Small Slimes","floor":5,"turns":1},{"damage":0,"enemies":"Gremlin Nob","floor":7,"turns":1},{"damage":0,"enemies":"Cultist","floor":10,"turns":2},{"damage":7,"enemies":"Exordium Wildlife","floor":12,"turns":3},{"damage":21,"enemies":"Exordium Thugs","floor":14,"turns":5},{"damage":47,"enemies":"Hexaghost","floor":16,"turns":6}],"seed_played":"1910306036702239888","potions_obtained":[{"floor":1,"key":"Block Potion"},{"floor":12,"key":"Ancient Potion"},{"floor":14,"key":"EssenceOfSteel"}],"is_trial":false,"path_per_floor":["M","?","?","?","M","R","E","R","T","M","R","M","$","M","R","B"],"character_chosen":"IRONCLAD","items_purchased":["Purity"],"campfire_rested":0,"item_purchase_floors":[13],"current_hp_per_floor":[78,71,71,71,77,77,80,80,80,80,80,79,79,64,64,17,17],"gold":73,"neow_bonus":"THREE_ENEMY_KILL","is_daily":false,"chose_seed":false,"campfire_upgraded":4,"win_rate":0.0,"timestamp":1612243795,"path_taken":["M","?","?","?","M","R","E","R","T","M","R","?","$","M","R","BOSS"],"items_purchased_type":["Card"],"build_version":"2020-12-22","purchased_purges":0,"victory":false,"max_hp_per_floor":[80,80,80,80,80,80,80,80,80,80,80,80,80,80,80,80,80],"relic_stats":{"Happy Flower":[5],"counters":[7,19],"Dead Branch":[22],"obtain_stats":[{"NeowsBlessing":0,"Happy Flower":9,"Dead Branch":7,"Burning Blood":0},{"NeowsBlessing":0,"Happy Flower":3,"Dead Branch":3,"Burning Blood":0},{"NeowsBlessing":0,"Happy Flower":3,"Dead Branch":3,"Burning Blood":0}],"Burning Blood":27},"card_choices":[{"not_picked":["Carnage","Disarm"],"picked":"Sword Boomerang","floor":1},{"not_picked":["Ghostly Armor","Flex"],"picked":"Burning Pact","floor":5},{"not_picked":["Rampage","Rage"],"picked":"Dropkick","floor":7},{"not_picked":["Heavy Blade","Headbutt","Iron Wave"],"picked":"SKIP","floor":10},{"not_picked":["Armaments","Feel No Pain"],"picked":"Burning Pact","floor":12},{"not_picked":["Uppercut","Clash"],"picked":"Dropkick","floor":14}],"player_experience":779993,"relics_obtained":[{"floor":7,"key":"Dead Branch"},{"floor":9,"key":"Happy Flower"}],"event_choices":[{"cards_removed":["Strike_R"],"damage_healed":0,"gold_gain":0,"player_choice":"Card Removal","damage_taken":7,"max_hp_gain":0,"max_hp_loss":0,"event_name":"Golden Wing","floor":2,"gold_loss":0},{"cards_removed":["Defend_R"],"damage_healed":0,"gold_gain":0,"player_choice":"Card Removal","damage_taken":0,"max_hp_gain":0,"max_hp_loss":0,"event_name":"The Cleric","floor":3,"gold_loss":50},{"cards_removed":["Defend_R"],"damage_healed":0,"gold_gain":0,"player_choice":"Purged","damage_taken":0,"max_hp_gain":0,"max_hp_loss":0,"event_name":"Purifier","floor":4,"gold_loss":0}],"is_beta":false,"boss_relics":[],"items_purged_floors":[],"is_endless":false,"potions_floor_spawned":[1,12,14],"killed_by":"Hexaghost","ascension_level":11}}