{"host":"hzswyuuwdl03wwzr","time":1612278881,"event":{"mods":["100% Spire Juice","ATMod(∞¢Ë™Mod)","AchievementEnabler","Act Like it!","BaseMod","Gensokyo","Hallownest","Marisa£®ÏF”Í°°ƒß¿Ì…≥£©","Minty Spire (QoL Compilation)","Prisma Mod","Reliquary","Remilia_Scarlet Moed£®¿Ÿ√◊¿Ú—«°§Àπø®¿◊Ãÿ£©3.3.5","Replay The Spire","StSLib","The Animator","The Bug Knight","The Cursed","The Servant 0.9.4","Warlord Emblem","Yakumo Yukari mod","Youmu£®ªÍ∆«—˝√Œ£©","°æπ¶ƒ‹Mod°øªÏ„Á÷Æª∑–ﬁ∏¥≤π∂°","°æ“≈ŒÔø®≈∆°øREMEMod"],"gold_per_floor":[119,69,69,89,101,101,112,177,200,200,17,32,32,59,59,161,161,173,173,186,186,204,204,204],"floor_reached":23,"language":"ZHS","playtime":1313,"items_purged":["PrismaMod:IllyaCommonAttack"],"score":227,"play_id":"098ed7b6-e3ae-413a-8936-a960b7e7b277","local_time":"20210202231441","is_ascension_mode":true,"campfire_choices":[{"data":"PrismaMod:IllyaUncommonDefend","floor":6.0,"key":"SMITH"},{"floor":13.0,"key":"RECALL"},{"floor":15.0,"key":"DIG"}],"circlet_count":0,"master_deck":["PrismaMod:IllyaCommonDefend","PrismaMod:IllyaCommonDefend","PrismaMod:IllyaCommonAttack","PrismaMod:IllyaCommonDefend","PrismaMod:IllyaUncommonAttack","PrismaMod:IllyaUncommonDefend+1","PrismaMod:IllyaGrail","PrismaMod:IllyaInstallAssassin","PrismaMod:IllyaCheapAttack","PrismaMod:IllyaUncommonAOEAttack","PrismaMod:IllyaMaid+1","PrismaMod:IllyaGrailKun+1","PrismaMod:IllyaMinorReinForce+1","PrismaMod:IllyaRussianRoulette","PrismaMod:IllyaCheapChannelPoison","Carnage","PrismaMod:IllyaHassanGift"],"relics":["PrismaMod:PrismaRuby","AT_ATBox","REME_ComplimentaryCards","reliquary:Stiletto","Replay:Rubber Ducky","Gremlin Food","AT_RedNoBalance","Astrolabe"],"acts_visited":["Exordium","Gensokyo:Gensokyoer"],"potions_floor_usage":[22],"damage_taken":[{"damage":0.0,"enemies":"Cultist","floor":1.0,"turns":4.0},{"damage":0.0,"enemies":"2 Louse","floor":4.0,"turns":4.0},{"damage":11.0,"enemies":"Jaw Worm","floor":5.0,"turns":5.0},{"damage":0.0,"enemies":"Exordium Thugs","floor":7.0,"turns":4.0},{"damage":13.0,"enemies":"Lagavulin Event","floor":8.0,"turns":8.0},{"damage":0.0,"enemies":"3 Louse","floor":12.0,"turns":4.0},{"damage":0.0,"enemies":"3 Sentries","floor":14.0,"turns":9.0},{"damage":11.0,"enemies":"Hexaghost","floor":16.0,"turns":6.0},{"damage":25,"enemies":"Gensokyo:3_Dogs","floor":18,"turns":7},{"damage":6,"enemies":"Gensokyo:AngelMirror","floor":20,"turns":3},{"damage":0,"enemies":"Gensokyo:Wraith","floor":22,"turns":5},{"damage":8,"enemies":"Gensokyo:Tenshi","floor":23,"turns":1}],"seed_played":"-1268010160622696990","potions_obtained":[{"floor":1.0,"key":"SteroidPotion"},{"floor":4.0,"key":"Dexterity Potion"},{"floor":14.0,"key":"Ancient Potion"},{"floor":18,"key":"AttackPotion"},{"floor":22,"key":"REME_GoldPotion"}],"is_trial":false,"path_per_floor":["M","?","?","M","M","R","M","?","T","T","$","M","R","E","R","B",null,"M","?","M","?","M","E"],"character_chosen":"ILLYA","items_purchased":["PrismaMod:IllyaInstallAssassin"],"campfire_rested":0,"item_purchase_floors":[11],"current_hp_per_floor":[75,75,75,75,64,64,64,51,51,51,51,51,51,51,51,26,75,12,12,6,6,6,0,0],"gold":204,"neow_bonus":"RANDOM_EVENT","is_daily":false,"chose_seed":false,"campfire_upgraded":1,"win_rate":0.0,"timestamp":1612278881,"path_taken":["M","?","?","?","M","R","M","?","T","?","$","M","R","E","R","BOSS","M","?","?","?","M","E"],"items_purchased_type":["Card"],"build_version":"2020-12-22","purchased_purges":1,"victory":false,"max_hp_per_floor":[75,75,75,75,75,75,75,75,75,75,75,75,75,75,75,75,75,75,75,75,75,75,75,75],"card_choices":[{"not_picked":["PrismaMod:IllyaUncommonEvoke","PrismaMod:IllyaAOECommonAttack","PrismaMod:IllyaTestament"],"picked":"SKIP","floor":1.0},{"not_picked":["PrismaMod:IllyaCheapChannelAttack","PrismaMod:IllyaCommonEvoke","PrismaMod:IllyaUberDefendChannel"],"picked":"SKIP","floor":4.0},{"not_picked":["PrismaMod:IllyaAOECommonAttack","PrismaMod:IllyaMinorZwei"],"picked":"PrismaMod:IllyaGrail","floor":5.0},{"not_picked":["PrismaMod:IllyaBride","PrismaMod:IllyaDevil","PrismaMod:IllyaCommandSeal"],"picked":"SKIP","floor":7.0},{"not_picked":["PrismaMod:IllyaRapidFire","PrismaMod:IllyaMinorZwei"],"picked":"PrismaMod:IllyaCheapAttack","floor":12.0},{"not_picked":["PrismaMod:IllyaCommonEvoke","PrismaMod:IllyaCheapDefend"],"picked":"PrismaMod:IllyaUncommonAOEAttack","floor":14.0},{"not_picked":["PrismaMod:IllyaPartialInstallAssassin","PrismaMod:IllyaUpgradeOrbs"],"picked":"PrismaMod:IllyaRussianRoulette","floor":18},{"not_picked":["PrismaMod:IllyaUncommonAttack","PrismaMod:IllyaBlindPoisonToss+1"],"picked":"PrismaMod:IllyaCheapChannelPoison","floor":20},{"not_picked":["PrismaMod:IllyaCheapChannelDefend+1","PrismaMod:IllyaMinorZwei+1"],"picked":"PrismaMod:IllyaHassanGift","floor":22}],"player_experience":42730,"relics_obtained":[{"floor":8.0,"key":"reliquary:Stiletto"},{"floor":9.0,"key":"Replay:Rubber Ducky"},{"floor":14.0,"key":"Gremlin Food"},{"floor":15.0,"key":"AT_SilverBalance"}],"event_choices":[{"cards_removed":["PrismaMod:IllyaCommonAttack"],"damage_healed":0.0,"max_hp_gain":0.0,"max_hp_loss":0.0,"gold_gain":0.0,"event_name":"Living Wall","player_choice":"Forget","floor":0.0,"gold_loss":0.0,"damage_taken":0.0},{"cards_removed":["PrismaMod:IllyaCommonDefend"],"damage_healed":0.0,"max_hp_gain":0.0,"max_hp_loss":0.0,"gold_gain":0.0,"event_name":"The Cleric","player_choice":"Card Removal","floor":2.0,"gold_loss":50.0,"damage_taken":0.0},{"damage_healed":0.0,"max_hp_gain":0.0,"max_hp_loss":0.0,"gold_gain":0.0,"event_name":"The Woman in Blue","player_choice":"Bought 0 Potions","floor":3.0,"gold_loss":0.0,"damage_taken":0.0},{"damage_healed":0.0,"max_hp_gain":0.0,"max_hp_loss":0.0,"gold_gain":30.0,"event_name":"Dead Adventurer","player_choice":"Searched \u00272\u0027 times","floor":8.0,"gold_loss":0.0,"damage_taken":0.0}],"is_beta":false,"boss_relics":[{"not_picked":["Coffee Dripper","reliquary:Craggleroot"],"picked":"Astrolabe"}],"items_purged_floors":[11],"is_endless":false,"potions_floor_spawned":[1,4,14,16,18,22],"killed_by":"Gensokyo:Tenshi","ascension_level":1}}