{"host":"uc8wz0q199a7d901","time":1612234269,"event":{"mods":["2.2 Compatiblity","BaseMod","Colored Map","DeckTracker","Highlight Path","Minty Spire (QoL Compilation)","Permanent Neow","Quick Restart","SuperFastMode"],"gold_per_floor":[114,129,144,159,122,152,152,227,227,242,15,30,45,45,45,145,145,160,160,75,90,190,190,190,190,190],"floor_reached":25,"language":"KOR","playtime":744,"items_purged":["Strike_R"],"score":223,"play_id":"85a47f8b-d242-4db2-9003-5bbc130285a7","local_time":"20210202115109","daily_mods":["Chimera","Blue Cards","Binary"],"is_ascension_mode":false,"campfire_choices":[{"data":"Chaos","floor":7.0,"key":"SMITH"},{"data":"Capacitor","floor":15.0,"key":"SMITH"},{"data":"Seeing Red","floor":24,"key":"SMITH"}],"circlet_count":0,"master_deck":["Bash","Survivor","Zap","Eruption","Strike_G","Strike_B","Defend_R","Defend_G","Defend_P","Flame Barrier","Coolheaded","Dual Wield","Chaos+1","Rebound","Seeing Red+1","Capacitor+1","Power Through","Amplify","Flex"],"relics":["Burning Blood","Kunai","Matryoshka","Pantograph","Black Star","Pen Nib"],"acts_visited":["Exordium","TheCity"],"potions_floor_usage":[16,23],"damage_taken":[{"damage":1.0,"enemies":"Cultist","floor":1.0,"turns":3.0},{"damage":5.0,"enemies":"Small Slimes","floor":2.0,"turns":4.0},{"damage":2.0,"enemies":"2 Louse","floor":3.0,"turns":3.0},{"damage":7.0,"enemies":"Blue Slaver","floor":4.0,"turns":5.0},{"damage":27.0,"enemies":"Lagavulin","floor":6.0,"turns":9.0},{"damage":8.0,"enemies":"Looter","floor":10.0,"turns":4.0},{"damage":20.0,"enemies":"Exordium Thugs","floor":12.0,"turns":6.0},{"damage":6.0,"enemies":"Exordium Wildlife","floor":13.0,"turns":7.0},{"damage":46,"enemies":"Slime Boss","floor":16,"turns":12},{"damage":19,"enemies":"Chosen","floor":18,"turns":7},{"damage":25,"enemies":"Shell Parasite","floor":21,"turns":10},{"damage":0,"enemies":"Gremlin Leader","floor":23,"turns":2},{"damage":29,"enemies":"Snake Plant","floor":25,"turns":4}],"seed_played":"-9070903199233054170","potions_obtained":[{"floor":1.0,"key":"GamblersBrew"},{"floor":2.0,"key":"SmokeBomb"},{"floor":4.0,"key":"FearPotion"},{"floor":18,"key":"SteroidPotion"}],"is_trial":false,"path_per_floor":["M","M","M","M","$","E","R","?","T","M","$","M","M","?","R","B",null,"M","?","?","M","?","E","R","M"],"character_chosen":"IRONCLAD","items_purchased":["Chaos","Capacitor","Power Through"],"campfire_rested":0,"item_purchase_floors":[5,11,11],"current_hp_per_floor":[80,80,80,79,79,58,58,47,47,45,45,31,31,24,24,9,80,67,67,67,48,48,54,54,25,25],"gold":190,"neow_bonus":"","is_daily":true,"chose_seed":false,"campfire_upgraded":3,"win_rate":0.0,"timestamp":1612234269,"path_taken":["M","M","?","M","$","E","R","?","T","M","$","M","M","?","R","BOSS","M","?","?","M","?","E","R","?"],"items_purchased_type":["Card","Card","Card"],"build_version":"2020-12-22","purchased_purges":1,"victory":false,"max_hp_per_floor":[80,80,80,80,80,80,80,80,80,80,80,80,80,80,80,80,80,80,80,80,80,80,80,80,80,80],"card_choices":[{"not_picked":["Clothesline"],"picked":"Flame Barrier","floor":1.0},{"not_picked":["Go for the Eyes","Redo"],"picked":"SKIP","floor":2.0},{"not_picked":["Iron Wave"],"picked":"Coolheaded","floor":3.0},{"not_picked":["Cold Snap"],"picked":"Dual Wield","floor":4.0},{"not_picked":["True Grit","Rebound"],"picked":"SKIP","floor":6.0},{"not_picked":["True Grit"],"picked":"Rebound","floor":6.0},{"not_picked":["Uppercut"],"picked":"Seeing Red","floor":10.0},{"not_picked":["Sentinel","Rampage"],"picked":"SKIP","floor":12.0},{"not_picked":["Iron Wave","Beam Cell"],"picked":"SKIP","floor":13.0},{"not_picked":["Limit Break"],"picked":"Amplify","floor":16},{"not_picked":["Clash","Havoc"],"picked":"SKIP","floor":18},{"not_picked":["Clothesline"],"picked":"Flex","floor":21}],"player_experience":710544,"relics_obtained":[{"floor":6.0,"key":"Kunai"},{"floor":9.0,"key":"Matryoshka"}],"event_choices":[{"damage_healed":0.0,"max_hp_gain":0.0,"max_hp_loss":0.0,"gold_gain":75.0,"event_name":"World of Goop","player_choice":"Gather Gold","floor":8.0,"gold_loss":0.0,"damage_taken":11.0},{"damage_healed":0.0,"max_hp_gain":0.0,"max_hp_loss":0.0,"gold_gain":0.0,"event_name":"Scrap Ooze","player_choice":"Success","floor":14.0,"gold_loss":0.0,"damage_taken":7.0,"relics_obtained":["Pantograph"]},{"damage_healed":0,"gold_gain":0,"player_choice":"Ignored","damage_taken":0,"max_hp_gain":0,"max_hp_loss":0,"event_name":"Vampires","floor":19,"gold_loss":0},{"damage_healed":0,"gold_gain":0,"player_choice":"Obtained Relic","damage_taken":0,"relics_obtained":["Pen Nib"],"max_hp_gain":0,"max_hp_loss":0,"event_name":"Addict","floor":20,"gold_loss":85},{"damage_healed":0,"gold_gain":100,"player_choice":"Pray","damage_taken":0,"max_hp_gain":0,"max_hp_loss":0,"event_name":"Golden Shrine","floor":22,"gold_loss":0}],"is_beta":false,"boss_relics":[{"not_picked":["Busted Crown","SlaversCollar"],"picked":"Black Star"}],"items_purged_floors":[11],"is_endless":false,"potions_floor_spawned":[1,2,4,18,23],"killed_by":"Snake Plant","ascension_level":0}}