{"host":"t179ovrkr5k1gnfh","time":1612294212,"event":{"mods":["AchievementEnabler","BaseMod","BetterRewards","Colored Map","Downfall","Minty Spire (QoL Compilation)","StSLib"],"gold_per_floor":[111,126,141,72,147,147,172,172,218,247,247,265,2,57,57,155,155,173,190,289,300,300,300,316,316,340,340,373,373,402,402,402,498,498,518,518,568,422,644,675,675,675,721,721,771,797,402,413,413,413,413,413,1,33,33],"floor_reached":56,"language":"ENG","playtime":4626,"items_purged":["Slimebound:Defend_Slimebound","Slimebound:Tackle","Slimebound:Defend_Slimebound"],"score":1830,"play_id":"7292133b-c3bf-4156-b7c5-dc79ace6b637","local_time":"20210202203012","is_ascension_mode":true,"campfire_choices":[{"data":"Slimebound:Split","floor":6.0,"key":"SMITH"},{"floor":15.0,"key":"REST"},{"data":"Slimebound:MassFeed","floor":23.0,"key":"SMITH"},{"data":"Slimebound:OneTwoCombo","floor":25.0,"key":"SMITH"},{"floor":29.0,"key":"REST"},{"floor":32.0,"key":"REST"},{"floor":49.0,"key":"RECALL"},{"data":"Slimebound:CorrosiveSpit","floor":52.0,"key":"SMITH"}],"circlet_count":0,"master_deck":["AscendersBane","Slimebound:Strike_Slimebound","Slimebound:Strike_Slimebound","Slimebound:Defend_Slimebound","Slimebound:Split+1","Slimebound:CorrosiveSpit+1","Slimebound:SplitBruiser","Slimebound:MegaLick","Slimebound:GrowthPunch","Slimebound:Gluttony","Slimebound:Nibble","Slimebound:SlimeTap","Slimebound:OneTwoCombo+1","Slimebound:SplitLeeching","Slimebound:SpikyOuterGoop","Slimebound:Schlurp","Slimebound:MassFeed+1","Slimebound:SpikyOuterGoop","Slimebound:LeechEnergy","Slimebound:MassRepurpose","Slimebound:SlimeTap","Slimebound:SpikyOuterGoop+1","Slimebound:LeadByExample","Slimebound:LeechEnergy+1","Slimebound:Prepare+1","Slimebound:TagTeam","Slimebound:FormOfPuddle+1"],"relics":["Slimebound:AbsorbEndCombat","Ice Cream","Juzu Bracelet","Slimebound:AggressiveSlimeRelic","Dream Catcher","Bag of Marbles","SlaversCollar","Red Mask","Kunai","Enchiridion","Runic Pyramid","CaptainsWheel","Ornamental Fan","Happy Flower","Singing Bowl","Calipers","Pear","Anchor","Blood Vial","Centennial Puzzle","Bag of Preparation"],"acts_visited":["Exordium","TheCity","TheBeyond","TheEnding"],"potions_floor_usage":[],"damage_taken":[{"damage":1.0,"enemies":"Cultist","floor":1.0,"turns":4.0},{"damage":0.0,"enemies":"Small Slimes","floor":2.0,"turns":3.0},{"damage":0.0,"enemies":"2 Louse","floor":3.0,"turns":2.0},{"damage":21.0,"enemies":"Gremlin Nob","floor":7.0,"turns":4.0},{"damage":24.0,"enemies":"3 Sentries","floor":10.0,"turns":6.0},{"damage":6.0,"enemies":"Looter","floor":12.0,"turns":3.0},{"damage":41.0,"enemies":"Slime Boss","floor":16.0,"turns":8.0},{"damage":17.0,"enemies":"Shell Parasite","floor":18.0,"turns":5.0},{"damage":16.0,"enemies":"Spheric Guardian","floor":19.0,"turns":6.0},{"damage":0.0,"enemies":"3 Cultists","floor":21.0,"turns":4.0},{"damage":26.0,"enemies":"Snake Plant","floor":24.0,"turns":5.0},{"damage":25.0,"enemies":"Masked Bandits","floor":28.0,"turns":3.0},{"damage":11.0,"enemies":"Book of Stabbing","floor":30.0,"turns":5.0},{"damage":25.0,"enemies":"Champ","floor":33.0,"turns":10.0},{"damage":25.0,"enemies":"3 Darklings","floor":35.0,"turns":4.0},{"damage":0.0,"enemies":"Mind Bloom Boss Battle","floor":37.0,"turns":5.0},{"damage":0.0,"enemies":"Giant Head","floor":40.0,"turns":6.0},{"damage":18.0,"enemies":"Giant Head","floor":41.0,"turns":4.0},{"damage":10.0,"enemies":"2 Orb Walkers","floor":45.0,"turns":4.0},{"damage":37.0,"enemies":"Reptomancer","floor":46.0,"turns":6.0},{"damage":0.0,"enemies":"3 Shapes","floor":48.0,"turns":3.0},{"damage":8.0,"enemies":"Donu and Deca","floor":50.0,"turns":10.0},{"damage":40,"enemies":"Shield and Spear","floor":54,"turns":5},{"damage":20,"enemies":"The Heart","floor":55,"turns":11}],"seed_played":"176653450159217972","potions_obtained":[{"floor":2.0,"key":"DistilledChaos"},{"floor":7.0,"key":"SpeedPotion"},{"floor":19.0,"key":"PowerPotion"},{"floor":24.0,"key":"PowerPotion"},{"floor":28.0,"key":"SpeedPotion"},{"floor":35.0,"key":"BlessingOfTheForge"},{"floor":37.0,"key":"Dexterity Potion"},{"floor":48.0,"key":"DuplicationPotion"},{"floor":54,"key":"GamblersBrew"}],"is_trial":false,"path_per_floor":["M","M","M","$","?","R","E","?","T","E","?","M","$","T","R","B",null,"M","M","?","M","?","R","M","R","T","?","?","R","E","?","R","B",null,"M","?","?","$","?","E","?","?","T","T","?","E","$","M","R","B",null,"R","$","E","B",null],"character_chosen":"SLIMEBOUND","items_purchased":["Slimebound:GrowthPunch","Slimebound:OneTwoCombo","Slimebound:SplitLeeching","Slimebound:SpikyOuterGoop","Slimebound:LeadByExample","Anchor","Blood Vial","Slimebound:TagTeam","Centennial Puzzle"],"campfire_rested":3,"item_purchase_floors":[4,13,13,13,38,47,47,53,53],"current_hp_per_floor":[49,53,57,57,57,57,42,42,42,26,26,26,26,26,45,12,52,46,41,41,52,52,52,34,34,34,20,22,46,47,31,57,40,75,62,62,74,74,74,86,80,80,80,80,82,67,67,85,85,87,120,120,120,94,84],"gold":33,"neow_bonus":"ONE_RARE_RELIC","is_daily":false,"chose_seed":false,"campfire_upgraded":4,"win_rate":0.0,"timestamp":1612294212,"path_taken":["M","?","M","?","?","R","E","?","T","E","?","M","$","?","R","BOSS","M","M","?","M","?","R","M","R","T","?","?","R","E","?","R","BOSS","M","?","?","$","?","E","?","?","T","?","?","E","$","M","R","BOSS","R","$","E","BOSS"],"items_purchased_type":["Card","Card","Card","Card","Card","Relic","Relic","Card","Relic"],"build_version":"2020-12-22","purchased_purges":3,"victory":true,"max_hp_per_floor":[65,65,65,65,65,65,65,65,65,65,65,65,65,65,65,65,65,68,71,71,74,74,74,74,74,74,79,83,83,87,87,87,87,87,91,91,95,95,95,99,103,103,103,103,107,121,121,131,131,131,131,131,131,135,135],"card_choices":[{"not_picked":["Slimebound:SlimeSpikes","Slimebound:FinishingTackle"],"picked":"Slimebound:SplitBruiser","floor":1.0},{"not_picked":["Slimebound:HauntingLick","Slimebound:GoopTackle"],"picked":"Slimebound:MegaLick","floor":2.0},{"not_picked":["Slimebound:FlameTackle","Slimebound:SamplingLick","Slimebound:LeechingTouch"],"picked":"SKIP","floor":3.0},{"not_picked":["Slimebound:ItLooksTasty","Slimebound:Darklings","Slimebound:FinishingTackle"],"picked":"SKIP","floor":7.0},{"not_picked":["Slimebound:RainOfGoop","Slimebound:Prepare"],"picked":"Slimebound:Nibble","floor":10.0},{"not_picked":["Slimebound:SplitBruiser","Slimebound:PressTheAttack"],"picked":"Slimebound:SlimeTap","floor":12.0},{"not_picked":["Slimebound:HauntingLick","Slimebound:GrowthPunch"],"picked":"Slimebound:Schlurp","floor":15.0},{"not_picked":["Slimebound:DouseInSlime","Slimebound:OozeBath"],"picked":"Slimebound:MassFeed","floor":16.0},{"not_picked":["Slimebound:GoopTackle","Slimebound:PressTheAttack"],"picked":"Slimebound:SpikyOuterGoop","floor":18.0},{"not_picked":["Slimebound:SplitLeeching","Slimebound:SplitBruiser","Slimebound:SamplingLick"],"picked":"SKIP","floor":19.0},{"not_picked":["Slimebound:AcidTongue","Slimebound:RollThrough","Slimebound:ProtectTheBoss"],"picked":"SKIP","floor":21.0},{"not_picked":["Slimebound:GoopSpray","Slimebound:PressTheAttack"],"picked":"Slimebound:LeechEnergy","floor":24.0},{"not_picked":["Slimebound:HungryTackle","Slimebound:PressTheAttack+1"],"picked":"Slimebound:MassRepurpose","floor":29.0},{"not_picked":["Slimebound:Gluttony","Slimebound:MegaLick","Slimebound:Schlurp"],"picked":"SKIP","floor":30.0},{"not_picked":["Slimebound:SplitSpecialist","Slimebound:Dissolve"],"picked":"Slimebound:SlimeTap","floor":32.0},{"not_picked":["Slimebound:SplitAcid","Slimebound:Replication","Slimebound:FinishingTackle"],"picked":"SKIP","floor":35.0},{"not_picked":["Slimebound:SplitLeeching","Slimebound:ComboTackle"],"picked":"Slimebound:SpikyOuterGoop+1","floor":37.0},{"not_picked":["Slimebound:FirmFortitude","Slimebound:GoopSpray","Slimebound:Schlurp+1"],"picked":"SKIP","floor":40.0},{"not_picked":["Slimebound:Grow","Slimebound:SplitLeeching"],"picked":"Slimebound:LeechEnergy+1","floor":45.0},{"not_picked":["Slimebound:Dissolve+1","Slimebound:Chomp"],"picked":"Slimebound:Prepare+1","floor":46.0},{"not_picked":["Slimebound:LevelUp","Slimebound:GoopSpray+1","Slimebound:DisruptingSlam"],"picked":"Singing Bowl","floor":48.0},{"not_picked":["Slimebound:FlameTackle","Slimebound:ViciousTackle"],"picked":"Slimebound:FormOfPuddle+1","floor":54}],"player_experience":266371,"relics_obtained":[{"floor":7.0,"key":"Juzu Bracelet"},{"floor":9.0,"key":"Slimebound:AggressiveSlimeRelic"},{"floor":10.0,"key":"Dream Catcher"},{"floor":14.0,"key":"Bag of Marbles"},{"floor":28.0,"key":"Red Mask"},{"floor":30.0,"key":"Kunai"},{"floor":31.0,"key":"Enchiridion"},{"floor":37.0,"key":"CaptainsWheel"},{"floor":40.0,"key":"Ornamental Fan"},{"floor":43.0,"key":"Happy Flower"},{"floor":44.0,"key":"Singing Bowl"},{"floor":45.0,"key":"Calipers"},{"floor":46.0,"key":"Pear"},{"floor":54,"key":"Bag of Preparation"}],"event_choices":[{"damage_healed":0.0,"max_hp_gain":0.0,"max_hp_loss":0.0,"gold_gain":0.0,"event_name":"Match and Keep!","player_choice":"1 cards matched","floor":8.0,"gold_loss":0.0,"damage_taken":0.0,"cards_obtained":["Slimebound:Gluttony"]},{"cards_removed":["Slimebound:Defend_Slimebound"],"damage_healed":0.0,"max_hp_gain":0.0,"max_hp_loss":0.0,"gold_gain":0.0,"event_name":"Purifier","player_choice":"Purged","floor":11.0,"gold_loss":0.0,"damage_taken":0.0},{"damage_healed":0.0,"max_hp_gain":0.0,"max_hp_loss":0.0,"gold_gain":99.0,"event_name":"Nest","player_choice":"Stole From Cult","floor":20.0,"gold_loss":0.0,"damage_taken":0.0},{"damage_healed":0.0,"max_hp_gain":0.0,"max_hp_loss":0.0,"gold_gain":0.0,"event_name":"Ghosts","player_choice":"Ignored","floor":22.0,"gold_loss":0.0,"damage_taken":0.0},{"damage_healed":0.0,"max_hp_gain":5.0,"max_hp_loss":0.0,"gold_gain":0.0,"event_name":"Forgotten Altar","player_choice":"Shed Blood","floor":27.0,"gold_loss":0.0,"damage_taken":19.0},{"damage_healed":0.0,"max_hp_gain":0.0,"max_hp_loss":0.0,"gold_gain":0.0,"event_name":"Masked Bandits","player_choice":"Fought Bandits","floor":28.0,"gold_loss":0.0,"damage_taken":0.0},{"damage_healed":0.0,"max_hp_gain":0.0,"max_hp_loss":0.0,"gold_gain":0.0,"event_name":"Cursed Tome","player_choice":"Obtained Book","floor":31.0,"gold_loss":0.0,"damage_taken":16.0},{"cards_removed":["Slimebound:Strike_Slimebound"],"damage_healed":0.0,"max_hp_gain":0.0,"max_hp_loss":0.0,"gold_gain":0.0,"event_name":"Falling","player_choice":"Removed Attack","floor":36.0,"gold_loss":0.0,"damage_taken":0.0},{"damage_healed":0.0,"max_hp_gain":0.0,"max_hp_loss":0.0,"gold_gain":0.0,"event_name":"MindBloom","player_choice":"Fight","floor":37.0,"gold_loss":0.0,"damage_taken":0.0},{"damage_healed":0.0,"max_hp_gain":0.0,"max_hp_loss":0.0,"gold_gain":222.0,"event_name":"Tomb of Lord Red Mask","player_choice":"Wore Mask","floor":39.0,"gold_loss":0.0,"damage_taken":0.0},{"damage_healed":0.0,"max_hp_gain":0.0,"max_hp_loss":0.0,"gold_gain":0.0,"event_name":"SensoryStone","player_choice":"Memory 1","floor":42.0,"gold_loss":0.0,"damage_taken":0.0},{"damage_healed":0.0,"max_hp_gain":0.0,"max_hp_loss":0.0,"gold_gain":0.0,"event_name":"Mysterious Sphere","player_choice":"Fight","floor":45.0,"gold_loss":0.0,"damage_taken":0.0}],"is_beta":false,"boss_relics":[{"not_picked":["Snecko Eye","Fusion Hammer"],"picked":"SlaversCollar"},{"not_picked":["Coffee Dripper","Philosopher\u0027s Stone"],"picked":"Runic Pyramid"}],"items_purged_floors":[38,47,53],"is_endless":false,"potions_floor_spawned":[2,7,19,24,28,35,37,48,54],"ascension_level":12}}