{"host":"qqj8xvc6rh6p9rdh","time":1612286177,"event":{"mods":["Act Like it!","BaseMod","DNKmod","Friendly Minions","Hubris","Minty Spire (QoL Compilation)","Small Relic Pack","StSLib","The Animator"],"gold_per_floor":[1210,868,868,312,337,363,363,403,449,483,483,483,483,503,503,575,575,589,464,480,504,522,557,557,582,606,637,656,656,606,620,620,717,717,730,782,800,690,704,731,747,747,773,796,669,684,341,351,351,351,351,351,351,624,674,729,729,109,109,109,109],"floor_reached":60,"language":"ENG","playtime":4340,"items_purged":["animator:Kaijin","animator:Strike","animator:Defend","animator:Verdia","animator:LeleiLaLalena"],"score":2462,"play_id":"92cbc6f0-f2bb-4c95-9d42-533fef0ebdba","local_time":"20210203011617","is_ascension_mode":true,"campfire_choices":[{"data":"animator:QuestionMark","floor":7,"key":"SMITH"},{"data":"animator:GazelDwargon","floor":15,"key":"SMITH"},{"data":"animator:Hans","floor":24,"key":"SMITH"},{"floor":32,"key":"RECALL"},{"data":"animator:ItamiYouji","floor":49,"key":"SMITH"},{"floor":53,"key":"REST"},{"floor":59,"key":"REST"}],"circlet_count":0,"master_deck":["AscendersBane","animator:Defend_GATE+1","animator:Defend+1","animator:TukaLunaMarceau+1","animator:Kuribayashi+1","animator:QuestionMark+1","animator:PandorasActor+1","animator:Arpeggio+1","animator:Bozes+1","animator:GazelDwargon+1","animator:Hans+1","animator:LeleiLaLalena+1","animator:Tyuule+1","animator:RoryMercury+1","animator:ItamiYouji+1","animator:Vesta+1","animator:Pride+1","animator:Arpeggio+1","animator:Archer+1","animator:Arpeggio+1","animator:Archer+1","animator:Kira+1","animator:Hans+1"],"relics":["animator:TheEgnaroPiece","animator:AncientMedallion"],"acts_visited":["Exordium","TheCity","TheBeyond","TheEnding","EYB:TheUnnamedReign"],"potions_floor_usage":[27,40,41,56,60],"damage_taken":[{"damage":0,"enemies":"2 Louse","floor":1,"turns":3},{"damage":0,"enemies":"Cultist","floor":5,"turns":4},{"damage":13,"enemies":"3 Sentries","floor":6,"turns":13},{"damage":43,"enemies":"Gremlin Nob","floor":8,"turns":5},{"damage":11,"enemies":"3 Sentries","floor":10,"turns":13},{"damage":0,"enemies":"Jaw Worm","floor":14,"turns":4},{"damage":0,"enemies":"The Guardian","floor":16,"turns":16},{"damage":0,"enemies":"3 Byrds","floor":18,"turns":3},{"damage":0,"enemies":"2 Thieves","floor":20,"turns":4},{"damage":0,"enemies":"Snecko","floor":21,"turns":4},{"damage":15,"enemies":"Cultist and Chosen","floor":22,"turns":5},{"damage":2,"enemies":"animator:HornedBat","floor":23,"turns":5},{"damage":0,"enemies":"Gremlin Leader","floor":25,"turns":7},{"damage":0,"enemies":"animator:HornedBat","floor":27,"turns":5},{"damage":6,"enemies":"Snake Plant","floor":28,"turns":3},{"damage":5,"enemies":"Centurion and Healer","floor":31,"turns":5},{"damage":0,"enemies":"Automaton","floor":33,"turns":8},{"damage":15,"enemies":"3 Darklings","floor":35,"turns":4},{"damage":13,"enemies":"2 Orb Walkers","floor":36,"turns":6},{"damage":6,"enemies":"Orb Walker","floor":37,"turns":4},{"damage":12,"enemies":"Maw","floor":39,"turns":6},{"damage":1,"enemies":"Nemesis","floor":40,"turns":5},{"damage":0,"enemies":"Writhing Mass","floor":41,"turns":4},{"damage":0,"enemies":"Sphere and 2 Shapes","floor":44,"turns":5},{"damage":11,"enemies":"4 Shapes","floor":46,"turns":6},{"damage":8,"enemies":"3 Darklings","floor":48,"turns":4},{"damage":0,"enemies":"hubris:GrandSnecko","floor":50,"turns":8},{"damage":5,"enemies":"Donu and Deca","floor":51,"turns":10},{"damage":10,"enemies":"animator:UNNAMED_CULTIST_1","floor":55,"turns":6},{"damage":9,"enemies":"animator:TRIPLE_SHAPES_WEAK","floor":56,"turns":7},{"damage":100,"enemies":"animator:LARGE_WISP","floor":60,"turns":4}],"seed_played":"4035214415693172291","potions_obtained":[{"floor":6,"key":"Energy Potion"},{"floor":14,"key":"Energy Potion"},{"floor":16,"key":"AttackPotion"},{"floor":18,"key":"SpeedPotion"},{"floor":20,"key":"EssenceOfSteel"},{"floor":37,"key":"Regen Potion"},{"floor":40,"key":"Weak Potion"},{"floor":41,"key":"Regen Potion"},{"floor":44,"key":"DuplicationPotion"},{"floor":55,"key":"animator:FalseLifePotion"},{"floor":56,"key":"animator:FalseLifePotion"}],"is_trial":false,"path_per_floor":["M","$","?","$","M","E","R","E","T","E","?","?","?","M","R","B",null,"M","$","M","M","M","E","R","E","T","E","M","?","?","M","R","B",null,"M","?","M","?","M","E","M","?","T","M","$","M","$","M","R","B","B",null,"R","??","M","M","T","?","R","M"],"character_chosen":"THE_ANIMATOR","items_purchased":["hubris:CrystalStatue","animator:QuestionMark","animator:LeleiLaLalena","Matryoshka","animator:Arpeggio","animator:Archer","animator:Kira"],"campfire_rested":2,"item_purchase_floors":[2,4,4,4,45,47,47],"current_hp_per_floor":[500,500,500,500,500,487,487,444,444,434,434,434,434,434,434,434,484,484,484,484,484,469,467,467,468,468,468,462,462,462,457,457,457,491,476,463,457,457,445,459,459,459,459,459,459,448,448,440,440,440,435,485,502,91,81,88,88,88,91,0,0],"gold":109,"neow_bonus":"TRANSFORM_CARD","is_daily":false,"chose_seed":false,"campfire_upgraded":4,"win_rate":0.0,"timestamp":1612286177,"path_taken":["M","$","?","?","?","E","R","E","T","E","?","?","?","M","R","BOSS","M","$","M","M","M","E","R","E","T","E","M","?","?","M","R","BOSS","M","?","M","?","M","E","M","?","T","M","$","M","$","M","R","BOSS","BOSS","R","??","M","M","T","?","R","M"],"items_purchased_type":["Relic","Card","Card","Relic","Card","Card","Card"],"build_version":"2020-12-22","purchased_purges":5,"victory":false,"max_hp_per_floor":[500,500,500,500,500,500,500,500,500,501,501,501,501,501,501,501,501,501,501,501,501,501,501,501,502,502,502,502,502,502,502,502,502,502,502,502,502,502,502,502,502,502,502,502,502,502,502,502,502,502,502,502,502,91,91,91,91,91,91,91,91],"card_choices":[{"not_picked":["animator:Entoma","animator:Evileye","animator:Shuna"],"picked":"SKIP","floor":1},{"not_picked":["animator:Darkness","animator:Demiurge"],"picked":"animator:PandorasActor","floor":5},{"not_picked":["animator:Gluttony","animator:Pride","animator:Illya"],"picked":"SKIP","floor":6},{"not_picked":["animator:Tyuule","animator:TukaLunaMarceau"],"picked":"animator:Arpeggio","floor":8},{"not_picked":["animator:Mitsurugi","animator:Megumin"],"picked":"animator:Bozes","floor":10},{"not_picked":["animator:Shinoa","animator:Evileye"],"picked":"animator:GazelDwargon","floor":14},{"not_picked":["animator:Shizu","animator:Saber"],"picked":"animator:Hans","floor":16},{"not_picked":["animator:Kuribayashi","animator:Shalltear","animator:Caster"],"picked":"SKIP","floor":18},{"not_picked":["animator:Bozes","animator:Kuribayashi"],"picked":"animator:LeleiLaLalena","floor":20},{"not_picked":["animator:ElricAlphonse","animator:Illya"],"picked":"animator:Tyuule","floor":21},{"not_picked":["animator:Assassin","animator:Envy","animator:TukaLunaMarceau"],"picked":"SKIP","floor":22},{"not_picked":["animator:Millim","animator:Shigure+1","animator:KrulTepes"],"picked":"SKIP","floor":23},{"not_picked":["animator:YaoHaDucy","animator:TukaLunaMarceau"],"picked":"animator:RoryMercury","floor":25},{"not_picked":["animator:Mitsurugi","animator:ShinjiMatou","animator:Scar"],"picked":"SKIP","floor":27},{"not_picked":["animator:Benimaru+1","animator:Vanir"],"picked":"animator:Verdia","floor":28},{"not_picked":["animator:Vesta","animator:PandorasActor+1","animator:Bozes+1"],"picked":"SKIP","floor":31},{"not_picked":["animator:Father","animator:Greed"],"picked":"animator:ItamiYouji","floor":33},{"not_picked":["animator:Benimaru","animator:Hakurou"],"picked":"animator:Vesta+1","floor":36},{"not_picked":["animator:ElricAlphonse","animator:ShinjiMatou"],"picked":"animator:Pride+1","floor":37},{"not_picked":["animator:SakuraMatou","animator:Verdia+1","animator:Illya+1"],"picked":"SKIP","floor":39},{"not_picked":["animator:Souei+1","animator:Shion","animator:CrowleyEusford"],"picked":"SKIP","floor":40},{"not_picked":["animator:Tyuule","animator:RoryMercury","animator:Bozes"],"picked":"animator:Arpeggio","floor":41},{"not_picked":["animator:WinryRockbell+1","animator:Kazuma+1","animator:Millim"],"picked":"animator:Archer","floor":44},{"not_picked":["animator:Berserker+1","animator:Kuribayashi","animator:Millim","animator:Cocytus"],"picked":"SKIP","floor":46},{"not_picked":["animator:Benimaru","animator:LeleiLaLalena","animator:ElricAlphonse+1","animator:Yoichi"],"picked":"SKIP","floor":48},{"not_picked":["animator:Cocytus","animator:Archer","animator:TukaLunaMarceau"],"picked":"animator:Hans","floor":53},{"not_picked":["animator:Mitsurugi","animator:Shigure+1","animator:Megumin+1"],"picked":"SKIP","floor":55},{"not_picked":["animator:Darkness","animator:Rider","animator:Shinoa"],"picked":"SKIP","floor":56}],"player_experience":802699,"relics_obtained":[{"floor":6,"key":"Omamori"},{"floor":8,"key":"Red Skull"},{"floor":9,"key":"Juzu Bracelet"},{"floor":10,"key":"Mummified Hand"},{"floor":23,"key":"Art of War"},{"floor":25,"key":"Nunchaku"},{"floor":26,"key":"Dream Catcher"},{"floor":26,"key":"animator:WornHelmet"},{"floor":27,"key":"Smiling Mask"},{"floor":36,"key":"hubris:AstralHammer"},{"floor":40,"key":"Question Card"},{"floor":43,"key":"Anchor"},{"floor":54,"key":"animator:TheEgnaroPiece"},{"floor":54,"key":"animator:AncientMedallion"},{"floor":57,"key":"animator:AncientMedallion"},{"floor":58,"key":"animator:AncientMedallion"},{"floor":58,"key":"animator:AncientMedallion"},{"floor":58,"key":"animator:AncientMedallion"}],"event_choices":[{"cards_removed":["animator:Defend"],"damage_healed":0,"gold_gain":0,"player_choice":"Card Removal","damage_taken":0,"max_hp_gain":0,"max_hp_loss":0,"event_name":"Wheel of Change","floor":3,"gold_loss":0},{"cards_removed":["animator:Strike"],"damage_healed":0,"gold_gain":0,"player_choice":"Purged","damage_taken":0,"max_hp_gain":0,"max_hp_loss":0,"event_name":"Purifier","floor":12,"gold_loss":0},{"damage_healed":0,"gold_gain":0,"player_choice":"Ignored","damage_taken":0,"max_hp_gain":0,"max_hp_loss":0,"event_name":"Vampires","floor":29,"gold_loss":0},{"damage_healed":0,"gold_gain":0,"player_choice":"Bet on Murderer","damage_taken":0,"max_hp_gain":0,"max_hp_loss":0,"event_name":"The Joust","floor":30,"gold_loss":50},{"damage_healed":0,"gold_gain":0,"player_choice":"Fight","damage_taken":0,"max_hp_gain":0,"max_hp_loss":0,"event_name":"Mysterious Sphere","floor":36,"gold_loss":0},{"cards_removed":["animator:Strike_GATE"],"damage_healed":0,"gold_gain":0,"player_choice":"Upgrade and Remove","damage_taken":0,"max_hp_gain":0,"max_hp_loss":0,"event_name":"Designer","floor":38,"gold_loss":110,"cards_upgraded":["animator:Defend_GATE"]},{"damage_healed":0,"gold_gain":0,"player_choice":"Upgraded","damage_taken":0,"max_hp_gain":0,"max_hp_loss":0,"event_name":"Upgrade Shrine","floor":42,"gold_loss":0,"cards_upgraded":["animator:Arpeggio"]}],"is_beta":false,"boss_relics":[{"not_picked":["hubris:HollowSoul","Coffee Dripper"],"picked":"relicPack:ShieldShield"},{"not_picked":["relicPack:KazumaCape","hubris:CrackedHourglass"],"picked":"hubris:RunicObelisk"}],"items_purged_floors":[2,4,19,45,47],"is_endless":false,"potions_floor_spawned":[6,14,16,18,20,23,25,37,40,41,44,48,55],"killed_by":"animator:LARGE_WISP","ascension_level":20}}