{"host":"06gxn1c1bsk424jw","time":1612258454,"event":{"mods":["BaseMod","DeckTracker","Minty Spire (QoL Compilation)","SuperFastMode"],"gold_per_floor":[109,122,47,47,57,90,109,109,109,121,271,271,281,308,308,308,308],"floor_reached":16,"language":"KOR","playtime":908,"items_purged":[],"score":184,"play_id":"fca9147f-819f-4861-b34c-1647c9237bd9","local_time":"20210202183414","is_ascension_mode":true,"campfire_choices":[{"floor":12,"key":"REST"},{"floor":15,"key":"REST"}],"circlet_count":0,"master_deck":["AscendersBane","Strike_R+1","Strike_R","Strike_R","Defend_R","Defend_R","Defend_R","Bash","Spot Weakness","Cleave+1","Regret","Heavy Blade","Doubt","Ghostly Armor"],"relics":["Burning Blood","Gremlin Horn","Bird Faced Urn","Ginger","Odd Mushroom"],"acts_visited":["Exordium"],"potions_floor_usage":[6,13,16],"damage_taken":[{"damage":0.0,"enemies":"Small Slimes","floor":1.0,"turns":3.0},{"damage":2,"enemies":"2 Louse","floor":2,"turns":3},{"damage":9,"enemies":"Jaw Worm","floor":5,"turns":3},{"damage":16,"enemies":"3 Sentries","floor":6,"turns":6},{"damage":11,"enemies":"Blue Slaver","floor":7,"turns":4},{"damage":11,"enemies":"Large Slime","floor":10,"turns":5},{"damage":15,"enemies":"Looter","floor":13,"turns":4},{"damage":15,"enemies":"The Mushroom Lair","floor":14,"turns":4},{"damage":42,"enemies":"Hexaghost","floor":16,"turns":8}],"seed_played":"5218510262107709879","potions_obtained":[{"floor":1,"key":"Strength Potion"},{"floor":5,"key":"FearPotion"},{"floor":6,"key":"SkillPotion"},{"floor":14,"key":"BlessingOfTheForge"}],"is_trial":false,"path_per_floor":["M","M","?","?","M","E","M","?","T","M","?","R","M","?","R","B"],"character_chosen":"IRONCLAD","items_purchased":[],"campfire_rested":2,"item_purchase_floors":[],"current_hp_per_floor":[56,60,60,60,57,47,42,19,19,14,14,36,27,18,40,0,0],"gold":308,"neow_bonus":"REMOVE_TWO","is_daily":false,"chose_seed":false,"campfire_upgraded":0,"win_rate":0.0,"timestamp":1612258454,"path_taken":["M","M","?","?","M","E","M","?","T","?","?","R","M","?","R","BOSS"],"items_purchased_type":[],"build_version":"2020-12-22","purchased_purges":0,"victory":false,"max_hp_per_floor":[75,75,75,75,75,75,75,75,75,75,75,75,75,75,75,75,75],"card_choices":[{"not_picked":["Anger","Shrug It Off"],"picked":"Spot Weakness","floor":1},{"not_picked":["Second Wind","Armaments"],"picked":"Cleave","floor":2},{"not_picked":["True Grit","Thunderclap","Sentinel"],"picked":"SKIP","floor":5},{"not_picked":["Sword Boomerang","Anger","Headbutt"],"picked":"SKIP","floor":6},{"not_picked":["Battle Trance","Clash","Cleave"],"picked":"SKIP","floor":7},{"not_picked":["Spot Weakness","Ghostly Armor"],"picked":"Heavy Blade","floor":10},{"not_picked":["Twin Strike","Sever Soul"],"picked":"Ghostly Armor","floor":13}],"player_experience":727478,"relics_obtained":[{"floor":6,"key":"Bird Faced Urn"},{"floor":9,"key":"Ginger"},{"floor":14,"key":"Odd Mushroom"}],"event_choices":[{"cards_removed":["Strike_R"],"damage_healed":0,"gold_gain":0,"player_choice":"Card Removal","damage_taken":0,"max_hp_gain":0,"max_hp_loss":0,"event_name":"The Cleric","floor":3,"gold_loss":75},{"damage_healed":0,"gold_gain":0,"player_choice":"Box","damage_taken":0,"relics_obtained":["Gremlin Horn"],"max_hp_gain":0,"max_hp_loss":0,"event_name":"Big Fish","floor":4,"gold_loss":0,"cards_obtained":["Regret"]},{"damage_healed":0,"gold_gain":0,"player_choice":"Entered Light","damage_taken":23,"max_hp_gain":0,"max_hp_loss":0,"event_name":"Shining Light","floor":8,"gold_loss":0,"cards_upgraded":["Cleave","Strike_R"]},{"damage_healed":0,"gold_gain":150,"player_choice":"AGREE","damage_taken":0,"max_hp_gain":0,"max_hp_loss":0,"event_name":"Liars Game","floor":11,"gold_loss":0,"cards_obtained":["Doubt"]},{"damage_healed":0,"gold_gain":0,"player_choice":"Fought Mushrooms","damage_taken":0,"max_hp_gain":0,"max_hp_loss":0,"event_name":"Mushrooms","floor":14,"gold_loss":0}],"is_beta":false,"boss_relics":[],"items_purged_floors":[],"is_endless":false,"potions_floor_spawned":[1,5,6,14],"killed_by":"Hexaghost","ascension_level":16}}