{"host":"and8eo8sydud92t3","time":1612239488,"event":{"mods":["AchievementEnabler","BaseMod","Bestiary","Colored Map","Colored Powertips","Highlight Path","Minty Spire (QoL Compilation)","Relic Stats","StSLib"],"gold_per_floor":[116,132,132,143,143,175,175,20,74,74,103,3,3,19,19,123,123,138,158,158,1,1,33,33,33],"floor_reached":24,"language":"ENG","playtime":1195,"items_purged":["Strike_B","Strike_B"],"score":255,"play_id":"972ee070-9d25-49ee-a5fe-7f64a4b2627b","local_time":"20210201231808","is_ascension_mode":true,"campfire_choices":[{"floor":7,"key":"REST"},{"data":"Ball Lightning","floor":10,"key":"SMITH"},{"data":"Capacitor","floor":13,"key":"SMITH"},{"data":"Machine Learning","floor":15,"key":"SMITH"}],"circlet_count":0,"master_deck":["Defend_B","Defend_B","Defend_B","Defend_B","Zap","Dualcast","Conserve Battery","Ball Lightning","Machine Learning+1","Ball Lightning+1","Coolheaded","Capacitor+1","Conserve Battery","Amplify","Ball Lightning","Steam Power","Chaos","Shame","Creative AI"],"relics":["Cracked Core","NeowsBlessing","Oddly Smooth Stone","Pen Nib","White Beast Statue","Velvet Choker","Strawberry","Bronze Scales","InkBottle"],"acts_visited":["Exordium","TheCity"],"potions_floor_usage":[11,23,23,24,24],"damage_taken":[{"damage":0,"enemies":"Small Slimes","floor":1,"turns":1},{"damage":0,"enemies":"Cultist","floor":2,"turns":1},{"damage":0,"enemies":"Jaw Worm","floor":4,"turns":1},{"damage":33,"enemies":"3 Sentries","floor":6,"turns":8},{"damage":2,"enemies":"Gremlin Nob","floor":11,"turns":3},{"damage":6,"enemies":"Large Slime","floor":14,"turns":4},{"damage":5,"enemies":"The Guardian","floor":16,"turns":10},{"damage":13,"enemies":"Shell Parasite","floor":18,"turns":6},{"damage":25,"enemies":"3 Byrds","floor":19,"turns":5},{"damage":21,"enemies":"Book of Stabbing","floor":23,"turns":5},{"damage":24,"enemies":"Centurion and Healer","floor":24,"turns":4}],"seed_played":"1304493148630310066","potions_obtained":[{"floor":1,"key":"AttackPotion"},{"floor":2,"key":"DuplicationPotion"},{"floor":3,"key":"Energy Potion"},{"floor":14,"key":"Weak Potion"},{"floor":23,"key":"LiquidMemories"}],"is_trial":false,"path_per_floor":["M","M","?","M","?","E","R","$","T","R","E","$","R","M","R","B",null,"M","M","?","$","?","E","M"],"character_chosen":"DEFECT","items_purchased":["Ball Lightning","Coolheaded","Strawberry"],"campfire_rested":1,"item_purchase_floors":[8,8,21],"current_hp_per_floor":[75,75,75,75,75,42,64,64,64,64,62,62,62,56,56,51,75,62,37,37,44,44,23,0,0],"gold":33,"neow_bonus":"THREE_ENEMY_KILL","is_daily":false,"chose_seed":false,"campfire_upgraded":3,"win_rate":0.0,"timestamp":1612239488,"path_taken":["M","M","?","?","?","E","R","$","T","R","E","$","R","M","R","BOSS","M","M","?","$","?","E","M"],"items_purchased_type":["Card","Card","Relic"],"build_version":"2020-12-22","purchased_purges":2,"victory":false,"max_hp_per_floor":[75,75,75,75,75,75,75,75,75,75,75,75,75,75,75,75,75,75,75,75,82,82,82,82,82],"relic_stats":{"counters":[11,48],"Bronze Scales":[30],"Pen Nib":[4],"obtain_stats":[{"NeowsBlessing":0,"Strawberry":21,"Bronze Scales":22,"Oddly Smooth Stone":6,"Velvet Choker":17,"Pen Nib":9,"Cracked Core":0,"White Beast Statue":11,"InkBottle":23},{"NeowsBlessing":0,"Strawberry":9,"Bronze Scales":9,"Oddly Smooth Stone":4,"Velvet Choker":7,"Pen Nib":4,"Cracked Core":0,"White Beast Statue":5,"InkBottle":10},{"NeowsBlessing":0,"Strawberry":39,"Bronze Scales":39,"Oddly Smooth Stone":11,"Velvet Choker":28,"Pen Nib":11,"Cracked Core":0,"White Beast Statue":14,"InkBottle":44}],"InkBottle":[2]},"card_choices":[{"not_picked":["Force Field","Turbo"],"picked":"Conserve Battery","floor":1},{"not_picked":["Gash","Turbo","Beam Cell"],"picked":"SKIP","floor":2},{"not_picked":["Fusion","Auto Shields"],"picked":"Ball Lightning","floor":4},{"not_picked":["Consume","Redo"],"picked":"Machine Learning","floor":6},{"not_picked":["Heatsinks","Doom and Gloom"],"picked":"Capacitor","floor":11},{"not_picked":["Compile Driver","Steam"],"picked":"Conserve Battery","floor":14},{"not_picked":["Core Surge","Machine Learning"],"picked":"Amplify","floor":16},{"not_picked":["Go for the Eyes+1","Streamline+1","Conserve Battery+1"],"picked":"SKIP","floor":18},{"not_picked":["Barrage","Static Discharge"],"picked":"Ball Lightning","floor":19},{"not_picked":["Stack","Hologram"],"picked":"Creative AI","floor":23}],"player_experience":369903,"relics_obtained":[{"floor":6,"key":"Oddly Smooth Stone"},{"floor":9,"key":"Pen Nib"},{"floor":11,"key":"White Beast Statue"},{"floor":23,"key":"InkBottle"}],"event_choices":[{"damage_healed":0,"gold_gain":0,"player_choice":"Got Potions","damage_taken":0,"max_hp_gain":0,"max_hp_loss":0,"event_name":"Lab","floor":3,"gold_loss":0},{"damage_healed":0,"gold_gain":0,"player_choice":"Leave","damage_taken":0,"max_hp_gain":0,"max_hp_loss":0,"event_name":"The Cleric","floor":5,"gold_loss":0},{"damage_healed":0,"gold_gain":0,"cards_transformed":["Strike_B","Strike_B"],"player_choice":"Became Test Subject","damage_taken":0,"max_hp_gain":0,"max_hp_loss":0,"event_name":"Drug Dealer","floor":20,"gold_loss":0,"cards_obtained":["Steam Power","Chaos"]},{"damage_healed":0,"gold_gain":0,"player_choice":"Stole Relic","damage_taken":0,"relics_obtained":["Bronze Scales"],"max_hp_gain":0,"max_hp_loss":0,"event_name":"Addict","floor":22,"gold_loss":0,"cards_obtained":["Shame"]}],"is_beta":false,"boss_relics":[{"not_picked":["Coffee Dripper","Runic Dome"],"picked":"Velvet Choker"}],"items_purged_floors":[8,12],"is_endless":false,"potions_floor_spawned":[1,2,14,16,18,19,23],"killed_by":"Centurion and Healer","ascension_level":3}}