{"host":"Matt","time":1612308836,"event":{"mods":["BaseMod","Bestiary","Colored Powertips","Highlight Path","Minty Spire (QoL Compilation)","Rare Cards Sparkle","Relic Stats","StSLib"],"gold_per_floor":[110,124,124,13,13,47,47,77,132,151,167,187,187,7,7,84,84,4,17,17,17],"floor_reached":20,"language":"ENG","playtime":672,"items_purged":["Strike_R","Strike_R"],"score":404,"play_id":"48d87d89-a1b5-41ae-ac83-ae2c2581f75f","local_time":"20210202233356","is_ascension_mode":true,"campfire_choices":[{"data":"Bash","floor":7,"key":"SMITH"},{"floor":13,"key":"REST"},{"data":"Demon Form","floor":15,"key":"SMITH"}],"circlet_count":0,"master_deck":["AscendersBane","Strike_R","Strike_R","Strike_R","Defend_R","Defend_R","Defend_R","Defend_R","Bash+1","Flame Barrier","Dropkick","Bloodletting","Decay","Demon Form+1","Anger","Dropkick","Dropkick","Berserk","Rage","Flex"],"relics":["Burning Blood","NeowsBlessing","Strawberry","Akabeko","Anchor","SacredBark"],"acts_visited":["Exordium","TheCity"],"potions_floor_usage":[8,16,20],"damage_taken":[{"damage":0,"enemies":"2 Louse","floor":1,"turns":1},{"damage":0,"enemies":"Cultist","floor":2,"turns":1},{"damage":0,"enemies":"3 Sentries","floor":6,"turns":2},{"damage":44,"enemies":"Lagavulin","floor":8,"turns":7},{"damage":5,"enemies":"Small Slimes","floor":10,"turns":5},{"damage":2,"enemies":"2 Fungi Beasts","floor":11,"turns":3},{"damage":31,"enemies":"Large Slime","floor":12,"turns":5},{"damage":37,"enemies":"The Guardian","floor":16,"turns":8},{"damage":9,"enemies":"2 Thieves","floor":18,"turns":4},{"damage":42,"enemies":"Spheric Guardian","floor":19,"turns":7},{"damage":38,"enemies":"3 Cultists","floor":20,"turns":5}],"seed_played":"-8848461857212366986","potions_obtained":[{"floor":6,"key":"BlessingOfTheForge"},{"floor":8,"key":"Fruit Juice"},{"floor":12,"key":"EssenceOfSteel"}],"is_trial":false,"path_per_floor":["M","M","?","$","?","E","R","E","T","M","M","M","R","$","R","B",null,"M","M","M"],"character_chosen":"IRONCLAD","items_purchased":["Bloodletting","Dropkick"],"campfire_rested":1,"item_purchase_floors":[4,14],"current_hp_per_floor":[74,75,75,75,75,82,82,49,49,50,54,29,55,55,55,24,71,68,32,0,0],"gold":17,"neow_bonus":"THREE_ENEMY_KILL","is_daily":false,"chose_seed":false,"campfire_upgraded":2,"win_rate":0.0,"timestamp":1612308836,"path_taken":["M","M","?","$","?","E","R","E","T","?","?","M","R","$","R","BOSS","M","M","M"],"items_purchased_type":["Card","Card"],"build_version":"2020-12-18","purchased_purges":2,"victory":false,"max_hp_per_floor":[75,75,75,75,75,82,82,87,87,87,87,87,87,87,87,87,87,87,87,87,87],"relic_stats":{"counters":[11,48],"obtain_stats":[{"Anchor":9,"NeowsBlessing":0,"Strawberry":6,"SacredBark":17,"Burning Blood":0,"Akabeko":8},{"Anchor":4,"NeowsBlessing":0,"Strawberry":3,"SacredBark":8,"Burning Blood":0,"Akabeko":4},{"Anchor":11,"NeowsBlessing":0,"Strawberry":4,"SacredBark":32,"Burning Blood":0,"Akabeko":11}],"Burning Blood":49},"card_choices":[{"not_picked":["Cleave","Perfected Strike"],"picked":"Flame Barrier","floor":1},{"not_picked":["Warcry","Rupture"],"picked":"Dropkick","floor":2},{"not_picked":["Clash","Sentinel","Anger"],"picked":"SKIP","floor":6},{"not_picked":["Intimidate","Havoc"],"picked":"Demon Form","floor":8},{"not_picked":["Flex","Cleave"],"picked":"Anger","floor":10},{"not_picked":["Reckless Charge","Shrug It Off"],"picked":"Dropkick","floor":11},{"not_picked":["Entrench","Flame Barrier","Warcry"],"picked":"SKIP","floor":12},{"not_picked":["Brutality","Juggernaut"],"picked":"Berserk","floor":16},{"not_picked":["Inflame","Reckless Charge"],"picked":"Rage","floor":18},{"not_picked":["Intimidate","Clothesline+1"],"picked":"Flex","floor":19}],"player_experience":1065557,"relics_obtained":[{"floor":6,"key":"Strawberry"},{"floor":8,"key":"Akabeko"},{"floor":9,"key":"Anchor"}],"event_choices":[{"damage_healed":0,"gold_gain":0,"player_choice":"Ignored","damage_taken":0,"max_hp_gain":0,"max_hp_loss":0,"event_name":"Liars Game","floor":3,"gold_loss":0},{"damage_healed":0,"gold_gain":0,"player_choice":"Cursed","damage_taken":0,"max_hp_gain":0,"max_hp_loss":0,"event_name":"Wheel of Change","floor":5,"gold_loss":0,"cards_obtained":["Decay"]}],"is_beta":true,"boss_relics":[{"not_picked":["Cursed Key","Busted Crown"],"picked":"SacredBark"}],"items_purged_floors":[4,14],"is_endless":false,"potions_floor_spawned":[6,8,12],"killed_by":"3 Cultists","ascension_level":19}}