{"host":"aaqofma31c3gm2hj","time":1612242316,"event":{"mods":["BaseMod","GungeonMod","Minty Spire (QoL Compilation)","Replay The Spire","Spicy Shops","StSLib"],"gold_per_floor":[116,116,126,51,126,126,158,158,177,228,228,228,256,256,283,295,295,295,369,369,383,383,383,402,219,233,233,233,245,318,318,348,358,370,382,405,405,405,482,482,525,400,400,400,436,511,511,511,511,511],"floor_reached":49,"language":"ZHS","playtime":1301,"items_purged":["Defend_P","Steam","BowlingBash+1"],"score":1377,"play_id":"ec3c70c6-21cd-426b-98de-a17820fa39d2","local_time":"20210202130516","is_ascension_mode":true,"campfire_choices":[{"data":"ForeignInfluence","floor":8.0,"key":"SMITH"},{"data":"Eruption","floor":12.0,"key":"SMITH"},{"data":"Vault","floor":17.0,"key":"SMITH"},{"data":"BowlingBash","floor":27.0,"key":"SMITH"},{"floor":31.0,"key":"RECALL"},{"floor":37.0,"key":"REST"},{"floor":47,"key":"REST"}],"circlet_count":0,"master_deck":["AscendersBane","Eruption+1","Vigilance","TalkToTheHand+1","Adaptation+1","FearNoEvil+1","Vault+1","Vault+1","FlurryOfBlows","Study+1","MentalFortress+1","Blasphemy+1","ClearTheMind+1","DeusExMachina","Wish","Madness","Madness"],"relics":["PureWater","NeowsBlessing","Snack Pack","Frozen Egg 2","Turnip","Blue Candle","DemoMod:BlueGuonStone","Replay:Drink Me","Guide Book","Orichalcum","Replay:Bottled Eggs","HornCleat","Vajra","Fusion Hammer","DemoMod:GlassGuonStoneRelic","Art of War","DemoMod:MemoryAlloy"],"acts_visited":["Exordium","TheCity","TheBeyond"],"potions_floor_usage":[],"damage_taken":[{"damage":0.0,"enemies":"Small Slimes","floor":1.0,"turns":1.0},{"damage":0.0,"enemies":"Cultist","floor":3.0,"turns":1.0},{"damage":0.0,"enemies":"Gremlin Nob","floor":7.0,"turns":1.0},{"damage":0.0,"enemies":"2 Louse","floor":9.0,"turns":2.0},{"damage":0.0,"enemies":"3 Sentries","floor":13.0,"turns":5.0},{"damage":20.0,"enemies":"Gremlin Nob","floor":15.0,"turns":4.0},{"damage":0.0,"enemies":"2 Fungi Beasts","floor":16.0,"turns":2.0},{"damage":0.0,"enemies":"Slime Boss","floor":19.0,"turns":5.0},{"damage":0.0,"enemies":"Spheric Guardian","floor":21.0,"turns":4.0},{"damage":0.0,"enemies":"Chosen","floor":24.0,"turns":3.0},{"damage":13.0,"enemies":"Shelled Parasite and Fungi","floor":26.0,"turns":5.0},{"damage":0.0,"enemies":"Centurion and Healer","floor":29.0,"turns":4.0},{"damage":0.0,"enemies":"Gremlin Leader","floor":32.0,"turns":1.0},{"damage":0.0,"enemies":"Chosen and Byrds","floor":33.0,"turns":5.0},{"damage":0.0,"enemies":"Snecko","floor":34.0,"turns":6.0},{"damage":0.0,"enemies":"Snake Plant","floor":35.0,"turns":3.0},{"damage":0.0,"enemies":"Collector","floor":39.0,"turns":4.0},{"damage":0.0,"enemies":"Orb Walker","floor":41.0,"turns":3.0},{"damage":8,"enemies":"3 Shapes","floor":45,"turns":4},{"damage":13,"enemies":"R_Hoarder","floor":46,"turns":7}],"seed_played":"-2381952580553233292","potions_obtained":[{"floor":1.0,"key":"Adrenaline Potion"},{"floor":15.0,"key":"ColorlessPotion"},{"floor":16.0,"key":"Reflective Coating"},{"floor":21.0,"key":"Fire Potion"}],"is_trial":false,"path_per_floor":["M","?","M","$","?","?","E","R","M","T","T","R","E","?","E","M","R","R","B",null,"M","?","?","M","$","M","R","?","M","T","R","E","M","M","M","T","R","R","B",null,"M","$","?","?","M","E","R","?","T"],"character_chosen":"WATCHER","items_purchased":["Guide Book"],"campfire_rested":2,"item_purchase_floors":[25],"current_hp_per_floor":[61,61,61,61,50,50,50,50,52,52,52,52,54,54,38,40,40,20,24,44,48,48,48,51,51,40,40,40,46,46,46,46,51,51,51,51,51,51,51,51,51,51,51,42,40,35,50,50,50,50],"gold":511,"neow_bonus":"THREE_ENEMY_KILL","is_daily":false,"chose_seed":false,"campfire_upgraded":4,"win_rate":0.0,"timestamp":1612242316,"path_taken":["M","?","?","$","?","?","E","R","M","T","T","R","E","?","E","M","R","R","BOSS","M","?","?","?","$","M","R","?","?","T","R","E","?","M","M","?","R","R","BOSS","M","$","?","?","M","E","R","?","T"],"items_purchased_type":["Relic"],"build_version":"2020-12-22","purchased_purges":3,"victory":false,"max_hp_per_floor":[68,68,68,68,68,68,68,68,68,68,68,68,68,68,68,68,68,68,68,51,51,51,51,51,51,51,51,51,51,51,51,51,51,51,51,51,51,51,51,51,51,51,51,51,51,51,51,51,51,51],"card_choices":[{"not_picked":["Replay:Vibes","FollowUp"],"picked":"Crescendo","floor":1.0},{"not_picked":["LikeWater","Crescendo"],"picked":"SpiritShield","floor":3.0},{"not_picked":["Evaluate","BattleHymn+1"],"picked":"TalkToTheHand","floor":7.0},{"not_picked":["FlyingSleeves","ThirdEye","Replay:ManipulateFuture"],"picked":"SKIP","floor":9.0},{"not_picked":["WheelKick","Replay:Hum"],"picked":"Adaptation+1","floor":13.0},{"not_picked":["Collect","Protect","BowlingBash"],"picked":"SKIP","floor":15.0},{"not_picked":["Collect","Protect"],"picked":"BowlingBash","floor":15.0},{"not_picked":["Replay:ManipulateFuture","SashWhip"],"picked":"Vault","floor":16.0},{"not_picked":["SpiritShield","Replay:LoomingThreat+1"],"picked":"Vault","floor":19.0},{"not_picked":["SashWhip","CrushJoints+1"],"picked":"FlurryOfBlows","floor":21.0},{"not_picked":["WreathOfFlame","PathToVictory+1"],"picked":"MentalFortress+1","floor":24.0},{"not_picked":["FollowUp","ReachHeaven","Replay:Battleflow"],"picked":"SKIP","floor":26.0},{"not_picked":["Replay:AtTheReady","Evaluate"],"picked":"Blasphemy","floor":29.0},{"not_picked":["JustLucky","Protect","Replay:ManipulateFuture"],"picked":"SKIP","floor":32.0},{"not_picked":["JustLucky","WheelKick"],"picked":"ClearTheMind+1","floor":33.0},{"not_picked":["BattleHymn+1","EmptyBody","DeceiveReality+1"],"picked":"SKIP","floor":34.0},{"not_picked":["CrushJoints","SashWhip","CutThroughFate"],"picked":"SKIP","floor":35.0},{"not_picked":["Devotion+1","LessonLearned"],"picked":"Wish","floor":39.0},{"not_picked":["Replay:AtTheReady","Weave","WheelKick"],"picked":"SKIP","floor":41.0},{"not_picked":["CutThroughFate","Replay:DivineShield","Evaluate"],"picked":"SKIP","floor":45},{"not_picked":["ForeignInfluence","FlyingSleeves","Conclude"],"picked":"SKIP","floor":46}],"player_experience":631628,"relics_obtained":[{"floor":7.0,"key":"Frozen Egg 2"},{"floor":11.0,"key":"Turnip"},{"floor":13.0,"key":"Blue Candle"},{"floor":15.0,"key":"DemoMod:BlueGuonStone"},{"floor":26.0,"key":"Orichalcum"},{"floor":30.0,"key":"Replay:Bottled Eggs"},{"floor":32.0,"key":"HornCleat"},{"floor":36.0,"key":"Vajra"},{"floor":46,"key":"Art of War"},{"floor":49,"key":"DemoMod:MemoryAlloy"}],"event_choices":[{"cards_removed":["Crescendo"],"damage_healed":0.0,"max_hp_gain":0.0,"max_hp_loss":0.0,"gold_gain":0.0,"event_name":"WeMeetAgain","player_choice":"Gave Card","floor":2.0,"gold_loss":0.0,"damage_taken":0.0,"relics_obtained":["Snack Pack"]},{"damage_healed":0.0,"max_hp_gain":0.0,"max_hp_loss":0.0,"gold_gain":75.0,"event_name":"World of Goop","player_choice":"Gather Gold","floor":5.0,"gold_loss":0.0,"damage_taken":11.0},{"damage_healed":0.0,"max_hp_gain":0.0,"max_hp_loss":0.0,"gold_gain":0.0,"cards_transformed":["Defend_P"],"event_name":"Living Wall","player_choice":"Change","floor":14.0,"gold_loss":0.0,"damage_taken":0.0,"cards_obtained":["FearNoEvil"]},{"damage_healed":0.0,"max_hp_gain":0.0,"max_hp_loss":0.0,"gold_gain":0.0,"event_name":"Shining Light","player_choice":"Entered Light","floor":18.0,"gold_loss":0.0,"damage_taken":20.0,"cards_upgraded":["TalkToTheHand","SpiritShield"]},{"damage_healed":0.0,"max_hp_gain":0.0,"max_hp_loss":0.0,"gold_gain":0.0,"cards_transformed":["SpiritShield","Strike_P"],"event_name":"Drug Dealer","player_choice":"Became Test Subject","floor":22.0,"gold_loss":0.0,"damage_taken":0.0,"cards_obtained":["Study","WindmillStrike"]},{"damage_healed":0.0,"max_hp_gain":0.0,"max_hp_loss":0.0,"gold_gain":0.0,"event_name":"Upgrade Shrine","player_choice":"Upgraded","floor":23.0,"gold_loss":0.0,"damage_taken":0.0,"cards_upgraded":["Vault"]},{"damage_healed":0.0,"max_hp_gain":0.0,"max_hp_loss":0.0,"gold_gain":0.0,"event_name":"The Mausoleum","player_choice":"Ignored","floor":28.0,"gold_loss":0.0,"damage_taken":0.0},{"damage_healed":0,"gold_gain":0,"player_choice":"Memory 1","damage_taken":0,"max_hp_gain":0,"max_hp_loss":0,"event_name":"SensoryStone","floor":43,"gold_loss":0},{"damage_healed":0,"gold_gain":0,"player_choice":"Embrace Madness","damage_taken":9,"max_hp_gain":0,"max_hp_loss":0,"event_name":"Winding Halls","floor":44,"gold_loss":0,"cards_obtained":["Madness","Madness"]},{"cards_removed":["ForeignInfluence"],"damage_healed":0,"gold_gain":0,"player_choice":"Purged","damage_taken":0,"max_hp_gain":0,"max_hp_loss":0,"event_name":"Purifier","floor":48,"gold_loss":0}],"is_beta":false,"boss_relics":[{"not_picked":["Replay:Wanted Poster","Cursed Key"],"picked":"Replay:Drink Me"},{"not_picked":["DemoMod:RiddleOfLead","Replay:Ancient Bell"],"picked":"Fusion Hammer"}],"items_purged_floors":[4,25,42],"is_endless":false,"potions_floor_spawned":[1,15,16,19,21,29,32,34,41,46],"ascension_level":20}}