{"host":"dzc8cchcquikqbpv","time":1612288516,"event":{"mods":["A Penny For Your Troubles","BaseMod","Better Third Choice","BetterRewards","Block Reminder","Bossed Relics","Colored Map","Colored Powertips","Curses Come First","Dark Map","Downfall","Fox Events","Good Game Mod","Highlight Path","Infinite Spire","Minty Spire (QoL Compilation)","Permanent Neow","Quick Restart","Rare Cards Sparkle","Relic Filter Mod","Replay The Spire","Shop Mod","Spire Arcade","StSLib","Uncapped"],"gold_per_floor":[117,133,54,70,70,70,105,105,129,129,157,157,157,168,168,268,268,280,297,297,297,307,307,307],"floor_reached":23,"language":"ENG","playtime":1405,"items_purged":["Replay:Hysterical Blindness"],"score":314,"play_id":"eeaa8d4e-4641-4494-811e-c34d112e67cc","local_time":"20210202175516","is_ascension_mode":true,"campfire_choices":[{"floor":6,"key":"REST"},{"floor":8,"key":"REST"},{"floor":12,"key":"REST"}],"circlet_count":0,"master_deck":["Strike_B","Strike_B","Strike_B","Strike_B","Defend_B","Defend_B","Defend_B","Defend_B","Zap+1","Dualcast","sneckomod:UnlimitedRolls","Double Energy","Purity","Ball Lightning","Barrage","Turbo","Aggregate","Meteor Strike","Aggregate","Chaos","Electrodynamics","Injury","Limit Break","ReplayTheSpireMod:Private Reserves","infinitespire:Collect","Ball Lightning","White Noise","Melter"],"relics":["Iron Core","REME:ComplimentaryCards","Mercury Hourglass","Ginger","BargainBundle","Anchor","Replay:Mystery Machine","infinitespire:Cubic Diamond","Lantern","ReplayTheSpireMod:SealedPack","Runic Pyramid","Gremlin Horn"],"acts_visited":["Exordium","TheCity"],"potions_floor_usage":[4,7,16,19,19,23],"damage_taken":[{"damage":1,"enemies":"Cultist","floor":1,"turns":3},{"damage":6,"enemies":"Jaw Worm","floor":2,"turns":2},{"damage":5,"enemies":"2 Louse","floor":4,"turns":2},{"damage":31,"enemies":"Lagavulin","floor":7,"turns":6},{"damage":9,"enemies":"3 Sentries","floor":11,"turns":6},{"damage":0,"enemies":"2 Fungi Beasts","floor":14,"turns":2},{"damage":75,"enemies":"Fading Forest","floor":16,"turns":11},{"damage":24,"enemies":"Shell Parasite","floor":18,"turns":5},{"damage":8,"enemies":"3 Byrds","floor":19,"turns":3},{"damage":28,"enemies":"Snecko","floor":22,"turns":5},{"damage":18,"enemies":"Book of Stabbing","floor":23,"turns":4}],"seed_played":"-3032791934971575043","potions_obtained":[{"floor":15,"key":"CultistPotion"},{"floor":15,"key":"Elixir"},{"floor":16,"key":"Reflective Coating"},{"floor":18,"key":"AttackPotion"},{"floor":22,"key":"Guardian:BlockOnCardUsePotion"}],"is_trial":false,"path_per_floor":["M","M","$","M","$","R","E","R","T","?","E","R","?","M","R_BF","B",null,"M","M","AVR","?","M","E"],"character_chosen":"DEFECT","items_purchased":["Mercury Hourglass","BargainBundle","Double Energy","DuplicationPotion","Fire Potion","Languid Potion","Ball Lightning","Aggregate"],"campfire_rested":3,"item_purchase_floors":[0,0,0,0,0,0,0,3],"current_hp_per_floor":[38,32,32,27,27,49,18,40,40,40,31,53,53,53,53,2,75,51,43,43,43,15,0,0],"gold":307,"neow_bonus":"","is_daily":false,"chose_seed":false,"campfire_upgraded":0,"win_rate":0.0,"timestamp":1612288516,"path_taken":["M","M","$","?","?","R","E","R","T","?","E","R","?","M","R_BF","BOSS","M","M","AVR","?","M","E"],"items_purchased_type":["Relic","Relic","Card","Potion","Potion","Potion","Card","Card"],"build_version":"2020-12-22","purchased_purges":1,"victory":false,"max_hp_per_floor":[75,75,75,75,75,75,75,75,75,75,75,75,75,75,75,75,75,75,75,75,75,75,75,75],"card_choices":[{"not_picked":["Conserve Battery","Panic Button"],"picked":"Barrage","floor":1},{"not_picked":["Rebound","Barrage"],"picked":"Turbo","floor":2},{"not_picked":["ReplayTheSpireMod:System Scan","ReplayTheSpireMod:GoodbyeWorld","Sweeping Beam"],"picked":"SKIP","floor":4},{"not_picked":["White Noise","ReplayRNGCard"],"picked":"Meteor Strike","floor":7},{"not_picked":["Rebound","Turbo"],"picked":"Aggregate","floor":11},{"not_picked":["Warcry","ReplayGash"],"picked":"Chaos","floor":14},{"not_picked":["Firewall","Meteor Strike"],"picked":"Electrodynamics","floor":16},{"not_picked":["Machine Learning","Core Surge"],"picked":"Limit Break","floor":17},{"not_picked":["PanicButton","Impatience"],"picked":"ReplayTheSpireMod:Private Reserves","floor":17},{"not_picked":["infinitespire:Menacing","infinitespire:FutureSight"],"picked":"infinitespire:Collect","floor":17},{"not_picked":["Cold Snap","Panic Button"],"picked":"Ball Lightning","floor":18},{"not_picked":["Coolheaded+1","Beam Cell"],"picked":"White Noise","floor":19},{"not_picked":["Blizzard","Streamline"],"picked":"Melter","floor":22}],"player_experience":80911,"relics_obtained":[{"floor":7,"key":"Anchor"},{"floor":9,"key":"Replay:Mystery Machine"},{"floor":11,"key":"Lantern"}],"event_choices":[{"damage_healed":0,"gold_gain":0,"player_choice":"Grow","damage_taken":0,"max_hp_gain":0,"max_hp_loss":0,"event_name":"Living Wall","floor":13,"gold_loss":0,"cards_upgraded":["Zap"]},{"damage_healed":0,"gold_gain":0,"player_choice":"Adaptability","damage_taken":0,"max_hp_gain":0,"max_hp_loss":0,"event_name":"betterThird:BetterWriting","floor":21,"gold_loss":0}],"is_beta":false,"boss_relics":[{"not_picked":["Cursed Key","Velvet Choker"],"picked":"ReplayTheSpireMod:SealedPack"}],"items_purged_floors":[0],"is_endless":false,"potions_floor_spawned":[2,16,18,22],"killed_by":"Book of Stabbing","ascension_level":1}}