{"host":"6xsbn6ynqlzwllfm","time":1612288048,"event":{"mods":["2.2 Compatiblity","BaseMod","Bestiary","Colored Map","Colored Powertips","Curses Come First","Highlight Path","Keyboard Shortcuts","Minty Spire (QoL Compilation)","Relic Stats","Slay the Relics Exporter","StSLib","SuperFastMode"],"gold_per_floor":[115,130,147,157,232,267,135,135,135,198,198,198],"floor_reached":11,"language":"ENG","playtime":290,"items_purged":["Strike_P"],"score":146,"play_id":"9812ec78-2b38-4caa-bd6c-8e6499a21a34","local_time":"20210202124728","is_ascension_mode":true,"campfire_choices":[{"floor":8,"key":"REST"}],"circlet_count":0,"master_deck":["AscendersBane","Strike_P","Strike_P","Strike_P","Defend_P","Defend_P","Defend_P","Defend_P","Eruption","Vigilance","JustLucky","ClearTheMind","FearNoEvil","CutThroughFate","Omniscience","EmptyFist","Prostrate"],"relics":["SacredBark","Pen Nib","Bottled Lightning","Turnip"],"acts_visited":["Exordium"],"potions_floor_usage":[10],"damage_taken":[{"damage":1,"enemies":"Cultist","floor":1,"turns":4},{"damage":4,"enemies":"2 Louse","floor":2,"turns":4},{"damage":2,"enemies":"Jaw Worm","floor":3,"turns":4},{"damage":0,"enemies":"2 Fungi Beasts","floor":4,"turns":2},{"damage":31,"enemies":"Gremlin Nob","floor":6,"turns":4},{"damage":18,"enemies":"3 Sentries","floor":10,"turns":5},{"damage":16,"enemies":"3 Sentries","floor":11,"turns":2}],"seed_played":"-5292259480565532969","potions_obtained":[{"floor":2,"key":"Explosive Potion"}],"is_trial":false,"path_per_floor":["M","M","M","M","?","E","$","R","T","?","E"],"character_chosen":"WATCHER","items_purchased":["EmptyFist"],"campfire_rested":1,"item_purchase_floors":[7],"current_hp_per_floor":[60,56,54,54,43,12,12,32,32,14,0,0],"gold":198,"neow_bonus":"BOSS_RELIC","is_daily":false,"chose_seed":false,"campfire_upgraded":0,"win_rate":0.0,"timestamp":1612288048,"path_taken":["M","M","?","M","?","E","$","R","T","?","E"],"items_purchased_type":["Card"],"build_version":"2020-12-22","purchased_purges":1,"victory":false,"max_hp_per_floor":[68,68,68,68,68,68,68,68,68,68,68,68],"relic_stats":{"counters":[7,25],"Pen Nib":[1],"Turnip":[0],"obtain_stats":[{"SacredBark":0,"Pen Nib":6,"Turnip":10,"Bottled Lightning":9,"PureWater":0},{"SacredBark":0,"Pen Nib":5,"Turnip":6,"Bottled Lightning":5,"PureWater":0},{"SacredBark":0,"Pen Nib":18,"Turnip":23,"Bottled Lightning":18,"PureWater":0}]},"card_choices":[{"not_picked":["Prostrate","Halt"],"picked":"JustLucky","floor":1},{"not_picked":["SignatureMove","Evaluate"],"picked":"ClearTheMind","floor":2},{"not_picked":["Halt","CrushJoints"],"picked":"FearNoEvil","floor":3},{"not_picked":["PathToVictory","JustLucky"],"picked":"CutThroughFate","floor":4},{"not_picked":["CarveReality","FlurryOfBlows"],"picked":"Omniscience","floor":6},{"not_picked":["ThirdEye","Evaluate"],"picked":"Prostrate","floor":10}],"player_experience":1379764,"relics_obtained":[{"floor":6,"key":"Pen Nib"},{"floor":9,"key":"Bottled Lightning"},{"floor":10,"key":"Turnip"}],"event_choices":[{"damage_healed":0,"gold_gain":75,"player_choice":"Gather Gold","damage_taken":11,"max_hp_gain":0,"max_hp_loss":0,"event_name":"World of Goop","floor":5,"gold_loss":0},{"damage_healed":0,"gold_gain":0,"player_choice":"Searched \u00272\u0027 times","damage_taken":0,"max_hp_gain":0,"max_hp_loss":0,"event_name":"Dead Adventurer","floor":10,"gold_loss":0}],"is_beta":false,"boss_relics":[],"items_purged_floors":[7],"is_endless":false,"potions_floor_spawned":[2],"killed_by":"3 Sentries","ascension_level":20}}