{"host":"gndxudri6ebovps6","time":1612281017,"event":{"mods":["AchievementEnabler","Act Like it!","Aspiration","BaseMod","Better Altar","Better Match","Better Note","Better Sensory Stone","Better Skull","Better Vampires","BetterRewards","Block Reminder","Conspire","GifTheSpireLib","Hubris","Infinite Spire","Marked Mod","Minty Spire (QoL Compilation)","Pale of the Ancients","Quick Restart","Replay The Spire","Shop Mod","Spicy Shops","Spikes Relics","StSLib","Stuff the Spire","The Cursed","The Disciple","The Judge","The Mystic","The Necromancer","everything is the same but u backflip on backflip"],"gold_per_floor":[114,114,114,125,138,138,154,164,210,222,1,1,20,222,222,321,321,341,341,1,1,1,16,34,34,59,59,134,169,183,215,215,215,215,215,215],"floor_reached":35,"language":"ENG","playtime":1438,"items_purged":[],"score":554,"play_id":"0a823547-f0ac-4821-87e1-ee993c808e68","local_time":"20210202135017","is_ascension_mode":true,"campfire_choices":[{"data":"All For One","floor":6.0,"key":"SMITH"},{"data":"Zap","floor":12,"key":"SMITH"},{"floor":15,"key":"REST"},{"data":"Streamline","floor":25,"key":"SMITH"},{"data":"Stack","floor":27,"key":"SMITH"},{"data":"Streamline","floor":34,"key":"SMITH"}],"circlet_count":0,"master_deck":["Strike_B","Strike_B","Strike_B","Strike_B","Defend_B","Defend_B","Defend_B","Defend_B","Zap+1","Lockon","Gash+1","All For One+1","Sweeping Beam","StuffTheSpire:Innocence","Panic Button+1","Gash+1","hubris:PowerSurge+1","Streamline+1","Ball Lightning","Biased Cognition","hubris:PowerSurge+1","Gash+1","Streamline+1","Go for the Eyes+1","Stack+1","Beam Cell+1","Gash+1","Double Energy"],"relics":["Cracked Core","Membership Card","RetroEgg","StuffTheSpire:Saxophone","Meat on the Bone","Potion Belt","aspiration:ChemicalBlood","DataDisk","Incense Burner","aspiration:BursterCore","Replay:Baseball","Anchor","Lee\u0027s Waffle","Nunchaku","Toolbox","Symbiotic Virus","hubris:PeanutButter","StrikeDummy","Molten Egg 2","Blood Vial"],"acts_visited":["Exordium","TheCity"],"potions_floor_usage":[16,16,30,30,31,35,35,35,35],"damage_taken":[{"damage":9.0,"enemies":"Small Slimes","floor":1.0,"turns":4.0},{"damage":0.0,"enemies":"conspire:RoseBush","floor":4.0,"turns":3.0},{"damage":0.0,"enemies":"Cultist","floor":5.0,"turns":3.0},{"damage":0.0,"enemies":"Blue Slaver","floor":7.0,"turns":2.0},{"damage":9.0,"enemies":"2 Fungi Beasts","floor":8.0,"turns":2.0},{"damage":6,"enemies":"Gremlin Gang","floor":10,"turns":3},{"damage":11,"enemies":"Lots of Slimes","floor":13,"turns":3},{"damage":0,"enemies":"Fading Forest","floor":16,"turns":11},{"damage":12,"enemies":"conspire:FuzzyDice","floor":18,"turns":3},{"damage":0,"enemies":"Shell Parasite","floor":23,"turns":3},{"damage":0,"enemies":"Centurion and Healer","floor":24,"turns":4},{"damage":0,"enemies":"Book of Stabbing","floor":26,"turns":3},{"damage":0,"enemies":"Replay:Snechameleon","floor":29,"turns":2},{"damage":0,"enemies":"Sentry and Sphere","floor":30,"turns":3},{"damage":15,"enemies":"Slavers","floor":31,"turns":3},{"damage":57,"enemies":"Champ","floor":35,"turns":6}],"seed_played":"633294904910919204","potions_obtained":[{"floor":1.0,"key":"Weak Potion"},{"floor":4.0,"key":"FearPotion"},{"floor":24,"key":"AttackPotion"},{"floor":29,"key":"SteroidPotion"}],"is_trial":false,"path_per_floor":["M","?","?","M","M","R","M","M","T","M","$","R","M","?","R","B",null,"M","?","$","PTL","PTL","M","M","R","E","R","T","E","M","E","?","?","R","B"],"character_chosen":"DEFECT","items_purchased":["Membership Card","RetroEgg","Lockon","StuffTheSpire:Saxophone","Meat on the Bone","Gash","All For One","DataDisk","Incense Burner","Replay:Baseball","Anchor","Lee\u0027s Waffle","Nunchaku","Toolbox"],"campfire_rested":1,"item_purchase_floors":[0,0,0,0,0,0,0,11,11,20,20,20,20,20],"current_hp_per_floor":[36,36,41,41,41,41,41,44,44,38,38,38,39,9,31,45,68,56,56,82,82,82,82,82,82,82,82,82,82,82,67,67,46,46,0,0],"gold":215,"neow_bonus":"","is_daily":false,"chose_seed":false,"campfire_upgraded":5,"win_rate":0.0,"timestamp":1612281017,"path_taken":["M","?","?","M","M","R","M","M","T","?","$","R","M","?","R","BOSS","M","?","$","PTL","PTL","M","M","R","E","R","T","E","?","E","?","?","R","BOSS"],"items_purchased_type":["Relic","Relic","Card","Relic","Relic","Card","Card","Relic","Relic","Relic","Relic","Relic","Relic","Relic"],"build_version":"2020-12-22","purchased_purges":0,"victory":false,"max_hp_per_floor":[75,75,75,75,75,75,75,75,75,75,75,75,75,75,75,75,75,75,75,82,82,82,82,82,82,82,82,82,82,82,82,82,82,82,82,82],"card_choices":[{"not_picked":["BasicCrystalCard","Coolheaded"],"picked":"Sweeping Beam","floor":1.0},{"not_picked":["Compile Driver","ReplayTheSpireMod:System Scan"],"picked":"Panic Button","floor":4.0},{"not_picked":["Hologram","BasicCrystalCard"],"picked":"Gash","floor":5.0},{"not_picked":["StuffTheSpire:Plugnplay","Redo"],"picked":"hubris:PowerSurge","floor":7.0},{"not_picked":["StuffTheSpire:Plugnplay","FIFO Queue"],"picked":"Streamline","floor":8.0},{"not_picked":["FIFO Queue","Panic Button"],"picked":"Ball Lightning","floor":10},{"not_picked":["Coolheaded","Compile Driver"],"picked":"Biased Cognition","floor":13},{"not_picked":["Streamline","Rebound"],"picked":"hubris:PowerSurge","floor":14},{"not_picked":["Melter","Lockon"],"picked":"Gash+1","floor":18},{"not_picked":["Panic Button","Storm"],"picked":"Streamline","floor":23},{"not_picked":["Ball Lightning+1","Streamline"],"picked":"Go for the Eyes+1","floor":24},{"not_picked":["Tempest","Leap"],"picked":"Stack","floor":26},{"not_picked":["Darkness","StuffTheSpire:Coldhearted"],"picked":"Beam Cell+1","floor":29},{"not_picked":["Crystallizer","Stack"],"picked":"Gash+1","floor":30},{"not_picked":["Auto Shields","Sunder+1"],"picked":"Double Energy","floor":31}],"player_experience":526704,"relics_obtained":[{"floor":9.0,"key":"aspiration:ChemicalBlood"},{"floor":26,"key":"Symbiotic Virus"},{"floor":28,"key":"hubris:PeanutButter"},{"floor":29,"key":"StrikeDummy"},{"floor":31,"key":"Molten Egg 2"}],"event_choices":[{"cards_removed":["StuffTheSpire:CuriosityCurse"],"damage_healed":5.0,"max_hp_gain":0.0,"max_hp_loss":0.0,"gold_gain":0.0,"event_name":"Bonfire Elementals","player_choice":"Offered Special","floor":3.0,"gold_loss":0.0,"damage_taken":0.0},{"damage_healed":0,"gold_gain":0,"player_choice":"3","damage_taken":0,"max_hp_gain":0,"max_hp_loss":0,"event_name":"betterMatch:BetterMatch","floor":19,"gold_loss":0,"cards_obtained":[]},{"damage_healed":0,"gold_gain":0,"player_choice":" Vial ","damage_taken":21,"relics_obtained":["Blood Vial"],"max_hp_gain":67,"max_hp_loss":46,"event_name":"betterAltar:BetterAltar","floor":33,"potions_obtained":[],"relics_lost":[],"gold_loss":0}],"is_beta":false,"boss_relics":[{"not_picked":["Snecko Eye","Philosopher\u0027s Stone"],"picked":"aspiration:BursterCore"}],"items_purged_floors":[],"is_endless":false,"potions_floor_spawned":[1,4,24,29],"killed_by":"Champ","ascension_level":6}}