{"host":"ojezjkpqju62j8xy","time":1612238341,"event":{"mods":["ATMod(°¢èªMod)","Act Like it!","Aspiration","BaseMod","Conspire","Gensokyo","Minty Spire (QoL Compilation)","Pale of the Ancients","Reliquary","Replay The Spire","Spicy Shops","StSLib","¡¾ÒÅÎï¿¨ÅÆ¡¿REMEMod","²ÐÁôÖ®Îï"],"gold_per_floor":[110,129,129,149,169,169,199,209,259,259,285,20,47,357,357,434,434,444,444,42,52,102,114,153,385,420,459,490,528,540,564,576,660,672,703,625,637,669,681,727,749,772,784,353,379,6,6,339,339,339,339,353,371,398,398,398,409,409,15,15,15],"floor_reached":62,"language":"ZHS","playtime":2815,"items_purged":["Pride","Sickly","Normality","Doubt"],"score":3317,"play_id":"794b67ef-9219-4068-907f-c67c50d1b1f2","local_time":"20210202115901","is_ascension_mode":true,"campfire_choices":[{"floor":6.0,"key":"RECALL"},{"floor":23.0,"key":"REST"},{"floor":32.0,"key":"DIG"},{"floor":49,"key":"REST"},{"data":"REME_ACTH","floor":56,"key":"SMITH"},{"data":"Infernal Blade","floor":58,"key":"SMITH"}],"circlet_count":1,"master_deck":["AscendersBane","Strike_R","Strike_R","Defend_R","Defend_R","Bash","AT_FamilyPortrait","PlaceholderMod:CorePoison","Infernal Blade+1","Rage","Dagger Spray","Escape Plan","Clash","Reaper","ReplayTheSpireMod:Limb From Limb","Glass Knife","Replay:Bag of Tricks","Skewer","REME_Cut","Inflame","AT_ManFootWork","AT_IchimonjiDouble","Perfected Strike","AT_DiedThrough","Clumsy","Gensokyo:ImpossibleRequest","ReplayTheSpireMod:Limb From Limb","Eclipse","Replay:Undeath\u0027s Touch","REME_ACTH+1","Delirium","Spreading Infection","Overencumbered","Fire Breathing","AT_DrawKnifeCut","Voices","Limit Break","Heavy Blade","Gensokyo:CustomPotion","Twin Strike+1","Pain","Uppercut+1","Power Through","Run Through+1","Shame","Blind","Armaments+1","ReplayTheSpireMod:Restless Dread","Flex","Gensokyo:TrainingManual","Gensokyo:BlemishedSteel","Gensokyo:DepletedGenerator","Gensokyo:LockedMedkit","Gensokyo:GreaterSplit","ReplayTheSpireMod:Faulty Equipment","Gensokyo:AllTheWorldsEvil","Replay:Undeath\u0027s Touch+1","Carnage+1","Replay:Undeath\u0027s Touch","Rage+1","ReplayTheSpireMod:Strike From Hell+1","Pain","Combust+1","Warcry","Replay:Undeath\u0027s Touch","conspire:Purge","conspire:Purge","Dropkick"],"relics":["Burning Blood","AT_ATBox","REME_ComplimentaryCards","Ice Cream","Bronze Scales","Mirror","Gensokyo:Justice","AT_SunfireAegis","reliquary:WritOfMandamus","AT_RedTearstoneRing","Pen Nib","Turnip","Ring of Searing","Ring of Greed","Blue Doll","MawBank","Circlet","reliquary:Firecrackers","Lantern","conspire:GiftBox","AT_SeraphEmbrace","reliquary:SharkskinSheath","aspiration:RitualDagger","Smiling Mask","Meat on the Bone","ReplayTheSpireMod:CursedCoin","Frozen Eye","FossilizedHelix","Vajra","Old Coin","paleoftheancients:Timepiece","paleoftheancients:KeyRelic","CultistMask","Onion Ring","paleoftheancients:SoulOfTheWokeBloke","reliquary:TuningFork","Bottled Lightning","King of Hearts","BargainBundle"],"acts_visited":["Gensokyo:Gensokyo","Gensokyo:Gensokyoer","Gensokyo:Gensokyoest","paleoftheancients:PaleOfTheAncients"],"potions_floor_usage":[50,50,50,52,61,61],"damage_taken":[{"damage":1.0,"enemies":"Gensokyo:3_Fairies","floor":1.0,"turns":4.0},{"damage":0.0,"enemies":"Gensokyo:Python","floor":2.0,"turns":2.0},{"damage":6.0,"enemies":"Gensokyo:Gryphon","floor":4.0,"turns":2.0},{"damage":8.0,"enemies":"Gensokyo:VengefulSpirit","floor":5.0,"turns":3.0},{"damage":16.0,"enemies":"Gensokyo:Aya","floor":7.0,"turns":5.0},{"damage":11.0,"enemies":"Gensokyo:5_Fairies","floor":8.0,"turns":4.0},{"damage":6.0,"enemies":"Gensokyo:Mamizou","floor":11.0,"turns":5.0},{"damage":8.0,"enemies":"Gensokyo:Aya","floor":13.0,"turns":6.0},{"damage":21.0,"enemies":"Gensokyo:Python_and_Kodama","floor":14.0,"turns":5.0},{"damage":56.0,"enemies":"Gensokyo:Reimu","floor":16.0,"turns":6.0},{"damage":15.0,"enemies":"Gensokyo:Chomper","floor":18.0,"turns":3.0},{"damage":10.0,"enemies":"Gensokyo:2_Gloops","floor":21.0,"turns":3.0},{"damage":40.0,"enemies":"Gensokyo:Tenshi","floor":24.0,"turns":3.0},{"damage":38.0,"enemies":"Gensokyo:Slime_Group","floor":25.0,"turns":3.0},{"damage":2.0,"enemies":"Gensokyo:Reisen","floor":27.0,"turns":3.0},{"damage":15.0,"enemies":"Gensokyo:Swordslinger","floor":28.0,"turns":1.0},{"damage":3.0,"enemies":"Gensokyo:Tenshi","floor":29.0,"turns":1.0},{"damage":19.0,"enemies":"Gensokyo:Chomper_and_Gloop","floor":31.0,"turns":4.0},{"damage":0.0,"enemies":"Gensokyo:Eternal_Rivals","floor":33.0,"turns":5.0},{"damage":11.0,"enemies":"Gensokyo:3_Boulders","floor":35.0,"turns":2.0},{"damage":26.0,"enemies":"Gensokyo:3_Bats","floor":38.0,"turns":2.0},{"damage":41.0,"enemies":"Gensokyo:Kasen","floor":40.0,"turns":4.0},{"damage":7.0,"enemies":"Gensokyo:Rafflesia","floor":41.0,"turns":2.0},{"damage":6.0,"enemies":"Gensokyo:Dusk_and_Dawn","floor":42.0,"turns":2.0},{"damage":24.0,"enemies":"Gensokyo:Doremy","floor":45.0,"turns":3.0},{"damage":5,"enemies":"Gensokyo:Marisa","floor":48,"turns":2},{"damage":48,"enemies":"Gensokyo:Yuyuko","floor":50,"turns":5},{"damage":51,"enemies":"Gensokyo:Scarlet_Devils","floor":51,"turns":5},{"damage":139,"enemies":"Gensokyo:Scarlet_Devils","floor":52,"turns":7},{"damage":8,"enemies":"Gensokyo:Scarlet_Devils","floor":53,"turns":2},{"damage":8,"enemies":"conspire:MimicChest","floor":54,"turns":1},{"damage":69,"enemies":"conspire:MimicChest","floor":57,"turns":4},{"damage":296,"enemies":"paleoftheancients:N","floor":61,"turns":7}],"seed_played":"-5601135831028342181","potions_obtained":[{"floor":5.0,"key":"BlessingOfTheForge"},{"floor":7.0,"key":"PowerPotion"},{"floor":13.0,"key":"BlessingOfTheForge"},{"floor":16.0,"key":"Death Potion"},{"floor":25.0,"key":"Swift Potion"},{"floor":27.0,"key":"BlessingOfTheForge"},{"floor":31.0,"key":"Fire Potion"},{"floor":40.0,"key":"EntropicBrew"},{"floor":42.0,"key":"LiquidMemories"},{"floor":45.0,"key":"ColorlessPotion"},{"floor":52,"key":"BlessingOfTheForge"},{"floor":54,"key":"PlaceholderMod:PlaceholderPotion"}],"is_trial":false,"path_per_floor":["M","M","?","M","M","R","E","M","T","?","E","COS","E","M","R","B",null,"M","?","$","M","?","R","E","M","T","E","M","E","?","M","R","B",null,"M","?","?","M","?","E","M","M","T","$","E","COS","?","E","R","B","B","M","M","?","T","R","M","R","$","?","B",null],"character_chosen":"IRONCLAD","items_purchased":["AT_RedTearstoneRing","Pen Nib","ReplayTheSpireMod:CursedCoin","Frozen Eye","FossilizedHelix","Blind","Armaments+1","King of Hearts","BargainBundle","Combust+1","Warcry","Replay:Undeath\u0027s Touch","conspire:Purge","Dropkick"],"campfire_rested":2,"item_purchase_floors":[20,20,44,44,44,44,44,59,59,59,59,59,59,59],"current_hp_per_floor":[73,75,75,75,73,73,63,70,70,70,75,75,75,68,68,18,61,52,56,56,58,58,77,47,54,54,58,49,52,52,50,50,62,73,68,68,72,52,48,28,27,27,27,27,25,25,25,38,61,61,65,70,77,77,77,77,77,77,77,77,77],"gold":15,"neow_bonus":"ONE_RARE_RELIC","is_daily":false,"chose_seed":false,"campfire_upgraded":2,"win_rate":0.0,"timestamp":1612238341,"path_taken":["M","M","?","M","?","R","E","M","T","?","E","COS","E","M","R","BOSS","M","?","$","?","?","R","E","M","T","E","?","E","?","M","R","BOSS","M","?","?","?","?","E","M","M","T","?","E","COS","?","E","R","BOSS","BOSS","M","M","?","T","R","M","R","$","?","BOSS"],"items_purchased_type":["Relic","Relic","Relic","Relic","Relic","Card","Card","Relic","Relic","Card","Card","Card","Card","Card"],"build_version":"2020-12-22","purchased_purges":4,"victory":true,"max_hp_per_floor":[75,75,75,75,75,75,75,75,75,75,75,75,75,75,75,75,75,75,75,75,77,77,77,77,77,77,77,77,77,77,77,77,77,77,77,77,77,77,77,77,77,77,77,77,77,77,77,77,77,77,77,77,77,77,77,77,77,77,77,77,77],"card_choices":[{"not_picked":["Rage","Abandon"],"picked":"Infernal Blade","floor":1.0},{"not_picked":["Feel No Pain","AT_BodySlamDance"],"picked":"Rage","floor":2.0},{"not_picked":["AT_IchimonjiDouble","Power Through"],"picked":"Clash","floor":4.0},{"not_picked":["Iron Wave","Body Slam"],"picked":"Flame Barrier","floor":5.0},{"not_picked":["True Grit","Dark Embrace"],"picked":"Reaper","floor":7.0},{"not_picked":["Carnage","Wild Strike"],"picked":"ReplayTheSpireMod:Limb From Limb","floor":8.0},{"not_picked":["Wild Strike","Shrug It Off"],"picked":"REME_Cut","floor":11.0},{"not_picked":["Clash","Fire Breathing"],"picked":"Inflame","floor":13.0},{"not_picked":["Shrug It Off","Iron Wave"],"picked":"AT_ManFootWork","floor":14.0},{"not_picked":["Eclipse","REME_TheLastStrike"],"picked":"Brutality","floor":16.0},{"not_picked":["Cleave","Heavy Blade"],"picked":"AT_IchimonjiDouble","floor":18.0},{"not_picked":["Evolve","Sword Boomerang"],"picked":"Perfected Strike","floor":21.0},{"not_picked":["Power Through","Massacre"],"picked":"AT_DiedThrough","floor":24.0},{"not_picked":["Anger","Armaments"],"picked":"ReplayTheSpireMod:Limb From Limb","floor":25.0},{"not_picked":["REME_Fury","Berserk"],"picked":"Eclipse","floor":27.0},{"not_picked":["Pommel Strike","Headbutt"],"picked":"Replay:Undeath\u0027s Touch","floor":27.0},{"not_picked":["Perfected Strike","Dual Wield"],"picked":"REME_ACTH","floor":28.0},{"not_picked":["Combust","Searing Blow"],"picked":"Fire Breathing","floor":29.0},{"not_picked":["Shrug It Off","conspire:ExplosiveBarrier"],"picked":"AT_DrawKnifeCut","floor":31.0},{"not_picked":["Brutality","Feed"],"picked":"Limit Break","floor":33.0},{"not_picked":["Body Slam","Shrug It Off"],"picked":"Heavy Blade","floor":35.0},{"not_picked":["Second Wind","Shrug It Off"],"picked":"Twin Strike+1","floor":38.0},{"not_picked":["Heavy Blade","AT_ManFootWork"],"picked":"Uppercut+1","floor":40.0},{"not_picked":["Anger","Sentinel"],"picked":"Power Through","floor":41.0},{"not_picked":["Shrug It Off","Sword Boomerang"],"picked":"Run Through+1","floor":42.0},{"not_picked":["Headbutt","Barricade"],"picked":"Flex","floor":45.0},{"not_picked":["Reckless Charge","Clothesline"],"picked":"Replay:Undeath\u0027s Touch+1","floor":48},{"not_picked":["Shrug It Off","Heavy Blade"],"picked":"Carnage+1","floor":52},{"not_picked":["Iron Wave","Headbutt+1"],"picked":"Replay:Undeath\u0027s Touch","floor":53},{"not_picked":["Perfected Strike","Dropkick"],"picked":"Rage+1","floor":54},{"not_picked":["Heavy Blade","Blood for Blood"],"picked":"ReplayTheSpireMod:Strike From Hell+1","floor":57}],"player_experience":1519505,"relics_obtained":[{"floor":7.0,"key":"Ice Cream"},{"floor":11.0,"key":"Bronze Scales"},{"floor":13.0,"key":"Mirror"},{"floor":22.0,"key":"Ring of Searing"},{"floor":22.0,"key":"Ring of Greed"},{"floor":22.0,"key":"Blue Doll"},{"floor":22.0,"key":"MawBank"},{"floor":24.0,"key":"reliquary:Firecrackers"},{"floor":26.0,"key":"Lantern"},{"floor":27.0,"key":"conspire:GiftBox"},{"floor":29.0,"key":"AT_ArchangelStaff"},{"floor":32.0,"key":"reliquary:SharkskinSheath"},{"floor":40.0,"key":"Smiling Mask"},{"floor":43.0,"key":"Meat on the Bone"},{"floor":45.0,"key":"Vajra"},{"floor":48,"key":"Old Coin"},{"floor":52,"key":"paleoftheancients:SoulOfTheWokeBloke"},{"floor":54,"key":"reliquary:TuningFork"},{"floor":55,"key":"Bottled Lightning"}],"event_choices":[{"damage_healed":0.0,"max_hp_gain":0.0,"max_hp_loss":0.0,"gold_gain":0.0,"event_name":"conspire:Investor","player_choice":"Leave","floor":39.0,"gold_loss":0.0,"damage_taken":0.0}],"is_beta":false,"boss_relics":[{"not_picked":["Runic Pyramid","aspiration:WatcherSkillbook"],"picked":"reliquary:WritOfMandamus"},{"not_picked":["SacredBark","aspiration:SilentSkillbook"],"picked":"aspiration:RitualDagger"}],"items_purged_floors":[20,20,44,59],"is_endless":false,"potions_floor_spawned":[5,7,11,13,16,21,25,27,31,40,42,45,52,54,57],"ascension_level":20}}