{"host":"2q4w55ev63ot6isg","time":1612301032,"event":{"mods":["Aspiration","BaseMod","Downfall","Hubris","Marisa????????","Minty Spire (QoL Compilation)","Replay The Spire","StSLib","The Cursed","The Jungle","The Servant 0.9.4"],"gold_per_floor":[114,132,145,95,108,108,108,120,144,160,160,182,193,211,211,314,314,330,49,49,49,101,101,101],"floor_reached":23,"language":"ENG","playtime":639,"items_purged":["Strike_B","Strike_B"],"score":229,"play_id":"4d39cb4a-67fd-4852-b055-3a3d17333482","local_time":"20210202132352","is_ascension_mode":true,"campfire_choices":[{"data":"Zap","floor":6,"key":"SMITH"},{"data":"Creative AI","floor":11,"key":"SMITH"},{"floor":15,"key":"REST"}],"circlet_count":0,"master_deck":["Strike_B","Strike_B","Defend_B","Defend_B","Defend_B","Zap+1","Dualcast","Gash","Conserve Battery","Skim","Creative AI+1","Gash","Beam Cell","Gash","Reboot","SpecialFormula","Bandage Up","downfall:Bewildered","Shame","ReplayTheSpireMod:Splinters","Defy+1","Fission"],"relics":["Cracked Core","Smiling Mask","Replay:Antivirus Software","Odd Mushroom","aspiration:ServantSkillbook","sneckomod:BlankCard","sneckomod:BabySnecko","hubris:Reverence","Cables"],"acts_visited":["Exordium","TheCity"],"potions_floor_usage":[12,16,16,18,23],"damage_taken":[{"damage":1,"enemies":"Cultist","floor":1,"turns":3},{"damage":0,"enemies":"Small Slimes","floor":2,"turns":2},{"damage":9,"enemies":"Jaw Worm","floor":3,"turns":3},{"damage":5,"enemies":"Looter","floor":5,"turns":4},{"damage":7,"enemies":"3 Louse","floor":8,"turns":3},{"damage":10,"enemies":"Exordium Thugs","floor":10,"turns":4},{"damage":16,"enemies":"The Mushroom Lair","floor":12,"turns":4},{"damage":12,"enemies":"Looter","floor":13,"turns":3},{"damage":4,"enemies":"2 Fungi Beasts","floor":14,"turns":4},{"damage":25,"enemies":"Slime Boss","floor":16,"turns":8},{"damage":23,"enemies":"2 Thieves","floor":18,"turns":4},{"damage":46,"enemies":"Slavers","floor":23,"turns":2}],"seed_played":"-4106732688976822844","potions_obtained":[{"floor":3,"key":"SpeedPotion"},{"floor":10,"key":"Block Potion"},{"floor":12,"key":"BlessingOfTheForge"},{"floor":14,"key":"Venom Potion"},{"floor":18,"key":"FearPotion"}],"is_trial":false,"path_per_floor":["M","M","M","$","M","R","?","M","T","M","R","?","M","M","R","B",null,"M","$","?","?","?","E"],"character_chosen":"DEFECT","items_purchased":["sneckomod:BlankCard","Bandage Up"],"campfire_rested":1,"item_purchase_floors":[19,19],"current_hp_per_floor":[74,74,65,65,60,60,60,53,53,43,43,27,15,11,33,8,58,35,35,35,35,35,0,0],"gold":101,"neow_bonus":"RANDOM_COMMON_RELIC","is_daily":false,"chose_seed":false,"campfire_upgraded":2,"win_rate":0.0,"timestamp":1612301032,"path_taken":["M","?","M","$","M","R","?","M","T","M","R","?","M","M","R","BOSS","M","$","?","?","?","E"],"items_purchased_type":["Relic","Card"],"build_version":"2020-12-22","purchased_purges":2,"victory":false,"max_hp_per_floor":[75,75,75,75,75,75,75,75,75,75,75,75,75,75,75,75,75,75,75,75,75,75,75,75],"card_choices":[{"not_picked":["Barrage","Force Field","ReplaySolidLightProjector"],"picked":"SKIP","floor":1},{"not_picked":["ReplayTheSpireMod:GoodbyeWorld","Go for the Eyes"],"picked":"Gash","floor":2},{"not_picked":["Ball Lightning","Crystallizer"],"picked":"Conserve Battery","floor":3},{"not_picked":["Cold Snap","Sweeping Beam"],"picked":"Skim","floor":5},{"not_picked":["Recycle","ReplaySort","Cold Snap"],"picked":"SKIP","floor":8},{"not_picked":["Turbo","Beam Cell"],"picked":"Creative AI","floor":10},{"not_picked":["Aggregate","Sweeping Beam"],"picked":"Gash","floor":12},{"not_picked":["Barrage","Fusion"],"picked":"Beam Cell","floor":13},{"not_picked":["Steam","ReplayTheSpireMod:Repulse"],"picked":"Gash","floor":14},{"not_picked":["Amplify","hubris:DoWhile"],"picked":"Reboot","floor":16},{"not_picked":["Loop","ReplayTheSpireMod:GoodbyeWorld","Streamline"],"picked":"SpecialFormula","floor":18},{"not_picked":["Barrage+1","Revamp+1","DualDimension"],"picked":"Defy+1","floor":22},{"not_picked":["Unruled+1","Fusion","Coolheaded+1"],"picked":"Fission","floor":22}],"player_experience":202107,"relics_obtained":[{"floor":9,"key":"Replay:Antivirus Software"},{"floor":12,"key":"Odd Mushroom"},{"floor":22,"key":"Cables"}],"event_choices":[{"damage_healed":0,"gold_gain":0,"player_choice":"Fought Mushrooms","damage_taken":0,"max_hp_gain":0,"max_hp_loss":0,"event_name":"Mushrooms","floor":12,"gold_loss":0},{"damage_healed":0,"gold_gain":0,"player_choice":"Stole Relic","damage_taken":0,"relics_obtained":["hubris:Reverence"],"max_hp_gain":0,"max_hp_loss":0,"event_name":"Addict","floor":21,"gold_loss":0,"cards_obtained":["Shame"]}],"is_beta":false,"boss_relics":[{"not_picked":["hubris:BlackHole","aspiration:MarisaSkillbook"],"picked":"aspiration:ServantSkillbook"}],"items_purged_floors":[4,19],"is_endless":false,"potions_floor_spawned":[3,10,12,14,18],"killed_by":"Slavers","ascension_level":5}}