{"host":"0k696jvpnlqjk4gh","time":1612261321,"event":{"mods":["AchievementEnabler","BaseMod","Colored Map","Colored Powertips","Minty Spire (QoL Compilation)","Quick Restart"],"gold_per_floor":[118,131,150,150,26,42,82,82,107,130,57,81,3,30,30,155,155,178,194,219,144,144,144,144,144],"floor_reached":24,"language":"ENG","playtime":1517,"items_purged":["Injury"],"score":228,"play_id":"772bd671-6bbf-4f48-bc01-85c166a0c942","local_time":"20210202102201","is_ascension_mode":true,"campfire_choices":[{"data":"Creative AI","floor":8,"key":"SMITH"},{"floor":15,"key":"REST"},{"floor":23,"key":"REST"}],"circlet_count":0,"master_deck":["Zap","Dualcast","Force Field","Machine Learning","Machine Learning","White Noise","Steam","Steam Power","BootSequence","Streamline","Redo","Gash","Gash","Beam Cell","Creative AI+1","Go for the Eyes","Storm","Defragment","Seek","Self Repair","Conserve Battery"],"relics":["Pandora\u0027s Box","Golden Idol","Omamori","Ancient Tea Set","Tiny Chest","Inserter","Toy Ornithopter"],"acts_visited":["Exordium","TheCity"],"potions_floor_usage":[6,7,19],"damage_taken":[{"damage":0,"enemies":"Cultist","floor":1,"turns":5},{"damage":3,"enemies":"Jaw Worm","floor":2,"turns":3},{"damage":2,"enemies":"2 Louse","floor":3,"turns":3},{"damage":8,"enemies":"Looter","floor":6,"turns":3},{"damage":10,"enemies":"3 Sentries","floor":7,"turns":4},{"damage":13,"enemies":"Blue Slaver","floor":10,"turns":4},{"damage":30,"enemies":"Exordium Wildlife","floor":12,"turns":4},{"damage":8,"enemies":"Slime Boss","floor":16,"turns":6},{"damage":11,"enemies":"Spheric Guardian","floor":18,"turns":5},{"damage":13,"enemies":"Shell Parasite","floor":19,"turns":5},{"damage":32,"enemies":"Snake Plant","floor":20,"turns":6},{"damage":49,"enemies":"Gremlin Leader","floor":24,"turns":6}],"seed_played":"5149888215704569059","potions_obtained":[{"floor":1,"key":"PowerPotion"},{"floor":2,"key":"Weak Potion"},{"floor":16,"key":"Block Potion"},{"floor":18,"key":"BlessingOfTheForge"}],"is_trial":false,"path_per_floor":["M","M","M","?","$","M","E","R","T","M","$","M","$","T","R","B",null,"M","M","M","?","?","R","E"],"character_chosen":"DEFECT","items_purchased":["Gash","Storm","Defragment"],"campfire_rested":2,"item_purchase_floors":[5,11,13],"current_hp_per_floor":[75,72,70,70,70,62,52,52,52,39,39,9,9,9,31,23,75,64,51,26,26,26,48,0,0],"gold":144,"neow_bonus":"BOSS_RELIC","is_daily":false,"chose_seed":false,"campfire_upgraded":1,"win_rate":0.0,"timestamp":1612261321,"path_taken":["M","M","?","?","$","M","E","R","T","M","?","?","?","?","R","BOSS","M","M","M","?","?","R","E"],"items_purchased_type":["Card","Card","Card"],"build_version":"2020-12-22","purchased_purges":1,"victory":false,"max_hp_per_floor":[75,75,75,75,75,75,75,75,75,75,75,75,75,75,75,75,75,75,75,75,75,75,75,75,75],"card_choices":[{"not_picked":["Fusion","Undo"],"picked":"Streamline","floor":1},{"not_picked":["Barrage","Lockon"],"picked":"Redo","floor":2},{"not_picked":["Reinforced Body","Darkness"],"picked":"Gash","floor":3},{"not_picked":["Storm","Rip and Tear"],"picked":"Beam Cell","floor":6},{"not_picked":["Hello World","Redo"],"picked":"Creative AI","floor":7},{"not_picked":["Streamline","Hologram"],"picked":"Go for the Eyes","floor":10},{"not_picked":["Leap","Compile Driver","Skim"],"picked":"SKIP","floor":12},{"not_picked":["Thunder Strike","Fission"],"picked":"Seek","floor":16},{"not_picked":["Leap","Heatsinks","Stack+1"],"picked":"SKIP","floor":18},{"not_picked":["Sunder","Barrage"],"picked":"Self Repair","floor":19},{"not_picked":["Lockon","Barrage"],"picked":"Conserve Battery","floor":20}],"player_experience":94277,"relics_obtained":[{"floor":7,"key":"Omamori"},{"floor":9,"key":"Ancient Tea Set"},{"floor":14,"key":"Tiny Chest"}],"event_choices":[{"damage_healed":0,"gold_gain":0,"player_choice":"Take Wound","damage_taken":0,"relics_obtained":["Golden Idol"],"max_hp_gain":0,"max_hp_loss":0,"event_name":"Golden Idol","floor":4,"gold_loss":0,"cards_obtained":["Injury"]},{"cards_removed":["Fusion"],"damage_healed":0,"gold_gain":0,"player_choice":"Gave Gold","damage_taken":0,"max_hp_gain":0,"max_hp_loss":0,"event_name":"Beggar","floor":21,"gold_loss":75},{"damage_healed":0,"gold_gain":0,"player_choice":"Opened","damage_taken":0,"relics_obtained":["Toy Ornithopter"],"max_hp_gain":0,"max_hp_loss":0,"event_name":"The Mausoleum","floor":22,"gold_loss":0}],"is_beta":false,"boss_relics":[{"not_picked":["Sozu","Busted Crown"],"picked":"Inserter"}],"items_purged_floors":[5],"is_endless":false,"potions_floor_spawned":[1,2,16,18],"killed_by":"Gremlin Leader","ascension_level":3}}