{"host":"hzswyuuwdl03wwzr","time":1612283315,"event":{"mods":["100% Spire Juice","ATMod(∞¢Ë™Mod)","AchievementEnabler","Act Like it!","BaseMod","Gensokyo","Hallownest","Marisa£®ÏF”Í°°ƒß¿Ì…≥£©","Minty Spire (QoL Compilation)","Prisma Mod","Reliquary","Remilia_Scarlet Moed£®¿Ÿ√◊¿Ú—«°§Àπø®¿◊Ãÿ£©3.3.5","Replay The Spire","StSLib","The Animator","The Bug Knight","The Cursed","The Servant 0.9.4","Warlord Emblem","Yakumo Yukari mod","Youmu£®ªÍ∆«—˝√Œ£©","°æπ¶ƒ‹Mod°øªÏ„Á÷Æª∑–ﬁ∏¥≤π∂°","°æ“≈ŒÔø®≈∆°øREMEMod"],"gold_per_floor":[119,135,135,132,132,132,132,148,148,148,148,26,26,39,39,143,143,160,160,3,14,14,14,45,45,45,74,94,194,194,214,214,214,214],"floor_reached":33,"language":"ZHS","playtime":3167,"items_purged":["Clumsy"],"score":308,"play_id":"f25bd85b-48a3-4da1-b17b-410d0bcb2dc5","local_time":"20210203002835","is_ascension_mode":true,"campfire_choices":[{"data":"PrismaMod:IllyaUncommonDefend","floor":6.0,"key":"SMITH"},{"data":"PrismaMod:IllyaCheapChannelPoison","floor":11.0,"key":"SMITH"},{"data":"PrismaMod:IllyaSaphire","floor":13.0,"key":"SMITH"},{"floor":15.0,"key":"RECALL"},{"data":"PrismaMod:IllyaUberPoisonChannel","floor":23.0,"key":"SMITH"},{"data":"Poisoned Strike","floor":25.0,"key":"SMITH"},{"data":"PrismaMod:IllyaGrail","floor":32.0,"key":"SMITH"}],"circlet_count":0,"master_deck":["PrismaMod:IllyaCommonAttack","PrismaMod:IllyaUncommonAttack","PrismaMod:IllyaUncommonDefend+1","PrismaMod:IllyaSaphire+1","PrismaMod:IllyaMinorZwei","PrismaMod:IllyaGrail+1","PrismaMod:IllyaAOECommonAttack","PrismaMod:IllyaCheapChannelPoison+1","Hallownest:skillLeafShield","Hallownest:skillLeafShield","Hallownest:skillLeafShield","Hallownest:skillLeafShield","Hallownest:skillLeafShield","REME_Flogging","Crow Ritual","Poisoned Strike+1","PrismaMod:IllyaBoysLove","PrismaMod:IllyaUberPoisonChannel+1","PrismaMod:IllyaRussianRoulette+1","PrismaMod:IllyaGrail","PrismaMod:IllyaBlindPoisonToss+1","PrismaMod:IllyaPoisonBomb","PrismaMod:IllyaFeed+1","PrismaMod:IllyaMinorZwei+1"],"relics":["PrismaMod:PrismaRuby","AT_ATBox","REME_ComplimentaryCards","Hallownest:DreamNailRelic","ReplayTheSpireMod:CursedCoin","Ginger","ReplayTheSpireMod:ShopPack","Empty Cage","Gensokyo:SongOfSouls","DollysMirror","Pantograph","InkBottle","CaptainsWheel","Replay:PocketPolymizer"],"acts_visited":["Hallownest:Greenpath","Gensokyo:Gensokyoer"],"potions_floor_usage":[],"damage_taken":[{"damage":0.0,"enemies":"Hallownest:2_Baldur","floor":1.0,"turns":4.0},{"damage":0.0,"enemies":"2_ Uuma","floor":2.0,"turns":8.0},{"damage":0.0,"enemies":"Hallownest:monsterHuskWarrior","floor":8.0,"turns":5.0},{"damage":0.0,"enemies":"Hallownest:monsterFoolEater","floor":14.0,"turns":3.0},{"damage":2.0,"enemies":"Hallownest:BossBrokenVessel","floor":16.0,"turns":9.0},{"damage":1.0,"enemies":"Gensokyo:CosmicMonolith","floor":18.0,"turns":4.0},{"damage":6.0,"enemies":"Gensokyo:AngelMirror","floor":21.0,"turns":4.0},{"damage":22.0,"enemies":"Gensokyo:Tenshi","floor":24.0,"turns":3.0},{"damage":31.0,"enemies":"Gensokyo:Koishi","floor":27.0,"turns":5.0},{"damage":4.0,"enemies":"Gensokyo:Wraith","floor":28.0,"turns":4.0},{"damage":20.0,"enemies":"Gensokyo:Wraith","floor":29.0,"turns":5.0},{"damage":0.0,"enemies":"Gensokyo:3_Gloops","floor":31.0,"turns":3.0},{"damage":71,"enemies":"Gensokyo:Eternal_Rivals","floor":33,"turns":6}],"seed_played":"-7864344696076536430","potions_obtained":[{"floor":1.0,"key":"Swift Potion"},{"floor":8.0,"key":"BlessingOfTheForge"},{"floor":16.0,"key":"SteroidPotion"},{"floor":28.0,"key":"REME_GoldPotion"}],"is_trial":false,"path_per_floor":["M","M","?","$","?","R","$","M","T","?","R","$","R","M","R","B",null,"M","?","$","M","?","R","E","R","T","E","M","?","?","M","R","B"],"character_chosen":"ILLYA","items_purchased":["ReplayTheSpireMod:CursedCoin","PrismaMod:IllyaGrail","ReplayTheSpireMod:ShopPack","DollysMirror"],"campfire_rested":0,"item_purchase_floors":[4,4,12,20],"current_hp_per_floor":[75,75,75,75,75,75,75,75,75,75,75,75,75,75,75,73,75,74,74,74,68,68,68,46,46,46,15,26,46,46,46,46,0,0],"gold":214,"neow_bonus":"REMOVE_CARD","is_daily":false,"chose_seed":false,"campfire_upgraded":6,"win_rate":0.0,"timestamp":1612283315,"path_taken":["M","M","?","?","?","R","?","M","T","?","R","?","R","?","R","BOSS","M","?","$","?","?","R","E","R","T","E","M","?","?","M","R","BOSS"],"items_purchased_type":["Relic","Card","Relic","Relic"],"build_version":"2020-12-22","purchased_purges":1,"victory":false,"max_hp_per_floor":[75,75,75,75,75,75,75,75,75,75,75,75,75,75,75,75,75,75,75,75,75,75,75,75,75,75,75,75,75,75,75,75,75,75],"card_choices":[{"not_picked":["PrismaMod:IllyaEvokeAll","PrismaMod:IllyaPoisonBlock"],"picked":"PrismaMod:IllyaSaphire","floor":1.0},{"not_picked":["PrismaMod:IllyaEvokeAll","PrismaMod:IllyaBride"],"picked":"PrismaMod:IllyaMinorZwei","floor":2.0},{"not_picked":["PrismaMod:IllyaAlice","PrismaMod:IllyaBlindPoisonToss"],"picked":"PrismaMod:IllyaCheapChannelPoison","floor":8.0},{"not_picked":["Thinking Ahead","AT_FamilyPortrait"],"picked":"REME_Flogging","floor":12.0},{"not_picked":["AT_BreakingExtremeWeapon","AT_PowerWithin"],"picked":"Crow Ritual","floor":12.0},{"not_picked":["Survey Options","Magnetism"],"picked":"Poisoned Strike","floor":12.0},{"not_picked":["PrismaMod:IllyaUncommonAttack","PrismaMod:IllyaCheapDefend"],"picked":"PrismaMod:IllyaBoysLove","floor":14.0},{"not_picked":["PrismaMod:IllyaUberAttackChannel","PrismaMod:IllyaUberDefendChannel"],"picked":"PrismaMod:IllyaUberPoisonChannel","floor":16.0},{"not_picked":["PrismaMod:IllyaCheapChannelDefend","PrismaMod:IllyaMinorRapidFire+1"],"picked":"PrismaMod:IllyaRussianRoulette+1","floor":18.0},{"not_picked":["PrismaMod:IllyaStunPoison","PrismaMod:IllyaAlice"],"picked":"PrismaMod:IllyaBlindPoisonToss+1","floor":21.0},{"not_picked":["PrismaMod:IllyaUncommonAOEAttack","PrismaMod:IllyaFeed"],"picked":"PrismaMod:IllyaPoisonBomb","floor":24.0},{"not_picked":["PrismaMod:IllyaInstallShielder","PrismaMod:IllyaBlindPoisonToss"],"picked":"PrismaMod:IllyaFeed+1","floor":27.0},{"not_picked":["PrismaMod:IllyaPoisonTippedWeapons","PrismaMod:IllyaMinorZwei+1","PrismaMod:IllyaReinForce"],"picked":"SKIP","floor":28.0},{"not_picked":["PrismaMod:IllyaFeed","PrismaMod:IllyaMinorReinForce"],"picked":"PrismaMod:IllyaMinorZwei+1","floor":29.0},{"not_picked":["PrismaMod:IllyaGrail","PrismaMod:IllyaFeed","PrismaMod:IllyaReinForce"],"picked":"SKIP","floor":31.0}],"player_experience":44043,"relics_obtained":[{"floor":9.0,"key":"Ginger"},{"floor":24.0,"key":"Pantograph"},{"floor":27.0,"key":"InkBottle"},{"floor":29.0,"key":"CaptainsWheel"},{"floor":29.0,"key":"Replay:PocketPolymizer"}],"event_choices":[],"is_beta":false,"boss_relics":[{"not_picked":["reliquary:Craggleroot","AT_MortalBlade"],"picked":"Empty Cage"}],"items_purged_floors":[4],"is_endless":false,"potions_floor_spawned":[1,8,16,18,28],"killed_by":"Gensokyo:Eternal_Rivals","ascension_level":1}}