{"host":"dn2xyj3kd3d9cfyb","time":1612265236,"event":{"mods":["BaseMod","Colored Powertips","Downfall","Hubris","Marisa£®ÏF”Í°°ƒß¿Ì…≥£©","Minty Spire (QoL Compilation)","READ ME - Guardian Mod","Remilia£®¿Ÿ√◊¿Ú—«£©","Replay The Spire","Shop Mod","StSLib","The Animator","The Construct","The Cursed","The Mystic","The Servant 0.9.4","Youmu£®ªÍ∆«—˝√Œ£©","Yuri Mod","Yuyuko"],"gold_per_floor":[0,15,27,27,27,27,27,43,43,55,65,50,81,81,110,123,140,140,140],"floor_reached":18,"language":"ZHS","playtime":747,"items_purged":[],"score":130,"play_id":"515a7ba2-e46a-412d-8b54-1620a733ee60","local_time":"20210202192716","is_ascension_mode":true,"campfire_choices":[{"data":"UltimateShortwave","floor":1,"key":"SMITH"},{"floor":14,"key":"REST"}],"circlet_count":0,"master_deck":["Strike_MRS","Strike_MRS","Strike_MRS","Strike_MRS","Defend_MRS","Defend_MRS","Defend_MRS","MasterSpark","UpSweep","UltimateShortwave+1","OrrerysSun","Acceleration","GrandCross","OrrerysSun","OneTimeOff"],"relics":["MiniHakkero","Peace Pipe","Orichalcum","Gremlin Horn"],"acts_visited":["Exordium"],"potions_floor_usage":[10,10,17,18],"damage_taken":[{"damage":1,"enemies":"Jaw Worm","floor":2,"turns":3},{"damage":1,"enemies":"Cultist","floor":3,"turns":3},{"damage":2,"enemies":"2 Louse","floor":8,"turns":3},{"damage":20,"enemies":"Exordium Thugs","floor":10,"turns":4},{"damage":14,"enemies":"Red Slaver","floor":11,"turns":4},{"damage":0,"enemies":"downfall:FleeingMerchant","floor":12,"turns":4},{"damage":30,"enemies":"Gremlin Nob","floor":13,"turns":5},{"damage":16,"enemies":"Replay:BlueRogue","floor":15,"turns":5},{"damage":0,"enemies":"3 Louse","floor":16,"turns":1},{"damage":2,"enemies":"Blue Slaver","floor":17,"turns":3},{"damage":25,"enemies":"WA_ARCHETYPE_RETAIN","floor":18,"turns":7}],"seed_played":"-2738871997068798924","potions_obtained":[{"floor":3,"key":"Cursed Concoction"},{"floor":8,"key":"Ancient Potion"},{"floor":13,"key":"EssenceOfSteel"},{"floor":16,"key":"BottledSpark"}],"is_trial":false,"path_per_floor":["R","M","M","?","T","PTL","PTL","M","T","M","M","$","E","R","E","M","M","B"],"character_chosen":"MARISA","items_purchased":[],"campfire_rested":1,"item_purchase_floors":[],"current_hp_per_floor":[75,74,73,73,73,73,73,71,71,51,37,37,7,29,13,13,11,0,0],"gold":140,"neow_bonus":"THREE_RARE_CARDS","is_daily":false,"chose_seed":false,"campfire_upgraded":1,"win_rate":0.0,"timestamp":1612265236,"path_taken":["R","M","M","?","?","PTL","PTL","?","T","M","M","$","E","R","E","M","M","BOSS"],"items_purchased_type":[],"build_version":"2020-12-22","purchased_purges":0,"victory":false,"max_hp_per_floor":[75,75,75,75,75,75,75,75,75,75,75,75,75,75,75,75,75,75,75],"card_choices":[{"not_picked":["BinaryStars","JA"],"picked":"UltimateShortwave","floor":0},{"not_picked":["GalacticHalo","UnstableBomb"],"picked":"OrrerysSun","floor":2},{"not_picked":["ShootingEcho","EarthLightRay","MysteriousBeam"],"picked":"SKIP","floor":3},{"not_picked":["MilkyWay","WitchOfGreed","AsteroidBelt"],"picked":"SKIP","floor":8},{"not_picked":["MeteoricShower","ShootingEcho","PowerUp"],"picked":"SKIP","floor":10},{"not_picked":["WitchLeyline","PowerUp","6A"],"picked":"SKIP","floor":11},{"not_picked":["MysteriousBeam","MachineGunSpark","BlazingStar"],"picked":"SKIP","floor":12},{"not_picked":["ManaConvection","GravityBeat"],"picked":"Acceleration","floor":13},{"not_picked":["MilkyWay","MeteoricShower"],"picked":"GrandCross","floor":15},{"not_picked":["RefractionSpark","StarlightTyphoon"],"picked":"OrrerysSun","floor":16},{"not_picked":["WitchOfGreed","AsteroidBelt"],"picked":"OneTimeOff","floor":17}],"player_experience":589052,"relics_obtained":[{"floor":5,"key":"Peace Pipe"},{"floor":13,"key":"Orichalcum"},{"floor":15,"key":"Gremlin Horn"}],"event_choices":[],"is_beta":false,"boss_relics":[],"items_purged_floors":[],"is_endless":false,"potions_floor_spawned":[3,8,13,16],"killed_by":"WA_ARCHETYPE_RETAIN","ascension_level":1}}