{"host":"sum4dy402bbv9y4o","time":1612225498,"event":{"mods":["Aspiration","BaseMod","Conspire","Highlight Path","Minty Spire (QoL Compilation)","StSLib"],"gold_per_floor":[112,124,137,36,56,83,93,93,93,104,104,122,122,155,155,155,155],"floor_reached":16,"language":"ENG","playtime":555,"items_purged":["Defend_P"],"score":278,"play_id":"d9373729-b56f-47b2-b320-8c7ce279451a","local_time":"20210202032458","is_ascension_mode":true,"campfire_choices":[{"data":"Eruption","floor":8,"key":"SMITH"},{"data":"TalkToTheHand","floor":11,"key":"SMITH"},{"data":"Wallop","floor":15,"key":"SMITH"}],"circlet_count":0,"master_deck":["AscendersBane","Strike_P","Strike_P","Strike_P","Strike_P","Defend_P","Defend_P","Defend_P","Eruption+1","Vigilance","TalkToTheHand+1","SashWhip","Wallop+1","Halt","EmptyFist","Evaluate","Protect","EmptyBody","FlurryOfBlows"],"relics":["PureWater","aspiration:Nostalgia","Cracked Core","Gremlin Horn","Yang","Turnip","Calipers"],"acts_visited":["Exordium"],"potions_floor_usage":[14],"damage_taken":[{"damage":0,"enemies":"Cultist","floor":1,"turns":3},{"damage":0,"enemies":"Jaw Worm","floor":2,"turns":2},{"damage":0,"enemies":"2 Louse","floor":3,"turns":2},{"damage":0,"enemies":"Exordium Wildlife","floor":5,"turns":2},{"damage":9,"enemies":"Lagavulin","floor":6,"turns":6},{"damage":1,"enemies":"Gremlin Gang","floor":7,"turns":3},{"damage":0,"enemies":"3 Louse","floor":10,"turns":3},{"damage":0,"enemies":"Red Slaver","floor":12,"turns":3},{"damage":0,"enemies":"3 Sentries","floor":14,"turns":4},{"damage":55,"enemies":"Slime Boss","floor":16,"turns":11}],"seed_played":"-1271231057805698185","potions_obtained":[{"floor":1,"key":"BlessingOfTheForge"},{"floor":2,"key":"Swift Potion"},{"floor":6,"key":"LiquidMemories"}],"is_trial":false,"path_per_floor":["M","M","M","$","M","E","M","R","T","M","R","M","?","E","R","B"],"character_chosen":"WATCHER","items_purchased":["Halt"],"campfire_rested":0,"item_purchase_floors":[4],"current_hp_per_floor":[61,61,61,61,61,52,51,51,51,51,51,51,51,51,51,0,0],"gold":155,"neow_bonus":"NOSTALGIA","is_daily":false,"chose_seed":false,"campfire_upgraded":3,"win_rate":0.0,"timestamp":1612225498,"path_taken":["M","M","M","$","M","E","M","R","T","M","R","M","?","E","R","BOSS"],"items_purchased_type":["Card"],"build_version":"2020-12-22","purchased_purges":1,"victory":false,"max_hp_per_floor":[68,68,68,68,68,68,68,68,68,68,68,68,68,68,68,68,68],"card_choices":[{"not_picked":["Sanctity","Halt"],"picked":"TalkToTheHand","floor":1},{"not_picked":["ThirdEye","ClearTheMind"],"picked":"SashWhip","floor":2},{"not_picked":["FlyingSleeves","Meditate"],"picked":"Wallop","floor":3},{"not_picked":["ClearTheMind","PathToVictory"],"picked":"EmptyFist","floor":5},{"not_picked":["Indignation","JustLucky"],"picked":"Evaluate","floor":6},{"not_picked":["CarveReality","FollowUp"],"picked":"Protect","floor":7},{"not_picked":["SashWhip","ThirdEye"],"picked":"EmptyBody","floor":10},{"not_picked":["Sanctity","BattleHymn","JustLucky"],"picked":"SKIP","floor":12},{"not_picked":["Judgement","EmptyFist"],"picked":"FlurryOfBlows","floor":14}],"player_experience":3027302,"relics_obtained":[{"floor":6,"key":"Gremlin Horn"},{"floor":9,"key":"Yang"},{"floor":14,"key":"Calipers"}],"event_choices":[{"damage_healed":0,"gold_gain":0,"player_choice":"Gave Potion","damage_taken":0,"relics_obtained":["Turnip"],"max_hp_gain":0,"max_hp_loss":0,"event_name":"WeMeetAgain","floor":13,"gold_loss":0}],"is_beta":false,"boss_relics":[],"items_purged_floors":[4],"is_endless":false,"potions_floor_spawned":[1,2,6,10,12],"killed_by":"Slime Boss","ascension_level":20}}