{"host":"28p8ce41sjwa6lzf","time":1612293405,"event":{"mods":["AchievementEnabler","BaseMod","Bestiary","Colored Map","Colored Powertips","Dark Map","Highlight Path","Minty Spire (QoL Compilation)","Permanent Neow","Quick Restart","Random Character Button","Rare Cards Sparkle","Relic Stats","StSLib"],"gold_per_floor":[116,129,145,158,175,175,207,207,207,241,391,391,425,425,425,496,496,540,301,319,335,335,335],"floor_reached":22,"language":"ENG","playtime":2077,"items_purged":["Doubt"],"score":416,"play_id":"19a58dd3-7b0d-4b14-a405-fec6463f5657","local_time":"20210202131645","is_ascension_mode":true,"campfire_choices":[{"floor":6.0,"key":"REST"},{"floor":8.0,"key":"REST"},{"floor":15.0,"key":"REST"}],"circlet_count":0,"master_deck":["AscendersBane","Strike_P","Strike_P","Strike_P","Strike_P","Defend_P","Defend_P","Defend_P","Defend_P","Eruption","Vigilance","ThirdEye","FlurryOfBlows","Protect","ReachHeaven","ConjureBlade+1","EmptyFist","CutThroughFate","Wish","ThirdEye","Protect+1","Wallop"],"relics":["Fusion Hammer","Darkstone Periapt","Sundial","Boot","GoldenEye","Runic Pyramid","Lantern"],"acts_visited":["Exordium","TheCity"],"potions_floor_usage":[21],"damage_taken":[{"damage":0.0,"enemies":"Jaw Worm","floor":1.0,"turns":4.0},{"damage":12.0,"enemies":"Small Slimes","floor":2.0,"turns":3.0},{"damage":0.0,"enemies":"Cultist","floor":3.0,"turns":2.0},{"damage":5.0,"enemies":"2 Fungi Beasts","floor":4.0,"turns":4.0},{"damage":2.0,"enemies":"Lots of Slimes","floor":5.0,"turns":4.0},{"damage":16.0,"enemies":"Gremlin Nob","floor":7.0,"turns":3.0},{"damage":13.0,"enemies":"Lagavulin","floor":10.0,"turns":6.0},{"damage":0.0,"enemies":"Gremlin Gang","floor":12.0,"turns":1.0},{"damage":23.0,"enemies":"3 Sentries","floor":13.0,"turns":5.0},{"damage":15.0,"enemies":"The Guardian","floor":16.0,"turns":7.0},{"damage":8.0,"enemies":"Spheric Guardian","floor":18.0,"turns":4.0},{"damage":3.0,"enemies":"Shell Parasite","floor":20.0,"turns":3.0},{"damage":19,"enemies":"Chosen and Byrds","floor":21,"turns":7},{"damage":43,"enemies":"Snake Plant","floor":22,"turns":5}],"seed_played":"-6718609115627404783","potions_obtained":[{"floor":3.0,"key":"Fire Potion"},{"floor":5.0,"key":"SmokeBomb"},{"floor":7.0,"key":"Ancient Potion"},{"floor":13.0,"key":"Block Potion"},{"floor":21,"key":"Strength Potion"}],"is_trial":false,"path_per_floor":["M","M","M","M","M","R","E","R","T","E","?","M","E","?","R","B",null,"M","$","M","M","M"],"character_chosen":"WATCHER","items_purchased":["Lantern"],"campfire_rested":3,"item_purchase_floors":[19],"current_hp_per_floor":[61,49,49,44,42,62,46,66,66,53,59,59,36,36,58,43,66,58,58,55,36,0,0],"gold":335,"neow_bonus":"BOSS_RELIC","is_daily":false,"chose_seed":false,"campfire_upgraded":0,"win_rate":0.0,"timestamp":1612293405,"path_taken":["M","M","M","M","M","R","E","R","T","E","?","M","E","?","R","BOSS","M","?","M","M","M"],"items_purchased_type":["Relic"],"build_version":"2020-12-22","purchased_purges":1,"victory":false,"max_hp_per_floor":[68,68,68,68,68,68,68,68,68,68,74,74,74,74,74,74,74,74,74,74,74,74,74],"relic_stats":{"Darkstone Periapt":6,"counters":[14,58],"Sundial":[4],"Boot":[22],"GoldenEye":[15],"obtain_stats":[{"Darkstone Periapt":7,"Lantern":19,"Sundial":9,"Fusion Hammer":0,"PureWater":0,"Boot":10,"GoldenEye":13,"Runic Pyramid":17},{"Darkstone Periapt":6,"Lantern":11,"Sundial":6,"Fusion Hammer":0,"PureWater":0,"Boot":7,"GoldenEye":9,"Runic Pyramid":10},{"Darkstone Periapt":20,"Lantern":43,"Sundial":20,"Fusion Hammer":0,"PureWater":0,"Boot":26,"GoldenEye":32,"Runic Pyramid":39}]},"card_choices":[{"not_picked":["FlyingSleeves","Pray"],"picked":"ThirdEye","floor":1.0},{"not_picked":["CarveReality","EmptyBody"],"picked":"FlurryOfBlows","floor":2.0},{"not_picked":["EmptyBody","PathToVictory"],"picked":"Protect","floor":3.0},{"not_picked":["PathToVictory","LikeWater"],"picked":"ReachHeaven","floor":4.0},{"not_picked":["Crescendo","SashWhip","ForeignInfluence"],"picked":"SKIP","floor":5.0},{"not_picked":["CrushJoints","EmptyFist"],"picked":"ConjureBlade","floor":7.0},{"not_picked":["Swivel","ClearTheMind"],"picked":"EmptyFist","floor":10.0},{"not_picked":["Indignation","FlurryOfBlows"],"picked":"CutThroughFate","floor":13.0},{"not_picked":["Judgement","SpiritShield"],"picked":"Wish","floor":16.0},{"not_picked":["ForeignInfluence","Consecrate+1"],"picked":"ThirdEye","floor":18.0},{"not_picked":["LikeWater","CrushJoints"],"picked":"Protect+1","floor":20.0},{"not_picked":["CutThroughFate","JustLucky"],"picked":"Wallop","floor":21}],"player_experience":1204534,"relics_obtained":[{"floor":7.0,"key":"Darkstone Periapt"},{"floor":9.0,"key":"Sundial"},{"floor":10.0,"key":"Boot"},{"floor":13.0,"key":"GoldenEye"}],"event_choices":[{"damage_healed":0.0,"max_hp_gain":0.0,"max_hp_loss":0.0,"gold_gain":150.0,"event_name":"Liars Game","player_choice":"AGREE","floor":11.0,"gold_loss":0.0,"damage_taken":0.0,"cards_obtained":["Doubt"]},{"damage_healed":0.0,"max_hp_gain":0.0,"max_hp_loss":0.0,"gold_gain":0.0,"event_name":"Upgrade Shrine","player_choice":"Upgraded","floor":14.0,"gold_loss":0.0,"damage_taken":0.0,"cards_upgraded":["ConjureBlade"]}],"is_beta":false,"boss_relics":[{"not_picked":["Busted Crown","Empty Cage"],"picked":"Runic Pyramid"}],"items_purged_floors":[19],"is_endless":false,"potions_floor_spawned":[3,5,7,13,21],"killed_by":"Snake Plant","ascension_level":20}}