{"host":"0y7rggrn2c7yxnri","time":1612235197,"event":{"mods":["AchievementEnabler","Act Like it!","AlwaysNeverKeys","Aspiration","Bartender","BaseMod","Better Altar","Better Sensory Stone","Better Skull","Better Third Choice","Better Vampires","BetterRewards","Colored Map","Colored Powertips","Displayed Cursed Tome","Duelist Mod","GifTheSpireLib","Magitek Elite","Minty Spire (QoL Compilation)","Permanent Neow","Quick Restart","Reliquary","Replay The Spire","Shop Mod","Spicy Shops","Spire Arcade","StSLib","Stuff the Spire","The Alterego","The Animator","The Marked","The Servant 0.9.4","Transform Curses","Virulent Crown","Wandering Minibosses"],"gold_per_floor":[118,35,0,0,80,114,134,161,161,189,205,26,26,42,42,143,143,61,61,2,2,17,49,490,38,62,77,77,108,108,127,127,226,226,237,237,257,257,274,307,318,337,337,349,399,415,76,92,92,92,92,92,26,54,54],"floor_reached":56,"language":"ENG","playtime":3785,"items_purged":["Parasite","CommonCold","Writhe"],"score":1463,"play_id":"05d38591-8d61-4f21-b9b8-279815aa3a44","local_time":"20210201220637","is_ascension_mode":true,"campfire_choices":[{"floor":13,"key":"REST"},{"data":"alterego_mod:BigMeatyClaws","floor":15,"key":"SMITH"},{"floor":28,"key":"REST"},{"floor":32,"key":"DIG"},{"data":"alterego_mod:TrickOrTreatment","floor":49,"key":"SMITH"},{"data":"Mayhem","floor":52,"key":"SMITH"}],"circlet_count":0,"master_deck":["alterego_mod:Strike","alterego_mod:Strike","alterego_mod:Strike","alterego_mod:Defend","alterego_mod:Defend","alterego_mod:Defend","alterego_mod:Impale","alterego_mod:BigMeatyClaws+1","alterego_mod:BrynhildrsRune","Dramatic Entrance+1","alterego_mod:DiscoLights+1","alterego_mod:Pet+1","alterego_mod:Schoolgirl+1","alterego_mod:Smother+1","alterego_mod:Bounce+1","alterego_mod:Tantrum+1","alterego_mod:Cushion+1","alterego_mod:Birthday+1","alterego_mod:DiscoLights","alterego_mod:GIGAMILK+1","StuffTheSpire:Innocence","StuffTheSpire:Innocence","StuffTheSpire:Innocence","alterego_mod:Bounce","alterego_mod:Bounce","alterego_mod:IdEs+1","Dark Shackles+1","alterego_mod:TrickOrTreatment+1","alterego_mod:SakuraFive","alterego_mod:Palingenesis","Madness+1","Madness+1","alterego_mod:Bounce","Mayhem+1","alterego_mod:Mirror+1","alterego_mod:IndependentAction+1","alterego_mod:Bounce+1","alterego_mod:SideboobHour"],"relics":["alterego_mod:MasochisticConstitution","aspiration:AnachronicSnailShell","Anchor","Toxic Egg 2","StuffTheSpire:Saxophone","Sling","Replay:Wax Seal","Vajra","aspiration:FrozenJewel","Nunchaku","MutagenicStrength","reliquary:Bookmark","Ancient Tea Set","MerchantsRug","Onion Ring","Orichalcum","Protect_Vest","Coffee Dripper","reliquary:Firecrackers","wanderingMiniBosses:AbyssPearl","StuffTheSpire:Expresso","StuffTheSpire:Wildfire","StuffTheSpire:HistoryBook","Medical Kit","Pocketwatch"],"acts_visited":["Exordium","TheCity","TheBeyond","TheEnding"],"potions_floor_usage":[16,16,16,33,55,55,55],"damage_taken":[{"damage":1,"enemies":"Cultist","floor":1,"turns":4},{"damage":9,"enemies":"Replay:BlueRogue","floor":6,"turns":6},{"damage":0,"enemies":"2 Louse","floor":7,"turns":1},{"damage":8,"enemies":"3 Sentries","floor":8,"turns":4},{"damage":22,"enemies":"Replay:BlueRogue","floor":10,"turns":5},{"damage":3,"enemies":"Jaw Worm","floor":11,"turns":4},{"damage":0,"enemies":"3 Louse","floor":14,"turns":2},{"damage":22,"enemies":"Slime Boss","floor":16,"turns":12},{"damage":18,"enemies":"3 Byrds","floor":18,"turns":7},{"damage":0,"enemies":"2 Thieves","floor":22,"turns":3},{"damage":0,"enemies":"theDuelist:KaibaA2","floor":23,"turns":3},{"damage":0,"enemies":"Centurion and Healer","floor":27,"turns":1},{"damage":7,"enemies":"Replay:Snechameleon","floor":29,"turns":6},{"damage":0,"enemies":"Snake Plant","floor":31,"turns":5},{"damage":2,"enemies":"Automaton","floor":33,"turns":10},{"damage":0,"enemies":"3 Shapes","floor":35,"turns":2},{"damage":4,"enemies":"3 Darklings","floor":37,"turns":3},{"damage":0,"enemies":"Jaw Worm Horde","floor":39,"turns":2},{"damage":16,"enemies":"Reptomancer","floor":40,"turns":5},{"damage":14,"enemies":"4 Shapes","floor":41,"turns":1},{"damage":0,"enemies":"Sphere and 2 Shapes","floor":42,"turns":5},{"damage":0,"enemies":"Jaw Worm Horde","floor":44,"turns":3},{"damage":2,"enemies":"Mind Bloom Boss Battle","floor":45,"turns":2},{"damage":0,"enemies":"Writhing Mass","floor":46,"turns":1},{"damage":0,"enemies":"Sphere and 2 Shapes","floor":48,"turns":1},{"damage":13,"enemies":"Replay:Hell Engine","floor":50,"turns":4},{"damage":0,"enemies":"Shield and Spear","floor":54,"turns":1},{"damage":31,"enemies":"The Heart","floor":55,"turns":4}],"seed_played":"8563916721970881572","potions_obtained":[{"floor":1,"key":"Weak Potion"},{"floor":7,"key":"LiquidBronze"},{"floor":11,"key":"Block Potion"},{"floor":16,"key":"BlessingOfTheForge"},{"floor":22,"key":"Elixir"},{"floor":23,"key":"Strength Potion"},{"floor":29,"key":"Flashbang"},{"floor":31,"key":"Fruit Juice"},{"floor":40,"key":"Strength Potion"}],"is_trial":false,"path_per_floor":["M","$","?","$","?","E","M","E","T","E","M","$","R","M","R_BF","B",null,"M","?","$","?","M","E","?","$","T","M","R","E","?","M","R_BF","B",null,"M","?","M","?","M","E","M","M","T","M","?","M","$","M","R","B",null,"R","$","E","B",null],"character_chosen":"The_Alterego","items_purchased":["Dramatic Entrance","alterego_mod:DiscoLights","aspiration:AnachronicSnailShell","Anchor","Toxic Egg 2","StuffTheSpire:Saxophone","reliquary:Buckler","Sling","alterego_mod:Pet+1","alterego_mod:Crossover+1","Replay:Wax Seal","Guide Book","alterego_mod:Birthday+1","reliquary:Bookmark","MerchantsRug","BargainBundle","Onion Ring","alterego_mod:IdEs+1","Dark Shackles+1","alterego_mod:SideboobHour","StuffTheSpire:HistoryBook","Medical Kit"],"campfire_rested":2,"item_purchase_floors":[0,0,0,0,0,0,0,0,0,0,2,12,12,20,25,25,25,25,25,47,47,53],"current_hp_per_floor":[68,68,74,74,74,66,66,59,59,38,36,36,59,78,78,57,79,62,62,62,62,62,65,26,26,26,29,53,57,57,72,72,82,87,87,76,76,76,76,73,60,80,80,83,85,88,88,88,88,82,92,92,92,92,68],"gold":54,"neow_bonus":"","is_daily":false,"chose_seed":false,"campfire_upgraded":3,"win_rate":0.0,"timestamp":1612235197,"path_taken":["M","?","?","$","?","E","M","E","T","E","?","$","R","M","R_BF","BOSS","M","?","$","?","M","E","?","$","T","?","R","E","?","M","R_BF","BOSS","M","?","M","?","M","E","?","M","T","M","?","M","$","M","R","BOSS","R","$","E","BOSS"],"items_purchased_type":["Card","Card","Relic","Relic","Relic","Relic","Relic","Relic","Card","Card","Relic","Relic","Card","Relic","Relic","Relic","Relic","Card","Card","Card","Relic","Relic"],"build_version":"2020-12-22","purchased_purges":3,"victory":true,"max_hp_per_floor":[68,68,74,74,74,75,75,76,76,77,78,78,78,78,78,79,79,80,80,80,80,80,80,80,80,80,80,80,81,81,81,81,87,87,87,87,88,88,88,89,90,90,90,90,91,91,91,91,91,92,92,92,92,92,93],"card_choices":[{"not_picked":["alterego_mod:RidiculouslyBig+1","alterego_mod:Cooking+1"],"picked":"alterego_mod:Schoolgirl+1","floor":1},{"not_picked":["alterego_mod:DiscoLights","alterego_mod:SakuraPetals"],"picked":"alterego_mod:Smother","floor":6},{"not_picked":["alterego_mod:RocketPunch","alterego_mod:DeftHands"],"picked":"alterego_mod:Bounce","floor":7},{"not_picked":["alterego_mod:1TonWallop","alterego_mod:HighServant+1"],"picked":"alterego_mod:Tantrum+1","floor":8},{"not_picked":["alterego_mod:GoddessCore","alterego_mod:Complex"],"picked":"alterego_mod:Cushion+1","floor":10},{"not_picked":["alterego_mod:RidiculouslyBig+1","alterego_mod:BusterCard"],"picked":"alterego_mod:Valentines+1","floor":11},{"not_picked":["alterego_mod:PerceptionDisorder","alterego_mod:ChallengeComplete"],"picked":"alterego_mod:DiscoLights","floor":14},{"not_picked":["alterego_mod:STier+1","alterego_mod:RingBreak"],"picked":"alterego_mod:GIGAMILK+1","floor":16},{"not_picked":["alterego_mod:Clap+1","alterego_mod:TrashNCrash+1"],"picked":"alterego_mod:Belle","floor":18},{"not_picked":["alterego_mod:RocketPunch","alterego_mod:Santa+1"],"picked":"alterego_mod:Bounce","floor":22},{"not_picked":["alterego_mod:DeftHands","alterego_mod:BiFurious","alterego_mod:Cycle+1"],"picked":"SKIP","floor":23},{"not_picked":["alterego_mod:DiscoLights","alterego_mod:Pet+1","alterego_mod:Punishment"],"picked":"SKIP","floor":27},{"not_picked":["alterego_mod:MagicResistance+1","alterego_mod:GoddessCore"],"picked":"alterego_mod:TrickOrTreatment","floor":29},{"not_picked":["alterego_mod:Collar+1","alterego_mod:BiFurious+1"],"picked":"alterego_mod:SakuraFive","floor":31},{"not_picked":["alterego_mod:PainIsPleasure","alterego_mod:GIGAMILK+1"],"picked":"alterego_mod:Palingenesis","floor":33},{"not_picked":["alterego_mod:SakuraFive","alterego_mod:DiscoLights","alterego_mod:Exercise+1"],"picked":"SKIP","floor":35},{"not_picked":["alterego_mod:MaintainEyeContact+1","alterego_mod:Exercise+1"],"picked":"alterego_mod:Bounce","floor":37},{"not_picked":["StuffTheSpire:PlasmaPulse+1","Apotheosis+1"],"picked":"Mayhem","floor":38},{"not_picked":["alterego_mod:Punishment","alterego_mod:Cooking+1","alterego_mod:Complex"],"picked":"SKIP","floor":39},{"not_picked":["alterego_mod:Valentines+1","alterego_mod:Bloomers+1"],"picked":"alterego_mod:Mirror+1","floor":40},{"not_picked":["alterego_mod:PurpleHair+1","alterego_mod:Mirror+1","alterego_mod:TrashNCrash+1"],"picked":"SKIP","floor":41},{"not_picked":["alterego_mod:DeftHands","alterego_mod:Santa+1"],"picked":"alterego_mod:IndependentAction+1","floor":42},{"not_picked":["alterego_mod:SuperDuperMasochism+1","alterego_mod:Punishment+1"],"picked":"alterego_mod:Bounce+1","floor":44},{"not_picked":["alterego_mod:SakuraLabyrinth+1","alterego_mod:Skirt","alterego_mod:1TonWallop+1"],"picked":"SKIP","floor":46},{"not_picked":["alterego_mod:GachaTicket","alterego_mod:Undulate+1","alterego_mod:IndependentAction+1"],"picked":"SKIP","floor":48},{"not_picked":["alterego_mod:1TonWallop+1","alterego_mod:Table+1","alterego_mod:BrynhildrRomantia"],"picked":"SKIP","floor":54}],"player_experience":309904,"relics_obtained":[{"floor":6,"key":"Bottled Lightning"},{"floor":8,"key":"Vajra"},{"floor":9,"key":"aspiration:FrozenJewel"},{"floor":10,"key":"Nunchaku"},{"floor":23,"key":"Ancient Tea Set"},{"floor":26,"key":"Orichalcum"},{"floor":29,"key":"reliquary:FerryPass"},{"floor":32,"key":"Protect_Vest"},{"floor":40,"key":"reliquary:Firecrackers"},{"floor":42,"key":"wanderingMiniBosses:AbyssPearl"},{"floor":43,"key":"StuffTheSpire:Expresso"},{"floor":45,"key":"StuffTheSpire:Wildfire"},{"floor":54,"key":"Pocketwatch"}],"event_choices":[{"damage_healed":0,"gold_gain":0,"player_choice":"RENOUNCE","damage_taken":35,"max_hp_gain":0,"max_hp_loss":0,"event_name":"betterThird:BetterSerpent","floor":3,"gold_loss":35,"cards_obtained":["Enlightenment"]},{"damage_healed":0,"gold_gain":0,"player_choice":"Inject Mutagens","damage_taken":0,"relics_obtained":["MutagenicStrength"],"max_hp_gain":0,"max_hp_loss":0,"event_name":"Drug Dealer","floor":19,"gold_loss":0},{"damage_healed":0,"gold_gain":0,"player_choice":"Read","damage_taken":0,"max_hp_gain":0,"max_hp_loss":0,"event_name":"The Library","floor":21,"gold_loss":0,"cards_obtained":["alterego_mod:Bounce"]},{"damage_healed":0,"gold_gain":441,"player_choice":"GO GO GO GO ","damage_taken":43,"relics_obtained":[],"max_hp_gain":0,"max_hp_loss":0,"event_name":"betterSkull:BetterSkull","floor":24,"gold_loss":0,"cards_upgraded":[]},{"damage_healed":0,"gold_gain":0,"player_choice":"Embrace Madness","damage_taken":11,"max_hp_gain":0,"max_hp_loss":0,"event_name":"Winding Halls","floor":36,"gold_loss":0,"cards_obtained":["Madness","Madness"]},{"damage_healed":0,"gold_gain":3,"player_choice":"1","damage_taken":0,"max_hp_gain":0,"max_hp_loss":0,"event_name":"betterStone:BetterStone","floor":38,"gold_loss":0},{"damage_healed":0,"gold_gain":0,"player_choice":"Fight","damage_taken":0,"max_hp_gain":0,"max_hp_loss":0,"event_name":"MindBloom","floor":45,"gold_loss":0}],"is_beta":false,"boss_relics":[{"not_picked":["ChewingGum","aspiration:WatcherSkillbook"],"picked":"Kintsugi"},{"not_picked":["Cursed Key","Calling Bell"],"picked":"Coffee Dripper"}],"items_purged_floors":[0,25,47],"is_endless":false,"potions_floor_spawned":[1,7,11,16,22,23,29,31,40,41,42,46,48],"ascension_level":1}}