{"host":"skr63qsdfgeey3it","time":1612225185,"event":{"mods":["BaseMod","Colored Map","Hubris","Minty Spire (QoL Compilation)","Replay The Spire","Spicy Shops","StSLib"],"gold_per_floor":[119,119,133,133,27,60,72,102,180,180,195,222,222,241,241,340,340,353,366,366,221,240,240,240,266,266,266,266,292,292,292,292,292,292],"floor_reached":33,"language":"ENG","playtime":1281,"items_purged":[],"score":633,"play_id":"516e8707-f238-41ef-a433-b0b77ed03415","local_time":"20210201181945","is_ascension_mode":true,"campfire_choices":[{"data":"Melter","floor":10,"key":"SMITH"},{"data":"Streamline","floor":10,"key":"SMITH"},{"floor":13,"key":"REST"},{"data":"Blizzard","floor":15,"key":"SMITH"},{"data":"Capacitor","floor":15,"key":"SMITH"},{"data":"Madness","floor":24,"key":"SMITH"},{"data":"Blizzard","floor":24,"key":"SMITH"},{"data":"Beam Cell","floor":28,"key":"SMITH"},{"data":"Hologram","floor":28,"key":"SMITH"},{"data":"Streamline","floor":30,"key":"SMITH"},{"data":"BasicCrystalCard","floor":30,"key":"SMITH"},{"floor":32,"key":"DIG"}],"circlet_count":0,"master_deck":["AscendersBane","Strike_B","Strike_B+1","Strike_B","Strike_B","Defend_B","Defend_B","Defend_B","Zap","Dualcast","Streamline+1","Cold Snap","Loop+1","Capacitor+1","Melter+1","Blizzard+1","Streamline+1","Glacier","Coolheaded","BasicCrystalCard+1","Seek","CurseOfTheBell","Hologram+1","Beam Cell+1","Blizzard+1","Cold Snap","Glacier","Madness+1","Loop+1","ReplayTheSpireMod:Repulse+1","Ghostly","Ghostly","Ghostly","Ghostly","Ghostly","Loop+1"],"relics":["Cracked Core","NeowsBlessing","Replay:Arrowhead","Gremlin Food","Bottled Flame","Frozen Egg 2","Chameleon Ring","Calling Bell","Prayer Wheel","StrikeDummy","ReplayTheSpireMod:TigerMarble","hubris:Reverence","hubris:FunFungus","hubris:Icosahedron","Replay:Ringing Soul","Replay:PocketPolymizer"],"acts_visited":["Exordium","TheCity"],"potions_floor_usage":[8,8,22,29,29,33],"damage_taken":[{"damage":0,"enemies":"Jaw Worm","floor":1,"turns":1},{"damage":0,"enemies":"Small Slimes","floor":3,"turns":1},{"damage":0,"enemies":"3 Sentries","floor":6,"turns":1},{"damage":0,"enemies":"2 Louse","floor":7,"turns":1},{"damage":15,"enemies":"Lagavulin","floor":8,"turns":6},{"damage":10,"enemies":"Lots of Slimes","floor":11,"turns":3},{"damage":20,"enemies":"3 Sentries","floor":12,"turns":6},{"damage":4,"enemies":"Large Slime","floor":14,"turns":6},{"damage":21,"enemies":"The Guardian","floor":16,"turns":11},{"damage":10,"enemies":"3 Byrds","floor":18,"turns":6},{"damage":0,"enemies":"Spheric Guardian","floor":19,"turns":1},{"damage":6,"enemies":"3 Cultists","floor":22,"turns":4},{"damage":0,"enemies":"Slavers","floor":25,"turns":8},{"damage":0,"enemies":"Book of Stabbing","floor":29,"turns":8},{"damage":35,"enemies":"Pondfish","floor":33,"turns":2}],"seed_played":"-8155068518048622638","potions_obtained":[{"floor":3,"key":"EssenceOfSteel"},{"floor":7,"key":"Weak Potion"},{"floor":16,"key":"Reflective Coating"},{"floor":18,"key":"Fire Potion"},{"floor":29,"key":"Weak Potion"}],"is_trial":false,"path_per_floor":["M","?","M","?","$","E","M","E","T","R","M","E","R","M","R","B",null,"M","M","?","$","M","?","R","E","T","?","R","E","R","?","R_BF","B"],"character_chosen":"DEFECT","items_purchased":["Capacitor","Madness"],"campfire_rested":1,"item_purchase_floors":[5,21],"current_hp_per_floor":[68,61,61,61,61,61,61,46,46,46,36,16,38,34,34,13,60,50,50,50,50,44,37,37,37,37,37,37,40,40,35,35,0,0],"gold":292,"neow_bonus":"THREE_ENEMY_KILL","is_daily":false,"chose_seed":false,"campfire_upgraded":10,"win_rate":0.0,"timestamp":1612225185,"path_taken":["M","?","M","?","$","E","M","E","T","R","M","E","R","M","R","BOSS","M","M","?","$","?","?","R","E","T","?","R","E","R","?","R_BF","BOSS"],"items_purchased_type":["Card","Card"],"build_version":"2020-12-22","purchased_purges":0,"victory":false,"max_hp_per_floor":[75,75,75,75,75,75,75,75,75,75,75,75,75,75,75,75,75,75,75,75,75,75,37,37,37,37,37,37,40,40,45,45,45,45],"card_choices":[{"not_picked":["Panic Button","Leap"],"picked":"Streamline","floor":1},{"not_picked":["Darkness","Hologram"],"picked":"Cold Snap","floor":3},{"not_picked":["Redo","Barrage"],"picked":"Melter","floor":6},{"not_picked":["Gash","Turbo"],"picked":"Blizzard","floor":7},{"not_picked":["Steam","Beam Cell"],"picked":"Streamline","floor":8},{"not_picked":["ReplaySolidLightProjector","Hologram"],"picked":"Glacier","floor":11},{"not_picked":["Barrage","Leap"],"picked":"Coolheaded","floor":12},{"not_picked":["Hologram","Stack"],"picked":"BasicCrystalCard","floor":14},{"not_picked":["Meteor Strike","Thunder Strike"],"picked":"Seek","floor":16},{"not_picked":["Compile Driver","Turbo"],"picked":"Hologram","floor":18},{"not_picked":["Barrage+1","Go for the Eyes"],"picked":"Beam Cell","floor":18},{"not_picked":["Force Field","Sunder"],"picked":"Blizzard","floor":19},{"not_picked":["Blizzard","ReplayTheSpireMod:System Scan"],"picked":"Cold Snap","floor":19},{"not_picked":["White Noise","Steam Power"],"picked":"Loop+1","floor":22},{"not_picked":["Streamline","Heatsinks+1"],"picked":"ReplayTheSpireMod:Repulse+1","floor":22},{"not_picked":["Steam Power","Conserve Battery","Undo"],"picked":"SKIP","floor":25},{"not_picked":["Ball Lightning","Conserve Battery"],"picked":"Loop+1","floor":29}],"player_experience":850914,"relics_obtained":[{"floor":6,"key":"Gremlin Food"},{"floor":8,"key":"Bottled Flame"},{"floor":9,"key":"Frozen Egg 2"},{"floor":12,"key":"Chameleon Ring"},{"floor":17,"key":"Prayer Wheel"},{"floor":17,"key":"StrikeDummy"},{"floor":17,"key":"ReplayTheSpireMod:TigerMarble"},{"floor":25,"key":"hubris:Reverence"},{"floor":26,"key":"hubris:FunFungus"},{"floor":29,"key":"Replay:Ringing Soul"},{"floor":32,"key":"Replay:PocketPolymizer"}],"event_choices":[{"damage_healed":0,"gold_gain":0,"player_choice":"Success","damage_taken":7,"relics_obtained":["Replay:Arrowhead"],"max_hp_gain":0,"max_hp_loss":0,"event_name":"Scrap Ooze","floor":2,"gold_loss":0},{"damage_healed":0,"gold_gain":0,"player_choice":"Read","damage_taken":0,"max_hp_gain":0,"max_hp_loss":0,"event_name":"The Library","floor":20,"gold_loss":0,"cards_obtained":["Glacier"]},{"damage_healed":0,"gold_gain":0,"player_choice":"Became a Ghost","damage_taken":0,"max_hp_gain":0,"max_hp_loss":38,"event_name":"Ghosts","floor":23,"gold_loss":0,"cards_obtained":["Ghostly","Ghostly","Ghostly","Ghostly","Ghostly"]},{"damage_healed":0,"gold_gain":0,"player_choice":"Shed Blood","damage_taken":10,"max_hp_gain":5,"max_hp_loss":0,"event_name":"Forgotten Altar","floor":31,"gold_loss":0}],"is_beta":false,"boss_relics":[{"not_picked":["Fusion Hammer","Astrolabe"],"picked":"Calling Bell"}],"items_purged_floors":[],"is_endless":false,"potions_floor_spawned":[3,7,16,18,29],"killed_by":"Pondfish","ascension_level":11}}