{"host":"p18kkmcwkg7r0lq8","time":1612256133,"event":{"mods":["BaseMod","Custom Start","Minty Spire (QoL Compilation)"],"gold_per_floor":[117,130,140,140,153,186,186,199,199,199,229,229,263,288,288,384,384,404,420,420,420,435,435,461,461,461,494,494,494],"floor_reached":28,"language":"ENG","playtime":2126,"items_purged":[],"score":521,"play_id":"07d29049-9421-4d88-9428-d1182741a56b","local_time":"20210202025533","is_ascension_mode":true,"campfire_choices":[{"floor":7.0,"key":"REST"},{"floor":10.0,"key":"REST"},{"floor":12.0,"key":"REST"},{"floor":15.0,"key":"REST"},{"floor":23.0,"key":"REST"}],"circlet_count":0,"master_deck":["Panacea+1","Panacea+1","DevaForm+1","Barricade+1","Echo Form+1","Chill+1","Coolheaded+1","Zap+1","Lockon+1","Lockon+1","Core Surge+1","Core Surge+1","Thunder Strike+1","Force Field+1","Force Field+1","Glacier+1","Glacier+1","Seek+1","Seek+1","Static Discharge+1","Static Discharge+1","Capacitor+1","Capacitor+1","Defragment+1","Defragment+1","Loop+1","Loop+1","Electrodynamics+1","Biased Cognition+1","Biased Cognition+1","Storm+1","Storm+1","Self Repair+1","Machine Learning+1","Echo Form+1"],"relics":["Cracked Core","Unceasing Top","Potion Belt","Philosopher\u0027s Stone","Omamori","Lantern","Inserter","Ice Cream","Happy Flower","Cables","Fusion Hammer","Frozen Eye","Emotion Chip","DataDisk","Cursed Key","ClockworkSouvenir","Bottled Tornado","Bottled Lightning","Bottled Flame","Incense Burner","Runic Capacitor","Symbiotic Virus","Nuclear Battery","Thread and Needle"],"acts_visited":["Exordium","TheCity"],"potions_floor_usage":[],"damage_taken":[{"damage":0.0,"enemies":"2 Louse","floor":1.0,"turns":1.0},{"damage":0.0,"enemies":"Cultist","floor":2.0,"turns":2.0},{"damage":0.0,"enemies":"Jaw Worm","floor":3.0,"turns":1.0},{"damage":0.0,"enemies":"Blue Slaver","floor":5.0,"turns":1.0},{"damage":0.0,"enemies":"Lagavulin","floor":6.0,"turns":2.0},{"damage":0.0,"enemies":"Large Slime","floor":8.0,"turns":2.0},{"damage":0.0,"enemies":"Gremlin Nob","floor":11.0,"turns":2.0},{"damage":0.0,"enemies":"3 Sentries","floor":13.0,"turns":2.0},{"damage":0.0,"enemies":"The Mushroom Lair","floor":14.0,"turns":2.0},{"damage":0.0,"enemies":"Hexaghost","floor":16.0,"turns":2.0},{"damage":0.0,"enemies":"2 Thieves","floor":18.0,"turns":2.0},{"damage":0.0,"enemies":"Chosen","floor":19.0,"turns":2.0},{"damage":0.0,"enemies":"Sentry and Sphere","floor":22.0,"turns":5.0},{"damage":4.0,"enemies":"Book of Stabbing","floor":24.0,"turns":2.0},{"damage":0.0,"enemies":"Slavers","floor":27.0,"turns":2.0}],"seed_played":"-6116973606410984913","potions_obtained":[{"floor":6.0,"key":"Ancient Potion"},{"floor":8.0,"key":"EssenceOfSteel"},{"floor":11.0,"key":"EntropicBrew"},{"floor":13.0,"key":"Explosive Potion"},{"floor":14.0,"key":"EssenceOfSteel"}],"is_trial":true,"path_per_floor":["M","M","M","?","M","E","R","M","T","R","E","R","E","?","R","B",null,"M","M","?","$","M","R","E","?","T","E","R"],"character_chosen":"DEFECT","items_purchased":[],"campfire_rested":5,"item_purchase_floors":[],"current_hp_per_floor":[75,75,75,75,75,75,75,75,75,75,75,75,75,75,75,75,75,75,75,75,75,75,75,71,71,71,71,71,71],"gold":494,"neow_bonus":"","is_daily":false,"chose_seed":false,"campfire_upgraded":0,"win_rate":0.0,"timestamp":1612256133,"path_taken":["M","M","M","?","?","E","R","M","T","R","E","R","E","?","R","BOSS","M","M","?","$","M","R","E","?","T","E","R"],"items_purchased_type":[],"build_version":"2020-12-22","purchased_purges":0,"victory":false,"max_hp_per_floor":[75,75,75,75,75,75,75,75,75,75,75,75,75,75,75,75,75,75,75,75,75,75,75,75,75,75,75,75,75],"card_choices":[{"not_picked":["Stack","Redo","Barrage"],"picked":"SKIP","floor":1.0},{"not_picked":["Rebound","Undo","Go for the Eyes"],"picked":"SKIP","floor":2.0},{"not_picked":["Fusion","Gash","Chill"],"picked":"SKIP","floor":3.0},{"not_picked":["Compile Driver","Barrage","Beam Cell"],"picked":"SKIP","floor":5.0},{"not_picked":["Aggregate","Reboot","Force Field"],"picked":"SKIP","floor":6.0},{"not_picked":["Barrage","Skim","Gash"],"picked":"SKIP","floor":8.0},{"not_picked":["Cold Snap","Chill","Hologram"],"picked":"SKIP","floor":11.0},{"not_picked":["Self Repair","Hologram","Gash"],"picked":"SKIP","floor":13.0},{"not_picked":["Turbo","Gash","Hologram"],"picked":"SKIP","floor":18.0},{"not_picked":["Steam Power","Go for the Eyes","Self Repair"],"picked":"SKIP","floor":19.0},{"not_picked":["Conserve Battery","Stack+1","Gash"],"picked":"SKIP","floor":22.0},{"not_picked":["Chaos","Ball Lightning","Seek"],"picked":"SKIP","floor":24.0},{"not_picked":["Doom and Gloom+1","Sunder","White Noise"],"picked":"SKIP","floor":27.0}],"player_experience":113118,"relics_obtained":[{"floor":6.0,"key":"Thread and Needle"}],"event_choices":[{"damage_healed":0.0,"max_hp_gain":0.0,"max_hp_loss":0.0,"gold_gain":0.0,"event_name":"Transmorgrifier","player_choice":"Ignored","floor":4.0,"gold_loss":0.0,"damage_taken":0.0},{"damage_healed":0.0,"max_hp_gain":0.0,"max_hp_loss":0.0,"gold_gain":0.0,"event_name":"Mushrooms","player_choice":"Fought Mushrooms","floor":14.0,"gold_loss":0.0,"damage_taken":0.0},{"damage_healed":0.0,"max_hp_gain":0.0,"max_hp_loss":0.0,"gold_gain":0.0,"event_name":"Vampires","player_choice":"Ignored","floor":20.0,"gold_loss":0.0,"damage_taken":0.0},{"damage_healed":0.0,"max_hp_gain":0.0,"max_hp_loss":0.0,"gold_gain":0.0,"event_name":"WeMeetAgain","player_choice":"Ignored","floor":25.0,"gold_loss":0.0,"damage_taken":0.0}],"is_beta":false,"boss_relics":[{"not_picked":["Philosopher\u0027s Stone","Cursed Key","Black Star"]}],"items_purged_floors":[],"is_endless":false,"potions_floor_spawned":[6,8,11,13,14,27],"ascension_level":2}}