{"host":"y3h3n3f7seyagppx","time":1612289614,"event":{"mods":["AlwaysNeverKeys","BaseMod","Better Vampires","Colored Powertips","DeckTracker","Emptier Cage","Minty Spire (QoL Compilation)","Permanent Neow","Quick Restart","Rare Cards Sparkle","Relic Sorter","Relic Stats","StSLib","Transform Curses"],"gold_per_floor":[111,111,136,152,165,165,90,129,154,194,29,29,50,86,86,182,182,202,35,60,330,345,345,378,378,378,378,378],"floor_reached":27,"language":"ENG","playtime":3088,"items_purged":[],"score":702,"play_id":"8c7d7015-8c9d-4183-9689-09baf2511370","local_time":"20210202131334","is_ascension_mode":true,"campfire_choices":[{"data":"Eruption","floor":6,"key":"SMITH"},{"data":"EmptyFist","floor":12,"key":"SMITH"},{"data":"WheelKick","floor":15,"key":"SMITH"},{"data":"Vigilance","floor":23,"key":"SMITH"},{"data":"MentalFortress","floor":25,"key":"SMITH"}],"circlet_count":0,"master_deck":["AscendersBane","Strike_P","Strike_P","Strike_P","Strike_P","Defend_P","Defend_P","Defend_P","Eruption+1","Vigilance+1","CutThroughFate","Indignation","EmptyFist+1","WheelKick+1","Wireheading","Writhe","DeceiveReality","Adaptation","Sanctity","Scrawl","Meditate","MentalFortress+1","Injury"],"relics":["Cursed Key","Golden Idol","Akabeko","Boot","Nunchaku","OrangePellets","Blue Candle","Coffee Dripper","Membership Card","Blood Vial","Matryoshka"],"acts_visited":["Exordium","TheCity"],"potions_floor_usage":[5,14,24,24,24],"damage_taken":[{"damage":0,"enemies":"Cultist","floor":1,"turns":2},{"damage":0,"enemies":"Small Slimes","floor":3,"turns":2},{"damage":0,"enemies":"Jaw Worm","floor":4,"turns":3},{"damage":6,"enemies":"Gremlin Gang","floor":5,"turns":3},{"damage":0,"enemies":"Gremlin Nob","floor":8,"turns":2},{"damage":7,"enemies":"3 Sentries","floor":10,"turns":6},{"damage":0,"enemies":"Exordium Thugs","floor":13,"turns":3},{"damage":0,"enemies":"Lagavulin","floor":14,"turns":4},{"damage":1,"enemies":"Slime Boss","floor":16,"turns":5},{"damage":0,"enemies":"Chosen","floor":18,"turns":2},{"damage":0,"enemies":"Shell Parasite","floor":20,"turns":1},{"damage":0,"enemies":"Centurion and Healer","floor":22,"turns":3},{"damage":27,"enemies":"Gremlin Leader","floor":24,"turns":8},{"damage":17,"enemies":"3 Cultists","floor":27,"turns":3}],"seed_played":"-4584588609565989165","potions_obtained":[{"floor":3,"key":"GamblersBrew"},{"floor":4,"key":"Weak Potion"},{"floor":5,"key":"SpeedPotion"},{"floor":10,"key":"PowerPotion"},{"floor":18,"key":"EntropicBrew"},{"floor":20,"key":"AttackPotion"}],"is_trial":false,"path_per_floor":["M","?","M","M","M","R","?","E","T","E","$","R","M","E","R","B",null,"M","$","M","?","M","R","E","R","T","M"],"character_chosen":"WATCHER","items_purchased":["OrangePellets","Membership Card"],"campfire_rested":0,"item_purchase_floors":[11,19],"current_hp_per_floor":[61,61,61,61,55,55,55,55,55,48,48,48,48,48,48,47,58,58,58,58,31,31,31,4,4,4,0,0],"gold":378,"neow_bonus":"BOSS_RELIC","is_daily":false,"chose_seed":false,"campfire_upgraded":5,"win_rate":0.0,"timestamp":1612289614,"path_taken":["M","?","M","M","M","R","?","E","T","E","?","R","M","E","R","BOSS","M","$","?","?","?","R","E","R","T","M"],"items_purchased_type":["Relic","Relic"],"build_version":"2020-12-22","purchased_purges":0,"victory":false,"max_hp_per_floor":[68,62,62,62,62,62,62,62,62,62,62,62,62,62,62,62,62,62,62,62,62,62,62,62,62,62,62,62],"relic_stats":{"Blood Vial":2,"OrangePellets":[0],"Nunchaku":[6],"counters":[14,47],"Golden Idol":76,"Blue Candle":[3],"Cursed Key":2,"Boot":[2],"obtain_stats":[{"Blood Vial":24,"OrangePellets":11,"Nunchaku":10,"Matryoshka":26,"Golden Idol":2,"Blue Candle":14,"Coffee Dripper":17,"Membership Card":19,"PureWater":0,"Cursed Key":0,"Boot":9,"Akabeko":8},{"Blood Vial":13,"OrangePellets":6,"Nunchaku":6,"Matryoshka":13,"Golden Idol":1,"Blue Candle":8,"Coffee Dripper":9,"Membership Card":10,"PureWater":0,"Cursed Key":0,"Boot":5,"Akabeko":5},{"Blood Vial":44,"OrangePellets":18,"Nunchaku":18,"Matryoshka":44,"Golden Idol":2,"Blue Candle":25,"Coffee Dripper":30,"Membership Card":32,"PureWater":0,"Cursed Key":0,"Boot":12,"Akabeko":12}]},"card_choices":[{"not_picked":["FlurryOfBlows","Perseverance"],"picked":"CutThroughFate","floor":1},{"not_picked":["CutThroughFate","BattleHymn"],"picked":"Indignation","floor":3},{"not_picked":["JustLucky","PathToVictory"],"picked":"EmptyFist","floor":4},{"not_picked":["Conclude","Protect"],"picked":"WheelKick","floor":5},{"not_picked":["Evaluate","DevaForm"],"picked":"Wireheading","floor":8},{"not_picked":["SandsOfTime","Perseverance"],"picked":"DeceiveReality","floor":10},{"not_picked":["CrushJoints","JustLucky"],"picked":"Adaptation","floor":13},{"not_picked":["Adaptation","Collect"],"picked":"Sanctity","floor":14},{"not_picked":["ConjureBlade","Judgement"],"picked":"Scrawl","floor":16},{"not_picked":["Evaluate+1","ClearTheMind"],"picked":"Meditate","floor":18},{"not_picked":["Fasting2","LikeWater","ReachHeaven"],"picked":"SKIP","floor":20},{"not_picked":["Fasting2","LikeWater","ReachHeaven"],"picked":"SKIP","floor":20},{"not_picked":["PathToVictory","ClearTheMind","Evaluate"],"picked":"SKIP","floor":22},{"not_picked":["PathToVictory","Evaluate"],"picked":"MentalFortress","floor":24}],"player_experience":21899672,"relics_obtained":[{"floor":8,"key":"Akabeko"},{"floor":9,"key":"Boot"},{"floor":10,"key":"Nunchaku"},{"floor":14,"key":"Blue Candle"},{"floor":24,"key":"Blood Vial"},{"floor":26,"key":"Matryoshka"}],"event_choices":[{"damage_healed":0,"gold_gain":0,"player_choice":"Lose Max HP","damage_taken":0,"relics_obtained":["Golden Idol"],"max_hp_gain":0,"max_hp_loss":6,"event_name":"Golden Idol","floor":2,"gold_loss":0},{"cards_removed":["Defend_P"],"damage_healed":0,"gold_gain":0,"player_choice":"Card Removal","damage_taken":0,"max_hp_gain":0,"max_hp_loss":0,"event_name":"The Cleric","floor":7,"gold_loss":75},{"damage_healed":0,"gold_gain":270,"player_choice":"GOLD GOLD GOLD ","damage_taken":27,"max_hp_gain":0,"max_hp_loss":0,"event_name":"Knowing Skull","floor":21,"potions_obtained":[],"gold_loss":0,"cards_obtained":[]}],"is_beta":false,"boss_relics":[{"not_picked":["Busted Crown","Fusion Hammer"],"picked":"Coffee Dripper"}],"items_purged_floors":[],"is_endless":false,"potions_floor_spawned":[3,4,5,10,18,20,22],"killed_by":"3 Cultists","ascension_level":20}}