{"host":"nxma0dbhh74lxenq","time":1612276217,"event":{"mods":["Astrologer","BaseMod","Beaked The Cultist","CapriCore","Colored Map","DeckTracker","Gremlin Mod","HololiveMod","KinomotoSakuraMod(ñÿîVñ{?)","Koishi","Mad Scientist","Minty Spire (QoL Compilation)","Prisma Mod","StSLib","SuperFastMode","The Bladedancer","The Cursed","The Immortal","The Mystic","YoumuÅiç∞ÈÆódöÎÅj"],"gold_per_floor":[369,369,56,74,143,171,171,21,21,51,51,51,64,76,76,76,76],"floor_reached":16,"language":"JPN","playtime":387,"items_purged":["Shame"],"score":189,"play_id":"4ffe8d82-fc83-4d38-898b-24b38e725267","local_time":"20210202233017","is_ascension_mode":true,"campfire_choices":[{"data":"Koishi:Provoke","floor":7,"key":"SMITH"},{"floor":11,"key":"REST"},{"data":"Koishi:SubconsciousSweep","floor":15,"key":"SMITH"}],"circlet_count":0,"master_deck":["AscendersBane","Koishi:BasicStrike","Koishi:BasicStrike","Koishi:BasicStrike","Koishi:BasicStrike","Koishi:BasicDefend","Koishi:BasicDefend","Koishi:BasicDefend","Koishi:BasicDefend","Koishi:Provoke+1","Koishi:HauntingSlash","Koishi:SubconsciousSweep+1","Koishi:SpiritedAway","Koishi:ParalyzingFear+1","Koishi:UnconsciousUrges","Koishi:TremblingHands+1","Koishi:SubterraneanRose"],"relics":["Koishi:ImaginaryFriend","Pantograph","HornCleat","Molten Egg 2","PreservedInsect","StrikeDummy","InkBottle","Letter Opener"],"acts_visited":["Exordium"],"potions_floor_usage":[16],"damage_taken":[{"damage":4,"enemies":"2 Louse","floor":1,"turns":4},{"damage":4,"enemies":"Jaw Worm","floor":4,"turns":5},{"damage":21,"enemies":"3 Sentries","floor":6,"turns":6},{"damage":14,"enemies":"Lagavulin","floor":10,"turns":5},{"damage":6,"enemies":"Cultist","floor":13,"turns":4},{"damage":5,"enemies":"Red Slaver","floor":14,"turns":4},{"damage":50,"enemies":"Slime Boss","floor":16,"turns":7}],"seed_played":"8455900474205617234","potions_obtained":[{"floor":1,"key":"SpeedPotion"},{"floor":13,"key":"EssenceOfSteel"}],"is_trial":false,"path_per_floor":["M","?","$","M","T","E","R","$","T","E","R","?","M","M","R","B"],"character_chosen":"KOISHI","items_purchased":["Pantograph","PreservedInsect"],"campfire_rested":1,"item_purchase_floors":[3,8],"current_hp_per_floor":[49,49,49,47,47,26,26,26,26,14,31,31,26,22,22,0,0],"gold":76,"neow_bonus":"TWO_FIFTY_GOLD","is_daily":false,"chose_seed":false,"campfire_upgraded":2,"win_rate":0.0,"timestamp":1612276217,"path_taken":["M","?","$","M","?","E","R","?","T","E","R","?","M","M","R","BOSS"],"items_purchased_type":["Relic","Relic"],"build_version":"2020-12-22","purchased_purges":1,"victory":false,"max_hp_per_floor":[57,57,57,57,57,57,57,57,57,57,57,57,57,57,57,57,57],"card_choices":[{"not_picked":["Koishi:PhantomStrike","Koishi:Possession"],"picked":"Koishi:SubconsciousSweep","floor":1},{"not_picked":["Koishi:Bloodlust","Koishi:RorschachInDanmaku"],"picked":"Koishi:SpiritedAway","floor":4},{"not_picked":["Koishi:RacingHeart+1","Koishi:CatchAndRose"],"picked":"Koishi:ParalyzingFear+1","floor":6},{"not_picked":["Koishi:SubconsciousSweep+1","Koishi:Bloodlust"],"picked":"Koishi:UnconsciousUrges","floor":10},{"not_picked":["Koishi:JumpScare","Koishi:Untouchable"],"picked":"Koishi:TremblingHands+1","floor":13},{"not_picked":["Koishi:Prune+1","Koishi:UnconsciousUrges"],"picked":"Koishi:SubterraneanRose","floor":14}],"player_experience":568644,"relics_obtained":[{"floor":5,"key":"HornCleat"},{"floor":6,"key":"Molten Egg 2"},{"floor":9,"key":"StrikeDummy"},{"floor":10,"key":"InkBottle"}],"event_choices":[{"damage_healed":0,"gold_gain":0,"player_choice":"Ignored","damage_taken":0,"max_hp_gain":0,"max_hp_loss":0,"event_name":"Liars Game","floor":2,"gold_loss":0},{"damage_healed":0,"gold_gain":0,"player_choice":"Gave Potion","damage_taken":0,"relics_obtained":["Letter Opener"],"max_hp_gain":0,"max_hp_loss":0,"event_name":"WeMeetAgain","floor":12,"gold_loss":0}],"is_beta":false,"boss_relics":[],"items_purged_floors":[3],"is_endless":false,"potions_floor_spawned":[1,13],"killed_by":"Slime Boss","ascension_level":15}}