{"host":"06gxn1c1bsk424jw","time":1612259533,"event":{"mods":["BaseMod","DeckTracker","Minty Spire (QoL Compilation)","SuperFastMode"],"gold_per_floor":[111,124,124,124,124,164,180,220,244,262,276,292,23,43,43,43,43],"floor_reached":16,"language":"KOR","playtime":790,"items_purged":[],"score":250,"play_id":"c5fd8282-1227-4c52-acfa-a3e2e553507a","local_time":"20210202185213","is_ascension_mode":true,"campfire_choices":[{"floor":15,"key":"REST"}],"circlet_count":0,"master_deck":["AscendersBane","Strike_R","Strike_R+1","Strike_R","Strike_R","Strike_R","Defend_R+1","Defend_R","Defend_R","Defend_R","Bash","Evolve","Injury","Second Wind","Shrug It Off","Bloodletting","Immolate","Metallicize","Bludgeon"],"relics":["Burning Blood","NeowsBlessing","Golden Idol","Bag of Marbles","Boot","Bag of Preparation","Membership Card"],"acts_visited":["Exordium"],"potions_floor_usage":[8,16,16],"damage_taken":[{"damage":0,"enemies":"2 Louse","floor":1,"turns":1},{"damage":0,"enemies":"Small Slimes","floor":2,"turns":1},{"damage":0,"enemies":"Gremlin Nob","floor":6,"turns":1},{"damage":12,"enemies":"Jaw Worm","floor":7,"turns":2},{"damage":25,"enemies":"3 Sentries","floor":8,"turns":10},{"damage":7,"enemies":"Looter","floor":10,"turns":3},{"damage":0,"enemies":"Blue Slaver","floor":11,"turns":3},{"damage":24,"enemies":"Lots of Slimes","floor":12,"turns":7},{"damage":9,"enemies":"Exordium Wildlife","floor":14,"turns":3},{"damage":67,"enemies":"The Guardian","floor":16,"turns":9}],"seed_played":"5532421640832600737","potions_obtained":[{"floor":1,"key":"DistilledChaos"},{"floor":2,"key":"FearPotion"},{"floor":14,"key":"Regen Potion"}],"is_trial":false,"path_per_floor":["M","M","?","?","?","E","M","E","T","M","M","M","$","M","R","B"],"character_chosen":"IRONCLAD","items_purchased":["Membership Card","Immolate","Metallicize"],"campfire_rested":1,"item_purchase_floors":[13,13,13],"current_hp_per_floor":[74,75,75,80,56,62,56,37,37,36,42,24,24,21,45,0,0],"gold":43,"neow_bonus":"THREE_ENEMY_KILL","is_daily":false,"chose_seed":false,"campfire_upgraded":0,"win_rate":0.0,"timestamp":1612259533,"path_taken":["M","M","?","?","?","E","M","E","T","M","M","M","$","?","R","BOSS"],"items_purchased_type":["Relic","Card","Card"],"build_version":"2020-12-22","purchased_purges":0,"victory":false,"max_hp_per_floor":[75,75,75,80,80,80,80,80,80,80,80,80,80,80,80,80,80],"card_choices":[{"not_picked":["Whirlwind","Iron Wave"],"picked":"Evolve","floor":1},{"not_picked":["Flex","Havoc","Warcry"],"picked":"SKIP","floor":2},{"not_picked":["Pommel Strike","Sword Boomerang","Searing Blow"],"picked":"SKIP","floor":6},{"not_picked":["Iron Wave","Perfected Strike","Pommel Strike"],"picked":"SKIP","floor":7},{"not_picked":["Flex","Shrug It Off"],"picked":"Second Wind","floor":8},{"not_picked":["Rage","Dropkick"],"picked":"Shrug It Off","floor":10},{"not_picked":["Twin Strike","Body Slam"],"picked":"Bloodletting","floor":11},{"not_picked":["Havoc","Thunderclap","Heavy Blade"],"picked":"SKIP","floor":12},{"not_picked":["Whirlwind","Battle Trance"],"picked":"Bludgeon","floor":14}],"player_experience":728648,"relics_obtained":[{"floor":6,"key":"Bag of Marbles"},{"floor":8,"key":"Boot"},{"floor":9,"key":"Bag of Preparation"}],"event_choices":[{"damage_healed":0,"gold_gain":0,"player_choice":"Take Wound","damage_taken":0,"relics_obtained":["Golden Idol"],"max_hp_gain":0,"max_hp_loss":0,"event_name":"Golden Idol","floor":3,"gold_loss":0,"cards_obtained":["Injury"]},{"damage_healed":0,"gold_gain":0,"player_choice":"Donut","damage_taken":0,"max_hp_gain":5,"max_hp_loss":0,"event_name":"Big Fish","floor":4,"gold_loss":0},{"damage_healed":0,"gold_gain":0,"player_choice":"Entered Light","damage_taken":24,"max_hp_gain":0,"max_hp_loss":0,"event_name":"Shining Light","floor":5,"gold_loss":0,"cards_upgraded":["Strike_R","Defend_R"]}],"is_beta":false,"boss_relics":[],"items_purged_floors":[],"is_endless":false,"potions_floor_spawned":[1,2,6,14],"killed_by":"The Guardian","ascension_level":16}}