{"host":"sian7qp8a9pc9xwd","time":1612225840,"event":{"mods":["BaseMod","Minty Spire (QoL Compilation)","StSLib","SuperFastMode"],"gold_per_floor":[117,267,277,293,304,304,319,332,411,411,426,501,166,184,184,261,261,272,222,122,132,148,148,168,168,191,201,216,216,141,155,155,232,232,243,243,253,128,146,146,162,195,218,268,279,293,293,373,373,373,373],"floor_reached":50,"language":"ENG","playtime":2361,"items_purged":["Strike_B","Doubt","BootSequence"],"score":851,"play_id":"106731bf-94a3-47ac-a207-ab9c89423ec5","local_time":"20210201193040","is_ascension_mode":true,"campfire_choices":[{"data":"Tempest","floor":6,"key":"SMITH"},{"data":"Zap","floor":10,"key":"SMITH"},{"floor":15,"key":"REST"},{"data":"Defragment","floor":23,"key":"SMITH"},{"data":"Buffer","floor":25,"key":"SMITH"},{"data":"Thunder Strike","floor":32,"key":"SMITH"},{"data":"Loop","floor":40,"key":"SMITH"},{"data":"Defragment","floor":47,"key":"SMITH"},{"floor":49,"key":"RECALL"}],"circlet_count":0,"master_deck":["AscendersBane","Defend_B+1","Defend_B+1","Defend_B","Zap+1","Dualcast","Thunder Strike+1","Conserve Battery","Tempest+1","Chill","Electrodynamics","Ball Lightning","Buffer+1","Chill+1","Barrage+1","Defragment+1","Loop+1","Coolheaded","BootSequence+1","Reboot","Ball Lightning","Defragment+1"],"relics":["Cracked Core","Meat on the Bone","Astrolabe","Blood Vial","Nuclear Battery","MealTicket","Pear"],"acts_visited":["Exordium","TheCity","TheBeyond"],"potions_floor_usage":[5,11,11,14,14,18,22,24,27,35,37,42,46,50,50,50,50],"damage_taken":[{"damage":12,"enemies":"2 Louse","floor":1,"turns":3},{"damage":3,"enemies":"Jaw Worm","floor":3,"turns":4},{"damage":1,"enemies":"Cultist","floor":4,"turns":4},{"damage":0,"enemies":"2 Fungi Beasts","floor":5,"turns":1},{"damage":13,"enemies":"Large Slime","floor":7,"turns":3},{"damage":9,"enemies":"3 Louse","floor":8,"turns":3},{"damage":25,"enemies":"Lots of Slimes","floor":11,"turns":4},{"damage":5,"enemies":"Red Slaver","floor":14,"turns":2},{"damage":22,"enemies":"Hexaghost","floor":16,"turns":7},{"damage":34,"enemies":"Shell Parasite","floor":18,"turns":5},{"damage":0,"enemies":"2 Thieves","floor":21,"turns":4},{"damage":22,"enemies":"Cultist and Chosen","floor":22,"turns":4},{"damage":19,"enemies":"Snecko","floor":24,"turns":5},{"damage":0,"enemies":"Centurion and Healer","floor":27,"turns":6},{"damage":0,"enemies":"Snake Plant","floor":28,"turns":3},{"damage":4,"enemies":"Cultist and Chosen","floor":31,"turns":4},{"damage":34,"enemies":"Collector","floor":33,"turns":8},{"damage":26,"enemies":"3 Shapes","floor":35,"turns":4},{"damage":0,"enemies":"3 Darklings","floor":37,"turns":2},{"damage":9,"enemies":"Maw","floor":39,"turns":7},{"damage":10,"enemies":"Spire Growth","floor":41,"turns":5},{"damage":46,"enemies":"Nemesis","floor":42,"turns":7},{"damage":0,"enemies":"Jaw Worm Horde","floor":45,"turns":4},{"damage":0,"enemies":"Transient","floor":46,"turns":5},{"damage":56,"enemies":"Time Eater","floor":50,"turns":8}],"seed_played":"-3933186185590343721","potions_obtained":[{"floor":3,"key":"AttackPotion"},{"floor":5,"key":"SneckoOil"},{"floor":8,"key":"Fruit Juice"},{"floor":14,"key":"Fire Potion"},{"floor":16,"key":"DuplicationPotion"},{"floor":18,"key":"SpeedPotion"},{"floor":24,"key":"Weak Potion"},{"floor":31,"key":"Block Potion"},{"floor":33,"key":"Explosive Potion"},{"floor":35,"key":"Fire Potion"},{"floor":37,"key":"Regen Potion"},{"floor":45,"key":"EntropicBrew"},{"floor":46,"key":"Dexterity Potion"}],"is_trial":false,"path_per_floor":["M","?","M","M","M","R","M","M","T","R","M","?","$","M","R","B",null,"M","?","$","M","M","R","M","R","T","M","M","?","?","M","R","B",null,"M","?","M","$","M","R","M","E","T","?","M","M","R","T","R","B"],"character_chosen":"DEFECT","items_purchased":["Electrodynamics","FocusPotion","ColorlessPotion"],"campfire_rested":1,"item_purchase_floors":[13,13,13],"current_hp_per_floor":[52,52,49,48,48,48,35,26,26,26,18,7,7,14,34,24,58,36,36,36,36,26,26,19,19,19,33,35,35,35,45,45,25,58,46,42,44,44,37,37,41,24,24,24,38,40,40,50,50,0,0],"gold":373,"neow_bonus":"THREE_RARE_CARDS","is_daily":false,"chose_seed":false,"campfire_upgraded":7,"win_rate":0.0,"timestamp":1612225840,"path_taken":["M","?","M","M","M","R","M","M","T","R","M","?","$","M","R","BOSS","M","?","?","M","M","R","M","R","T","M","M","?","?","M","R","BOSS","M","?","M","$","?","R","M","E","T","?","M","?","R","?","R","BOSS"],"items_purchased_type":["Card","Potion","Potion"],"build_version":"2020-12-22","purchased_purges":3,"victory":false,"max_hp_per_floor":[64,64,64,64,64,64,64,64,64,64,69,69,69,69,69,69,69,69,69,69,69,69,69,69,69,69,69,69,69,69,69,69,69,69,69,69,69,69,69,69,69,69,69,69,69,69,69,79,79,79,79],"card_choices":[{"not_picked":["Hyperbeam","Echo Form"],"picked":"Thunder Strike","floor":0},{"not_picked":["Streamline","Leap","Stack"],"picked":"SKIP","floor":1},{"not_picked":["Go for the Eyes","Stack","Turbo"],"picked":"SKIP","floor":3},{"not_picked":["Redo","Static Discharge"],"picked":"Conserve Battery","floor":4},{"not_picked":["Stack","Sweeping Beam"],"picked":"Tempest","floor":5},{"not_picked":["Steam Power","Barrage","Storm"],"picked":"SKIP","floor":7},{"not_picked":["Blizzard","Barrage","Rip and Tear"],"picked":"SKIP","floor":8},{"not_picked":["Turbo","Sweeping Beam"],"picked":"Chill","floor":11},{"not_picked":["Stack","Auto Shields"],"picked":"Ball Lightning","floor":14},{"not_picked":["Hyperbeam","Seek"],"picked":"Buffer","floor":16},{"not_picked":["Stack+1","Coolheaded"],"picked":"Defragment","floor":18},{"not_picked":["Steam","Tempest"],"picked":"Loop","floor":21},{"not_picked":["Genetic Algorithm","Steam","Blizzard"],"picked":"SKIP","floor":22},{"not_picked":["Go for the Eyes+1","Steam"],"picked":"Coolheaded","floor":24},{"not_picked":["Compile Driver","Steam+1"],"picked":"BootSequence+1","floor":27},{"not_picked":["Electrodynamics","Self Repair+1","Chill"],"picked":"SKIP","floor":28},{"not_picked":["Gash","Beam Cell","Conserve Battery"],"picked":"SKIP","floor":31},{"not_picked":["Electrodynamics","Rainbow"],"picked":"Reboot","floor":33},{"not_picked":["Go for the Eyes","Stack"],"picked":"Ball Lightning","floor":35},{"not_picked":["Consume+1","Darkness+1","Coolheaded"],"picked":"SKIP","floor":37},{"not_picked":["Ball Lightning","Turbo","Rebound"],"picked":"SKIP","floor":39},{"not_picked":["Aggregate","Go for the Eyes","Conserve Battery"],"picked":"SKIP","floor":41},{"not_picked":["Stack","Steam","Tempest"],"picked":"SKIP","floor":42},{"not_picked":["Rebound","Sweeping Beam+1","Coolheaded"],"picked":"SKIP","floor":45},{"not_picked":["Melter","Chill"],"picked":"Defragment","floor":46}],"player_experience":865010,"relics_obtained":[{"floor":9,"key":"Meat on the Bone"},{"floor":26,"key":"Blood Vial"},{"floor":42,"key":"MealTicket"},{"floor":48,"key":"Pear"}],"event_choices":[{"damage_healed":0,"gold_gain":150,"player_choice":"AGREE","damage_taken":0,"max_hp_gain":0,"max_hp_loss":0,"event_name":"Liars Game","floor":2,"gold_loss":0,"cards_obtained":["Doubt"]},{"damage_healed":0,"gold_gain":75,"player_choice":"Gather Gold","damage_taken":11,"max_hp_gain":0,"max_hp_loss":0,"event_name":"World of Goop","floor":12,"gold_loss":0},{"damage_healed":0,"gold_gain":0,"player_choice":"Upgraded Two","damage_taken":0,"max_hp_gain":0,"max_hp_loss":0,"event_name":"Designer","floor":19,"gold_loss":50,"cards_upgraded":["Defend_B","Defend_B"]},{"damage_healed":0,"gold_gain":0,"cards_transformed":["Meteor Strike","Defend_B"],"player_choice":"Became Test Subject","damage_taken":0,"max_hp_gain":0,"max_hp_loss":0,"event_name":"Drug Dealer","floor":29,"gold_loss":0,"cards_obtained":["Doom and Gloom","BootSequence"]},{"cards_removed":["Doom and Gloom"],"damage_healed":0,"gold_gain":0,"player_choice":"Gave Gold","damage_taken":0,"max_hp_gain":0,"max_hp_loss":0,"event_name":"Beggar","floor":30,"gold_loss":75},{"damage_healed":0,"gold_gain":0,"player_choice":"Bought 0 Potions","damage_taken":0,"max_hp_gain":0,"max_hp_loss":0,"event_name":"The Woman in Blue","floor":36,"gold_loss":0},{"damage_healed":0,"gold_gain":50,"player_choice":"Pray","damage_taken":0,"max_hp_gain":0,"max_hp_loss":0,"event_name":"Golden Shrine","floor":44,"gold_loss":0}],"is_beta":false,"boss_relics":[{"not_picked":["Snecko Eye","Fusion Hammer"],"picked":"Astrolabe"},{"not_picked":["Empty Cage","Calling Bell"],"picked":"Nuclear Battery"}],"items_purged_floors":[13,20,38],"is_endless":false,"potions_floor_spawned":[3,5,8,14,16,18,24,31,33,35,37,45,46],"killed_by":"Time Eater","ascension_level":15}}