{"host":"t0r9wuv4zaiwets7","time":1612250099,"event":{"mods":["AchievementEnabler","BaseMod","Bestiary","Colored Map","Colored Powertips","Downfall","Highlight Path","Minty Spire (QoL Compilation)","StSLib"],"gold_per_floor":[99,110,110,17,30,45,45,78,253,270,270,290,50,69,79,182,182,182,198,198,258,318,13,13,13,13,63,63,81,81,68,85,85,85,85],"floor_reached":33,"language":"ENG","playtime":2053,"items_purged":["Pride"],"score":276,"play_id":"8a76be40-0b4e-483e-9cf3-ca332dd076fd","local_time":"20210201231459","is_ascension_mode":false,"campfire_choices":[{"data":"bronze:Goto","floor":1.0,"key":"SMITH"},{"data":"bronze:Optimize","floor":18.0,"key":"SMITH"},{"data":"bronze:Overheat","floor":26.0,"key":"SMITH"}],"circlet_count":0,"master_deck":["bronze:Strike","bronze:Strike","bronze:Strike","bronze:Defend","bronze:Defend","bronze:Defend","bronze:Defend","bronze:Replicate","bronze:Goto+1","bronze:Repair","Iron Wave","bronze:Flail","bronze:ChosenStrike","bronze:GetLatest","bronze:Frontload","bronze:Overheat+1","bronze:WildBeam","bronze:FollowUp","bronze:Overload","bronze:Optimize+1","bronze:BitShift","bronze:HyperBeam","bronze:HyperBeam","bronze:CutThrough","bronze:BronzeOrb+1","bronze:Shell+1","bronze:ClassDefault+1","expansioncontent:AwakenDeath","bronze:Overheat","bronze:Overheat+1","expansioncontent:StudyTheSpire","bronze:FindAndReplace","bronze:CutThrough+1"],"relics":["bronze:BronzeCore","Boot","Ice Cream","Medical Kit","bronze:MakeshiftBattery","downfall:KnowingSkull","Ornamental Fan","Eternal Feather","Vajra"],"acts_visited":["Exordium","TheCity"],"potions_floor_usage":[33,33,33],"damage_taken":[{"damage":2.0,"enemies":"2 Louse","floor":2.0,"turns":3.0},{"damage":2.0,"enemies":"downfall:FleeingMerchant","floor":4.0,"turns":4.0},{"damage":0.0,"enemies":"Cultist","floor":5.0,"turns":3.0},{"damage":3.0,"enemies":"Jaw Worm","floor":6.0,"turns":2.0},{"damage":18.0,"enemies":"Gremlin Nob","floor":8.0,"turns":4.0},{"damage":7.0,"enemies":"Large Slime","floor":10.0,"turns":7.0},{"damage":0.0,"enemies":"2 Fungi Beasts","floor":12.0,"turns":1.0},{"damage":3.0,"enemies":"downfall:FleeingMerchant","floor":13.0,"turns":4.0},{"damage":12.0,"enemies":"Exordium Thugs","floor":14.0,"turns":4.0},{"damage":1.0,"enemies":"2 Fungi Beasts","floor":15.0,"turns":2.0},{"damage":50.0,"enemies":"SI_SHIV_ARCHETYPE","floor":16.0,"turns":9.0},{"damage":0.0,"enemies":"Shell Parasite","floor":19.0,"turns":2.0},{"damage":21.0,"enemies":"3 Byrds","floor":21.0,"turns":4.0},{"damage":16.0,"enemies":"3 Cultists","floor":22.0,"turns":5.0},{"damage":3.0,"enemies":"downfall:FleeingMerchant","floor":23.0,"turns":4.0},{"damage":11.0,"enemies":"Snake Plant","floor":27.0,"turns":2.0},{"damage":3.0,"enemies":"Chosen and Byrds","floor":29.0,"turns":4.0},{"damage":7.0,"enemies":"downfall:FleeingMerchant","floor":31.0,"turns":4.0},{"damage":4.0,"enemies":"Cultist and Chosen","floor":32.0,"turns":6.0},{"damage":40,"enemies":"DF_ARCHETYPE_CLAW","floor":33,"turns":4}],"seed_played":"-4124857744139294856","potions_obtained":[{"floor":2.0,"key":"hexamod:SoulburnPotion"},{"floor":6.0,"key":"SteroidPotion"},{"floor":12.0,"key":"Guardian:BlockOnCardUsePotion"},{"floor":15.0,"key":"Block Potion"},{"floor":16.0,"key":"sneckomod:MuddlingPotion"},{"floor":19.0,"key":"CultistPotion"},{"floor":28.0,"key":"CultistPotion"}],"is_trial":false,"path_per_floor":["R","M","?","$","M","M","T","E","?","M","?","M","$","M","M","B",null,"R","M","?","M","M","$","T","?","R","M","?","M","?","$","M","B"],"character_chosen":"THE_AUTOMATON","items_purchased":["bronze:ChosenStrike","bronze:Optimize","Medical Kit","Ornamental Fan","expansioncontent:AwakenDeath","expansioncontent:StudyTheSpire","bronze:FindAndReplace"],"campfire_rested":0,"item_purchase_floors":[4,13,13,23,23,31,31],"current_hp_per_floor":[77,75,75,75,75,74,74,56,56,56,56,63,60,58,57,14,77,77,77,70,56,47,51,51,51,66,65,65,62,62,55,58,18,18,18],"gold":85,"neow_bonus":"TEN_PERCENT_HP_BONUS","is_daily":false,"chose_seed":false,"campfire_upgraded":3,"win_rate":0.0,"timestamp":1612250099,"path_taken":["R","M","?","?","?","M","T","E","?","M","?","M","$","M","M","BOSS","R","M","?","M","M","?","T","?","R","M","?","M","?","$","M","BOSS"],"items_purchased_type":["Card","Card","Relic","Relic","Card","Card","Card"],"build_version":"2020-12-22","purchased_purges":1,"victory":false,"max_hp_per_floor":[77,77,77,77,77,77,77,77,77,77,77,77,77,77,77,77,77,77,77,77,77,77,77,77,77,77,77,77,77,77,77,77,77,77,77],"card_choices":[{"not_picked":["bronze:DelayedSlice","bronze:Branch"],"picked":"bronze:Repair","floor":2.0},{"not_picked":["bronze:DigitalCarnage","bronze:WildBeam"],"picked":"bronze:Flail","floor":4.0},{"not_picked":["bronze:BuggyMess","bronze:DarkDash"],"picked":"bronze:GetLatest","floor":5.0},{"not_picked":["bronze:WhirlingStrike","bronze:Repair"],"picked":"bronze:Frontload","floor":6.0},{"not_picked":["bronze:BitShift","bronze:BugBarrage"],"picked":"bronze:Overheat","floor":8.0},{"not_picked":["bronze:BuggyMess","bronze:Allocate"],"picked":"bronze:WildBeam","floor":10.0},{"not_picked":["bronze:OilSpill","bronze:ItsAFeature"],"picked":"bronze:FollowUp","floor":12.0},{"not_picked":["bronze:Invalidate","bronze:BuggyMess"],"picked":"bronze:Overload","floor":13.0},{"not_picked":["bronze:FineTuning","bronze:ItsAFeature"],"picked":"bronze:BitShift","floor":14.0},{"not_picked":["bronze:Iterate","bronze:OilSpill"],"picked":"bronze:HyperBeam","floor":15.0},{"not_picked":["bronze:Format","bronze:Mutator"],"picked":"bronze:HyperBeam","floor":16.0},{"not_picked":["bronze:MaxOutput","bronze:Deprecate"],"picked":"bronze:CutThrough","floor":19.0},{"not_picked":["bronze:GetLatest","bronze:BitShift+1"],"picked":"bronze:BronzeOrb+1","floor":21.0},{"not_picked":["bronze:WhirlingStrike","bronze:Invalidate"],"picked":"bronze:Shell+1","floor":22.0},{"not_picked":["bronze:Overheat","bronze:Mutator"],"picked":"bronze:ClassDefault+1","floor":23.0},{"not_picked":["bronze:BugBarrage","bronze:FollowUp+1"],"picked":"bronze:Overheat","floor":27.0},{"not_picked":["bronze:Philosophize","bronze:Shield","bronze:OilSpill"],"picked":"SKIP","floor":29.0},{"not_picked":["bronze:Shield","bronze:Philosophize"],"picked":"bronze:Overheat+1","floor":31.0},{"not_picked":["bronze:ForLoop","bronze:Deprecate"],"picked":"bronze:CutThrough+1","floor":32.0}],"player_experience":176780,"relics_obtained":[{"floor":7.0,"key":"Boot"},{"floor":8.0,"key":"Ice Cream"},{"floor":24.0,"key":"Eternal Feather"}],"event_choices":[{"cards_removed":["bronze:Strike"],"damage_healed":0.0,"max_hp_gain":0.0,"max_hp_loss":0.0,"gold_gain":0.0,"event_name":"NoteForYourself","player_choice":"Took Card","floor":3.0,"gold_loss":0.0,"damage_taken":0.0,"cards_obtained":["Iron Wave"]},{"cards_removed":["Doubt"],"damage_healed":0.0,"max_hp_gain":0.0,"max_hp_loss":0.0,"gold_gain":0.0,"event_name":"The Cleric","player_choice":"Card Removal","floor":11.0,"gold_loss":0.0,"damage_taken":0.0},{"damage_healed":0.0,"max_hp_gain":0.0,"max_hp_loss":0.0,"gold_gain":0.0,"event_name":"Addict","player_choice":"Stole Relic","floor":30.0,"gold_loss":0.0,"damage_taken":0.0,"relics_obtained":["Vajra"],"cards_obtained":["Pride"]}],"is_beta":false,"boss_relics":[{"not_picked":["Empty Cage","Astrolabe"],"picked":"bronze:MakeshiftBattery"}],"items_purged_floors":[31],"is_endless":false,"potions_floor_spawned":[2,6,12,15,16,19,22,27,32],"killed_by":"DF_ARCHETYPE_CLAW","ascension_level":0}}