{"host":"8rgpnls124hwjv5t","time":1612293899,"event":{"mods":["BaseMod","Colored Map","Colored Powertips","DeckTracker","Highlight Path","Minty Spire (QoL Compilation)","Permanent Neow","Quick Restart","Relic Stats","Shop Mod","StSLib"],"gold_per_floor":[213,183,202,219,26,26,51,71,95,107,107,138,151,183,183,257,257,229,33,53,53,66,66,66,66,116,149,149,149,149,184,184,184,184],"floor_reached":33,"language":"ENG","playtime":2100,"items_purged":["Strike_G"],"score":656,"play_id":"f3f0b896-9a24-4983-8c40-6a11db6a6fa0","local_time":"20210202142459","is_ascension_mode":true,"campfire_choices":[{"data":"Dash","floor":6,"key":"SMITH"},{"floor":11,"key":"REST"},{"floor":15,"key":"REST"},{"floor":23,"key":"REST"},{"floor":25,"key":"REST"},{"data":"Dash","floor":28,"key":"SMITH"},{"data":"Footwork","floor":30,"key":"SMITH"},{"floor":32,"key":"REST"}],"circlet_count":0,"master_deck":["AscendersBane","Strike_G","Strike_G","Strike_G","Strike_G","Defend_G+1","Defend_G","Defend_G+1","Defend_G","Defend_G","Survivor","Neutralize","Underhanded Strike","Bouncing Flask","Bane","Dash+1","Well Laid Plans","Cloak And Dagger","Infinite Blades","Dagger Spray","Terror","Dagger Throw","Dash","Adrenaline","Poisoned Stab+1","Footwork+1","Calculated Gamble+1","Deadly Poison","Bullet Time","Dash+1","Necronomicurse","Dagger Throw","Eviscerate+1"],"relics":["Ring of the Snake","Blood Vial","War Paint","Bag of Preparation","Smiling Mask","Black Star","Snake Skull","Necronomicon","Nunchaku","The Specimen","Akabeko","Orichalcum","Ancient Tea Set","Bottled Tornado"],"acts_visited":["TheCity"],"potions_floor_usage":[7,7,12,14,16,27,33],"damage_taken":[{"damage":0,"enemies":"2 Louse","floor":1,"turns":4},{"damage":1,"enemies":"Cultist","floor":3,"turns":4},{"damage":13,"enemies":"Small Slimes","floor":4,"turns":3},{"damage":14,"enemies":"3 Sentries","floor":7,"turns":12},{"damage":3,"enemies":"Red Slaver","floor":8,"turns":5},{"damage":0,"enemies":"3 Louse","floor":10,"turns":4},{"damage":34,"enemies":"Gremlin Nob","floor":12,"turns":4},{"damage":1,"enemies":"Looter","floor":13,"turns":4},{"damage":2,"enemies":"3 Sentries","floor":14,"turns":7},{"damage":13,"enemies":"Slime Boss","floor":16,"turns":7},{"damage":18,"enemies":"2 Thieves","floor":18,"turns":4},{"damage":23,"enemies":"Spheric Guardian","floor":20,"turns":7},{"damage":8,"enemies":"Centurion and Healer","floor":22,"turns":8},{"damage":0,"enemies":"Gremlin Leader","floor":27,"turns":6},{"damage":19,"enemies":"Book of Stabbing","floor":31,"turns":5},{"damage":62,"enemies":"Collector","floor":33,"turns":7}],"seed_played":"-1858084436102245838","potions_obtained":[{"floor":2,"key":"Ancient Potion"},{"floor":2,"key":"SneckoOil"},{"floor":3,"key":"PowerPotion"},{"floor":7,"key":"GamblersBrew"},{"floor":8,"key":"CunningPotion"},{"floor":13,"key":"Swift Potion"},{"floor":14,"key":"PowerPotion"},{"floor":20,"key":"AttackPotion"},{"floor":27,"key":"BlessingOfTheForge"}],"is_trial":false,"path_per_floor":["M","?","M","M","$","R","E","M","T","M","R","E","M","E","R","B",null,"M","$","M","?","M","R","?","R","T","E","R","?","R","E","R","B"],"character_chosen":"THE_SILENT","items_purchased":["Dash","Well Laid Plans","Snake Skull","Footwork"],"campfire_rested":5,"item_purchase_floors":[5,5,19,19],"current_hp_per_floor":[59,59,58,45,45,45,31,30,30,32,51,19,20,20,39,28,57,41,41,20,20,14,33,12,31,31,33,33,33,33,16,35,0,0],"gold":184,"neow_bonus":"HUNDRED_GOLD","is_daily":false,"chose_seed":false,"campfire_upgraded":3,"win_rate":0.0,"timestamp":1612293899,"path_taken":["M","?","?","M","$","R","E","M","T","M","R","E","M","E","R","BOSS","M","$","M","?","?","R","?","R","T","E","R","?","R","E","R","BOSS"],"items_purchased_type":["Card","Card","Relic","Card"],"build_version":"2020-12-22","purchased_purges":1,"victory":false,"max_hp_per_floor":[66,66,66,66,66,66,66,66,66,66,66,66,66,66,66,66,66,66,66,66,66,66,66,66,66,66,66,66,66,66,66,66,66,66],"relic_stats":{"Blood Vial":24,"Nunchaku":[4],"counters":[16,91],"Snake Skull":[23],"Bag of Preparation":[18],"Black Star":2,"Necronomicon":[13],"War Paint":["Defend_G","Defend_G"],"Orichalcum":[6],"Smiling Mask":0,"obtain_stats":[{"The Specimen":27,"Snake Skull":19,"Bag of Preparation":12,"War Paint":9,"Orichalcum":29,"Bottled Tornado":31,"Smiling Mask":14,"Ancient Tea Set":31,"Akabeko":27,"Blood Vial":7,"Nunchaku":26,"Black Star":17,"Necronomicon":24,"Ring of the Snake":0},{"The Specimen":14,"Snake Skull":11,"Bag of Preparation":7,"War Paint":5,"Orichalcum":14,"Bottled Tornado":15,"Smiling Mask":9,"Ancient Tea Set":15,"Akabeko":14,"Blood Vial":4,"Nunchaku":13,"Black Star":10,"Necronomicon":13,"Ring of the Snake":0},{"The Specimen":79,"Snake Skull":58,"Bag of Preparation":36,"War Paint":28,"Orichalcum":79,"Bottled Tornado":84,"Smiling Mask":47,"Ancient Tea Set":84,"Akabeko":79,"Blood Vial":23,"Nunchaku":73,"Black Star":54,"Necronomicon":73,"Ring of the Snake":0}],"Ring of the Snake":[32]},"card_choices":[{"not_picked":["Crippling Poison","Concentrate"],"picked":"Underhanded Strike","floor":1},{"not_picked":["Concentrate","Bane"],"picked":"Bouncing Flask","floor":3},{"not_picked":["Eviscerate","Underhanded Strike"],"picked":"Bane","floor":4},{"not_picked":["Choke","Tactician"],"picked":"Cloak And Dagger","floor":7},{"not_picked":["Calculated Gamble","Outmaneuver"],"picked":"Infinite Blades","floor":8},{"not_picked":["Prepared","Slice"],"picked":"Dagger Spray","floor":10},{"not_picked":["Calculated Gamble","Poisoned Stab"],"picked":"Terror","floor":12},{"not_picked":["Malaise","Escape Plan"],"picked":"Dagger Throw","floor":13},{"not_picked":["Escape Plan","Tactician"],"picked":"Dash","floor":14},{"not_picked":["Grand Finale","Burst"],"picked":"Adrenaline","floor":16},{"not_picked":["Leg Sweep","Eviscerate"],"picked":"Poisoned Stab+1","floor":18},{"not_picked":["Flying Knee","PiercingWail"],"picked":"Calculated Gamble+1","floor":20},{"not_picked":["Flying Knee","Blade Dance"],"picked":"Dash","floor":22},{"not_picked":["Backstab","Dagger Spray"],"picked":"Dagger Throw","floor":27},{"not_picked":["Catalyst","Riddle With Holes"],"picked":"Eviscerate+1","floor":31}],"player_experience":463213,"relics_obtained":[{"floor":7,"key":"Blood Vial"},{"floor":9,"key":"War Paint"},{"floor":12,"key":"Bag of Preparation"},{"floor":14,"key":"Smiling Mask"},{"floor":24,"key":"Necronomicon"},{"floor":26,"key":"Nunchaku"},{"floor":27,"key":"The Specimen"},{"floor":27,"key":"Akabeko"},{"floor":31,"key":"Ancient Tea Set"},{"floor":31,"key":"Bottled Tornado"}],"event_choices":[{"damage_healed":0,"gold_gain":0,"player_choice":"Bought 2 Potions","damage_taken":0,"max_hp_gain":0,"max_hp_loss":0,"event_name":"The Woman in Blue","floor":2,"gold_loss":0},{"damage_healed":0,"gold_gain":0,"player_choice":"2 cards matched","damage_taken":0,"max_hp_gain":0,"max_hp_loss":0,"event_name":"Match and Keep!","floor":21,"gold_loss":0,"cards_obtained":["Deadly Poison","Bullet Time"]},{"damage_healed":0,"gold_gain":0,"player_choice":"Obtained Book","damage_taken":21,"max_hp_gain":0,"max_hp_loss":0,"event_name":"Cursed Tome","floor":24,"gold_loss":0},{"damage_healed":0,"gold_gain":0,"player_choice":"Gave Potion","damage_taken":0,"relics_obtained":["Orichalcum"],"max_hp_gain":0,"max_hp_loss":0,"event_name":"WeMeetAgain","floor":29,"gold_loss":0}],"is_beta":false,"boss_relics":[{"not_picked":["Cursed Key","Pandora\u0027s Box"],"picked":"Black Star"}],"items_purged_floors":[5],"is_endless":false,"potions_floor_spawned":[3,7,8,13,14,20,27],"killed_by":"Collector","ascension_level":20}}