{"host":"qxeepl7ydvsgmfdb","time":1612280436,"event":{"mods":["AchievementEnabler","BaseMod","Colored Powertips","Minty Spire (QoL Compilation)","Quick Restart","slay the spire mod where everything is the same but ironclad has a cowboy hat"],"gold_per_floor":[117,117,117,292,312,345,366,397,397,418,418,449,37,51,51,170,170,190,190,211,310,310,348,348,623,623,656,357,357,357],"floor_reached":29,"language":"ENG","playtime":1663,"items_purged":["Regret"],"score":323,"play_id":"03ac3b4a-c3d2-42f5-ad14-f031e4e3485b","local_time":"20210202104036","is_ascension_mode":true,"campfire_choices":[{"floor":11.0,"key":"REST"},{"floor":15.0,"key":"REST"},{"floor":24.0,"key":"REST"}],"circlet_count":0,"master_deck":["Strike_G","Strike_G","Strike_G","Strike_G","Strike_G","Defend_G","Defend_G","Defend_G","Defend_G","Defend_G","Survivor","Neutralize","Poisoned Stab","Regret","Doubt","Noxious Fumes","Poisoned Stab","Slice","Terror","All Out Attack","After Image","Blade Dance+1","Poisoned Stab"],"relics":["Ring of the Snake","NeowsBlessing","Golden Idol","InkBottle","Blue Candle","The Specimen","Ninja Scroll","Odd Mushroom","Kunai","Regal Pillow","HoveringKite","Centennial Puzzle","Orichalcum","Smiling Mask","White Beast Statue"],"acts_visited":["Exordium","TheCity"],"potions_floor_usage":[],"damage_taken":[{"damage":0.0,"enemies":"2 Louse","floor":1.0,"turns":1.0},{"damage":0.0,"enemies":"Jaw Worm","floor":5.0,"turns":1.0},{"damage":0.0,"enemies":"Lagavulin","floor":6.0,"turns":1.0},{"damage":9.0,"enemies":"Small Slimes","floor":7.0,"turns":4.0},{"damage":23.0,"enemies":"Gremlin Nob","floor":8.0,"turns":5.0},{"damage":12.0,"enemies":"3 Louse","floor":10.0,"turns":3.0},{"damage":21.0,"enemies":"The Mushroom Lair","floor":12.0,"turns":4.0},{"damage":2.0,"enemies":"2 Fungi Beasts","floor":14.0,"turns":3.0},{"damage":24.0,"enemies":"The Guardian","floor":16.0,"turns":9.0},{"damage":13.0,"enemies":"3 Byrds","floor":18.0,"turns":5.0},{"damage":27.0,"enemies":"Shell Parasite","floor":20.0,"turns":6.0},{"damage":20.0,"enemies":"Book of Stabbing","floor":23.0,"turns":6.0},{"damage":36.0,"enemies":"Slavers","floor":27.0,"turns":7.0},{"damage":16,"enemies":"Gremlin Leader","floor":29,"turns":4}],"seed_played":"4816184672437830085","potions_obtained":[{"floor":6.0,"key":"Poison Potion"},{"floor":8.0,"key":"Fruit Juice"},{"floor":12.0,"key":"Fire Potion"},{"floor":16.0,"key":"ColorlessPotion"}],"is_trial":false,"path_per_floor":["M","?","?","?","M","E","M","E","T","M","R","?","$","M","R","B",null,"M","?","M","?","$","E","R","?","T","E","$","E"],"character_chosen":"THE_SILENT","items_purchased":["Kunai","Regal Pillow","White Beast Statue"],"campfire_rested":3,"item_purchase_floors":[13,13,28],"current_hp_per_floor":[70,53,53,53,53,53,44,26,26,14,36,15,15,13,50,26,75,62,62,35,35,35,15,52,52,52,16,16,0,0],"gold":357,"neow_bonus":"THREE_ENEMY_KILL","is_daily":false,"chose_seed":false,"campfire_upgraded":0,"win_rate":0.0,"timestamp":1612280436,"path_taken":["M","?","?","?","M","E","M","E","T","M","R","?","$","M","R","BOSS","M","?","M","?","$","E","R","?","T","E","$","E"],"items_purchased_type":["Relic","Relic","Relic"],"build_version":"2020-12-22","purchased_purges":1,"victory":false,"max_hp_per_floor":[70,70,70,70,70,70,70,75,75,75,75,75,75,75,75,75,75,75,75,75,75,75,75,75,75,75,75,75,75,75],"card_choices":[{"not_picked":["Outmaneuver","Deadly Poison"],"picked":"Poisoned Stab","floor":1.0},{"not_picked":["Masterful Stab","Sucker Punch"],"picked":"Noxious Fumes","floor":5.0},{"not_picked":["Eviscerate","Acrobatics","Noxious Fumes"],"picked":"SKIP","floor":6.0},{"not_picked":["Dash","Distraction"],"picked":"Poisoned Stab","floor":7.0},{"not_picked":["Dagger Throw","Flying Knee","Distraction"],"picked":"SKIP","floor":8.0},{"not_picked":["PiercingWail","Riddle With Holes"],"picked":"Slice","floor":10.0},{"not_picked":["Backflip","Riddle With Holes"],"picked":"Terror","floor":12.0},{"not_picked":["Flying Knee","PiercingWail"],"picked":"All Out Attack","floor":14.0},{"not_picked":["Storm of Steel","Envenom"],"picked":"After Image","floor":16.0},{"not_picked":["PiercingWail","Riddle With Holes","Underhanded Strike"],"picked":"SKIP","floor":18.0},{"not_picked":["Prepared","PiercingWail","Reflex"],"picked":"SKIP","floor":20.0},{"not_picked":["Riddle With Holes","Poisoned Stab"],"picked":"Blade Dance+1","floor":23.0},{"not_picked":["Leg Sweep","Malaise"],"picked":"Poisoned Stab","floor":27.0}],"player_experience":169955,"relics_obtained":[{"floor":6.0,"key":"Blue Candle"},{"floor":8.0,"key":"The Specimen"},{"floor":9.0,"key":"Ninja Scroll"},{"floor":12.0,"key":"Odd Mushroom"},{"floor":23.0,"key":"Centennial Puzzle"},{"floor":26.0,"key":"Orichalcum"},{"floor":27.0,"key":"Smiling Mask"}],"event_choices":[{"damage_healed":0.0,"max_hp_gain":0.0,"max_hp_loss":0.0,"gold_gain":0.0,"event_name":"Golden Idol","player_choice":"Take Damage","floor":2.0,"gold_loss":0.0,"damage_taken":17.0,"relics_obtained":["Golden Idol"]},{"damage_healed":0.0,"max_hp_gain":0.0,"max_hp_loss":0.0,"gold_gain":0.0,"event_name":"Big Fish","player_choice":"Box","floor":3.0,"gold_loss":0.0,"damage_taken":0.0,"relics_obtained":["InkBottle"],"cards_obtained":["Regret"]},{"damage_healed":0.0,"max_hp_gain":0.0,"max_hp_loss":0.0,"gold_gain":175.0,"event_name":"Liars Game","player_choice":"AGREE","floor":4.0,"gold_loss":0.0,"damage_taken":0.0,"cards_obtained":["Doubt"]},{"damage_healed":0.0,"max_hp_gain":0.0,"max_hp_loss":0.0,"gold_gain":0.0,"event_name":"Mushrooms","player_choice":"Fought Mushrooms","floor":12.0,"gold_loss":0.0,"damage_taken":0.0},{"damage_healed":0.0,"max_hp_gain":0.0,"max_hp_loss":0.0,"gold_gain":0.0,"event_name":"Ghosts","player_choice":"Ignored","floor":19.0,"gold_loss":0.0,"damage_taken":0.0},{"damage_healed":0.0,"max_hp_gain":0.0,"max_hp_loss":0.0,"gold_gain":99.0,"event_name":"Nest","player_choice":"Stole From Cult","floor":21.0,"gold_loss":0.0,"damage_taken":0.0},{"damage_healed":0.0,"max_hp_gain":0.0,"max_hp_loss":0.0,"gold_gain":275.0,"event_name":"Golden Shrine","player_choice":"Desecrate","floor":25.0,"gold_loss":0.0,"damage_taken":0.0,"cards_obtained":["Regret"]}],"is_beta":false,"boss_relics":[{"not_picked":["Ring of the Serpent","Pandora\u0027s Box"],"picked":"HoveringKite"}],"items_purged_floors":[28],"is_endless":false,"potions_floor_spawned":[6,8,12,16,18,20],"killed_by":"Gremlin Leader","ascension_level":2}}