{"host":"q6r63elxu27obe7v","time":1612247367,"event":{"mods":["2.2 Compatiblity","AchievementEnabler","BaseMod","CapriCore","Colored Map","DeckTracker","Keyboard Shortcuts","Lobotomy","Minty Spire (QoL Compilation)","Permanent Neow","Quick Restart","StSLib","SuperFastMode"],"gold_per_floor":[109,109,109,109,109,109,124,1,1,1,17,36,54,72,72,72,72],"floor_reached":16,"language":"KOR","playtime":611,"items_purged":["Defend_R"],"score":106,"play_id":"0f587f00-812f-4617-8776-c0887f07c44a","local_time":"20210202152927","is_ascension_mode":true,"campfire_choices":[{"data":"Bash","floor":6,"key":"SMITH"},{"floor":15,"key":"REST"}],"circlet_count":0,"master_deck":["Strike_R+1","Strike_R","Strike_R+1","Defend_R","Defend_R","Defend_R","Bash+1","Scarecrow","Twin Strike","Body Slam","Funeral","Dual Wield","Murderer","Thunderclap","VoidDream"],"relics":["Burning Blood","CogitoBucket","Eternal Feather","Shuriken","SkinProphecy"],"acts_visited":["Exordium"],"potions_floor_usage":[14,14,16],"damage_taken":[{"damage":6,"enemies":"Cultist","floor":1,"turns":3},{"damage":16,"enemies":"Jaw Worm","floor":7,"turns":4},{"damage":9,"enemies":"2 Louse","floor":11,"turns":3},{"damage":16,"enemies":"Looter","floor":12,"turns":3},{"damage":28,"enemies":"3 Louse","floor":13,"turns":8},{"damage":36,"enemies":"Exordium Wildlife","floor":14,"turns":4},{"damage":52,"enemies":"The Guardian","floor":16,"turns":10}],"seed_played":"5053266246778797214","potions_obtained":[{"floor":7,"key":"DuplicationPotion"},{"floor":12,"key":"Fire Potion"},{"floor":14,"key":"Explosive Potion"}],"is_trial":false,"path_per_floor":["M","?","?","?","T","R","M","$","T","?","M","M","M","M","R","B"],"character_chosen":"IRONCLAD","items_purchased":["Body Slam"],"campfire_rested":1,"item_purchase_floors":[8],"current_hp_per_floor":[80,73,73,66,66,72,62,62,62,46,43,34,45,17,50,0,0],"gold":72,"neow_bonus":"","is_daily":false,"chose_seed":false,"campfire_upgraded":1,"win_rate":0.0,"timestamp":1612247367,"path_taken":["M","?","?","?","?","R","M","?","T","?","M","M","M","M","R","BOSS"],"items_purchased_type":["Card"],"build_version":"2020-12-22","purchased_purges":1,"victory":false,"max_hp_per_floor":[80,80,80,80,80,80,80,80,80,80,80,80,80,80,80,82,82],"card_choices":[{"not_picked":["OSAHOGD","BigBadWolf"],"picked":"Scarecrow","floor":1},{"not_picked":["Perfected Strike","Power Through"],"picked":"Twin Strike","floor":1},{"not_picked":["PunishingBird","UniverseFragment"],"picked":"CherryBlossoms","floor":7},{"not_picked":["Perfected Strike","Clothesline","Havoc"],"picked":"SKIP","floor":7},{"not_picked":["FairyFestival","CrumblingArmor"],"picked":"Funeral","floor":11},{"not_picked":["Intimidate","Reckless Charge","Disarm"],"picked":"SKIP","floor":11},{"not_picked":["Intimidate","Reckless Charge","Disarm"],"picked":"SKIP","floor":11},{"not_picked":["Burning Pact","True Grit"],"picked":"Dual Wield","floor":12},{"not_picked":["FieryBird","MHz"],"picked":"CrumblingArmor","floor":12},{"not_picked":["Bloodbath","OldLady"],"picked":"Murderer","floor":13},{"not_picked":["Iron Wave","Second Wind"],"picked":"Twin Strike","floor":13},{"not_picked":["Dark Embrace","Reckless Charge"],"picked":"Thunderclap","floor":14},{"not_picked":["Yin","MHz"],"picked":"VoidDream","floor":14}],"player_experience":98960,"relics_obtained":[{"floor":9,"key":"Shuriken"}],"event_choices":[{"damage_healed":0,"gold_gain":0,"player_choice":"Success","damage_taken":7,"relics_obtained":["Eternal Feather"],"max_hp_gain":0,"max_hp_loss":0,"event_name":"Scrap Ooze","floor":2,"gold_loss":0},{"cards_removed":["Strike_R"],"damage_healed":0,"gold_gain":0,"player_choice":"Forget","damage_taken":0,"max_hp_gain":0,"max_hp_loss":0,"event_name":"Living Wall","floor":3,"gold_loss":0},{"cards_removed":["Strike_R"],"damage_healed":0,"gold_gain":0,"player_choice":"Card Removal","damage_taken":7,"max_hp_gain":0,"max_hp_loss":0,"event_name":"Golden Wing","floor":4,"gold_loss":0},{"damage_healed":0,"gold_gain":0,"player_choice":"Entered Light","damage_taken":16,"max_hp_gain":0,"max_hp_loss":0,"event_name":"Shining Light","floor":10,"gold_loss":0,"cards_upgraded":["Strike_R","Strike_R"]}],"is_beta":false,"boss_relics":[],"items_purged_floors":[8],"is_endless":false,"potions_floor_spawned":[7,12,14],"killed_by":"The Guardian","ascension_level":3}}