{"host":"yn1175etg9ni8l0q","time":1612261671,"event":{"mods":["AchievementEnabler","BaseMod","Colored Map","Colored Powertips","DeckTracker","Minty Spire (QoL Compilation)","Rare Cards Sparkle","Relic Stats","SuperFastMode","everything is the same but u backflip on backflip"],"gold_per_floor":[114,129,144,144,144,144,163,163,163,163,8,27,46,65,65,190,190,209,228,228,228,228,228,228,228],"floor_reached":24,"language":"KOR","playtime":576,"items_purged":["Strike_R"],"score":188,"play_id":"bc336280-71fd-4391-afda-0f9362f7a1ac","local_time":"20210202192751","daily_mods":["Chimera","Blue Cards","Binary"],"is_ascension_mode":false,"campfire_choices":[{"data":"Eruption","floor":6.0,"key":"SMITH"},{"data":"Zap","floor":8.0,"key":"SMITH"},{"data":"Go for the Eyes","floor":15.0,"key":"SMITH"},{"floor":23,"key":"REST"}],"circlet_count":0,"master_deck":["Bash","Survivor","Zap+1","Eruption+1","Defend_G","Defend_P","Go for the Eyes+1","Coolheaded","Headbutt","Dual Wield","Melter","Seeing Red","Reckless Charge","Demon Form","Necronomicurse","Limit Break","Meteor Strike"],"relics":["Burning Blood","Golden Idol","Kunai","Gambling Chip","SlaversCollar","Necronomicon"],"acts_visited":["Exordium","TheCity"],"potions_floor_usage":[24],"damage_taken":[{"damage":1.0,"enemies":"Cultist","floor":1.0,"turns":3.0},{"damage":0.0,"enemies":"Small Slimes","floor":2.0,"turns":4.0},{"damage":0.0,"enemies":"2 Louse","floor":3.0,"turns":3.0},{"damage":0.0,"enemies":"Blue Slaver","floor":7.0,"turns":4.0},{"damage":0.0,"enemies":"Looter","floor":12.0,"turns":4.0},{"damage":0.0,"enemies":"Exordium Thugs","floor":13.0,"turns":2.0},{"damage":7.0,"enemies":"Exordium Wildlife","floor":14.0,"turns":5.0},{"damage":21.0,"enemies":"Slime Boss","floor":16.0,"turns":7.0},{"damage":31,"enemies":"Chosen","floor":18,"turns":5},{"damage":39,"enemies":"Shell Parasite","floor":19,"turns":8},{"damage":30,"enemies":"Snake Plant","floor":24,"turns":2}],"seed_played":"-9070903199233054170","potions_obtained":[{"floor":1.0,"key":"GamblersBrew"},{"floor":2.0,"key":"SmokeBomb"},{"floor":7.0,"key":"FearPotion"},{"floor":14.0,"key":"SkillPotion"}],"is_trial":false,"path_per_floor":["M","M","M","?","?","R","M","R","T","T","$","M","M","M","R","B",null,"M","M","?","?","?","R","M"],"character_chosen":"IRONCLAD","items_purchased":["Melter"],"campfire_rested":1,"item_purchase_floors":[11],"current_hp_per_floor":[80,80,80,80,60,60,66,66,66,66,66,72,78,77,77,62,80,55,22,6,6,6,30,0,0],"gold":228,"neow_bonus":"","is_daily":true,"chose_seed":false,"campfire_upgraded":3,"win_rate":0.0,"timestamp":1612261671,"path_taken":["M","M","?","?","?","R","M","R","T","?","?","M","M","?","R","BOSS","M","M","?","?","?","R","M"],"items_purchased_type":["Card"],"build_version":"2020-12-22","purchased_purges":1,"victory":false,"max_hp_per_floor":[80,80,80,80,80,80,80,80,80,80,80,80,80,80,80,80,80,80,80,80,80,80,80,80,80],"relic_stats":{"counters":[11,47],"Golden Idol":49,"Gambling Chip":[24],"Necronomicon":[0],"Kunai":[6],"obtain_stats":[{"SlaversCollar":17,"Golden Idol":5,"Gambling Chip":10,"Necronomicon":20,"Kunai":9,"Burning Blood":0},{"SlaversCollar":8,"Golden Idol":3,"Gambling Chip":4,"Necronomicon":10,"Kunai":4,"Burning Blood":0},{"SlaversCollar":32,"Golden Idol":10,"Gambling Chip":14,"Necronomicon":45,"Kunai":14,"Burning Blood":0}],"Burning Blood":43},"card_choices":[{"not_picked":["Flame Barrier","Clothesline"],"picked":"SKIP","floor":1.0},{"not_picked":["Redo"],"picked":"Go for the Eyes","floor":2.0},{"not_picked":["Iron Wave"],"picked":"Coolheaded","floor":3.0},{"not_picked":["Cold Snap"],"picked":"Dual Wield","floor":7.0},{"not_picked":["True Grit","Rebound"],"picked":"SKIP","floor":12.0},{"not_picked":["Uppercut"],"picked":"Seeing Red","floor":13.0},{"not_picked":["Fiend Fire"],"picked":"Reckless Charge","floor":14.0},{"not_picked":["Bludgeon"],"picked":"Demon Form","floor":16.0},{"not_picked":["Clash","Havoc"],"picked":"SKIP","floor":18},{"not_picked":["Flex","Clothesline"],"picked":"SKIP","floor":19}],"player_experience":363019,"relics_obtained":[{"floor":9.0,"key":"Kunai"},{"floor":10.0,"key":"Gambling Chip"},{"floor":20,"key":"Necronomicon"}],"event_choices":[{"damage_healed":0.0,"max_hp_gain":0.0,"max_hp_loss":0.0,"gold_gain":0.0,"cards_transformed":["Strike_B"],"event_name":"Living Wall","player_choice":"Change","floor":4.0,"gold_loss":0.0,"damage_taken":0.0,"cards_obtained":["Headbutt"]},{"damage_healed":0.0,"max_hp_gain":0.0,"max_hp_loss":0.0,"gold_gain":0.0,"event_name":"Golden Idol","player_choice":"Take Damage","floor":5.0,"gold_loss":0.0,"damage_taken":20.0,"relics_obtained":["Golden Idol"]},{"damage_healed":0,"gold_gain":0,"player_choice":"Obtained Book","damage_taken":16,"max_hp_gain":0,"max_hp_loss":0,"event_name":"Cursed Tome","floor":20,"gold_loss":0},{"damage_healed":0,"gold_gain":0,"player_choice":"Ignored","damage_taken":0,"max_hp_gain":0,"max_hp_loss":0,"event_name":"Vampires","floor":21,"gold_loss":0},{"damage_healed":0,"gold_gain":0,"cards_transformed":["Strike_G","Defend_R"],"player_choice":"Became Test Subject","damage_taken":0,"max_hp_gain":0,"max_hp_loss":0,"event_name":"Drug Dealer","floor":22,"gold_loss":0,"cards_obtained":["Limit Break","Meteor Strike"]}],"is_beta":false,"boss_relics":[{"not_picked":["Busted Crown","Black Star"],"picked":"SlaversCollar"}],"items_purged_floors":[11],"is_endless":false,"potions_floor_spawned":[1,2,7,14],"killed_by":"Snake Plant","ascension_level":0}}