{"host":"soyfmymeou4emntr","time":1612232858,"event":{"mods":["BaseMod","BetterRewards","Minty Spire (QoL Compilation)","Relic Sorter","Relic Stats","StSLib"],"gold_per_floor":[115,126,126,49,65,65,96,96,176,208,208,208,219,229,229,306,306,318,330,149,167,177,177,177,177,177,177,210,229,241,241,241],"floor_reached":31,"language":"ENG","playtime":1954,"items_purged":["Pain"],"score":534,"play_id":"2515b01f-c426-464b-9f05-626f0df3c13f","local_time":"20210201192738","is_ascension_mode":true,"campfire_choices":[{"data":"Sweeping Beam","floor":6.0,"key":"SMITH"},{"floor":8.0,"key":"REST"},{"floor":12.0,"key":"REST"},{"floor":15.0,"key":"REST"},{"floor":23.0,"key":"REST"},{"floor":27.0,"key":"REST"}],"circlet_count":0,"master_deck":["AscendersBane","Strike_B+1","Strike_B","Strike_B","Strike_B","Defend_B+1","Defend_B","Defend_B","Defend_B","Zap","Dualcast","Echo Form+1","Sweeping Beam+1","Barrage","Lockon","Storm","Conserve Battery","Biased Cognition","Cold Snap","Core Surge","Amplify","Compile Driver","Cold Snap","Loop","Cold Snap","Coolheaded","Defragment+1","Compile Driver+1","Darkness"],"relics":["Cracked Core","Oddly Smooth Stone","Potion Belt","WarpedTongs","Snecko Eye","Thread and Needle","Centennial Puzzle"],"acts_visited":["Exordium","TheCity"],"potions_floor_usage":[],"damage_taken":[{"damage":1.0,"enemies":"Cultist","floor":1.0,"turns":4.0},{"damage":1.0,"enemies":"2 Louse","floor":2.0,"turns":2.0},{"damage":4.0,"enemies":"Jaw Worm","floor":5.0,"turns":4.0},{"damage":14.0,"enemies":"Lagavulin","floor":7.0,"turns":6.0},{"damage":13.0,"enemies":"3 Sentries","floor":10.0,"turns":5.0},{"damage":12.0,"enemies":"Lots of Slimes","floor":13.0,"turns":3.0},{"damage":5.0,"enemies":"Looter","floor":14.0,"turns":3.0},{"damage":40.0,"enemies":"Hexaghost","floor":16.0,"turns":8.0},{"damage":23.0,"enemies":"Spheric Guardian","floor":18.0,"turns":5.0},{"damage":16.0,"enemies":"Chosen","floor":19.0,"turns":5.0},{"damage":12.0,"enemies":"Snake Plant","floor":21.0,"turns":4.0},{"damage":0.0,"enemies":"Centurion and Healer","floor":22.0,"turns":4.0},{"damage":10.0,"enemies":"Book of Stabbing","floor":28.0,"turns":5.0},{"damage":12.0,"enemies":"Shelled Parasite and Fungi","floor":29.0,"turns":3.0},{"damage":20.0,"enemies":"Snake Plant","floor":30.0,"turns":5.0},{"damage":7,"enemies":"3 Cultists","floor":31,"turns":2}],"seed_played":"727891431069272954","potions_obtained":[{"floor":2.0,"key":"Explosive Potion"},{"floor":10.0,"key":"SkillPotion"},{"floor":13.0,"key":"Strength Potion"},{"floor":16.0,"key":"EssenceOfSteel"},{"floor":18.0,"key":"DuplicationPotion"},{"floor":28.0,"key":"PotionOfCapacity"},{"floor":30.0,"key":"SpeedPotion"}],"is_trial":false,"path_per_floor":["M","M","?","$","M","R","E","R","T","E","?","R","M","M","R","B",null,"M","M","$","M","M","R","?","?","T","R","E","M","M","M"],"character_chosen":"DEFECT","items_purchased":["Lockon","Loop","Cold Snap"],"campfire_rested":5,"item_purchase_floors":[4,20,20],"current_hp_per_floor":[63,62,41,41,37,37,23,44,44,31,31,52,40,35,56,16,57,34,18,18,6,6,27,27,27,27,48,38,26,6,0,0],"gold":241,"neow_bonus":"ONE_RANDOM_RARE_CARD","is_daily":false,"chose_seed":false,"campfire_upgraded":1,"win_rate":0.0,"timestamp":1612232858,"path_taken":["M","M","?","$","M","R","E","R","T","E","?","R","M","M","R","BOSS","M","M","$","M","M","R","?","?","T","R","E","M","?","M"],"items_purchased_type":["Card","Card","Card"],"build_version":"2020-12-22","purchased_purges":1,"victory":false,"max_hp_per_floor":[71,71,71,71,71,71,71,71,71,71,71,71,71,71,71,71,71,71,71,71,71,71,71,71,71,71,71,71,71,71,71,71],"relic_stats":{"Centennial Puzzle":[9],"counters":[16,68],"Snecko Eye":[64,70,54,55],"obtain_stats":[{"Potion Belt":10,"Centennial Puzzle":28,"Oddly Smooth Stone":7,"Snecko Eye":17,"Thread and Needle":26,"Cracked Core":0,"WarpedTongs":11},{"Potion Belt":5,"Centennial Puzzle":13,"Oddly Smooth Stone":4,"Snecko Eye":8,"Thread and Needle":12,"Cracked Core":0,"WarpedTongs":5},{"Potion Belt":21,"Centennial Puzzle":58,"Oddly Smooth Stone":16,"Snecko Eye":35,"Thread and Needle":53,"Cracked Core":0,"WarpedTongs":21}],"WarpedTongs":[47]},"card_choices":[{"not_picked":["Stack","Rebound"],"picked":"Sweeping Beam","floor":1.0},{"not_picked":["Chaos","Rip and Tear"],"picked":"Barrage","floor":2.0},{"not_picked":["Steam","Rebound"],"picked":"Storm","floor":5.0},{"not_picked":["Streamline","Multi-Cast"],"picked":"Conserve Battery","floor":7.0},{"not_picked":["Cold Snap","Chill"],"picked":"Biased Cognition","floor":10.0},{"not_picked":["Stack","Barrage"],"picked":"Cold Snap","floor":13.0},{"not_picked":["Leap","Heatsinks"],"picked":"Core Surge","floor":14.0},{"not_picked":["Thunder Strike","Reboot"],"picked":"Amplify","floor":16.0},{"not_picked":["Melter","Redo"],"picked":"Compile Driver","floor":18.0},{"not_picked":["Beam Cell","Melter"],"picked":"Cold Snap","floor":19.0},{"not_picked":["Hologram","Redo","Hello World"],"picked":"SKIP","floor":21.0},{"not_picked":["Redo","Streamline"],"picked":"Coolheaded","floor":22.0},{"not_picked":["Lockon","Conserve Battery"],"picked":"Defragment+1","floor":28.0},{"not_picked":["Reboot","Sweeping Beam"],"picked":"Compile Driver+1","floor":29.0},{"not_picked":["Chaos","Lockon"],"picked":"Darkness","floor":30.0}],"player_experience":2978295,"relics_obtained":[{"floor":7.0,"key":"Oddly Smooth Stone"},{"floor":10.0,"key":"Potion Belt"},{"floor":26.0,"key":"Thread and Needle"},{"floor":28.0,"key":"Centennial Puzzle"}],"event_choices":[{"damage_healed":0.0,"max_hp_gain":0.0,"max_hp_loss":0.0,"gold_gain":0.0,"event_name":"Shining Light","player_choice":"Entered Light","floor":3.0,"gold_loss":0.0,"damage_taken":21.0,"cards_upgraded":["Strike_B","Defend_B"]},{"damage_healed":0.0,"max_hp_gain":0.0,"max_hp_loss":0.0,"gold_gain":0.0,"event_name":"Accursed Blacksmith","player_choice":"Rummage","floor":11.0,"gold_loss":0.0,"damage_taken":0.0,"relics_obtained":["WarpedTongs"],"cards_obtained":["Pain"]},{"damage_healed":0.0,"max_hp_gain":0.0,"max_hp_loss":0.0,"gold_gain":0.0,"event_name":"Ghosts","player_choice":"Ignored","floor":24.0,"gold_loss":0.0,"damage_taken":0.0},{"damage_healed":0.0,"max_hp_gain":0.0,"max_hp_loss":0.0,"gold_gain":0.0,"event_name":"Upgrade Shrine","player_choice":"Upgraded","floor":25.0,"gold_loss":0.0,"damage_taken":0.0,"cards_upgraded":["Echo Form"]}],"is_beta":false,"boss_relics":[{"not_picked":["Runic Pyramid","SlaversCollar"],"picked":"Snecko Eye"}],"items_purged_floors":[20],"is_endless":false,"potions_floor_spawned":[2,10,13,16,18,28,30],"killed_by":"3 Cultists","ascension_level":20}}