{"host":"126yiuos2nq86se7","time":1612256051,"event":{"mods":["AchievementEnabler","Act Like it!","BaseMod","Colored Map","Colored Powertips","Friendly Minions","Highlight Path","Minty Spire (QoL Compilation)","Reimu??????","StSLib","SuperFastMode"],"gold_per_floor":[117,117,132,152,170,170,202,219,244,256,10,10,10,22,22,119,119,139,139,120,40,54,54,54,54],"floor_reached":24,"language":"ENG","playtime":527,"items_purged":["Parasite","Strike_R"],"score":198,"play_id":"8ff80da6-5050-4156-8438-66cd73a3cdb5","local_time":"20210202195411","is_ascension_mode":false,"campfire_choices":[{"floor":6,"key":"REST"},{"data":"Metamorphosis","floor":12,"key":"SMITH"},{"floor":15,"key":"REST"},{"floor":23,"key":"REST"}],"circlet_count":0,"master_deck":["Strike_R","Strike_R","Strike_R","Strike_R","Defend_R","Defend_R","Defend_R","Defend_R","Bash","Metamorphosis+1","Combust+1","Feel No Pain","Inflame","Disarm","Battle Trance","Inflame","Ghostly Armor","Demon Form","Shrug It Off","Barricade","Shrug It Off"],"relics":["Burning Blood","RuthlessExorcism:ReiMu","MealTicket","MawBank","Orrery","The Courier","SacredBark"],"acts_visited":["Exordium","TheCity"],"potions_floor_usage":[7,16],"damage_taken":[{"damage":0,"enemies":"Jaw Worm","floor":1,"turns":3},{"damage":1,"enemies":"2 Louse","floor":3,"turns":1},{"damage":7,"enemies":"Cultist","floor":4,"turns":3},{"damage":17,"enemies":"Gremlin Gang","floor":5,"turns":4},{"damage":26,"enemies":"Gremlin Nob","floor":7,"turns":4},{"damage":15,"enemies":"Looter","floor":8,"turns":4},{"damage":14,"enemies":"Blue Slaver","floor":14,"turns":4},{"damage":25,"enemies":"Slime Boss","floor":16,"turns":7},{"damage":29,"enemies":"Shell Parasite","floor":18,"turns":6},{"damage":24,"enemies":"2 Thieves","floor":20,"turns":5},{"damage":43,"enemies":"Snake Plant","floor":22,"turns":5},{"damage":37,"enemies":"Sentry and Sphere","floor":24,"turns":4}],"seed_played":"-2275660948800320593","potions_obtained":[{"floor":4,"key":"Fire Potion"},{"floor":7,"key":"DuplicationPotion"},{"floor":8,"key":"Weak Potion"},{"floor":18,"key":"LiquidMemories"}],"is_trial":false,"path_per_floor":["M","?","M","M","M","R","E","M","T","?","$","R","T","M","R","B",null,"M","?","M","$","M","R","M"],"character_chosen":"IRONCLAD","items_purchased":["Inflame","Orrery"],"campfire_rested":3,"item_purchase_floors":[11,11],"current_hp_per_floor":[62,37,42,41,30,54,34,25,25,45,60,60,60,52,75,56,77,54,54,36,51,14,37,0,0],"gold":54,"neow_bonus":"RANDOM_COLORLESS_2","is_daily":false,"chose_seed":false,"campfire_upgraded":1,"win_rate":0.0,"timestamp":1612256051,"path_taken":["M","?","M","M","M","R","E","M","T","?","?","R","?","M","R","BOSS","M","?","M","$","M","R","M"],"items_purchased_type":["Card","Relic"],"build_version":"2020-12-22","purchased_purges":2,"victory":false,"max_hp_per_floor":[80,80,80,80,80,80,80,80,80,80,77,77,77,77,77,77,77,77,77,77,77,77,77,77,77],"card_choices":[{"not_picked":["Secret Weapon","Thinking Ahead"],"picked":"Metamorphosis","floor":0},{"not_picked":["Clothesline","Sever Soul"],"picked":"Combust","floor":1},{"not_picked":["Iron Wave","Perfected Strike"],"picked":"Feel No Pain","floor":3},{"not_picked":["Warcry","Ghostly Armor"],"picked":"Inflame","floor":4},{"not_picked":["Clash","Armaments"],"picked":"Disarm","floor":5},{"not_picked":["Rage","Warcry"],"picked":"Battle Trance","floor":7},{"not_picked":["Body Slam","Flex","Pommel Strike"],"picked":"SKIP","floor":8},{"not_picked":["Headbutt","Uppercut"],"picked":"Ghostly Armor","floor":11},{"not_picked":["Feel No Pain","Perfected Strike"],"picked":"Demon Form","floor":11},{"not_picked":["Pummel","Sword Boomerang"],"picked":"Shrug It Off","floor":11},{"not_picked":["Battle Trance","Uppercut","Flex"],"picked":"SKIP","floor":14},{"not_picked":["Exhume","Bludgeon"],"picked":"Barricade","floor":16},{"not_picked":["Thunderclap","Flex","Dropkick"],"picked":"SKIP","floor":18},{"not_picked":["Warcry","Armaments"],"picked":"Shrug It Off","floor":20},{"not_picked":["Clothesline","Anger","Spot Weakness"],"picked":"SKIP","floor":22}],"player_experience":1477277,"relics_obtained":[{"floor":7,"key":"MealTicket"},{"floor":9,"key":"MawBank"},{"floor":13,"key":"The Courier"}],"event_choices":[{"damage_healed":0,"gold_gain":0,"player_choice":"Success","damage_taken":25,"relics_obtained":["RuthlessExorcism:ReiMu"],"max_hp_gain":0,"max_hp_loss":0,"event_name":"Scrap Ooze","floor":2,"gold_loss":0},{"damage_healed":20,"gold_gain":0,"player_choice":"Healed and dodged fight","damage_taken":0,"max_hp_gain":0,"max_hp_loss":0,"event_name":"Mushrooms","floor":10,"gold_loss":0,"cards_obtained":["Parasite"]},{"damage_healed":0,"gold_gain":0,"player_choice":"Upgraded","damage_taken":0,"max_hp_gain":0,"max_hp_loss":0,"event_name":"Upgrade Shrine","floor":19,"gold_loss":0,"cards_upgraded":["Combust"]}],"is_beta":false,"boss_relics":[{"not_picked":["Runic Pyramid","Pandora\u0027s Box"],"picked":"SacredBark"}],"items_purged_floors":[11,21],"is_endless":false,"potions_floor_spawned":[4,7,8,18],"killed_by":"Sentry and Sphere","ascension_level":0}}