{"host":"31s8hzukbhz1k6i6","time":1612237477,"event":{"mods":["AchievementEnabler","BaseMod","Bestiary","Colored Map","Filter the Spire","Minty Spire (QoL Compilation)","Relic Stats","ojb\u0027s Info Mod"],"gold_per_floor":[15,15,29,29,42,42,42,69,92,92,111,111,142,152,152,225,225,236,248,268,288,288,288,288,213,213,231,231,260,260,277,277,277,277],"floor_reached":33,"language":"ENG","playtime":1453,"items_purged":[],"score":554,"play_id":"17dab67e-2ecc-46c1-9609-6b0d1bbaecd5","local_time":"20210201194437","is_ascension_mode":true,"campfire_choices":[{"floor":6.0,"key":"DIG"},{"data":"Deadly Poison","floor":10.0,"key":"SMITH"},{"floor":15.0,"key":"REST"},{"floor":23,"key":"DIG"},{"floor":28,"key":"REST"},{"floor":30,"key":"REST"},{"floor":32,"key":"DIG"}],"circlet_count":0,"master_deck":["AscendersBane","Defend_G","Defend_G","Defend_G","Survivor","Neutralize","Deadly Poison+1","Cloak And Dagger","Cloak And Dagger","Dagger Spray","Poisoned Stab","Dagger Spray","Adrenaline","Backstab+1","Envenom+1","Distraction+1","Terror","Leg Sweep","A Thousand Cuts","Calculated Gamble","Blade Dance+1"],"relics":["Ring of the Snake","Shovel","Bag of Preparation","Bronze Scales","Bottled Lightning","Tiny Chest","Mercury Hourglass","Astrolabe","Matryoshka","Snake Skull","Bottled Flame","Ornamental Fan","Regal Pillow","Happy Flower"],"acts_visited":["Exordium","TheCity"],"potions_floor_usage":[21],"damage_taken":[{"damage":9.0,"enemies":"Jaw Worm","floor":1.0,"turns":7.0},{"damage":0.0,"enemies":"Cultist","floor":3.0,"turns":3.0},{"damage":0.0,"enemies":"2 Louse","floor":5.0,"turns":3.0},{"damage":27.0,"enemies":"Lagavulin","floor":8.0,"turns":8.0},{"damage":0.0,"enemies":"2 Fungi Beasts","floor":11.0,"turns":3.0},{"damage":19.0,"enemies":"3 Sentries","floor":13.0,"turns":9.0},{"damage":0.0,"enemies":"Exordium Thugs","floor":14.0,"turns":3.0},{"damage":21.0,"enemies":"The Guardian","floor":16.0,"turns":9.0},{"damage":0.0,"enemies":"Chosen","floor":18.0,"turns":3.0},{"damage":10.0,"enemies":"Spheric Guardian","floor":19.0,"turns":4.0},{"damage":13.0,"enemies":"Centurion and Healer","floor":20.0,"turns":5.0},{"damage":3,"enemies":"Snake Plant","floor":21,"turns":3},{"damage":8,"enemies":"Shelled Parasite and Fungi","floor":27,"turns":7},{"damage":21,"enemies":"Slavers","floor":29,"turns":4},{"damage":0,"enemies":"Chosen and Byrds","floor":31,"turns":3},{"damage":51,"enemies":"Champ","floor":33,"turns":9}],"seed_played":"3405500209581944152","potions_obtained":[{"floor":3.0,"key":"SteroidPotion"},{"floor":5.0,"key":"Swift Potion"},{"floor":11.0,"key":"DuplicationPotion"},{"floor":12.0,"key":"EntropicBrew"},{"floor":18.0,"key":"Strength Potion"},{"floor":19.0,"key":"DistilledChaos"}],"is_trial":false,"path_per_floor":["M","?","M","?","M","R","?","E","T","R","M","?","E","M","R","B",null,"M","M","M","M","T","R","?","?","T","M","R","E","R","M","R","B"],"character_chosen":"THE_SILENT","items_purchased":[],"campfire_rested":3,"item_purchase_floors":[],"current_hp_per_floor":[50,50,50,50,50,50,50,23,23,23,23,23,4,4,23,2,50,50,40,27,24,24,24,24,24,24,16,35,14,48,48,48,0,0],"gold":277,"neow_bonus":"ONE_RARE_RELIC","is_daily":false,"chose_seed":false,"campfire_upgraded":1,"win_rate":0.0,"timestamp":1612237477,"path_taken":["M","?","?","?","M","R","?","E","T","R","?","?","E","M","R","BOSS","M","M","M","?","?","R","?","?","T","M","R","E","R","M","R","BOSS"],"items_purchased_type":[],"build_version":"2020-12-22","purchased_purges":0,"victory":false,"max_hp_per_floor":[66,66,66,66,66,66,66,66,66,66,66,66,66,66,66,66,66,66,66,66,66,66,66,66,66,66,66,66,66,66,66,66,66,66],"relic_stats":{"Regal Pillow":15,"Happy Flower":[3],"counters":[16,83],"Astrolabe":["Backstab","Envenom","Distraction"],"Snake Skull":[51],"Bag of Preparation":[26],"Mercury Hourglass":[132],"Shovel":3,"Ornamental Fan":[40],"Bronze Scales":[150],"Tiny Chest":1,"obtain_stats":[{"Regal Pillow":29,"Happy Flower":32,"Astrolabe":17,"Snake Skull":23,"Bag of Preparation":6,"Mercury Hourglass":13,"Bottled Flame":26,"Shovel":0,"Matryoshka":22,"Ornamental Fan":26,"Bronze Scales":7,"Tiny Chest":9,"Bottled Lightning":8,"Ring of the Snake":0},{"Regal Pillow":14,"Happy Flower":15,"Astrolabe":8,"Snake Skull":12,"Bag of Preparation":3,"Mercury Hourglass":6,"Bottled Flame":12,"Shovel":0,"Matryoshka":12,"Ornamental Fan":12,"Bronze Scales":3,"Tiny Chest":4,"Bottled Lightning":4,"Ring of the Snake":0},{"Regal Pillow":71,"Happy Flower":74,"Astrolabe":45,"Snake Skull":60,"Bag of Preparation":13,"Mercury Hourglass":33,"Bottled Flame":60,"Shovel":0,"Matryoshka":60,"Ornamental Fan":60,"Bronze Scales":13,"Tiny Chest":21,"Bottled Lightning":21,"Ring of the Snake":0}],"Ring of the Snake":[32]},"card_choices":[{"not_picked":["Catalyst","Distraction"],"picked":"Deadly Poison","floor":1.0},{"not_picked":["Leg Sweep","Acrobatics"],"picked":"Cloak And Dagger","floor":3.0},{"not_picked":["Footwork","Expertise"],"picked":"Noxious Fumes","floor":5.0},{"not_picked":["Envenom","Backflip"],"picked":"Cloak And Dagger","floor":8.0},{"not_picked":["Masterful Stab","Sucker Punch"],"picked":"Dagger Spray","floor":11.0},{"not_picked":["Dagger Spray","Prepared"],"picked":"Poisoned Stab","floor":13.0},{"not_picked":["Riddle With Holes","Unload"],"picked":"Dagger Spray","floor":14.0},{"not_picked":["Tools of the Trade","Glass Knife"],"picked":"Adrenaline","floor":16.0},{"not_picked":["Quick Slash+1","Sucker Punch","Dagger Throw+1"],"picked":"SKIP","floor":18.0},{"not_picked":["Choke","Deadly Poison"],"picked":"Terror","floor":19.0},{"not_picked":["Riddle With Holes","Expertise","Well Laid Plans"],"picked":"SKIP","floor":20.0},{"not_picked":["Quick Slash","Poisoned Stab"],"picked":"Leg Sweep","floor":21},{"not_picked":["Night Terror","Riddle With Holes"],"picked":"Blade Dance+1","floor":27},{"not_picked":["Infinite Blades","Sucker Punch","A Thousand Cuts"],"picked":"SKIP","floor":29},{"not_picked":["PiercingWail","Deadly Poison","Prepared+1"],"picked":"SKIP","floor":31}],"player_experience":200218,"relics_obtained":[{"floor":6.0,"key":"Bag of Preparation"},{"floor":8.0,"key":"Bottled Lightning"},{"floor":9.0,"key":"Tiny Chest"},{"floor":13.0,"key":"Mercury Hourglass"},{"floor":22,"key":"Matryoshka"},{"floor":23,"key":"Snake Skull"},{"floor":26,"key":"Bottled Flame"},{"floor":26,"key":"Ornamental Fan"},{"floor":29,"key":"Regal Pillow"},{"floor":32,"key":"Happy Flower"}],"event_choices":[{"cards_removed":["Strike_G"],"damage_healed":0.0,"max_hp_gain":0.0,"max_hp_loss":0.0,"gold_gain":0.0,"event_name":"Purifier","player_choice":"Purged","floor":2.0,"gold_loss":0.0,"damage_taken":0.0},{"damage_healed":0.0,"max_hp_gain":0.0,"max_hp_loss":0.0,"gold_gain":0.0,"event_name":"Liars Game","player_choice":"Ignored","floor":4.0,"gold_loss":0.0,"damage_taken":0.0},{"cards_removed":["Noxious Fumes"],"damage_healed":0.0,"max_hp_gain":0.0,"max_hp_loss":0.0,"gold_gain":0.0,"event_name":"WeMeetAgain","player_choice":"Gave Card","floor":7.0,"gold_loss":0.0,"damage_taken":0.0,"relics_obtained":["Bronze Scales"]},{"damage_healed":0.0,"max_hp_gain":0.0,"max_hp_loss":0.0,"gold_gain":0.0,"event_name":"Lab","player_choice":"Got Potions","floor":12.0,"gold_loss":0.0,"damage_taken":0.0},{"damage_healed":0,"gold_gain":0,"cards_transformed":["Strike_G","Defend_G"],"player_choice":"Became Test Subject","damage_taken":0,"max_hp_gain":0,"max_hp_loss":0,"event_name":"Drug Dealer","floor":24,"gold_loss":0,"cards_obtained":["A Thousand Cuts","Calculated Gamble"]},{"cards_removed":["Defend_G"],"damage_healed":0,"gold_gain":0,"player_choice":"Gave Gold","damage_taken":0,"max_hp_gain":0,"max_hp_loss":0,"event_name":"Beggar","floor":25,"gold_loss":75}],"is_beta":false,"boss_relics":[{"not_picked":["HoveringKite","Velvet Choker"],"picked":"Astrolabe"}],"items_purged_floors":[],"is_endless":false,"potions_floor_spawned":[3,5,11,18,19],"killed_by":"Champ","ascension_level":20}}