{"host":"18wi9kpcl4eah7pe","time":1612250939,"event":{"mods":["BaseMod","Colored Powertips","Downfall","Minty Spire (QoL Compilation)","StSLib"],"gold_per_floor":[99,99,99,99,59,75,75,67,67,92,135,158,178,178,197,197,197,197],"floor_reached":16,"language":"ENG","playtime":599,"items_purged":[],"score":120,"play_id":"64cc9ecd-2850-4835-a90f-25897509a659","local_time":"20210202012859","is_ascension_mode":true,"campfire_choices":[{"floor":1.0,"key":"RECALL"},{"floor":9.0,"key":"REST"}],"circlet_count":0,"master_deck":["hexamod:Strike","hexamod:Strike","hexamod:Strike","hexamod:Strike","hexamod:Defend","hexamod:Defend","hexamod:Defend","hexamod:Defend","hexamod:Sear","hexamod:Float","hexamod:HeatShield","hexamod:ShieldOfDarkness","hexamod:FourthSeal","hexamod:InspiringFlames","hexamod:FirstSeal","hexamod:SecondSeal","hexamod:ThirdSeal","hexamod:HauntingEcho","hexamod:VolcanoVisage","hexamod:NecessarySacrifice","hexamod:PhantomFireball","hexamod:AdvancingGuard","hexamod:SwordOfDarkness","hexamod:GhostOfSpireFuture","Pain","hexamod:SoulSteal"],"relics":["hexamod:SpiritBrand","downfall:HeartsMalice","Anchor","MealTicket","Toy Ornithopter","WarpedTongs"],"acts_visited":["Exordium"],"potions_floor_usage":[11,13,16,16],"damage_taken":[{"damage":0.0,"enemies":"Cultist","floor":2.0,"turns":1.0},{"damage":0.0,"enemies":"2 Louse","floor":3.0,"turns":1.0},{"damage":0.0,"enemies":"downfall:FleeingMerchant","floor":5.0,"turns":1.0},{"damage":0.0,"enemies":"Jaw Worm","floor":6.0,"turns":3.0},{"damage":8.0,"enemies":"2 Fungi Beasts","floor":10.0,"turns":5.0},{"damage":30,"enemies":"3 Sentries","floor":11,"turns":10},{"damage":5,"enemies":"Exordium Thugs","floor":12,"turns":5},{"damage":1,"enemies":"Lots of Slimes","floor":13,"turns":7},{"damage":14,"enemies":"3 Louse","floor":15,"turns":4},{"damage":44,"enemies":"WA_ARCHETYPE_RETAIN","floor":16,"turns":6}],"seed_played":"7653379620423132512","potions_obtained":[{"floor":6.0,"key":"hexamod:InfernoChargePotion"},{"floor":6.0,"key":"LiquidMemories"},{"floor":10.0,"key":"SpeedPotion"},{"floor":11,"key":"Ancient Potion"},{"floor":12,"key":"Fire Potion"},{"floor":13,"key":"CultistPotion"},{"floor":15,"key":"PowerPotion"}],"is_trial":false,"path_per_floor":["R","M","M","?","$","M","T","?","R","M","E","M","M","?","M","B"],"character_chosen":"THE_SPIRIT","items_purchased":["hexamod:FourthSeal"],"campfire_rested":1,"item_purchase_floors":[5],"current_hp_per_floor":[70,70,70,37,37,37,37,30,51,50,20,22,33,33,26,0,0,0],"gold":197,"neow_bonus":"THREE_ENEMY_KILL","is_daily":false,"chose_seed":false,"campfire_upgraded":0,"win_rate":0.0,"timestamp":1612250939,"path_taken":["R","M","?","?","$","M","T","?","R","M","E","M","M","?","M","BOSS"],"items_purchased_type":["Card"],"build_version":"2020-12-22","purchased_purges":0,"victory":false,"max_hp_per_floor":[70,70,70,70,70,70,70,70,70,70,70,70,70,70,70,70,70,70],"card_choices":[{"not_picked":["hexamod:NightmareStrike","hexamod:BacktrackSmack"],"picked":"hexamod:ThermalTransfer","floor":2.0},{"not_picked":["hexamod:NightmareStrike","hexamod:BacktrackSmack"],"picked":"hexamod:HeatShield","floor":3.0},{"not_picked":["hexamod:PhantomFireball","hexamod:RainOfEmbers"],"picked":"hexamod:ShieldOfDarkness","floor":5.0},{"not_picked":["hexamod:Firestarter","hexamod:ThermalTransfer"],"picked":"hexamod:InspiringFlames","floor":6.0},{"not_picked":["hexamod:HeatMetal","hexamod:Incineration"],"picked":"hexamod:HauntingEcho","floor":10.0},{"not_picked":["hexamod:AdvancingGuard","hexamod:SecondSeal"],"picked":"hexamod:VolcanoVisage","floor":10.0},{"not_picked":["hexamod:PhantomCloak","hexamod:ShieldOfDarkness"],"picked":"hexamod:NecessarySacrifice","floor":11},{"not_picked":["hexamod:NightmareStrike","hexamod:Hexaguard"],"picked":"hexamod:PhantomFireball","floor":11},{"not_picked":["hexamod:Again","hexamod:ShieldOfDarkness"],"picked":"hexamod:AdvancingGuard","floor":12},{"not_picked":["hexamod:GhostOfSpireFuture","hexamod:Hexaguard"],"picked":"hexamod:SwordOfDarkness","floor":12},{"not_picked":["hexamod:GhostLash","hexamod:Haunt"],"picked":"hexamod:GhostOfSpireFuture","floor":13},{"not_picked":["hexamod:NightmareGuise","hexamod:FirstSeal"],"picked":"hexamod:SoulSteal","floor":15}],"player_experience":985544,"relics_obtained":[{"floor":7.0,"key":"MealTicket"},{"floor":11,"key":"Toy Ornithopter"}],"event_choices":[{"damage_healed":0.0,"max_hp_gain":0.0,"max_hp_loss":0.0,"gold_gain":0.0,"event_name":"Scrap Ooze","player_choice":"Success","floor":4.0,"gold_loss":0.0,"damage_taken":33.0,"relics_obtained":["Anchor"]},{"damage_healed":0,"gold_gain":0,"player_choice":"Rummage","damage_taken":0,"relics_obtained":["WarpedTongs"],"max_hp_gain":0,"max_hp_loss":0,"event_name":"Accursed Blacksmith","floor":14,"gold_loss":0,"cards_obtained":["Pain"]}],"is_beta":false,"boss_relics":[],"items_purged_floors":[],"is_endless":false,"potions_floor_spawned":[6,13,15],"killed_by":"WA_ARCHETYPE_RETAIN","ascension_level":4}}