{"host":"szp1d6dso4pv7ddl","time":1612232737,"event":{"mods":["AchievementEnabler","Alarm Clock","BaseMod","Bestiary","Block Reminder","Colored Map","Colored Powertips","Curses Come First","Dark Map","Displayed Cursed Tome","Highlight Path","Minty Spire (QoL Compilation)","Permanent Neow","Quick Restart","Relic Sorter","Relic Stats","StSLib","Synergy Search"],"gold_per_floor":[118,118,132,33,33,62,62,62,62],"floor_reached":8,"language":"ENG","playtime":739,"items_purged":["Strike_B"],"score":97,"play_id":"21203dc8-3a02-4e43-bacc-e02b10ad7e37","local_time":"20210201182537","is_ascension_mode":true,"campfire_choices":[{"floor":7,"key":"DIG"}],"circlet_count":0,"master_deck":["AscendersBane","Strike_B","Strike_B","Defend_B","Defend_B","Defend_B","Zap","Dualcast","Melter","Rainbow","Coolheaded","Compile Driver","Barrage"],"relics":["Empty Cage","Shovel","Centennial Puzzle"],"acts_visited":["Exordium"],"potions_floor_usage":[6],"damage_taken":[{"damage":4,"enemies":"2 Louse","floor":1,"turns":4},{"damage":0,"enemies":"Cultist","floor":3,"turns":4},{"damage":17,"enemies":"Lagavulin","floor":6,"turns":5},{"damage":45,"enemies":"Gremlin Nob","floor":8,"turns":4}],"seed_played":"-6698615121809419961","potions_obtained":[{"floor":1,"key":"DistilledChaos"},{"floor":6,"key":"CultistPotion"}],"is_trial":false,"path_per_floor":["M","?","M","$","?","E","R","E"],"character_chosen":"DEFECT","items_purchased":["Barrage"],"campfire_rested":0,"item_purchase_floors":[4],"current_hp_per_floor":[60,60,60,60,60,43,43,0,0],"gold":62,"neow_bonus":"BOSS_RELIC","is_daily":false,"chose_seed":false,"campfire_upgraded":0,"win_rate":0.0,"timestamp":1612232737,"path_taken":["M","?","?","$","?","E","R","E"],"items_purchased_type":["Card"],"build_version":"2020-12-22","purchased_purges":1,"victory":false,"max_hp_per_floor":[71,71,71,71,71,71,71,71,71],"relic_stats":{"Centennial Puzzle":[3],"Shovel":1,"counters":[4,17],"obtain_stats":[{"Centennial Puzzle":7,"Shovel":6,"Cracked Core":0,"Empty Cage":0},{"Centennial Puzzle":3,"Shovel":3,"Cracked Core":0,"Empty Cage":0},{"Centennial Puzzle":13,"Shovel":13,"Cracked Core":0,"Empty Cage":0}]},"card_choices":[{"not_picked":["Beam Cell","Leap"],"picked":"Melter","floor":1},{"not_picked":["Melter","Sweeping Beam"],"picked":"Compile Driver","floor":3},{"not_picked":["Coolheaded","Compile Driver","Buffer"],"picked":"SKIP","floor":6}],"player_experience":1347924,"relics_obtained":[{"floor":6,"key":"Shovel"},{"floor":7,"key":"Centennial Puzzle"}],"event_choices":[{"damage_healed":0,"gold_gain":0,"player_choice":"2 cards matched","damage_taken":0,"max_hp_gain":0,"max_hp_loss":0,"event_name":"Match and Keep!","floor":2,"gold_loss":0,"cards_obtained":["Rainbow","Coolheaded"]},{"damage_healed":0,"gold_gain":0,"player_choice":"Ignored","damage_taken":0,"max_hp_gain":0,"max_hp_loss":0,"event_name":"Shining Light","floor":5,"gold_loss":0}],"is_beta":false,"boss_relics":[],"items_purged_floors":[4],"is_endless":false,"potions_floor_spawned":[1,6],"killed_by":"Gremlin Nob","ascension_level":16}}