{"host":"clf2hd4adhiiw0zf","time":1612307242,"event":{"mods":["AchievementEnabler","BaseMod","Beaked The Cultist","Bestiary","Dark Map","Downfall","Gremlin Mod","Hermit","Jorbs\u0027s Wanderer Trilogy","Marisa????????","Minty Spire (QoL Compilation)","Shop Mod","StSLib","The Cursed","The Servant 0.9.4","Wide Potions"],"gold_per_floor":[99,112,112,97,111,111,111,442,342,379,563,600,500,500,523,636,636,636,689,754,42,51,51,60,100,135,44,44,83,25,76,128,260,260,260,314,335,344,353,411,420,420,442,109,49,100,100,180,221,250,250,250,250,250],"floor_reached":52,"language":"ENG","playtime":2859,"items_purged":[],"score":1075,"play_id":"bc7acb04-bbdc-4603-aa80-f78b59c29cb1","local_time":"20210202160722","is_ascension_mode":true,"campfire_choices":[{"floor":1.0,"key":"RECALL"},{"data":"sneckomod:DiceBoulder","floor":9.0,"key":"SMITH"},{"data":"sneckomod:DiceBoulder+1","floor":13.0,"key":"SMITH"},{"data":"sneckomod:GlitteringGambit","floor":18.0,"key":"SMITH"},{"data":"sneckomod:Unknown3Cost","floor":35.0,"key":"SMITH"},{"data":"sneckomod:UnknownRareAttack","floor":42,"key":"SMITH"},{"data":"ManaRampage","floor":47,"key":"SMITH"}],"circlet_count":0,"master_deck":["sneckomod:Strike","sneckomod:Strike","sneckomod:Strike","sneckomod:Defend","sneckomod:Defend","sneckomod:Defend","sneckomod:TailWhip","sneckomod:SnekBite","sneckomod:Unknown","sneckomod:Unknown","sneckomod:WideSting+1","sneckomod:UnknownStrength","sneckomod:RainOfDice","sneckomod:DiceBoulder+2","sneckomod:Unknown1Cost","sneckomod:UnlimitedRolls","sneckomod:SoulDraw","sneckomod:GlitteringGambit+1","sneckomod:UnknownX","sneckomod:Nope","sneckomod:UnknownClassMARISA_COLOR","Writhe","sneckomod:UnknownClassSLIMEBOUND","ManaRampage+1","sneckomod:UnknownRareAttack+1","sneckomod:UnknownExhaust+1","sneckomod:QuickMove+1","sneckomod:UnknownClassTHE_CHAMP_GRAY","sneckomod:Unknown3Cost+1","sneckomod:ImprovisedGuard+1","sneckomod:UnknownBlock+1","Wraith","Writhe","sneckomod:UnknownRareAttack","Writhe","sneckomod:Nope+1","sneckomod:UnknownStrength+1","sneckomod:UnknownDexterity","Writhe","sneckomod:UnknownClassSLIMEBOUND"],"relics":["sneckomod:SneckoSoul","Thread and Needle","The Courier","Kunai","Old Coin","downfall:HeartBlessingRed","CeramicFish","Eternal Feather","downfall:HeartBlessingGreen","Turnip","Cursed Key","Red Mask","Torii","StoneCalendar","Unceasing Top","Guardian:PocketSentry","downfall:HeartBlessingBlue","Peace Pipe","Pantograph","expansioncontent:StudyCardRelic","Bottled Flame","Ornamental Fan","Bottled Lightning","OrangePellets","Slimebound:PreparedRelic","Vajra","HornCleat","Blue Candle"],"acts_visited":["Exordium","TheCity","TheBeyond","TheEnding"],"potions_floor_usage":[50],"damage_taken":[{"damage":0.0,"enemies":"Cultist","floor":2.0,"turns":3.0},{"damage":1.0,"enemies":"downfall:FleeingMerchant","floor":4.0,"turns":4.0},{"damage":2.0,"enemies":"Jaw Worm","floor":5.0,"turns":3.0},{"damage":4.0,"enemies":"Lagavulin","floor":8.0,"turns":7.0},{"damage":6.0,"enemies":"Gremlin Nob","floor":10.0,"turns":3.0},{"damage":9.0,"enemies":"Lagavulin","floor":12.0,"turns":5.0},{"damage":0.0,"enemies":"Small Slimes","floor":15.0,"turns":1.0},{"damage":36.0,"enemies":"WA_ARCHETYPE_RETAIN","floor":16.0,"turns":10.0},{"damage":16.0,"enemies":"Spheric Guardian","floor":19.0,"turns":4.0},{"damage":13.0,"enemies":"Masked Bandits","floor":20.0,"turns":4.0},{"damage":11.0,"enemies":"downfall:FleeingMerchant","floor":21.0,"turns":4.0},{"damage":1.0,"enemies":"Chosen","floor":25.0,"turns":6.0},{"damage":1.0,"enemies":"Snecko","floor":26.0,"turns":3.0},{"damage":62.0,"enemies":"Slavers","floor":29.0,"turns":5.0},{"damage":1.0,"enemies":"downfall:FleeingMerchant","floor":30.0,"turns":4.0},{"damage":0.0,"enemies":"Gremlin Leader","floor":31.0,"turns":3.0},{"damage":0.0,"enemies":"Snake Plant","floor":32.0,"turns":3.0},{"damage":16.0,"enemies":"SI_MIRROR_ARCHETYPE","floor":33.0,"turns":4.0},{"damage":28.0,"enemies":"3 Shapes","floor":36.0,"turns":4.0},{"damage":35.0,"enemies":"3 Darklings","floor":37.0,"turns":4.0},{"damage":36,"enemies":"Giant Head","floor":40,"turns":7},{"damage":6,"enemies":"4 Shapes","floor":43,"turns":5},{"damage":5,"enemies":"downfall:FleeingMerchant","floor":45,"turns":3},{"damage":60,"enemies":"Reptomancer","floor":46,"turns":7},{"damage":0,"enemies":"Sphere and 2 Shapes","floor":49,"turns":3},{"damage":77,"enemies":"IC_BLOCK_ARCHETYPE","floor":50,"turns":13},{"damage":111,"enemies":"downfall:CharBossMerchant","floor":52,"turns":6}],"seed_played":"8028456856595111593","potions_obtained":[{"floor":2.0,"key":"sneckomod:MuddlingPotion"},{"floor":8.0,"key":"Block Potion"},{"floor":12.0,"key":"Weak Potion"},{"floor":15.0,"key":"SteroidPotion"},{"floor":25.0,"key":"champ:CounterPotion"},{"floor":31.0,"key":"DistilledChaos"},{"floor":32.0,"key":"DistilledChaos"},{"floor":33.0,"key":"Swift Potion"},{"floor":40,"key":"sneckomod:CheatPotion"},{"floor":46,"key":"DuplicationPotion"}],"is_trial":false,"path_per_floor":["R","M","?","$","M","T","T","E","R","E","?","E","R","?","M","B",null,"R","M","?","$","?","?","T","M","M","R","?","E","$","E","M","B",null,"R","M","M","?","T","E","T","R","M","?","$","E","R","?","M","B",null,"E"],"character_chosen":"THE_SNECKO","items_purchased":["Torii","StoneCalendar","Unceasing Top","ColorlessPotion","Swift Potion","OrangePellets","Slimebound:PreparedRelic","Vajra"],"campfire_rested":0,"item_purchase_floors":[21,21,21,30,30,45,45,45],"current_hp_per_floor":[81,81,81,80,78,78,78,74,74,68,68,59,68,61,61,25,81,81,65,52,41,41,41,41,40,39,64,64,2,2,2,14,23,91,91,78,43,43,43,7,7,28,22,102,97,42,63,63,63,11,102,0,0,0],"gold":250,"neow_bonus":"ONE_RARE_RELIC","is_daily":false,"chose_seed":false,"campfire_upgraded":6,"win_rate":0.0,"timestamp":1612307242,"path_taken":["R","M","?","?","?","?","T","E","R","E","?","E","R","?","M","BOSS","R","M","?","$","?","?","T","?","M","R","?","E","?","E","M","BOSS","R","M","M","?","?","E","T","R","?","?","?","E","R","?","M","BOSS","E"],"items_purchased_type":["Relic","Relic","Relic","Potion","Potion","Relic","Relic","Relic"],"build_version":"2020-12-22","purchased_purges":0,"victory":false,"max_hp_per_floor":[81,81,81,81,81,81,81,81,81,81,81,81,81,81,81,81,81,81,81,81,81,81,81,81,81,81,91,91,91,91,91,91,91,91,91,91,91,91,91,91,91,91,91,102,102,102,102,102,102,102,102,102,102,102],"card_choices":[{"not_picked":["sneckomod:Nope","sneckomod:UnknownDraw"],"picked":"sneckomod:WideSting","floor":2.0},{"not_picked":["sneckomod:RainOfDice","sneckomod:UnknownDraw"],"picked":"sneckomod:UnknownStrength","floor":4.0},{"not_picked":["sneckomod:SoulDraw","sneckomod:QuickBite"],"picked":"sneckomod:RainOfDice","floor":5.0},{"not_picked":["sneckomod:RainOfDice","sneckomod:Rotation"],"picked":"sneckomod:DiceBoulder","floor":8.0},{"not_picked":["sneckomod:IronFang","sneckomod:MasterEye"],"picked":"sneckomod:Unknown1Cost","floor":10.0},{"not_picked":["sneckomod:SoulRoll","sneckomod:UnknownDraw"],"picked":"sneckomod:UnlimitedRolls","floor":12.0},{"not_picked":["sneckomod:QuickBite","sneckomod:UnknownDraw"],"picked":"sneckomod:SoulDraw","floor":15.0},{"not_picked":["sneckomod:UnknownRareSkill","sneckomod:UnknownRareAttack"],"picked":"sneckomod:GlitteringGambit","floor":16.0},{"not_picked":["sneckomod:UnendingSupply","sneckomod:QuickMove"],"picked":"sneckomod:UnknownX","floor":19.0},{"not_picked":["sneckomod:WideSting","sneckomod:IronFang+1"],"picked":"sneckomod:Nope","floor":20.0},{"not_picked":["sneckomod:Nope","sneckomod:DiceBlock"],"picked":"sneckomod:UnknownClassMARISA_COLOR","floor":21.0},{"not_picked":["sneckomod:SoulCleanse","sneckomod:IronFang"],"picked":"sneckomod:UnknownX","floor":25.0},{"not_picked":["sneckomod:DangerNoodle","sneckomod:IronFang+1"],"picked":"sneckomod:UnknownClassSLIMEBOUND","floor":26.0},{"not_picked":["sneckomod:UnknownClassTHE_CHAMP_GRAY","sneckomod:UnknownDraw"],"picked":"sneckomod:UnknownRareAttack","floor":29.0},{"not_picked":["sneckomod:SoulRoll","sneckomod:UnknownUncommonPower"],"picked":"sneckomod:UnknownExhaust+1","floor":30.0},{"not_picked":["sneckomod:Nope","sneckomod:UnknownStrike"],"picked":"sneckomod:QuickMove+1","floor":31.0},{"not_picked":["sneckomod:Nope","sneckomod:QuickBite"],"picked":"sneckomod:UnknownClassTHE_CHAMP_GRAY","floor":32.0},{"not_picked":["sneckomod:UnknownRareAttack","sneckomod:UnknownRareSkill"],"picked":"sneckomod:Unknown3Cost","floor":33.0},{"not_picked":["sneckomod:UnknownClassSLIMEBOUND+1","sneckomod:IronFang+1"],"picked":"sneckomod:ImprovisedGuard+1","floor":36.0},{"not_picked":["sneckomod:DiceBlock+1","sneckomod:UnknownStrike"],"picked":"sneckomod:UnknownBlock+1","floor":37.0},{"not_picked":["sneckomod:DiceCrush","sneckomod:UnknownClassTHE_CHAMP_GRAY"],"picked":"sneckomod:UnknownRareAttack","floor":40},{"not_picked":["sneckomod:SnekBeam","sneckomod:QuickMove+1"],"picked":"sneckomod:Nope+1","floor":43},{"not_picked":["sneckomod:UnknownDexterity","sneckomod:Unknown1Cost"],"picked":"sneckomod:UnknownStrength+1","floor":45},{"not_picked":["sneckomod:Rotation+1","sneckomod:RainOfDice+1"],"picked":"sneckomod:UnknownDexterity","floor":46},{"not_picked":["sneckomod:IronFang","sneckomod:DiceCrush+1"],"picked":"sneckomod:UnknownClassSLIMEBOUND","floor":49}],"player_experience":170779,"relics_obtained":[{"floor":6.0,"key":"The Courier"},{"floor":7.0,"key":"Kunai"},{"floor":8.0,"key":"Old Coin"},{"floor":10.0,"key":"CeramicFish"},{"floor":12.0,"key":"Eternal Feather"},{"floor":20.0,"key":"Red Mask"},{"floor":29.0,"key":"Peace Pipe"},{"floor":31.0,"key":"Pantograph"},{"floor":39.0,"key":"Bottled Flame"},{"floor":40,"key":"Ornamental Fan"},{"floor":41,"key":"Bottled Lightning"},{"floor":46,"key":"HornCleat"},{"floor":48,"key":"Blue Candle"}],"event_choices":[{"damage_healed":0.0,"max_hp_gain":0.0,"max_hp_loss":0.0,"gold_gain":0.0,"event_name":"Accursed Blacksmith","player_choice":"Forge","floor":3.0,"gold_loss":0.0,"damage_taken":0.0,"cards_upgraded":["sneckomod:WideSting"]},{"damage_healed":0.0,"max_hp_gain":0.0,"max_hp_loss":0.0,"gold_gain":0.0,"event_name":"Scrap Ooze","player_choice":"Success","floor":14.0,"gold_loss":0.0,"damage_taken":7.0,"relics_obtained":["Turnip"]},{"damage_healed":0.0,"max_hp_gain":0.0,"max_hp_loss":0.0,"gold_gain":0.0,"event_name":"Masked Bandits","player_choice":"Fought Bandits","floor":20.0,"gold_loss":0.0,"damage_taken":0.0},{"damage_healed":0.0,"max_hp_gain":0.0,"max_hp_loss":0.0,"gold_gain":0.0,"event_name":"Addict","player_choice":"Stole Relic","floor":22.0,"gold_loss":0.0,"damage_taken":0.0,"relics_obtained":["Guardian:PocketSentry"],"cards_obtained":["Pride"]},{"damage_healed":0.0,"max_hp_gain":0.0,"max_hp_loss":0.0,"gold_gain":0.0,"event_name":"OrinTheCat","player_choice":"Ignored","floor":38.0,"gold_loss":0.0,"damage_taken":0.0}],"is_beta":false,"boss_relics":[{"not_picked":["Astrolabe","Busted Crown"],"picked":"Cursed Key"},{"not_picked":["Snecko Eye","Sozu"],"picked":"expansioncontent:StudyCardRelic"}],"items_purged_floors":[],"is_endless":false,"potions_floor_spawned":[2,8,10,12,15,25,31,32,33,40,46],"killed_by":"downfall:CharBossMerchant","ascension_level":1}}