{"host":"d6v9h08n6lx0nsey","time":1612265854,"event":{"mods":["BaseMod","Downfall","Minty Spire (QoL Compilation)","StSLib"],"gold_per_floor":[99,109,109,122,10,110,136,36,36,21,41,53,53,203,214,314,314,214,229,248,268,278,278,304,304,304,304],"floor_reached":25,"language":"ENG","playtime":1943,"items_purged":["Regret"],"score":193,"play_id":"016424b4-1f53-4ba4-823e-8675215c3a14","local_time":"20210202113734","is_ascension_mode":false,"campfire_choices":[{"data":"hexamod:Sear","floor":1,"key":"SMITH"},{"floor":8,"key":"RECALL"},{"data":"hexamod:ForkedFlame","floor":13,"key":"SMITH"},{"data":"hexamod:GhostShield","floor":18,"key":"SMITH"}],"circlet_count":0,"master_deck":["hexamod:Defend","hexamod:Sear+1","hexamod:Float+1","hexamod:SkipABeat","hexamod:GhostOfSpireFuture+1","hexamod:ThirdSeal","hexamod:Firestarter+1","hexamod:BacktrackSmack+1","hexamod:RainOfEmbers","downfall:Malfunctioning","hexamod:Hexaguard","hexamod:ForkedFlame+1","hexamod:HeatMetal","hexamod:GhostShield+1","downfall:Icky","hexamod:GhostflameInferno","hexamod:ParanormalForm","hexamod:VolcanoVisage","hexamod:PhantomFireball+1","hexamod:HeatMetal+1","hexamod:GhostOfSpirePresent+1","hexamod:GhostShield","hexamod:DynamicBlow+1","hexamod:PhantomCloak","hexamod:SecondSeal","hexamod:NightmareGuise","hexamod:StepThrough+1","hexamod:Haunt"],"relics":["Velvet Choker","Blood Vial","downfall:HeartBlessingBlue","Astrolabe","downfall:HeartBlessingRed","Whetstone"],"acts_visited":["Exordium","TheCity"],"potions_floor_usage":[5,5,15,16,21,21],"damage_taken":[{"damage":0,"enemies":"Small Slimes","floor":2,"turns":3},{"damage":2,"enemies":"2 Louse","floor":4,"turns":3},{"damage":3,"enemies":"downfall:FleeingMerchant","floor":5,"turns":4},{"damage":24,"enemies":"downfall:Heads","floor":6,"turns":8},{"damage":15,"enemies":"downfall:FleeingMerchant","floor":10,"turns":4},{"damage":11,"enemies":"Jaw Worm","floor":11,"turns":2},{"damage":3,"enemies":"Large Slime","floor":12,"turns":5},{"damage":6,"enemies":"Blue Slaver","floor":15,"turns":3},{"damage":13,"enemies":"IC_STATUS_ARCHETYPE","floor":16,"turns":6},{"damage":7,"enemies":"3 Byrds","floor":19,"turns":3},{"damage":27,"enemies":"Snake Plant","floor":20,"turns":4},{"damage":21,"enemies":"3 Cultists","floor":21,"turns":5},{"damage":16,"enemies":"Snecko","floor":22,"turns":6},{"damage":20,"enemies":"downfall:FleeingMerchant","floor":25,"turns":2}],"seed_played":"890240603254795308","potions_obtained":[{"floor":2,"key":"SkillPotion"},{"floor":4,"key":"FearPotion"},{"floor":6,"key":"CultistPotion"},{"floor":12,"key":"LiquidBronze"},{"floor":16,"key":"sneckomod:MuddlingPotion"},{"floor":20,"key":"DistilledChaos"}],"is_trial":false,"path_per_floor":["R","M","?","M","$","?","T","R","?","$","M","M","R","?","M","B",null,"R","M","M","M","M","?","T","$"],"character_chosen":"THE_SPIRIT","items_purchased":["hexamod:Firestarter"],"campfire_rested":0,"item_purchase_floors":[5],"current_hp_per_floor":[70,70,70,68,67,45,45,55,55,42,33,32,32,32,28,17,80,80,73,48,29,15,15,15,0,0,0],"gold":304,"neow_bonus":"BOSS_RELIC","is_daily":false,"chose_seed":false,"campfire_upgraded":3,"win_rate":0.0,"timestamp":1612265854,"path_taken":["R","M","?","M","$","?","T","R","?","$","?","M","R","?","M","BOSS","R","M","M","M","M","?","T","$"],"items_purchased_type":["Card"],"build_version":"2020-12-22","purchased_purges":1,"victory":false,"max_hp_per_floor":[70,70,70,70,70,70,70,80,80,80,80,80,80,80,80,80,80,80,80,80,80,80,80,80,80,80,80],"card_choices":[{"not_picked":["hexamod:Haunt","hexamod:ChargedBarrage"],"picked":"hexamod:SkipABeat","floor":2},{"not_picked":["hexamod:BacktrackSmack","hexamod:GhostLash"],"picked":"hexamod:GhostOfSpireFuture","floor":4},{"not_picked":["hexamod:ShieldOfDarkness","hexamod:HauntingEcho"],"picked":"hexamod:ThirdSeal","floor":5},{"not_picked":["hexamod:EtherealExpedition","hexamod:SwordOfDarkness"],"picked":"hexamod:RainOfEmbers","floor":6},{"not_picked":["hexamod:HauntingEcho","hexamod:HeatMetal"],"picked":"hexamod:Hexaguard","floor":10},{"not_picked":["hexamod:HeatShield","hexamod:EmpoweredFlame"],"picked":"hexamod:ForkedFlame","floor":10},{"not_picked":["hexamod:NightmareGuise","hexamod:ThermalTransfer","hexamod:ShieldOfDarkness"],"picked":"SKIP","floor":11},{"not_picked":["hexamod:ShieldOfDarkness","hexamod:DynamicBlow"],"picked":"hexamod:HeatMetal","floor":12},{"not_picked":["hexamod:NightmareStrike","hexamod:BurningTouch"],"picked":"hexamod:GhostShield","floor":12},{"not_picked":["hexamod:ChargedBarrage","hexamod:BacktrackSmack"],"picked":"hexamod:GhostflameInferno","floor":15},{"not_picked":["hexamod:HeatMetal","hexamod:FastForward","hexamod:SwordOfDarkness"],"picked":"SKIP","floor":15},{"not_picked":["hexamod:UnleashSpirits","hexamod:TurnItUp"],"picked":"hexamod:ParanormalForm","floor":16},{"not_picked":["hexamod:SearingWound","hexamod:ParanormalForm"],"picked":"hexamod:VolcanoVisage","floor":16},{"not_picked":["hexamod:SkipABeat","hexamod:NightmareGuise","hexamod:HeatMetal"],"picked":"SKIP","floor":19},{"not_picked":["hexamod:CatchUp","hexamod:Firestarter"],"picked":"hexamod:GhostShield","floor":20},{"not_picked":["hexamod:BurningTouch","hexamod:HeatMetal","hexamod:InspiringFlames"],"picked":"SKIP","floor":20},{"not_picked":["hexamod:BacktrackSmack+1","hexamod:Firestarter"],"picked":"hexamod:DynamicBlow+1","floor":21},{"not_picked":["hexamod:BacktrackSmack","hexamod:PhantomFireball"],"picked":"hexamod:PhantomCloak","floor":21},{"not_picked":["hexamod:SpectersWail","hexamod:ParanormalForm"],"picked":"hexamod:SecondSeal","floor":22},{"not_picked":["hexamod:NightmareStrike","hexamod:ThermalTransfer"],"picked":"hexamod:NightmareGuise","floor":22}],"player_experience":75083,"relics_obtained":[{"floor":24,"key":"Whetstone"}],"event_choices":[{"damage_healed":0,"gold_gain":0,"player_choice":"Box","damage_taken":0,"relics_obtained":["Blood Vial"],"max_hp_gain":0,"max_hp_loss":0,"event_name":"Big Fish","floor":3,"gold_loss":0,"cards_obtained":["Regret"]},{"damage_healed":0,"gold_gain":0,"cards_transformed":["hexamod:Defend","hexamod:Strike"],"player_choice":"Became Test Subject","damage_taken":0,"max_hp_gain":0,"max_hp_loss":0,"event_name":"Drug Dealer","floor":23,"gold_loss":0,"cards_obtained":["hexamod:StepThrough","hexamod:Haunt"]}],"is_beta":false,"boss_relics":[{"not_picked":["Tiny House","Calling Bell"],"picked":"Astrolabe"}],"items_purged_floors":[5],"is_endless":false,"potions_floor_spawned":[2,4,6,12,16,20],"killed_by":"downfall:FleeingMerchant","ascension_level":0}}