{"host":"43ljbksi7ebmxfn8","time":1612241057,"event":{"mods":["Act Like it!","BaseMod","Gensokyo","Minty Spire (QoL Compilation)","MostiFishMod","Pale of the Ancients","Quick Restart","Shop Mod","Spicy Shops","StSLib","TestMod","篝火指南"],"gold_per_floor":[-1290,-1271,-1251,-2651,-2651,-2626,-2615,-2580,-2556,-2556,-2527,-2517,-2503,-2474,-2474,-1773,-1773,-1755,-1738,-1738,-1738,-1717,-1676,-1676,-1636,-1636,-1604,-1592,-1580,-1548,-1501,-1489,-1367,-1305,-1270,-1258,-1220,-1208,-1169,-1157,-1111,-1076,-1038,-986,-974,-925,-913,-889,-877,-859,-829,-798,-386,-374,-362,-289,-277,-239,-227,-205],"floor_reached":61,"language":"ZHS","playtime":5158,"items_purged":[],"score":2184,"play_id":"e14ab0ef-7776-40e9-93c2-93fca50727b1","local_time":"20210202124417","is_ascension_mode":true,"campfire_choices":[{"floor":15.0,"key":"RECALL"},{"floor":24,"key":"REST"},{"data":"ForeignInfluence","floor":29,"key":"SMITH"},{"data":"LessonLearned","floor":32,"key":"SMITH"},{"floor":40,"key":"REST"},{"floor":47,"key":"REST"},{"floor":49,"key":"REST"}],"circlet_count":0,"master_deck":["Strike_P+1","Strike_P+1","Defend_P+1","Defend_P+1","Eruption+1","Vigilance+1","MostiFishMod:Speedup+1","MostiFishMod:Dust+1","ForeignInfluence+1","MostiFishMod:Adaptation+1","MostiFishMod:FlowState+1","Writhe","TalkToTheHand+1","LessonLearned+1","DevaForm+1","Tantrum+1"],"relics":["PureWater","testmod-SaigiyounoYou","SynthV:MejaisSoulstealer","SynthV:TestCard","DaveBox","SynthV:MejaisSoulstealer","Gensokyo:CelestialsFlawlessClothing","Dream Catcher","testmod-TurbochargingSystem","Akabeko","TeardropLocket","testmod-DeterminationOfClimber","Bronze Scales","Darkstone Periapt","ImprovedEquipment","MawBank","Nunchaku","Tiny House","testmod-LifeArmor","testmod-AssaultLearning","Orichalcum","testmod-ObsoleteBoomerang","Strawberry","paleoftheancients:Timepiece","paleoftheancients:KeyRelic","Oddly Smooth Stone","Coffee Dripper","Gremlin Horn","testmod-IndustrialRevolution","paleoftheancients:SoulOfTheBandit","Damaru"],"acts_visited":["Exordium","Gensokyo:Gensokyo","Gensokyo:Gensokyoer","Gensokyo:Gensokyoest"],"potions_floor_usage":[16,16,44,56],"damage_taken":[{"damage":0.0,"enemies":"Gensokyo:2_Kodama","floor":1.0,"turns":3.0},{"damage":0.0,"enemies":"Gensokyo:Python","floor":2.0,"turns":1.0},{"damage":0.0,"enemies":"Gensokyo:Gryphon","floor":3.0,"turns":2.0},{"damage":0.0,"enemies":"Gensokyo:Aya","floor":6.0,"turns":4.0},{"damage":0.0,"enemies":"Gensokyo:2_Rabbits","floor":7.0,"turns":2.0},{"damage":0.0,"enemies":"Gensokyo:Mamizou","floor":8.0,"turns":2.0},{"damage":0.0,"enemies":"Gensokyo:Aya","floor":11.0,"turns":2.0},{"damage":0.0,"enemies":"Gensokyo:VengefulSpirit","floor":12.0,"turns":1.0},{"damage":0.0,"enemies":"Gensokyo:Gryphon_and_Rabbit","floor":13.0,"turns":2.0},{"damage":0.0,"enemies":"Gensokyo:Mamizou","floor":14.0,"turns":3.0},{"damage":0,"enemies":"Gensokyo:Reimu","floor":16,"turns":4},{"damage":0,"enemies":"Gensokyo:Chomper","floor":18,"turns":2},{"damage":0,"enemies":"Gensokyo:2_Gloops","floor":19,"turns":1},{"damage":0,"enemies":"Gensokyo:Wraith","floor":22,"turns":3},{"damage":0,"enemies":"Gensokyo:Tenshi","floor":23,"turns":1},{"damage":0,"enemies":"Gensokyo:Koishi","floor":25,"turns":3},{"damage":52,"enemies":"Gensokyo:Tenshi","floor":27,"turns":2},{"damage":0,"enemies":"Gensokyo:3_Gloops","floor":30,"turns":2},{"damage":1,"enemies":"Gensokyo:Reisen","floor":31,"turns":3},{"damage":38,"enemies":"Gensokyo:Eternal_Rivals","floor":33,"turns":4},{"damage":0,"enemies":"Gensokyo:AncientGuardian","floor":35,"turns":2},{"damage":14,"enemies":"Gensokyo:3_Boulders","floor":37,"turns":3},{"damage":3,"enemies":"Gensokyo:Marisa","floor":41,"turns":3},{"damage":10,"enemies":"Gensokyo:Rafflesia","floor":42,"turns":3},{"damage":0,"enemies":"Gensokyo:Kasen","floor":44,"turns":2},{"damage":14,"enemies":"Gensokyo:Marisa","floor":46,"turns":2},{"damage":0,"enemies":"Gensokyo:SeedOfUnknown","floor":48,"turns":2},{"damage":0,"enemies":"Gensokyo:Yuyuko","floor":50,"turns":2},{"damage":6,"enemies":"Gensokyo:Yuyuko","floor":51,"turns":2},{"damage":10,"enemies":"Gensokyo:Yuyuko","floor":52,"turns":5},{"damage":417,"enemies":"Gensokyo:Yuyuko","floor":56,"turns":4},{"damage":0,"enemies":"paleoftheancients:N","floor":60,"turns":2}],"seed_played":"-3276866380155680709","potions_obtained":[{"floor":1.0,"key":"Energy Potion"},{"floor":3.0,"key":"BlessingOfTheForge"},{"floor":6.0,"key":"Regen Potion"},{"floor":8.0,"key":"testmod-SpacePotion"},{"floor":12.0,"key":"BlessingOfTheForge"},{"floor":13.0,"key":"BottledMiracle"},{"floor":19,"key":"SteroidPotion"},{"floor":27,"key":"SpeedPotion"},{"floor":31,"key":"Explosive Potion"},{"floor":46,"key":"ColorlessPotion"},{"floor":48,"key":"Swift Potion"}],"is_trial":false,"path_per_floor":["M","M","M","?","?","E","M","E","T","$","E","M","M","E","R","B",null,"M","M","?","COS","M","E","R","E","T","E","?","R","M","E","R","B",null,"M","?","M","$","T","R","E","M","T","E","?","E","R","M","R","B","M","M","?","T","R","M","R","T","?","B",null],"character_chosen":"WATCHER","items_purchased":[],"campfire_rested":4,"item_purchase_floors":[],"current_hp_per_floor":[57,61,65,65,47,54,60,64,64,64,68,71,72,72,72,72,72,72,72,72,72,72,72,72,72,72,30,30,30,55,72,72,52,77,77,77,70,70,70,77,77,74,74,77,66,84,84,84,84,84,84,84,84,84,84,84,84,84,84,84],"gold":-193,"neow_bonus":"REMOVE_TWO","is_daily":false,"chose_seed":false,"campfire_upgraded":2,"win_rate":0.0,"timestamp":1612241057,"path_taken":["M","M","M","?","?","E","M","E","T","?","E","M","M","E","R","BOSS","M","?","?","COS","M","E","R","E","T","E","?","R","M","E","R","BOSS","M","?","M","?","?","R","E","M","T","E","?","E","R","M","R","BOSS","M","M","?","T","R","M","R","T","?","BOSS"],"items_purchased_type":[],"build_version":"2020-12-22","purchased_purges":0,"victory":true,"max_hp_per_floor":[72,72,72,72,72,72,72,72,72,72,72,72,72,72,72,72,72,72,72,72,72,72,72,72,72,72,72,72,72,72,72,72,72,77,77,77,77,77,77,77,77,77,77,77,77,84,84,84,84,84,84,84,84,84,84,84,84,84,84,84],"card_choices":[{"not_picked":["Conclude","Meditate","Sanctity"],"picked":"SKIP","floor":1.0},{"not_picked":["Worship","Weave","SandsOfTime","SashWhip"],"picked":"MostiFishMod:Speedup","floor":2.0},{"not_picked":["Conclude","Prostrate","BowlingBash","Sanctity","Consecrate"],"picked":"SKIP","floor":3.0},{"not_picked":["Wallop","BattleHymn","CrushJoints","MostiFishMod:Nomercy"],"picked":"MostiFishMod:Dust","floor":6.0},{"not_picked":["BowlingBash","Sanctity","EmptyFist","Consecrate","Evaluate"],"picked":"SKIP","floor":7.0},{"not_picked":["ClearTheMind","SashWhip","MostiFishMod:Clarity","ThirdEye","JustLucky"],"picked":"SKIP","floor":8.0},{"not_picked":["Perseverance","JustLucky","CrushJoints","Nirvana"],"picked":"ForeignInfluence","floor":11.0},{"not_picked":["FlurryOfBlows","Evaluate","WindmillStrike","FlyingSleeves","Devotion"],"picked":"SKIP","floor":12.0},{"not_picked":["FlurryOfBlows","Evaluate","WindmillStrike","FlyingSleeves","Devotion"],"picked":"SKIP","floor":12.0},{"not_picked":["FlyingSleeves","Crescendo","EmptyFist","Protect","BowlingBash"],"picked":"SKIP","floor":13.0},{"not_picked":["CutThroughFate","FlyingSleeves","DeusExMachina","Consecrate","MostiFishMod:LegendTransform"],"picked":"SKIP","floor":14.0},{"not_picked":["DeusExMachina","SpiritShield","Blasphemy","Omniscience"],"picked":"MostiFishMod:Adaptation","floor":16},{"not_picked":["ThirdEye","FlyingSleeves","Consecrate","EmptyBody+1","ReachHeaven+1"],"picked":"SKIP","floor":18},{"not_picked":["ClearTheMind+1","FearNoEvil","BowlingBash","PathToVictory"],"picked":"MostiFishMod:FlowState+1","floor":19},{"not_picked":["ThirdEye","Crescendo","Consecrate","MostiFishMod:ScryFuture","EmptyBody"],"picked":"SKIP","floor":22},{"not_picked":["MostiFishMod:FlowState+1","Meditate+1","MostiFishMod:PathToVictory","Crescendo+1","MostiFishMod:Speedup"],"picked":"SKIP","floor":23},{"not_picked":["FollowUp","SashWhip+1","Blasphemy","Halt","CrushJoints"],"picked":"SKIP","floor":25},{"not_picked":["Blasphemy","PathToVictory","ReachHeaven","Perseverance","Vengeance+1"],"picked":"SKIP","floor":27},{"not_picked":["ThirdEye","FlurryOfBlows","EmptyFist","Fasting2"],"picked":"TalkToTheHand+1","floor":30},{"not_picked":["CutThroughFate","Indignation","EmptyFist","SignatureMove+1"],"picked":"LessonLearned","floor":31},{"not_picked":["MostiFishMod:StarHerder","MostiFishMod:KamiSmash","MostiFishMod:Pointsdynamics","MostiFishMod:Disappear"],"picked":"DevaForm","floor":33},{"not_picked":["LikeWater","Evaluate+1","WheelKick+1","Consecrate","FlyingSleeves+1"],"picked":"SKIP","floor":35},{"not_picked":["Halt","Study+1","MostiFishMod:LegendTransform+1","CutThroughFate","EmptyFist+1"],"picked":"SKIP","floor":37},{"not_picked":["SashWhip","EmptyBody+1","Evaluate","CutThroughFate+1","EmptyFist+1"],"picked":"SKIP","floor":41},{"not_picked":["CrushJoints+1","Wish","FearNoEvil","ThirdEye","FollowUp"],"picked":"SKIP","floor":42},{"not_picked":["Consecrate","Pray+1","Crescendo","ThirdEye+1","MostiFishMod:Clarity"],"picked":"SKIP","floor":44},{"not_picked":["SashWhip+1","MostiFishMod:KamiSmash","BowlingBash","Vengeance"],"picked":"Tantrum+1","floor":46},{"not_picked":["Evaluate","FlyingSleeves","Consecrate+1","ClearTheMind+1","Wallop"],"picked":"SKIP","floor":48},{"not_picked":["SpiritShield","Protect","Crescendo","Prostrate+1","FlyingSleeves"],"picked":"SKIP","floor":51},{"not_picked":["ReachHeaven+1","EmptyMind","EmptyBody","CutThroughFate","ClearTheMind"],"picked":"SKIP","floor":52},{"not_picked":["FollowUp","ClearTheMind","MostiFishMod:Clarity","Crescendo+1","MostiFishMod:ScryFuture"],"picked":"SKIP","floor":56}],"player_experience":419880,"relics_obtained":[{"floor":1.0,"key":"SynthV:TestCard"},{"floor":6.0,"key":"Dream Catcher"},{"floor":8.0,"key":"testmod-TurbochargingSystem"},{"floor":11.0,"key":"Akabeko"},{"floor":14.0,"key":"TeardropLocket"},{"floor":23,"key":"Bronze Scales"},{"floor":25,"key":"Darkstone Periapt"},{"floor":26,"key":"ImprovedEquipment"},{"floor":27,"key":"MawBank"},{"floor":31,"key":"Nunchaku"},{"floor":39,"key":"testmod-LifeArmor"},{"floor":41,"key":"testmod-AssaultLearning"},{"floor":43,"key":"Orichalcum"},{"floor":44,"key":"testmod-ObsoleteBoomerang"},{"floor":46,"key":"Strawberry"},{"floor":54,"key":"testmod-IndustrialRevolution"},{"floor":56,"key":"paleoftheancients:SoulOfTheBandit"},{"floor":58,"key":"Damaru"}],"event_choices":[{"damage_healed":0.0,"max_hp_gain":0.0,"max_hp_loss":0.0,"gold_gain":0.0,"event_name":"给自己的盒子","player_choice":"Swap Relic","floor":4.0,"relics_lost":["testmod-TestBox"],"gold_loss":0.0,"damage_taken":0.0,"relics_obtained":["DaveBox"]},{"damage_healed":0,"gold_gain":400,"player_choice":"Sell","damage_taken":0,"max_hp_gain":0,"max_hp_loss":0,"event_name":"恩洛斯的盘子","floor":53,"relics_lost":["DaveBox"],"gold_loss":0}],"is_beta":false,"boss_relics":[{"not_picked":["testmod-HarvestTotem","Busted Crown"],"picked":"testmod-DeterminationOfClimber"},{"not_picked":["testmod-EnergyCheck","Runic Dome"],"picked":"Tiny House"}],"items_purged_floors":[],"is_endless":false,"potions_floor_spawned":[1,3,6,8,12,13,19,27,31,35,41,46,48],"ascension_level":3}}