{"host":"ek3xvuouaw6vk9if","time":1612231860,"event":{"mods":["BaseMod","BetterRewards","Downfall","Minty Spire (QoL Compilation)","Permanent Neow","Quick Restart","Relic Stats","Replay The Spire","Spire Arcade","StSLib"],"gold_per_floor":[99,116,131,148,148,181,249,349,349,349,126,139,76,110,126,222,222,122,139,158,173,191,191,191,217,230,258,258,288,307,322,333,436,436,436,449,463,463,483,136,136,161,172,198,213,232,232,249,266,266],"floor_reached":51,"language":"ENG","playtime":3622,"items_purged":["bronze:Strike","bronze:Strike"],"score":901,"play_id":"c4e3ded4-709b-410d-b65d-7ae85ba0bcad","local_time":"20210201211100","is_ascension_mode":true,"campfire_choices":[{"data":"bronze:Replicate","floor":1.0,"key":"SMITH"},{"floor":10.0,"key":"REST"},{"data":"bronze:InfiniteLoop","floor":18,"key":"SMITH"},{"data":"bronze:Boost","floor":23,"key":"SMITH"},{"data":"bronze:Optimize","floor":28,"key":"SMITH"},{"data":"bronze:InfiniteLoop","floor":35,"key":"SMITH"},{"data":"bronze:Terminator","floor":47,"key":"SMITH"}],"circlet_count":0,"master_deck":["bronze:Defend","bronze:Defend","bronze:Defend","bronze:Defend","bronze:Replicate+1","bronze:Goto","bronze:Iterate","bronze:GetLatest+1","bronze:WhirlingStrike","bronze:WhirlingStrike","bronze:Turbo","bronze:Terminator+1","bronze:Spike","bronze:Separator","bronze:Repair","bronze:Fortify","bronze:Optimize","bronze:Optimize+1","bronze:Frontload","bronze:FollowUp","bronze:InfiniteLoop+1","bronze:Flail","bronze:Boost+1","bronze:Iterate+1","bronze:InfiniteBeams","bronze:InfiniteLoop+1","bronze:ChildClass+1","bronze:ChildClass+1","bronze:Fortify+1","bronze:InfiniteBeams+1","bronze:ChildClass+1"],"relics":["bronze:BronzeCore","Boot","Potion Belt","Pear","bronze:CableSpool","Mango","Painkiller Herb","downfall:HeartBlessingGreen","Nunchaku","Garlic","Strawberry","CaptainsWheel","Ring of Chaos","Kunai","ReplayTheSpireMod:Shallot","Replay:WaspNest","Bottled Flame","Divine Protection"],"acts_visited":["Exordium","TheCity","TheBeyond"],"potions_floor_usage":[16,16,20,25,33,33,40,50,50,50,50,50],"damage_taken":[{"damage":1.0,"enemies":"Cultist","floor":2.0,"turns":3.0},{"damage":1.0,"enemies":"Jaw Worm","floor":3.0,"turns":3.0},{"damage":0.0,"enemies":"Small Slimes","floor":4.0,"turns":2.0},{"damage":12.0,"enemies":"3 Sentries","floor":6.0,"turns":4.0},{"damage":22.0,"enemies":"downfall:Heads","floor":8.0,"turns":5.0},{"damage":17.0,"enemies":"downfall:Heads","floor":9.0,"turns":6.0},{"damage":0,"enemies":"downfall:FleeingMerchant","floor":11,"turns":4},{"damage":14,"enemies":"Blue Slaver","floor":12,"turns":2},{"damage":0,"enemies":"downfall:FleeingMerchant","floor":13,"turns":4},{"damage":18,"enemies":"Lagavulin","floor":14,"turns":6},{"damage":3,"enemies":"Gremlin Gang","floor":15,"turns":2},{"damage":27,"enemies":"WA_ARCHETYPE_RETAIN","floor":16,"turns":7},{"damage":0,"enemies":"3 Byrds","floor":19,"turns":3},{"damage":0,"enemies":"Chosen","floor":20,"turns":3},{"damage":5,"enemies":"3 Cultists","floor":21,"turns":5},{"damage":7,"enemies":"Chosen and Byrds","floor":22,"turns":4},{"damage":13,"enemies":"Gremlin Leader","floor":25,"turns":6},{"damage":0,"enemies":"Snecko","floor":26,"turns":3},{"damage":13,"enemies":"Slavers","floor":27,"turns":2},{"damage":0,"enemies":"Gremlin Leader","floor":29,"turns":5},{"damage":2,"enemies":"Snake Plant","floor":30,"turns":4},{"damage":0,"enemies":"Shelled Parasite and Fungi","floor":31,"turns":3},{"damage":12,"enemies":"Centurion and Healer","floor":32,"turns":4},{"damage":27,"enemies":"SI_MIRROR_ARCHETYPE","floor":33,"turns":7},{"damage":0,"enemies":"3 Darklings","floor":36,"turns":5},{"damage":16,"enemies":"Orb Walker","floor":37,"turns":2},{"damage":0,"enemies":"3 Darklings","floor":39,"turns":3},{"damage":0,"enemies":"downfall:FleeingMerchant","floor":40,"turns":4},{"damage":6,"enemies":"Nemesis","floor":42,"turns":4},{"damage":5,"enemies":"4 Shapes","floor":43,"turns":3},{"damage":0,"enemies":"Giant Head","floor":44,"turns":5},{"damage":0,"enemies":"Transient","floor":45,"turns":5},{"damage":0,"enemies":"Spire Growth","floor":46,"turns":2},{"damage":2,"enemies":"Writhing Mass","floor":48,"turns":3},{"damage":0,"enemies":"Transient","floor":49,"turns":5},{"damage":27,"enemies":"IC_BLOCK_ARCHETYPE","floor":50,"turns":7}],"seed_played":"-2819575411684097214","potions_obtained":[{"floor":4.0,"key":"Guardian:BlockOnCardUsePotion"},{"floor":9.0,"key":"bronze:CleanCodePotion"},{"floor":14,"key":"Milkshake"},{"floor":15,"key":"ColorlessPotion"},{"floor":16,"key":"Fire Potion"},{"floor":19,"key":"Flashbang"},{"floor":26,"key":"FairyPotion"},{"floor":27,"key":"FearPotion"},{"floor":33,"key":"Block Potion"},{"floor":37,"key":"AttackPotion"},{"floor":44,"key":"DistilledChaos"}],"is_trial":false,"path_per_floor":["R","M","M","M","?","E","T","?","?","R","$","M","$","E","M","B",null,"T","?","?","?","?","T","T","E","?","E","T","E","?","?","?","B",null,"T","?","?","?","?","T","T","E","?","E","?","?","T","?","?","B",null],"character_chosen":"THE_AUTOMATON","items_purchased":["bronze:Fortify","bronze:Optimize","Dexterity Potion","Kunai","ReplayTheSpireMod:Shallot","bronze:BurnAndBuffPotion"],"campfire_rested":1,"item_purchase_floors":[11,11,13,40,40,40],"current_hp_per_floor":[70,69,68,68,56,54,54,32,15,39,39,25,35,41,38,18,94,94,94,94,89,87,87,87,81,91,85,85,99,101,101,89,72,101,101,101,85,85,92,92,92,96,91,101,101,101,101,99,101,74],"gold":266,"neow_bonus":"RANDOM_COMMON_RELIC","is_daily":false,"chose_seed":false,"campfire_upgraded":6,"win_rate":0.0,"timestamp":1612231860,"path_taken":["R","M","M","?","?","E","T","?","?","R","?","M","$","E","M","BOSS","T","?","?","?","?","T","T","E","?","E","T","E","?","?","?","BOSS","T","?","?","?","?","T","T","E","?","E","?","?","T","?","?","BOSS"],"items_purchased_type":["Card","Card","Potion","Relic","Relic","Potion"],"build_version":"2020-12-22","purchased_purges":2,"victory":true,"max_hp_per_floor":[70,70,70,70,70,80,80,80,80,80,80,80,80,94,94,94,94,94,94,94,94,94,94,94,94,94,101,101,101,101,101,101,101,101,101,101,101,101,101,101,101,101,101,101,101,101,101,101,101,101],"relic_stats":{"Nunchaku":[34],"counters":[36,145],"Kunai":[53],"Boot":[625],"obtain_stats":[{"Potion Belt":5,"Divine Protection":44,"bronze:BronzeCore":0,"Pear":6,"Mango":14,"Painkiller Herb":17,"downfall:HeartBlessingGreen":18,"Ring of Chaos":34,"Replay:WaspNest":41,"Boot":0,"bronze:CableSpool":7,"Nunchaku":24,"CaptainsWheel":29,"Bottled Flame":42,"ReplayTheSpireMod:Shallot":40,"Strawberry":27,"Garlic":25,"Kunai":40},{"Potion Belt":3,"Divine Protection":31,"bronze:BronzeCore":0,"Pear":4,"Mango":10,"Painkiller Herb":12,"downfall:HeartBlessingGreen":12,"Ring of Chaos":24,"Replay:WaspNest":28,"Boot":0,"bronze:CableSpool":4,"Nunchaku":16,"CaptainsWheel":20,"Bottled Flame":29,"ReplayTheSpireMod:Shallot":28,"Strawberry":19,"Garlic":17,"Kunai":28},{"Potion Belt":8,"Divine Protection":123,"bronze:BronzeCore":0,"Pear":12,"Mango":39,"Painkiller Herb":48,"downfall:HeartBlessingGreen":48,"Ring of Chaos":97,"Replay:WaspNest":111,"Boot":0,"bronze:CableSpool":12,"Nunchaku":63,"CaptainsWheel":79,"Bottled Flame":115,"ReplayTheSpireMod:Shallot":111,"Strawberry":74,"Garlic":69,"Kunai":111}]},"card_choices":[{"not_picked":["bronze:Frontload","bronze:CutThrough"],"picked":"bronze:Iterate","floor":2.0},{"not_picked":["bronze:Shield","bronze:OilSpill"],"picked":"bronze:GetLatest","floor":3.0},{"not_picked":["bronze:BitShift","bronze:Constructor"],"picked":"bronze:WhirlingStrike","floor":4.0},{"not_picked":["bronze:Frontload","bronze:OilSpill"],"picked":"bronze:WhirlingStrike","floor":6.0},{"not_picked":["bronze:Overload","bronze:ClassDefault"],"picked":"bronze:Terminator","floor":8.0},{"not_picked":[],"picked":"bronze:Spike","floor":9.0},{"not_picked":["bronze:Invalidate","bronze:CutThrough"],"picked":"bronze:Separator","floor":9.0},{"not_picked":["bronze:Branch","bronze:CutThrough"],"picked":"bronze:Repair","floor":11},{"not_picked":["bronze:CloningBeam","bronze:InfiniteBeams"],"picked":"bronze:Frontload","floor":12},{"not_picked":["bronze:CutThrough","bronze:Turbo","bronze:Overheat"],"picked":"SKIP","floor":13},{"not_picked":["bronze:FineTuning","bronze:Overload"],"picked":"bronze:FollowUp","floor":14},{"not_picked":["bronze:WildBeam","bronze:FineTuning","bronze:Invalidate"],"picked":"SKIP","floor":15},{"not_picked":["bronze:FindAndReplace","bronze:Verify"],"picked":"bronze:InfiniteLoop","floor":16},{"not_picked":["bronze:FineTuning","bronze:DelayedSlice+1"],"picked":"bronze:Flail","floor":19},{"not_picked":["bronze:Branch","bronze:Frontload+1","bronze:Invalidate"],"picked":"SKIP","floor":20},{"not_picked":["bronze:DigitalCarnage","bronze:AlphaBuild","bronze:Philosophize"],"picked":"SKIP","floor":21},{"not_picked":["bronze:Frontload","bronze:BitShift"],"picked":"bronze:Boost","floor":22},{"not_picked":["bronze:OilSpill","bronze:Return"],"picked":"bronze:Iterate+1","floor":25},{"not_picked":["bronze:Refactor","bronze:Shield+1","bronze:BugBarrage+1"],"picked":"SKIP","floor":26},{"not_picked":["bronze:Overheat","bronze:BugBarrage+1","bronze:ClassDefault"],"picked":"SKIP","floor":27},{"not_picked":["bronze:DelayedGuard","bronze:AlphaBuild","bronze:Allocate+1"],"picked":"SKIP","floor":29},{"not_picked":["bronze:FineTuning","bronze:WhirlingStrike","bronze:Optimize"],"picked":"SKIP","floor":30},{"not_picked":["bronze:Iterate","bronze:Overheat","bronze:CleanCode"],"picked":"SKIP","floor":31},{"not_picked":["bronze:Constructor","bronze:Frontload"],"picked":"bronze:InfiniteBeams","floor":32},{"not_picked":["bronze:Assembly","bronze:HardenedForm"],"picked":"bronze:InfiniteLoop","floor":33},{"not_picked":["bronze:Overload","bronze:Branch+1"],"picked":"bronze:ChildClass+1","floor":36},{"not_picked":["bronze:ChosenStrike","bronze:FineTuning","bronze:WhirlingStrike+1"],"picked":"SKIP","floor":37},{"not_picked":["bronze:WhirlingStrike","bronze:DarkDash+1"],"picked":"bronze:ChildClass+1","floor":39},{"not_picked":["bronze:Invalidate+1","bronze:HyperBeam","bronze:BugBarrage"],"picked":"SKIP","floor":40},{"not_picked":["bronze:OilSpill","bronze:CutThrough+1","bronze:WhirlingStrike+1"],"picked":"SKIP","floor":42},{"not_picked":["bronze:Frontload","bronze:Shield"],"picked":"bronze:Fortify+1","floor":43},{"not_picked":["bronze:Optimize","bronze:AlphaBuild","bronze:BronzeOrb"],"picked":"SKIP","floor":44},{"not_picked":["bronze:BronzeOrb","bronze:Invalidate+1"],"picked":"bronze:InfiniteBeams+1","floor":45},{"not_picked":["bronze:Turbo","bronze:Philosophize","bronze:Invalidate+1"],"picked":"SKIP","floor":46},{"not_picked":["bronze:CutThrough+1","bronze:BitShift+1"],"picked":"bronze:ChildClass+1","floor":48},{"not_picked":["bronze:NullPointer","bronze:BuggyMess+1","bronze:FineTuning"],"picked":"SKIP","floor":49}],"player_experience":741090,"relics_obtained":[{"floor":6.0,"key":"Pear"},{"floor":7.0,"key":"bronze:CableSpool"},{"floor":14,"key":"Mango"},{"floor":24,"key":"Nunchaku"},{"floor":25,"key":"Garlic"},{"floor":27,"key":"Strawberry"},{"floor":29,"key":"CaptainsWheel"},{"floor":41,"key":"Replay:WaspNest"},{"floor":42,"key":"Bottled Flame"},{"floor":44,"key":"Divine Protection"}],"event_choices":[{"damage_healed":0.0,"max_hp_gain":0.0,"max_hp_loss":0.0,"gold_gain":0.0,"event_name":"Scrap Ooze","player_choice":"Success","floor":5.0,"gold_loss":0.0,"damage_taken":12.0,"relics_obtained":["Potion Belt"]}],"is_beta":false,"boss_relics":[{"not_picked":["Kintsugi","Velvet Choker"],"picked":"Painkiller Herb"},{"not_picked":["Tiny House","Runic Dome"],"picked":"Ring of Chaos"}],"items_purged_floors":[11,40],"is_endless":false,"potions_floor_spawned":[4,9,14,15,16,19,26,27,31,33,37,39,42,44,46],"ascension_level":1}}