{"host":"jhy70w0yh8dayqay","time":1612257970,"event":{"mods":["AchievementEnabler","BaseMod","Colored Map","Colored Powertips","DeckTracker","Minty Spire (QoL Compilation)","Permanent Neow","SuperFastMode"],"gold_per_floor":[114,127,144,161,161,161,200,200],"floor_reached":7,"language":"KOR","playtime":344,"items_purged":[],"score":82,"play_id":"6ec026e9-2b02-4b4e-8669-2965540cd9c3","local_time":"20210202182610","is_ascension_mode":true,"campfire_choices":[{"data":"Dualcast","floor":6,"key":"SMITH"}],"circlet_count":0,"master_deck":["AscendersBane","Strike_B","Strike_B","Strike_B","Strike_B","Defend_B","Defend_B","Defend_B","Defend_B","Zap","Dualcast+1","Sweeping Beam","Doom and Gloom","Streamline","Consume","White Noise"],"relics":["Cracked Core","DataDisk","CeramicFish"],"acts_visited":["Exordium"],"potions_floor_usage":[7],"damage_taken":[{"damage":7,"enemies":"Jaw Worm","floor":1,"turns":3},{"damage":0,"enemies":"Small Slimes","floor":2,"turns":3},{"damage":1,"enemies":"Cultist","floor":3,"turns":3},{"damage":2,"enemies":"2 Fungi Beasts","floor":4,"turns":3},{"damage":25,"enemies":"3 Sentries","floor":7,"turns":6}],"seed_played":"1999011801299856662","potions_obtained":[{"floor":1,"key":"BlessingOfTheForge"},{"floor":4,"key":"Weak Potion"},{"floor":7,"key":"Strength Potion"}],"is_trial":false,"path_per_floor":["M","M","M","M","?","R","E"],"character_chosen":"DEFECT","items_purchased":[],"campfire_rested":0,"item_purchase_floors":[],"current_hp_per_floor":[61,61,60,58,63,63,38,38],"gold":200,"neow_bonus":"RANDOM_COMMON_RELIC","is_daily":false,"chose_seed":false,"campfire_upgraded":1,"win_rate":0.0,"timestamp":1612257970,"path_taken":["M","M","M","M","?","R","E"],"items_purchased_type":[],"build_version":"2020-12-22","purchased_purges":0,"victory":false,"max_hp_per_floor":[75,75,75,75,80,80,80,80],"card_choices":[{"not_picked":["Capacitor","Leap"],"picked":"Sweeping Beam","floor":1},{"not_picked":["Hologram","Heatsinks"],"picked":"Doom and Gloom","floor":2},{"not_picked":["Cold Snap","Fusion"],"picked":"Streamline","floor":3},{"not_picked":["Streamline","Redo"],"picked":"Consume","floor":4},{"not_picked":["Coolheaded","Static Discharge"],"picked":"White Noise","floor":7}],"player_experience":477059,"relics_obtained":[{"floor":7,"key":"CeramicFish"}],"event_choices":[{"damage_healed":0,"gold_gain":0,"player_choice":"Donut","damage_taken":0,"max_hp_gain":5,"max_hp_loss":0,"event_name":"Big Fish","floor":5,"gold_loss":0}],"is_beta":false,"boss_relics":[],"items_purged_floors":[],"is_endless":false,"potions_floor_spawned":[1,4,7],"killed_by":"3 Sentries","ascension_level":11}}