{"host":"p8bnstsjdxjza4jm","time":1612285812,"event":{"mods":["BaseMod","Colored Powertips","Marisa£¨Ùöéë¡¡Øª×âÞÞ£©","Minty Spire (QoL Compilation)","Quick Restart","StSLib"],"gold_per_floor":[113,124,44,64,14,189,216,235,235,235,250,250,250,267,267,372,372,385,241,256,271,171,171,171,171],"floor_reached":24,"language":"KOR","playtime":1284,"items_purged":["Strike_R","Doubt"],"score":248,"play_id":"eeba8777-431c-4ec8-a872-24dc8418820b","local_time":"20210203021012","is_ascension_mode":false,"campfire_choices":[{"data":"Wild Strike","floor":10,"key":"SMITH"},{"floor":12,"key":"REST"},{"floor":15,"key":"REST"},{"floor":23,"key":"REST"}],"circlet_count":0,"master_deck":["Strike_R","Strike_R","Strike_R","Defend_R","Defend_R","Defend_R","Defend_R","Bash","Feed","Bloodletting","Evolve+1","Wild Strike+1","Wild Strike+1","Wild Strike+1","Wild Strike+1","Feel No Pain"],"relics":["Black Blood","Boot","Molten Egg 2"],"acts_visited":["Exordium","TheCity"],"potions_floor_usage":[7,7,16,16,16,24],"damage_taken":[{"damage":9,"enemies":"2 Louse","floor":1,"turns":4},{"damage":0,"enemies":"Small Slimes","floor":2,"turns":3},{"damage":11,"enemies":"Jaw Worm","floor":4,"turns":2},{"damage":37,"enemies":"Gremlin Nob","floor":7,"turns":6},{"damage":23,"enemies":"Lots of Slimes","floor":8,"turns":4},{"damage":10,"enemies":"2 Fungi Beasts","floor":11,"turns":3},{"damage":8,"enemies":"Looter","floor":14,"turns":3},{"damage":7,"enemies":"Slime Boss","floor":16,"turns":7},{"damage":13,"enemies":"Chosen","floor":18,"turns":2},{"damage":46,"enemies":"2 Thieves","floor":20,"turns":4},{"damage":48,"enemies":"Centurion and Healer","floor":21,"turns":7},{"damage":74,"enemies":"Book of Stabbing","floor":24,"turns":5}],"seed_played":"6699723939790242010","potions_obtained":[{"floor":1,"key":"Weak Potion"},{"floor":4,"key":"DistilledChaos"},{"floor":8,"key":"LiquidBronze"},{"floor":11,"key":"ColorlessPotion"},{"floor":14,"key":"DistilledChaos"},{"floor":21,"key":"BloodPotion"}],"is_trial":false,"path_per_floor":["M","M","$","M","?","?","E","M","T","R","M","R","?","M","R","B",null,"M","$","M","M","$","R","E"],"character_chosen":"IRONCLAD","items_purchased":["Evolve","Feel No Pain"],"campfire_rested":3,"item_purchase_floors":[3,19],"current_hp_per_floor":[80,83,83,81,81,81,50,36,36,36,35,62,62,60,87,86,92,91,91,60,24,24,52,0,0],"gold":171,"neow_bonus":"ONE_RANDOM_RARE_CARD","is_daily":false,"chose_seed":false,"campfire_upgraded":1,"win_rate":0.0,"timestamp":1612285812,"path_taken":["M","M","$","M","?","?","E","M","T","R","M","R","?","M","R","BOSS","M","$","?","M","$","R","E"],"items_purchased_type":["Card","Card"],"build_version":"2020-12-22","purchased_purges":2,"victory":false,"max_hp_per_floor":[83,83,83,86,86,86,86,89,89,89,92,92,92,92,92,92,92,92,92,95,95,95,95,95,95],"card_choices":[{"not_picked":["Warcry","Seeing Red","Dropkick"],"picked":"SKIP","floor":1},{"not_picked":["Armaments","Warcry"],"picked":"Bloodletting","floor":2},{"not_picked":["Flex","Body Slam","Twin Strike"],"picked":"SKIP","floor":4},{"not_picked":["True Grit","Offering"],"picked":"Wild Strike","floor":7},{"not_picked":["Twin Strike","Rupture","Iron Wave"],"picked":"SKIP","floor":8},{"not_picked":["Warcry","Armaments"],"picked":"Wild Strike+1","floor":11},{"not_picked":["Sentinel","Shrug It Off"],"picked":"Wild Strike+1","floor":14},{"not_picked":["Sever Soul+1","Heavy Blade+1"],"picked":"Wild Strike+1","floor":18},{"not_picked":["Metallicize","Clash+1","Dropkick+1"],"picked":"SKIP","floor":20},{"not_picked":["Whirlwind+1","Clash+1","Havoc"],"picked":"SKIP","floor":21}],"player_experience":74259,"relics_obtained":[{"floor":7,"key":"Boot"},{"floor":9,"key":"Molten Egg 2"}],"event_choices":[{"cards_removed":["Strike_R"],"damage_healed":0,"gold_gain":0,"player_choice":"Card Removal","damage_taken":0,"max_hp_gain":0,"max_hp_loss":0,"event_name":"The Cleric","floor":5,"gold_loss":50},{"damage_healed":0,"gold_gain":175,"player_choice":"AGREE","damage_taken":0,"max_hp_gain":0,"max_hp_loss":0,"event_name":"Liars Game","floor":6,"gold_loss":0,"cards_obtained":["Doubt"]},{"damage_healed":0,"gold_gain":0,"player_choice":"Upgraded","damage_taken":0,"max_hp_gain":0,"max_hp_loss":0,"event_name":"Upgrade Shrine","floor":13,"gold_loss":0,"cards_upgraded":["Evolve"]}],"is_beta":false,"boss_relics":[{"not_picked":["Sozu","Runic Cube"],"picked":"Black Blood"}],"items_purged_floors":[19,22],"is_endless":false,"potions_floor_spawned":[1,4,8,11,14,21],"killed_by":"Book of Stabbing","ascension_level":0}}