{"host":"p18kkmcwkg7r0lq8","time":1612256573,"event":{"mods":["BaseMod","Custom Start","Minty Spire (QoL Compilation)"],"gold_per_floor":[116,116,127,127,147,147,180,180,180,180,180],"floor_reached":10,"language":"ENG","playtime":411,"items_purged":[],"score":69,"play_id":"f928762d-c6fa-4c12-a47b-4f4a23ff52ee","local_time":"20210202030253","is_ascension_mode":true,"campfire_choices":[{"floor":6,"key":"REST"}],"circlet_count":0,"master_deck":["Strike_P","Strike_P","Strike_P","Defend_P+1","Defend_P","Defend_P","Eruption","Vigilance","ReachHeaven","Fasting2","SashWhip+1","Weave","Prostrate","Consecrate"],"relics":["PureWater","Ancient Tea Set","Golden Idol","Lantern","White Beast Statue"],"acts_visited":["Exordium"],"potions_floor_usage":[],"damage_taken":[{"damage":12,"enemies":"Cultist","floor":1,"turns":3},{"damage":8,"enemies":"Jaw Worm","floor":3,"turns":4},{"damage":0,"enemies":"Small Slimes","floor":5,"turns":2},{"damage":8,"enemies":"Gremlin Nob","floor":7,"turns":3},{"damage":35,"enemies":"3 Sentries","floor":10,"turns":4}],"seed_played":"-5546805078757604667","potions_obtained":[{"floor":3,"key":"SpeedPotion"},{"floor":5,"key":"Weak Potion"},{"floor":7,"key":"SpeedPotion"}],"is_trial":false,"path_per_floor":["M","T","M","?","M","R","E","?","T","E"],"character_chosen":"WATCHER","items_purchased":[],"campfire_rested":1,"item_purchase_floors":[],"current_hp_per_floor":[53,53,45,29,29,48,40,27,27,0,0],"gold":180,"neow_bonus":"TRANSFORM_TWO_CARDS","is_daily":false,"chose_seed":false,"campfire_upgraded":0,"win_rate":0.0,"timestamp":1612256573,"path_taken":["M","?","M","?","?","R","E","?","T","E"],"items_purchased_type":[],"build_version":"2020-12-22","purchased_purges":0,"victory":false,"max_hp_per_floor":[65,65,65,65,65,65,65,65,65,65,65],"card_choices":[{"not_picked":["ThirdEye","Crescendo"],"picked":"SashWhip","floor":1},{"not_picked":["BattleHymn","Meditate"],"picked":"Weave","floor":3},{"not_picked":["CutThroughFate","Evaluate"],"picked":"Prostrate","floor":5},{"not_picked":["Wallop","Prostrate"],"picked":"Consecrate","floor":7}],"player_experience":115244,"relics_obtained":[{"floor":2,"key":"Ancient Tea Set"},{"floor":7,"key":"Lantern"},{"floor":9,"key":"White Beast Statue"}],"event_choices":[{"damage_healed":0,"gold_gain":0,"player_choice":"Take Damage","damage_taken":16,"relics_obtained":["Golden Idol"],"max_hp_gain":0,"max_hp_loss":0,"event_name":"Golden Idol","floor":4,"gold_loss":0},{"damage_healed":0,"gold_gain":0,"player_choice":"Entered Light","damage_taken":13,"max_hp_gain":0,"max_hp_loss":0,"event_name":"Shining Light","floor":8,"gold_loss":0,"cards_upgraded":["Defend_P","SashWhip"]}],"is_beta":false,"boss_relics":[],"items_purged_floors":[],"is_endless":false,"potions_floor_spawned":[3,5,7],"killed_by":"3 Sentries","ascension_level":1}}