{"host":"jh7kh5nqtgzr3auj","time":1612246353,"event":{"mods":["AchievementEnabler","Act Like it!","BaseMod","CapriCore","Highlight Path","Minty Spire (QoL Compilation)","Quick Restart","StSLib","TestMod","The Bug Knight"],"gold_per_floor":[115,115,133,150,165,190,206,225,225,259,259,279,12,39,39,134,134,146,161,161,161],"floor_reached":20,"language":"ZHS","playtime":1785,"items_purged":["HollowMod:QuickDashStart"],"score":307,"play_id":"8e5538b6-408c-4653-a5dd-807fd5972d42","local_time":"20210202141233","is_ascension_mode":true,"campfire_choices":[{"data":"HollowMod:GoodIntentions","floor":11.0,"key":"SMITH"},{"data":"Discovery","floor":15.0,"key":"SMITH"}],"circlet_count":0,"master_deck":["AscendersBane","HollowMod:NailStrikeStart","HollowMod:NailStrikeStart","HollowMod:NailStrikeStart","HollowMod:NailStrikeStart","HollowMod:QuickDashStart","HollowMod:QuickDashStart","HollowMod:QuickDashStart","HollowMod:FocusHealStart+1","HollowMod:PogoStrike","HollowMod:LifebloodCore","HollowMod:CornifersMapStart","HollowMod:NewLittleFool","HollowMod:GoodIntentions+1","HollowMod:NewLittleFool","HollowMod:BlackTendrils","HollowMod:SoulSplash","HollowMod:ShadowDash","HollowMod:SiblingsShadow","HollowMod:ShadowDash","HollowMod:CloakDash+1","HollowMod:FastStrike+1","Discovery+1","HollowMod:CornifersMapStart","HollowMod:Hiveblood+1","HollowMod:DashSlash+1","HollowMod:PureNailStrike"],"relics":["HollowMod:VesselMask","testmod-TestBox","testmod-CardMagician","Boot","Darkstone Periapt","Lizard Tail","testmod-Muramasa","testmod-BloodSacrificeSpiritualization"],"acts_visited":["Exordium","TheCity"],"potions_floor_usage":[16,16],"damage_taken":[{"damage":0.0,"enemies":"2 Louse","floor":1.0,"turns":2.0},{"damage":0.0,"enemies":"Cultist","floor":3.0,"turns":4.0},{"damage":5.0,"enemies":"Small Slimes","floor":4.0,"turns":4.0},{"damage":16.0,"enemies":"Exordium Thugs","floor":5.0,"turns":6.0},{"damage":20.0,"enemies":"HollowMod:MossKnight","floor":6.0,"turns":15.0},{"damage":0.0,"enemies":"Blue Slaver","floor":7.0,"turns":3.0},{"damage":20.0,"enemies":"Gremlin Gang","floor":8.0,"turns":5.0},{"damage":14.0,"enemies":"Gremlin Nob","floor":10.0,"turns":4.0},{"damage":0.0,"enemies":"Lots of Slimes","floor":12.0,"turns":4.0},{"damage":28.0,"enemies":"3 Sentries","floor":14.0,"turns":11.0},{"damage":53,"enemies":"Slime Boss","floor":16,"turns":10},{"damage":33,"enemies":"Spheric Guardian","floor":18,"turns":5},{"damage":30,"enemies":"3 Byrds","floor":19,"turns":4},{"damage":31,"enemies":"Sentry and Sphere","floor":20,"turns":5}],"seed_played":"-8458025543401142033","potions_obtained":[{"floor":1.0,"key":"LiquidMemories"},{"floor":8.0,"key":"SteroidPotion"},{"floor":10.0,"key":"GamblersBrew"},{"floor":12.0,"key":"EssenceOfSteel"},{"floor":14.0,"key":"Strength Potion"},{"floor":19,"key":"Dexterity Potion"}],"is_trial":false,"path_per_floor":["M","?","M","M","M","E","M","M","T","E","R","M","$","E","R","B",null,"M","M","M"],"character_chosen":"THE_BUGKNIGHT","items_purchased":["HollowMod:CloakDash","HollowMod:FastStrike","Discovery"],"campfire_rested":0,"item_purchase_floors":[13,13,13],"current_hp_per_floor":[68,68,68,68,64,44,54,46,46,32,32,32,32,16,16,21,56,55,49,28,28],"gold":161,"neow_bonus":"THREE_RARE_CARDS","is_daily":false,"chose_seed":false,"campfire_upgraded":2,"win_rate":0.0,"timestamp":1612246353,"path_taken":["M","?","M","M","M","E","M","M","T","E","R","M","$","E","R","BOSS","M","?","M"],"items_purchased_type":["Card","Card","Card"],"build_version":"2020-12-22","purchased_purges":1,"victory":false,"max_hp_per_floor":[68,68,68,68,68,68,68,68,68,68,68,68,68,68,68,68,68,68,68,68,68],"card_choices":[{"not_picked":["HollowMod:WhiteLadysBlessing","HollowMod:LordofShades"],"picked":"HollowMod:LifebloodCore","floor":0.0},{"not_picked":["HollowMod:DungDefenderAura","HollowMod:NewGlowingWomb"],"picked":"HollowMod:CornifersMapStart","floor":1.0},{"not_picked":["HollowMod:WraithStrike","HollowMod:MothsMistake"],"picked":"HollowMod:NewLittleFool","floor":3.0},{"not_picked":["HollowMod:SharpenedNail","HollowMod:WraithStrike"],"picked":"HollowMod:GoodIntentions","floor":4.0},{"not_picked":["HollowMod:LifebloodCocoon","HollowMod:SharpenedShadows"],"picked":"HollowMod:NewLittleFool","floor":5.0},{"not_picked":["HollowMod:NewJinnsSoul","HollowMod:theNailsmith"],"picked":"HollowMod:BlackTendrils","floor":6.0},{"not_picked":["HollowMod:SharpenedNail","HollowMod:GoodIntentions"],"picked":"HollowMod:SoulSplash","floor":7.0},{"not_picked":["HollowMod:TaintedHusks","HollowMod:DescendingDark"],"picked":"HollowMod:ShadowDash","floor":8.0},{"not_picked":["HollowMod:CornifersMapStart","HollowMod:ElderbugsWisdom"],"picked":"HollowMod:SiblingsShadow","floor":10.0},{"not_picked":["HollowMod:DoubleDash","HollowMod:SharpenedNail"],"picked":"HollowMod:ShadowDash","floor":12.0},{"not_picked":["HollowMod:TaintedHusks","HollowMod:HerrahsAnger"],"picked":"HollowMod:CornifersMapStart","floor":14.0},{"not_picked":["HollowMod:LifebloodCore","HollowMod:RadiancesLament"],"picked":"HollowMod:Hiveblood","floor":16},{"not_picked":["HollowMod:SoulSplash","HollowMod:CoiledNail"],"picked":"HollowMod:DashSlash+1","floor":18},{"not_picked":["HollowMod:NewJinnsSoul","HollowMod:SoulSplash"],"picked":"HollowMod:PureNailStrike","floor":19}],"player_experience":345065,"relics_obtained":[{"floor":6.0,"key":"Boot"},{"floor":9.0,"key":"Darkstone Periapt"},{"floor":10.0,"key":"Lizard Tail"},{"floor":14.0,"key":"testmod-Muramasa"}],"event_choices":[{"damage_healed":0.0,"max_hp_gain":0.0,"max_hp_loss":0.0,"gold_gain":0.0,"event_name":"Upgrade Shrine","player_choice":"Upgraded","floor":2.0,"gold_loss":0.0,"damage_taken":0.0,"cards_upgraded":["HollowMod:FocusHealStart"]}],"is_beta":false,"boss_relics":[{"not_picked":["Ectoplasm","Velvet Choker"],"picked":"testmod-BloodSacrificeSpiritualization"}],"items_purged_floors":[13],"is_endless":false,"potions_floor_spawned":[1,8,10,12,14,19],"killed_by":"Sentry and Sphere","ascension_level":11}}