{"host":"qgrlfjrqk9z96gfi","time":1612231984,"event":{"mods":["BaseMod","Block Reminder","Colored Map","Custom Start","DeckTracker","Minty Spire (QoL Compilation)"],"gold_per_floor":[112,60,60,60,75,75,107,160,160,179,190,190,231,253,253,335,362,373,382,417,426,447,447,472,492,517,567,567,567,109,138,138,222,222,241,141,165,174,174,174,14,43,43,67,102,102,122,154,154,154,154,154,154,81,125,125,125],"floor_reached":56,"language":"ENG","playtime":3370,"items_purged":["Decay","Strike_G"],"score":1972,"play_id":"c6076fa7-723e-476a-aed2-acd12d527823","local_time":"20210201161304","is_ascension_mode":true,"campfire_choices":[{"data":"Phantasmal Killer","floor":6,"key":"SMITH"},{"floor":12,"key":"REST"},{"floor":15,"key":"REST"},{"floor":23,"key":"REST"},{"floor":28,"key":"REST"},{"data":"Dash","floor":32,"key":"SMITH"},{"data":"Phantasmal Killer","floor":40,"key":"SMITH"},{"floor":49,"key":"RECALL"},{"floor":53,"key":"REST"}],"circlet_count":0,"master_deck":["AscendersBane","Defend_G","Defend_G","Defend_G","Defend_G","Survivor","Neutralize","Metamorphosis+1","Accuracy","Blade Dance","Phantasmal Killer+1","Blade Dance","Die Die Die","Blade Dance","Cloak And Dagger","After Image","Envenom+1","Venomology+1","Well Laid Plans+1","Necronomicurse","Acrobatics","Leg Sweep+1","Dash+1","Infinite Blades","Endless Agony","Phantasmal Killer+1","Cloak And Dagger+1","Panacea","Finisher+1","Dash+1","Noxious Fumes","PiercingWail","Infinite Blades+1"],"relics":["Ring of the Snake","Lantern","Blood Vial","Centennial Puzzle","CeramicFish","Astrolabe","Necronomicon","Red Mask","Kunai","Regal Pillow","MutagenicStrength","Bird Faced Urn","Busted Crown","Nunchaku","Question Card","Anchor","Orichalcum","TungstenRod"],"acts_visited":["Exordium","TheCity","TheBeyond","TheEnding"],"potions_floor_usage":[16,18,20,20,20,24,25,25,31,33,33,35,42,47,48,50,50,51,51,56],"damage_taken":[{"damage":8,"enemies":"2 Louse","floor":1,"turns":3},{"damage":10,"enemies":"Cultist","floor":5,"turns":4},{"damage":32,"enemies":"Lagavulin","floor":7,"turns":6},{"damage":0,"enemies":"Small Slimes","floor":10,"turns":2},{"damage":2,"enemies":"3 Louse","floor":11,"turns":3},{"damage":11,"enemies":"Gremlin Nob","floor":13,"turns":3},{"damage":4,"enemies":"Lots of Slimes","floor":14,"turns":3},{"damage":0,"enemies":"Slime Boss","floor":16,"turns":5},{"damage":6,"enemies":"Chosen","floor":18,"turns":5},{"damage":21,"enemies":"Masked Bandits","floor":20,"turns":3},{"damage":3,"enemies":"Shell Parasite","floor":22,"turns":4},{"damage":20,"enemies":"Gremlin Leader","floor":24,"turns":5},{"damage":13,"enemies":"3 Cultists","floor":25,"turns":5},{"damage":8,"enemies":"Chosen and Byrds","floor":31,"turns":6},{"damage":7,"enemies":"Champ","floor":33,"turns":10},{"damage":13,"enemies":"3 Darklings","floor":35,"turns":3},{"damage":4,"enemies":"Orb Walker","floor":37,"turns":3},{"damage":2,"enemies":"Nemesis","floor":42,"turns":5},{"damage":0,"enemies":"Transient","floor":44,"turns":6},{"damage":22,"enemies":"Giant Head","floor":45,"turns":6},{"damage":5,"enemies":"Maw","floor":47,"turns":5},{"damage":9,"enemies":"Reptomancer","floor":48,"turns":5},{"damage":39,"enemies":"Awakened One","floor":50,"turns":11},{"damage":32,"enemies":"Donu and Deca","floor":51,"turns":7},{"damage":71,"enemies":"Shield and Spear","floor":55,"turns":8},{"damage":12,"enemies":"The Heart","floor":56,"turns":2}],"seed_played":"-8100302520837894630","potions_obtained":[{"floor":5,"key":"Block Potion"},{"floor":13,"key":"EssenceOfSteel"},{"floor":16,"key":"AttackPotion"},{"floor":24,"key":"Explosive Potion"},{"floor":25,"key":"SkillPotion"},{"floor":33,"key":"DistilledChaos"},{"floor":42,"key":"Regen Potion"},{"floor":48,"key":"ColorlessPotion"}],"is_trial":false,"path_per_floor":["M","$","?","?","M","R","E","T","T","M","M","R","E","M","R","B",null,"M","?","?","?","M","R","E","M","T","?","R","?","$","M","R","B",null,"M","$","M","?","?","R","$","E","T","M","E","?","M","E","R","B","B",null,"R","$","E","B"],"character_chosen":"THE_SILENT","items_purchased":["Blade Dance","Bird Faced Urn","Infinite Blades","Nunchaku","Noxious Fumes","PiercingWail"],"campfire_rested":5,"item_purchase_floors":[2,30,30,41,54,54],"current_hp_per_floor":[51,51,51,51,41,41,9,9,9,11,11,30,21,19,38,40,60,56,35,16,16,15,34,16,5,5,5,39,39,39,43,43,48,62,53,53,57,57,57,57,57,65,65,66,46,46,66,63,63,31,13,53,66,66,1,0,0],"gold":125,"neow_bonus":"RANDOM_COLORLESS_2","is_daily":false,"chose_seed":false,"campfire_upgraded":3,"win_rate":0.0,"timestamp":1612231984,"path_taken":["M","$","?","?","?","R","E","?","T","M","M","R","E","M","R","BOSS","M","?","?","?","M","R","E","?","T","?","R","?","$","M","R","BOSS","M","$","M","?","?","R","$","E","T","?","E","?","M","E","R","BOSS","BOSS","R","$","E","BOSS"],"items_purchased_type":["Card","Relic","Card","Relic","Card","Card"],"build_version":"2020-12-22","purchased_purges":2,"victory":false,"max_hp_per_floor":[66,66,66,66,66,66,66,66,66,66,66,66,66,66,66,66,66,66,66,66,66,66,66,66,66,66,66,66,66,66,66,66,66,66,66,66,66,66,66,66,66,66,66,66,66,66,66,66,66,66,66,66,66,66,66,66,66],"card_choices":[{"not_picked":["Secret Technique","Thinking Ahead"],"picked":"Metamorphosis","floor":0},{"not_picked":["Caltrops","Dodge and Roll"],"picked":"Accuracy","floor":1},{"not_picked":["Sucker Punch","Eviscerate","Masterful Stab"],"picked":"SKIP","floor":5},{"not_picked":["Sucker Punch","Noxious Fumes"],"picked":"Blade Dance","floor":7},{"not_picked":["Predator","Caltrops","Heel Hook"],"picked":"SKIP","floor":10},{"not_picked":["Heel Hook","Blade Dance"],"picked":"Die Die Die","floor":11},{"not_picked":["Slice","Setup"],"picked":"Blade Dance","floor":13},{"not_picked":["Dash","All Out Attack"],"picked":"Cloak And Dagger","floor":14},{"not_picked":["Burst","Night Terror"],"picked":"After Image","floor":16},{"not_picked":["Reflex","Poisoned Stab","Underhanded Strike"],"picked":"SKIP","floor":18},{"not_picked":["Sucker Punch","Footwork"],"picked":"Leg Sweep+1","floor":22},{"not_picked":["Underhanded Strike+1","Slice","Dagger Spray"],"picked":"SKIP","floor":24},{"not_picked":["Outmaneuver","Backflip"],"picked":"Dash","floor":25},{"not_picked":["Quick Slash","Prepared"],"picked":"Endless Agony","floor":31},{"not_picked":["Venomology","Bullet Time"],"picked":"Phantasmal Killer","floor":33},{"not_picked":["Deadly Poison"],"picked":"SKIP","floor":35},{"not_picked":[],"picked":"Cloak And Dagger+1","floor":37},{"not_picked":[],"picked":"Panacea","floor":38},{"not_picked":["Heel Hook"],"picked":"SKIP","floor":42},{"not_picked":["Setup"],"picked":"Finisher+1","floor":44},{"not_picked":["Acrobatics","Underhanded Strike"],"picked":"SKIP","floor":45},{"not_picked":["Poisoned Stab+1"],"picked":"Dash+1","floor":47},{"not_picked":["Escape Plan","Underhanded Strike+1"],"picked":"SKIP","floor":48},{"not_picked":["Blade Dance"],"picked":"Infinite Blades+1","floor":55}],"player_experience":1099923,"relics_obtained":[{"floor":7,"key":"Lantern"},{"floor":8,"key":"Blood Vial"},{"floor":9,"key":"Centennial Puzzle"},{"floor":13,"key":"CeramicFish"},{"floor":19,"key":"Necronomicon"},{"floor":20,"key":"Red Mask"},{"floor":24,"key":"Kunai"},{"floor":26,"key":"Regal Pillow"},{"floor":42,"key":"Question Card"},{"floor":45,"key":"Anchor"},{"floor":48,"key":"Orichalcum"},{"floor":55,"key":"TungstenRod"}],"event_choices":[{"damage_healed":0,"gold_gain":0,"player_choice":"Grow","damage_taken":0,"max_hp_gain":0,"max_hp_loss":0,"event_name":"Living Wall","floor":3,"gold_loss":0,"cards_upgraded":["Metamorphosis"]},{"damage_healed":0,"gold_gain":0,"player_choice":"1 cards matched","damage_taken":0,"max_hp_gain":0,"max_hp_loss":0,"event_name":"Match and Keep!","floor":4,"gold_loss":0,"cards_obtained":["Phantasmal Killer"]},{"damage_healed":0,"gold_gain":0,"player_choice":"Obtained Book","damage_taken":21,"max_hp_gain":0,"max_hp_loss":0,"event_name":"Cursed Tome","floor":19,"gold_loss":0},{"damage_healed":0,"gold_gain":0,"player_choice":"Fought Bandits","damage_taken":0,"max_hp_gain":0,"max_hp_loss":0,"event_name":"Masked Bandits","floor":20,"gold_loss":0},{"damage_healed":0,"gold_gain":0,"cards_transformed":["Strike_G"],"player_choice":"Transformed","damage_taken":0,"max_hp_gain":0,"max_hp_loss":0,"event_name":"Transmorgrifier","floor":21,"gold_loss":0,"cards_obtained":["Acrobatics"]},{"damage_healed":0,"gold_gain":50,"player_choice":"Stole From Cult","damage_taken":0,"max_hp_gain":0,"max_hp_loss":0,"event_name":"Nest","floor":27,"gold_loss":0},{"damage_healed":0,"gold_gain":0,"player_choice":"Inject Mutagens","damage_taken":0,"relics_obtained":["MutagenicStrength"],"max_hp_gain":0,"max_hp_loss":0,"event_name":"Drug Dealer","floor":29,"gold_loss":0},{"damage_healed":0,"gold_gain":0,"player_choice":"Memory 1","damage_taken":0,"max_hp_gain":0,"max_hp_loss":0,"event_name":"SensoryStone","floor":38,"gold_loss":0},{"damage_healed":0,"gold_gain":0,"player_choice":"0 cards matched","damage_taken":0,"max_hp_gain":0,"max_hp_loss":0,"event_name":"Match and Keep!","floor":39,"gold_loss":0,"cards_obtained":[]},{"cards_removed":["Defend_G"],"damage_healed":0,"gold_gain":0,"player_choice":"Purged","damage_taken":0,"max_hp_gain":0,"max_hp_loss":0,"event_name":"Purifier","floor":46,"gold_loss":0}],"is_beta":false,"boss_relics":[{"not_picked":["Ring of the Serpent","HoveringKite"],"picked":"Astrolabe"},{"not_picked":["WristBlade","Runic Dome"],"picked":"Busted Crown"}],"items_purged_floors":[30,36],"is_endless":false,"potions_floor_spawned":[5,13,16,18,24,25,33,42,45,48],"killed_by":"The Heart","ascension_level":20}}