{"host":"0ntunplbxyg40l63","time":1612262250,"event":{"mods":["BaseMod","Colored Powertips","Downfall","Minty Spire (QoL Compilation)","StSLib"],"gold_per_floor":[99,119,119,20,20,20,20,33,18,18,18,18],"floor_reached":11,"language":"ENG","playtime":506,"items_purged":[],"score":59,"play_id":"29ea78e4-6dfc-453b-a999-8000e5d9e688","local_time":"20210202103730","is_ascension_mode":false,"campfire_choices":[{"data":"bronze:Replicate","floor":1,"key":"SMITH"},{"data":"bronze:BugBarrage","floor":10,"key":"SMITH"}],"circlet_count":0,"master_deck":["bronze:Strike","bronze:Strike","bronze:Strike","bronze:Defend","bronze:Defend","bronze:Defend","bronze:Defend","bronze:Replicate+1","bronze:Goto","Parasite","bronze:ShipIt","bronze:Constructor","bronze:Spike","bronze:DazingPulse","bronze:Turbo","bronze:FineTuning","bronze:BugBarrage+1","bronze:FollowUp","bronze:Constructor","bronze:WildBeam"],"relics":["bronze:BronzeCore","Bottled Flame"],"acts_visited":["Exordium"],"potions_floor_usage":[],"damage_taken":[{"damage":6,"enemies":"Jaw Worm","floor":2,"turns":3},{"damage":31,"enemies":"Jaw Worm","floor":3,"turns":9},{"damage":5,"enemies":"downfall:FleeingMerchant","floor":4,"turns":4},{"damage":3,"enemies":"2 Louse","floor":8,"turns":2},{"damage":0,"enemies":"downfall:FleeingMerchant","floor":9,"turns":4},{"damage":26,"enemies":"Lagavulin","floor":11,"turns":3}],"seed_played":"-3843599366132790756","potions_obtained":[{"floor":8,"key":"SpeedPotion"}],"is_trial":false,"path_per_floor":["R","M","?","$","?","?","T","M","$","R","E"],"character_chosen":"THE_AUTOMATON","items_purchased":["bronze:BugBarrage","bronze:FollowUp"],"campfire_rested":0,"item_purchase_floors":[4,4],"current_hp_per_floor":[70,64,33,28,28,28,28,25,25,25,0,0],"gold":18,"neow_bonus":"THREE_RARE_CARDS","is_daily":false,"chose_seed":false,"campfire_upgraded":2,"win_rate":0.0,"timestamp":1612262250,"path_taken":["R","M","?","$","?","?","T","?","$","R","E"],"items_purchased_type":["Card","Card"],"build_version":"2020-12-22","purchased_purges":0,"victory":false,"max_hp_per_floor":[70,70,70,70,70,70,70,70,70,70,70,70,70],"card_choices":[{"not_picked":["bronze:Format","bronze:Virus"],"picked":"bronze:ShipIt","floor":0},{"not_picked":["bronze:NullPointer","bronze:Shell"],"picked":"bronze:Constructor","floor":2},{"not_picked":[],"picked":"bronze:Spike","floor":3},{"not_picked":[],"picked":"bronze:DazingPulse","floor":3},{"not_picked":["bronze:BitShift","bronze:BugBarrage"],"picked":"bronze:Turbo","floor":3},{"not_picked":["bronze:ClassDefault","bronze:InfiniteBeams"],"picked":"bronze:FineTuning","floor":4},{"not_picked":["bronze:ChildClass","bronze:Shell"],"picked":"bronze:Constructor","floor":8},{"not_picked":["bronze:Backtrace","bronze:BronzeOrb"],"picked":"bronze:WildBeam","floor":9}],"player_experience":34424,"relics_obtained":[{"floor":7,"key":"Bottled Flame"}],"event_choices":[],"is_beta":false,"boss_relics":[],"items_purged_floors":[],"is_endless":false,"potions_floor_spawned":[8],"killed_by":"Lagavulin","ascension_level":0}}