{"host":"zksvs3x2ysy9npnz","time":1612290265,"event":{"mods":["Aspiration","BaseMod","Beaked The Cultist","BetterRewards","Clockwork Mod","Colored Map","Conspire","Downfall","Duelist Mod","Halation","Highlight Path","Hubris","Infinite Spire","Jedi Mod","Magitek Elite","Minty Spire (QoL Compilation)","Permanent Neow","Quick Restart","Relic Stats","Shop Mod","StSLib","The Runesmith","The Witch"],"gold_per_floor":[114,114,186,197,147,147,72,107,107,120,120,132,160,160,160,259,259,238,238,238,261,284,327,327,327,381,424,448,448,448,462,462,557,557,581,79,97,97,116,116,157,490,490,503,503,0,31,31,31,31],"floor_reached":51,"language":"FRA","playtime":4092,"items_purged":["beaked:Strike_Y","beaked:Strike_Y"],"score":1388,"play_id":"2dc1f909-38ff-4abd-8a03-36b100999ee4","local_time":"20210202192425","is_ascension_mode":true,"campfire_choices":[{"data":"beaked:Ceremony","floor":6.0,"key":"SMITH"},{"data":"beaked:MachineSpirit","floor":11.0,"key":"SMITH"},{"data":"beaked:SurvivalInstinct","floor":15.0,"key":"SMITH"},{"floor":25,"key":"REST"},{"data":"beaked:RitualOfBody","floor":29,"key":"SMITH"},{"data":"beaked:MachineEssence","floor":32,"key":"SMITH"},{"data":"beaked:AwakenedForm","floor":40,"key":"SMITH"},{"data":"infinitespire:SevenWalls","floor":45,"key":"SMITH"},{"data":"beaked:Ceremony","floor":49,"key":"SMITH"}],"circlet_count":0,"master_deck":["AscendersBane","beaked:Strike_Y","beaked:Strike_Y","beaked:Strike_Y","beaked:Defend_Y","beaked:Defend_Y","beaked:Defend_Y","beaked:Defend_Y","beaked:Ceremony+1","beaked:Ceremony+1","beaked:Ceremony","beaked:RitualOfBody+1","beaked:Windmill","beaked:MachineSpirit+1","beaked:Hexing","beaked:SurvivalInstinct+1","beaked:AwakenedForm+1","beaked:Foresight","beaked:TuckingFeathers","beaked:MachineEssence+1","beaked:Brace+1","beaked:AwakenedForm","beaked:RitualOfBody","infinitespire:SevenWalls+1","beaked:Flinch"],"relics":["beaked:MendingPlumage","NeowsBlessing","halation:PinkSoulGem","Girya","hexamod:CandleOfCauterizing","Mummified Hand","beaked:MawFillet","halation:EternalFortune","Ancient Tea Set","Potion Belt","beaked:ShinyBauble","hubris:PeanutButter","beaked:BlessedCoat","hubris:Backtick","Clockwork:MomentumEngine","infinitespire:Golems Mask","Runesmith:Nanobots","Red Mask","infinitespire:Midas Blood"],"acts_visited":["Exordium","TheCity","TheBeyond"],"potions_floor_usage":[22,22,39,39],"damage_taken":[{"damage":0.0,"enemies":"Small Slimes","floor":1.0,"turns":1.0},{"damage":0.0,"enemies":"Jaw Worm","floor":4.0,"turns":1.0},{"damage":0.0,"enemies":"Gremlin Nob","floor":8.0,"turns":1.0},{"damage":21.0,"enemies":"2 Louse","floor":10.0,"turns":8.0},{"damage":19.0,"enemies":"Exordium Wildlife","floor":12.0,"turns":9.0},{"damage":66.0,"enemies":"3 Sentries","floor":13.0,"turns":36.0},{"damage":38.0,"enemies":"The Guardian","floor":16.0,"turns":20.0},{"damage":25.0,"enemies":"2 Thieves","floor":18.0,"turns":5.0},{"damage":52.0,"enemies":"Shell Parasite","floor":21.0,"turns":15.0},{"damage":69,"enemies":"Cultist and Chosen","floor":22,"turns":10},{"damage":0,"enemies":"Gremlin Leader","floor":23,"turns":2},{"damage":40,"enemies":"theDuelist:KaibaA2","floor":27,"turns":8},{"damage":38,"enemies":"Snecko","floor":28,"turns":8},{"damage":40,"enemies":"Chosen and Byrds","floor":31,"turns":10},{"damage":23,"enemies":"conspire:MysteriousRune","floor":33,"turns":11},{"damage":37,"enemies":"Orb Walker","floor":35,"turns":7},{"damage":58,"enemies":"3 Darklings","floor":37,"turns":13},{"damage":66,"enemies":"Sphere and 2 Shapes","floor":39,"turns":11},{"damage":31,"enemies":"Nemesis","floor":41,"turns":13},{"damage":25,"enemies":"Spire Growth","floor":44,"turns":8},{"damage":5,"enemies":"Giant Head","floor":47,"turns":10},{"damage":0,"enemies":"Donu and Deca","floor":50,"turns":1}],"seed_played":"-6426849445458505695","potions_obtained":[{"floor":10.0,"key":"Weak Potion"},{"floor":12.0,"key":"ColorlessPotion"},{"floor":22,"key":"SteroidPotion"},{"floor":23,"key":"AttackPotion"},{"floor":28,"key":"champ:CounterPotion"},{"floor":33,"key":"champ:CounterPotion"},{"floor":35,"key":"SkillPotion"},{"floor":41,"key":"Dexterity Potion"}],"is_trial":false,"path_per_floor":["M","?","T","M","?","R","$","E","T","M","R","M","E","?","R","B",null,"M","?","?","M","M","E","?","R","T","E","M","R","AVR","M","R","B",null,"M","?","M","AVR","M","R","E","?","T","M","R","?","E","$","R","B",null],"character_chosen":"BEAKED_THE_CULTIST","items_purchased":[],"campfire_rested":1,"item_purchase_floors":[],"current_hp_per_floor":[47,47,47,48,48,48,48,50,50,48,48,50,50,38,38,50,50,40,43,43,50,7,18,18,33,33,49,53,53,53,53,53,53,53,53,53,53,53,53,53,53,53,53,53,53,53,53,53,53,53],"gold":31,"neow_bonus":"THREE_ENEMY_KILL","is_daily":false,"chose_seed":false,"campfire_upgraded":8,"win_rate":0.0,"timestamp":1612290265,"path_taken":["M","?","?","M","?","R","$","E","T","?","R","M","E","?","R","BOSS","M","?","?","M","M","E","?","R","T","E","M","R","AVR","M","R","BOSS","M","?","M","AVR","M","R","E","?","T","?","R","?","E","?","R","BOSS"],"items_purchased_type":[],"build_version":"2020-12-22","purchased_purges":2,"victory":true,"max_hp_per_floor":[50,50,50,50,50,50,50,50,50,50,50,50,50,50,50,50,50,50,53,53,53,53,53,53,53,53,53,53,53,53,53,53,53,53,53,53,53,53,53,53,53,53,53,53,53,53,53,53,53,53],"relic_stats":{"counters":[22,208],"Mummified Hand":[74],"obtain_stats":[{"Potion Belt":26,"Girya":8,"hexamod:CandleOfCauterizing":9,"beaked:ShinyBauble":27,"Runesmith:Nanobots":43,"NeowsBlessing":0,"Golden Idol":14,"Ancient Tea Set":23,"beaked:BlessedCoat":30,"Clockwork:MomentumEngine":34,"hubris:Backtick":34,"Mummified Hand":13,"halation:EternalFortune":19,"beaked:MawFillet":17,"hubris:PeanutButter":30,"infinitespire:Golems Mask":41,"Red Mask":46,"beaked:MendingPlumage":0,"halation:PinkSoulGem":2,"infinitespire:Midas Blood":47},{"Potion Belt":11,"Girya":3,"hexamod:CandleOfCauterizing":3,"beaked:ShinyBauble":12,"Runesmith:Nanobots":19,"NeowsBlessing":0,"Golden Idol":6,"Ancient Tea Set":11,"beaked:BlessedCoat":13,"Clockwork:MomentumEngine":15,"hubris:Backtick":15,"Mummified Hand":6,"halation:EternalFortune":8,"beaked:MawFillet":7,"hubris:PeanutButter":13,"infinitespire:Golems Mask":19,"Red Mask":20,"beaked:MendingPlumage":0,"halation:PinkSoulGem":1,"infinitespire:Midas Blood":21},{"Potion Belt":108,"Girya":3,"hexamod:CandleOfCauterizing":3,"beaked:ShinyBauble":116,"Runesmith:Nanobots":189,"NeowsBlessing":0,"Golden Idol":56,"Ancient Tea Set":108,"beaked:BlessedCoat":124,"Clockwork:MomentumEngine":145,"hubris:Backtick":145,"Mummified Hand":56,"halation:EternalFortune":81,"beaked:MawFillet":76,"hubris:PeanutButter":124,"infinitespire:Golems Mask":189,"Red Mask":197,"beaked:MendingPlumage":0,"halation:PinkSoulGem":1,"infinitespire:Midas Blood":207}]},"card_choices":[{"not_picked":["beaked:WarriorEssence","beaked:Overpower"],"picked":"beaked:RitualOfBody","floor":1.0},{"not_picked":["beaked:Tweet","beaked:WarriorEssence"],"picked":"beaked:Windmill","floor":4.0},{"not_picked":["beaked:DesperateSwing","beaked:Resilience"],"picked":"beaked:MachineSpirit","floor":8.0},{"not_picked":["beaked:Windmill","beaked:DigDeep"],"picked":"beaked:Hexing","floor":10.0},{"not_picked":["beaked:FeelMyPain","beaked:Tweet"],"picked":"beaked:SurvivalInstinct","floor":12.0},{"not_picked":["beaked:BarbedWire","beaked:WarriorEssence"],"picked":"beaked:AwakenedForm","floor":13.0},{"not_picked":["beaked:DigDeep","beaked:BraceForImpact"],"picked":"beaked:Foresight","floor":18.0},{"not_picked":["beaked:Daydream","beaked:BloodRitual+1"],"picked":"beaked:TuckingFeathers","floor":21.0},{"not_picked":["beaked:BloodForTheGods","beaked:Insight"],"picked":"beaked:MachineEssence","floor":22},{"not_picked":["beaked:Tradeoff","beaked:Negation","beaked:Molting"],"picked":"SKIP","floor":23},{"not_picked":["beaked:Poke","beaked:WindBringer","beaked:Struggle"],"picked":"SKIP","floor":27},{"not_picked":["beaked:WarriorEssence","beaked:Insight"],"picked":"beaked:Brace+1","floor":28},{"not_picked":["beaked:WarriorSpirit+1","beaked:Poke+1","beaked:Tradeoff"],"picked":"SKIP","floor":31},{"not_picked":["beaked:VolatileMisfortune","beaked:DarkPact"],"picked":"beaked:AwakenedForm","floor":33},{"not_picked":["beaked:MachineSpirit","beaked:Resilience+1"],"picked":"beaked:RitualOfBody","floor":35},{"not_picked":["infinitespire:Fortify","infinitespire:Menacing"],"picked":"infinitespire:SevenWalls","floor":36},{"not_picked":["beaked:Resilience","beaked:FeelMyPain","beaked:WarriorEssence"],"picked":"SKIP","floor":37},{"not_picked":["beaked:Cower+1","beaked:Resilience+1","beaked:StunningBlow+1"],"picked":"SKIP","floor":39},{"not_picked":["beaked:Pecker","beaked:DigDeep","beaked:CursingBlood"],"picked":"SKIP","floor":41},{"not_picked":["beaked:Foresight+1","beaked:Poke"],"picked":"beaked:Flinch","floor":44},{"not_picked":["beaked:Overexert","beaked:Recite","beaked:DarkPact"],"picked":"SKIP","floor":47}],"player_experience":2110600,"relics_obtained":[{"floor":8.0,"key":"Girya"},{"floor":9.0,"key":"hexamod:CandleOfCauterizing"},{"floor":13.0,"key":"Mummified Hand"},{"floor":23,"key":"Ancient Tea Set"},{"floor":26,"key":"Potion Belt"},{"floor":27,"key":"beaked:ShinyBauble"},{"floor":41,"key":"infinitespire:Golems Mask"},{"floor":43,"key":"Runesmith:Nanobots"},{"floor":47,"key":"infinitespire:Midas Blood"}],"event_choices":[{"cards_removed":["beaked:Strike_Y"],"damage_healed":0.0,"max_hp_gain":0.0,"max_hp_loss":0.0,"gold_gain":0.0,"event_name":"The Cleric","player_choice":"Card Removal","floor":5.0,"gold_loss":50.0,"damage_taken":0.0},{"damage_healed":0.0,"max_hp_gain":0.0,"max_hp_loss":0.0,"gold_gain":0.0,"event_name":"Golden Idol","player_choice":"Take Damage","floor":14.0,"gold_loss":0.0,"damage_taken":12.0,"relics_obtained":["Golden Idol"]},{"damage_healed":0.0,"max_hp_gain":0.0,"max_hp_loss":0.0,"gold_gain":0.0,"event_name":"Vampires","player_choice":"Ignored","floor":20.0,"gold_loss":0.0,"damage_taken":0.0},{"damage_healed":0,"gold_gain":333,"player_choice":"Gave Idol","damage_taken":0,"max_hp_gain":0,"max_hp_loss":0,"event_name":"The Moai Head","floor":42,"relics_lost":["Golden Idol"],"gold_loss":0},{"damage_healed":0,"gold_gain":0,"player_choice":"Paid","damage_taken":0,"relics_obtained":["Red Mask"],"max_hp_gain":0,"max_hp_loss":0,"event_name":"Tomb of Lord Red Mask","floor":46,"gold_loss":503}],"is_beta":false,"boss_relics":[{"not_picked":["Fusion Hammer","halation:SmartPhone"],"picked":"beaked:MawFillet"},{"not_picked":["hubris:HollowSoul","aspiration:FutureDiary"],"picked":"hubris:Backtick"}],"items_purged_floors":[7,30],"is_endless":false,"potions_floor_spawned":[10,12,13,22,23,28,33,35,41],"ascension_level":13}}