{"host":"e326moqq81vao3qq","time":1612226034,"event":{"mods":["BaseMod","Colored Powertips","Highlight Path","Minty Spire (QoL Compilation)","Quick Restart","Relic Stats","Spicy Shops","StSLib","The Druid"],"gold_per_floor":[118,118,27,27,45,73,73,98,98,98,98,98,48,59,59,155,155,165,178,15,25,25,51,64,64,64,75,35,50,12,61,61,161,161,178,178,53,102,29,29,57,57,84,96,96,110,110,139,139,139],"floor_reached":51,"language":"ENG","playtime":3593,"items_purged":[],"score":772,"play_id":"1a365ded-aee7-4cc6-9423-c333a4f1c0a5","local_time":"20210201193354","is_ascension_mode":true,"campfire_choices":[{"data":"theDruid:BriarArmor","floor":7.0,"key":"SMITH"},{"floor":10.0,"key":"REST"},{"floor":12.0,"key":"REST"},{"data":"theDruid:PlagueClaw","floor":15.0,"key":"SMITH"},{"floor":25.0,"key":"REST"},{"floor":32.0,"key":"REST"},{"floor":40,"key":"RECALL"},{"floor":42,"key":"REST"},{"floor":49,"key":"REST"}],"circlet_count":0,"master_deck":["theDruid:Defend_O","theDruid:Defend_O","theDruid:Defend_O","theDruid:Defend_O","theDruid:BriarArmor+1","theDruid:WildSlash","theDruid:ViralBites","theDruid:PlagueClaw+1","theDruid:Guidance","theDruid:ViralBites","theDruid:BloodiedFur","theDruid:AstralShield","theDruid:Rabid+1","theDruid:Moonbeam","theDruid:Starfall","theDruid:PlagueClaw","Jack Of All Trades","theDruid:Pathfinder","theDruid:FullMoon+1","theDruid:TwilightsCall+1","theDruid:Stampede+1","theDruid:NaturalAgility","theDruid:HerbalismKit","theDruid:Impale+1","theDruid:Swipe+1","theDruid:TakeShelter+1","theDruid:AstralShield","theDruid:BloodiedFur+1","theDruid:PlagueClaw+1","theDruid:TwilightsCall+1"],"relics":["theDruid:CrownOfTheWilds","theDruid:TigersClaw","Gambling Chip","Smiling Mask","Lantern","Velvet Choker","Membership Card","Oddly Smooth Stone","Pantograph","Akabeko","Astrolabe","Bottled Tornado","Prayer Wheel","Lee\u0027s Waffle","Bronze Scales","Bag of Marbles","HornCleat"],"acts_visited":["Exordium","TheCity","TheBeyond"],"potions_floor_usage":[41,41,48,50,50],"damage_taken":[{"damage":10.0,"enemies":"Jaw Worm","floor":1.0,"turns":4.0},{"damage":0.0,"enemies":"Cultist","floor":5.0,"turns":3.0},{"damage":32.0,"enemies":"Gremlin Nob","floor":6.0,"turns":5.0},{"damage":20.0,"enemies":"3 Sentries","floor":8.0,"turns":6.0},{"damage":0.0,"enemies":"2 Louse","floor":14.0,"turns":2.0},{"damage":61.0,"enemies":"Slime Boss","floor":16.0,"turns":16.0},{"damage":0.0,"enemies":"Shell Parasite","floor":18.0,"turns":4.0},{"damage":0.0,"enemies":"Chosen","floor":19.0,"turns":5.0},{"damage":23.0,"enemies":"Snecko","floor":21.0,"turns":7.0},{"damage":5.0,"enemies":"Book of Stabbing","floor":23.0,"turns":7.0},{"damage":18.0,"enemies":"Sentry and Sphere","floor":24.0,"turns":7.0},{"damage":23.0,"enemies":"3 Cultists","floor":27.0,"turns":4.0},{"damage":9.0,"enemies":"Snake Plant","floor":29.0,"turns":6.0},{"damage":41.0,"enemies":"Automaton","floor":33.0,"turns":15.0},{"damage":8.0,"enemies":"3 Shapes","floor":35.0,"turns":7.0},{"damage":64.0,"enemies":"2 Orb Walkers","floor":38.0,"turns":6.0},{"damage":43,"enemies":"Nemesis","floor":41,"turns":14},{"damage":0,"enemies":"Orb Walker","floor":44,"turns":3},{"damage":18,"enemies":"Maw","floor":46,"turns":8},{"damage":23,"enemies":"Giant Head","floor":48,"turns":15},{"damage":39,"enemies":"Awakened One","floor":50,"turns":19}],"seed_played":"3588822196648418106","potions_obtained":[{"floor":0.0,"key":"SkillPotion"},{"floor":0.0,"key":"Strength Potion"},{"floor":0.0,"key":"DistilledChaos"},{"floor":8.0,"key":"Block Potion"},{"floor":16.0,"key":"Dexterity Potion"},{"floor":19.0,"key":"DistilledChaos"},{"floor":29.0,"key":"EssenceOfSteel"},{"floor":38.0,"key":"Block Potion"},{"floor":41,"key":"DuplicationPotion"},{"floor":44,"key":"Fire Potion"}],"is_trial":false,"path_per_floor":["M","?","$","?","M","E","R","E","T","R","$","R","$","M","R","B",null,"M","M","$","M","?","E","M","R","T","M","?","M","$","T","R","B",null,"M","?","$","?","$","R","E","R","T","M","?","M","?","E","R","B",null],"character_chosen":"DRUID","items_purchased":["Gambling Chip","theDruid:BloodiedFur","Membership Card","theDruid:PlagueClaw","theDruid:NaturalAgility","Bottled Tornado","Lee\u0027s Waffle"],"campfire_rested":6,"item_purchase_floors":[3,13,20,20,30,37,39],"current_hp_per_floor":[65,53,53,75,75,43,43,23,23,45,45,67,67,67,67,6,75,75,75,75,52,40,35,17,39,39,16,16,7,7,7,29,13,75,67,67,67,3,78,78,39,62,62,62,62,44,44,25,48,49],"gold":139,"neow_bonus":"THREE_SMALL_POTIONS","is_daily":false,"chose_seed":false,"campfire_upgraded":2,"win_rate":0.0,"timestamp":1612226034,"path_taken":["M","?","$","?","M","E","R","E","T","R","?","R","?","M","R","BOSS","M","M","$","M","?","E","?","R","T","M","?","?","$","?","R","BOSS","M","?","$","?","$","R","E","R","T","M","?","M","?","E","R","BOSS"],"items_purchased_type":["Relic","Card","Relic","Card","Card","Relic","Relic"],"build_version":"2020-12-22","purchased_purges":0,"victory":true,"max_hp_per_floor":[75,75,75,75,75,75,75,75,75,75,75,75,75,75,75,75,75,75,75,75,75,75,75,75,75,75,75,75,75,75,75,75,75,75,75,71,71,71,78,78,78,78,78,78,78,78,78,78,78,78],"relic_stats":{"Lee\u0027s Waffle":75,"counters":[21,163],"Gambling Chip":[60],"Pantograph":50,"Astrolabe":["theDruid:Impale","theDruid:Swipe","theDruid:TakeShelter"],"Bronze Scales":[156],"Prayer Wheel":2,"Smiling Mask":0,"obtain_stats":[{"Lantern":8,"Lee\u0027s Waffle":39,"Astrolabe":34,"Velvet Choker":17,"Oddly Smooth Stone":23,"theDruid:TigersClaw":2,"Bottled Tornado":37,"Smiling Mask":6,"Akabeko":31,"theDruid:CrownOfTheWilds":0,"HornCleat":48,"Gambling Chip":3,"Pantograph":26,"Bronze Scales":41,"Prayer Wheel":38,"Bag of Marbles":43,"Membership Card":20},{"Lantern":4,"Lee\u0027s Waffle":16,"Astrolabe":14,"Velvet Choker":6,"Oddly Smooth Stone":10,"theDruid:TigersClaw":1,"Bottled Tornado":15,"Smiling Mask":3,"Akabeko":13,"theDruid:CrownOfTheWilds":0,"HornCleat":20,"Gambling Chip":1,"Pantograph":11,"Bronze Scales":17,"Prayer Wheel":16,"Bag of Marbles":17,"Membership Card":8},{"Lantern":18,"Lee\u0027s Waffle":104,"Astrolabe":91,"Velvet Choker":36,"Oddly Smooth Stone":59,"theDruid:TigersClaw":4,"Bottled Tornado":98,"Smiling Mask":12,"Akabeko":76,"theDruid:CrownOfTheWilds":0,"HornCleat":144,"Gambling Chip":4,"Pantograph":66,"Bronze Scales":118,"Prayer Wheel":104,"Bag of Marbles":118,"Membership Card":45}]},"card_choices":[{"not_picked":["theDruid:TakeShelter","theDruid:Recoil"],"picked":"theDruid:ViralBites","floor":1.0},{"not_picked":["theDruid:AstralShield","theDruid:Prowl"],"picked":"theDruid:PlagueClaw","floor":5.0},{"not_picked":["theDruid:Resupply","theDruid:WildFrenzy"],"picked":"theDruid:Guidance","floor":6.0},{"not_picked":["theDruid:Fortitude","theDruid:WildArmor"],"picked":"theDruid:ViralBites","floor":8.0},{"not_picked":["theDruid:BlessedStrike","theDruid:Slingshot"],"picked":"theDruid:AstralShield","floor":14.0},{"not_picked":["theDruid:Mutilate","theDruid:HailofThorns"],"picked":"theDruid:Rabid","floor":16.0},{"not_picked":["theDruid:Impale","theDruid:FaerieFire"],"picked":"theDruid:Moonbeam","floor":18.0},{"not_picked":["theDruid:AstralShield","theDruid:TakeShelter+1"],"picked":"theDruid:Starfall","floor":19.0},{"not_picked":["theDruid:Adaptation","theDruid:ThornStrike","theDruid:Recoil"],"picked":"SKIP","floor":21.0},{"not_picked":["theDruid:Starfall","theDruid:Prowl+1"],"picked":"theDruid:Pathfinder","floor":23.0},{"not_picked":["theDruid:BagofTricks","theDruid:IronClaw"],"picked":"theDruid:FullMoon+1","floor":24.0},{"not_picked":["theDruid:Gore","theDruid:BlessedStrike"],"picked":"theDruid:TwilightsCall+1","floor":27.0},{"not_picked":["theDruid:Guidance","theDruid:PlagueClaw+1"],"picked":"theDruid:Stampede+1","floor":29.0},{"not_picked":["theDruid:ApexPredator","theDruid:HailofThorns"],"picked":"theDruid:HerbalismKit","floor":33.0},{"not_picked":["theDruid:BrambleLash","theDruid:FuriousSlash"],"picked":"theDruid:AstralShield","floor":35.0},{"not_picked":["theDruid:TakeShelter","theDruid:AstralShield"],"picked":"theDruid:BloodiedFur+1","floor":38.0},{"not_picked":["theDruid:Entangle","theDruid:ThornStrike"],"picked":"theDruid:PlagueClaw+1","floor":41},{"not_picked":["theDruid:Prowl+1","theDruid:SurvivalInstincts","theDruid:Thornburst+1"],"picked":"SKIP","floor":44},{"not_picked":["theDruid:Thornburst","theDruid:Slingshot","theDruid:Resourcefulness"],"picked":"SKIP","floor":44},{"not_picked":["theDruid:Slingshot","theDruid:ThornStrike+1","theDruid:Resupply+1"],"picked":"SKIP","floor":46},{"not_picked":["theDruid:IronClaw","theDruid:TakeShelter","theDruid:AstralShield"],"picked":"SKIP","floor":46},{"not_picked":["theDruid:Moonbeam","theDruid:Restoration"],"picked":"theDruid:TwilightsCall+1","floor":48}],"player_experience":263196,"relics_obtained":[{"floor":6.0,"key":"Smiling Mask"},{"floor":8.0,"key":"Lantern"},{"floor":23.0,"key":"Oddly Smooth Stone"},{"floor":26.0,"key":"Pantograph"},{"floor":31.0,"key":"Akabeko"},{"floor":38.0,"key":"Prayer Wheel"},{"floor":41,"key":"Bronze Scales"},{"floor":43,"key":"Bag of Marbles"},{"floor":48,"key":"HornCleat"}],"event_choices":[{"damage_healed":0.0,"max_hp_gain":0.0,"max_hp_loss":0.0,"gold_gain":0.0,"event_name":"Scrap Ooze","player_choice":"Success","floor":2.0,"gold_loss":0.0,"damage_taken":12.0,"relics_obtained":["theDruid:TigersClaw"]},{"damage_healed":25.0,"max_hp_gain":0.0,"max_hp_loss":0.0,"gold_gain":0.0,"event_name":"Big Fish","player_choice":"Banana","floor":4.0,"gold_loss":0.0,"damage_taken":0.0},{"damage_healed":0.0,"max_hp_gain":0.0,"max_hp_loss":0.0,"gold_gain":0.0,"event_name":"Knowing Skull","player_choice":"CARD ","floor":22.0,"potions_obtained":[],"gold_loss":0.0,"damage_taken":12.0,"cards_obtained":["Jack Of All Trades"]},{"damage_healed":0.0,"max_hp_gain":0.0,"max_hp_loss":0.0,"gold_gain":0.0,"event_name":"Designer","player_choice":"Upgrade","floor":28.0,"gold_loss":40.0,"damage_taken":0.0,"cards_upgraded":["theDruid:Rabid"]},{"damage_healed":0.0,"max_hp_gain":0.0,"max_hp_loss":4.0,"gold_gain":0.0,"event_name":"Winding Halls","player_choice":"Max HP","floor":36.0,"gold_loss":0.0,"damage_taken":0.0},{"damage_healed":0.0,"max_hp_gain":0.0,"max_hp_loss":0.0,"gold_gain":0.0,"event_name":"Mysterious Sphere","player_choice":"Fight","floor":38.0,"gold_loss":0.0,"damage_taken":0.0},{"cards_removed":["theDruid:Strike_O"],"damage_healed":0,"gold_gain":0,"player_choice":"Removed Attack","damage_taken":0,"max_hp_gain":0,"max_hp_loss":0,"event_name":"Falling","floor":45,"gold_loss":0},{"damage_healed":0,"gold_gain":0,"player_choice":"Got Potions","damage_taken":0,"max_hp_gain":0,"max_hp_loss":0,"event_name":"Lab","floor":47,"gold_loss":0}],"is_beta":false,"boss_relics":[{"not_picked":["Fusion Hammer","Ectoplasm"],"picked":"Velvet Choker"},{"not_picked":["Empty Cage","Coffee Dripper"],"picked":"Astrolabe"}],"items_purged_floors":[],"is_endless":false,"potions_floor_spawned":[6,8,16,18,19,29,38,41,44],"ascension_level":2}}