{"host":"2wp95sdfrgw3k439","time":1612227205,"event":{"mods":["BaseMod","Better Altar","Better Skull","Better Third Choice","Curses Come First","Minty Spire (QoL Compilation)","Permanent Neow","StSLib"],"gold_per_floor":[15,15,28,48,159,159,189,189,235,235,247,266,266,280,280,380,380,393,393,393,409,423,423,423,453,453,260,260,54,69,82,82,182,182,201,201,552,512,532,532,532,532,558,558,558,28,28,44,44,44,44],"floor_reached":50,"language":"ENG","playtime":2067,"items_purged":["Strike_R","Strike_R"],"score":750,"play_id":"b52f97be-a7d1-44f0-9583-cd722e465b9b","local_time":"20210201175325","is_ascension_mode":true,"campfire_choices":[{"floor":6,"key":"REST"},{"data":"Uppercut","floor":8,"key":"SMITH"},{"data":"Entrench","floor":10,"key":"SMITH"},{"data":"Bash","floor":13,"key":"SMITH"},{"data":"Rage","floor":15,"key":"SMITH"},{"data":"Demon Form","floor":23,"key":"SMITH"},{"floor":28,"key":"REST"},{"floor":32,"key":"REST"},{"floor":40,"key":"REST"},{"floor":42,"key":"REST"},{"data":"Heavy Blade","floor":44,"key":"SMITH"},{"floor":49,"key":"REST"}],"circlet_count":0,"master_deck":["Strike_R+1","Defend_R","Defend_R","Bash+1","Ghostly Armor","Uppercut+1","Entrench+1","Rage+1","Pummel","Demon Form+1","Warcry+1","Offering","Havoc+1","Heavy Blade+1","Berserk","Headbutt+1","Rage+1","Juggernaut+1","Warcry+1","Cleave+1","True Grit+1","Mayhem","Flash of Steel+1","Infernal Blade","Juggernaut+1","Parasite"],"relics":["Burning Blood","Ice Cream","Orichalcum","Smiling Mask","Lantern","Sozu","Red Skull","Molten Egg 2","Bronze Scales","DollysMirror","Empty Cage","Old Coin","Toy Ornithopter","StrikeDummy","Ornamental Fan","Strange Spoon"],"acts_visited":["Exordium","TheCity","TheBeyond"],"potions_floor_usage":[4,7,12,14,18],"damage_taken":[{"damage":1,"enemies":"Cultist","floor":1,"turns":4},{"damage":5,"enemies":"Small Slimes","floor":3,"turns":5},{"damage":7,"enemies":"Jaw Worm","floor":4,"turns":2},{"damage":9,"enemies":"Lagavulin","floor":7,"turns":7},{"damage":0,"enemies":"Large Slime","floor":11,"turns":6},{"damage":1,"enemies":"Lots of Slimes","floor":12,"turns":6},{"damage":0,"enemies":"Blue Slaver","floor":14,"turns":2},{"damage":30,"enemies":"The Guardian","floor":16,"turns":13},{"damage":8,"enemies":"2 Thieves","floor":18,"turns":5},{"damage":6,"enemies":"Chosen","floor":21,"turns":3},{"damage":19,"enemies":"Snake Plant","floor":22,"turns":3},{"damage":24,"enemies":"Book of Stabbing","floor":25,"turns":5},{"damage":15,"enemies":"3 Cultists","floor":30,"turns":5},{"damage":6,"enemies":"Sentry and Sphere","floor":31,"turns":4},{"damage":45,"enemies":"Collector","floor":33,"turns":8},{"damage":49,"enemies":"3 Darklings","floor":35,"turns":6},{"damage":60,"enemies":"2 Orb Walkers","floor":37,"turns":5},{"damage":7,"enemies":"Orb Walker","floor":39,"turns":2},{"damage":17,"enemies":"Writhing Mass","floor":48,"turns":5},{"damage":69,"enemies":"Awakened One","floor":50,"turns":4}],"seed_played":"1676399443173494062","potions_obtained":[{"floor":1,"key":"LiquidMemories"},{"floor":4,"key":"Strength Potion"},{"floor":11,"key":"DistilledChaos"},{"floor":12,"key":"ColorlessPotion"},{"floor":16,"key":"HeartOfIron"}],"is_trial":false,"path_per_floor":["M","?","M","M","?","R","E","R","T","R","M","M","R","M","R","B",null,"M","?","?","M","M","R","?","E","T","$","R","$","M","M","R","B",null,"M","?","?","?","M","R","?","R","T","R","T","$","?","M","R","B"],"character_chosen":"IRONCLAD","items_purchased":["Bronze Scales","DollysMirror","Ornamental Fan","Strange Spoon","Flash of Steel+1","Infernal Blade"],"campfire_rested":6,"item_purchase_floors":[27,29,46,46,46,46],"current_hp_per_floor":[77,77,78,77,39,63,60,60,60,60,66,71,71,77,77,53,73,71,71,71,71,58,58,58,40,40,40,64,64,55,55,79,40,70,27,70,16,16,15,36,36,57,57,57,57,57,57,46,67,0,0],"gold":44,"neow_bonus":"ONE_RARE_RELIC","is_daily":false,"chose_seed":false,"campfire_upgraded":6,"win_rate":0.0,"timestamp":1612227205,"path_taken":["M","?","?","M","?","R","E","R","T","R","M","?","R","M","R","BOSS","M","?","?","M","?","R","?","E","T","$","R","$","M","M","R","BOSS","M","?","?","?","?","R","?","R","T","R","?","$","?","M","R","BOSS"],"items_purchased_type":["Relic","Relic","Relic","Relic","Card","Card"],"build_version":"2020-12-22","purchased_purges":2,"victory":false,"max_hp_per_floor":[80,80,80,80,80,80,80,80,80,80,80,80,80,80,80,80,80,80,80,80,80,80,80,80,80,80,80,80,80,80,80,80,80,80,80,70,70,70,70,70,70,70,70,70,70,70,70,70,70,70,70],"card_choices":[{"not_picked":["Clash","Body Slam"],"picked":"Ghostly Armor","floor":1},{"not_picked":["Thunderclap","Heavy Blade"],"picked":"Uppercut","floor":3},{"not_picked":["Disarm","Body Slam"],"picked":"Entrench","floor":4},{"not_picked":["Twin Strike","Heavy Blade"],"picked":"Rage","floor":7},{"not_picked":["Feel No Pain","Flex","Burning Pact"],"picked":"SKIP","floor":11},{"not_picked":["Twin Strike","Searing Blow","Perfected Strike"],"picked":"SKIP","floor":12},{"not_picked":["Headbutt","Feel No Pain"],"picked":"Pummel","floor":14},{"not_picked":["Fiend Fire","Impervious"],"picked":"Demon Form","floor":16},{"not_picked":["Perfected Strike","Shrug It Off"],"picked":"Warcry+1","floor":18},{"not_picked":["Fire Breathing+1","Twin Strike"],"picked":"Havoc+1","floor":21},{"not_picked":["Flex","Perfected Strike"],"picked":"Heavy Blade","floor":22},{"not_picked":["Carnage","Anger+1"],"picked":"Headbutt+1","floor":25},{"not_picked":["Fire Breathing+1","Feel No Pain","Entrench"],"picked":"SKIP","floor":30},{"not_picked":["Demon Form","Carnage+1","Disarm"],"picked":"SKIP","floor":31},{"not_picked":["Exhume","Demon Form"],"picked":"Juggernaut","floor":33},{"not_picked":["Rampage+1","Perfected Strike+1"],"picked":"Warcry+1","floor":35},{"not_picked":["Armaments","Havoc"],"picked":"Cleave+1","floor":37},{"not_picked":["Flex+1","Clothesline+1"],"picked":"True Grit+1","floor":39},{"not_picked":["Impatience","Blind"],"picked":"Mayhem","floor":41},{"not_picked":["Burning Pact","Clothesline+1","Thunderclap+1"],"picked":"SKIP","floor":48}],"player_experience":529286,"relics_obtained":[{"floor":7,"key":"Smiling Mask"},{"floor":9,"key":"Lantern"},{"floor":25,"key":"Red Skull"},{"floor":26,"key":"Molten Egg 2"},{"floor":37,"key":"Old Coin"},{"floor":43,"key":"Toy Ornithopter"},{"floor":45,"key":"StrikeDummy"}],"event_choices":[{"cards_removed":["Strike_R"],"damage_healed":0,"gold_gain":0,"player_choice":"Card Removal","damage_taken":0,"max_hp_gain":0,"max_hp_loss":0,"event_name":"Wheel of Change","floor":2,"gold_loss":0},{"damage_healed":0,"gold_gain":111,"player_choice":"RE GO UP ","damage_taken":43,"relics_obtained":["Orichalcum"],"max_hp_gain":0,"max_hp_loss":0,"event_name":"betterSkull:BetterSkull","floor":5,"gold_loss":0,"cards_upgraded":["Strike_R"]},{"damage_healed":0,"gold_gain":0,"player_choice":"Read","damage_taken":0,"max_hp_gain":0,"max_hp_loss":0,"event_name":"The Library","floor":19,"gold_loss":0,"cards_obtained":["Offering"]},{"cards_removed":["Strike_R"],"damage_healed":0,"gold_gain":0,"player_choice":"Purged","damage_taken":0,"max_hp_gain":0,"max_hp_loss":0,"event_name":"Purifier","floor":20,"gold_loss":0},{"damage_healed":0,"gold_gain":0,"player_choice":"1 cards matched","damage_taken":0,"max_hp_gain":0,"max_hp_loss":0,"event_name":"Match and Keep!","floor":24,"gold_loss":0,"cards_obtained":["Berserk"]},{"damage_healed":70,"gold_gain":0,"player_choice":"Heal","damage_taken":0,"max_hp_gain":0,"max_hp_loss":10,"event_name":"The Moai Head","floor":36,"gold_loss":0},{"damage_healed":0,"gold_gain":0,"player_choice":"Fight","damage_taken":0,"max_hp_gain":0,"max_hp_loss":0,"event_name":"Mysterious Sphere","floor":37,"gold_loss":0},{"damage_healed":0,"gold_gain":0,"player_choice":"Upgrade","damage_taken":0,"max_hp_gain":0,"max_hp_loss":0,"event_name":"Designer","floor":38,"gold_loss":40,"cards_upgraded":["Juggernaut"]},{"damage_healed":0,"gold_gain":0,"player_choice":"Memory 1","damage_taken":0,"max_hp_gain":0,"max_hp_loss":0,"event_name":"SensoryStone","floor":41,"gold_loss":0},{"damage_healed":0,"gold_gain":0,"player_choice":"Copied","damage_taken":0,"max_hp_gain":0,"max_hp_loss":0,"event_name":"Duplicator","floor":47,"gold_loss":0,"cards_obtained":["Juggernaut"]}],"is_beta":false,"boss_relics":[{"not_picked":["Runic Dome","Pandora\u0027s Box"],"picked":"Sozu"},{"not_picked":["Snecko Eye","Astrolabe"],"picked":"Empty Cage"}],"items_purged_floors":[27,29],"is_endless":false,"potions_floor_spawned":[1,4,11,12,16,25,30,31],"killed_by":"Awakened One","ascension_level":9}}