{"host":"2x189hkb4impm2gi","time":1612310160,"event":{"mods":["AchievementEnabler","BaseMod","Colored Map","Colored Powertips","Minty Spire (QoL Compilation)"],"gold_per_floor":[115,115,133,145,145,175,175,175,175,206,206,216,65,65,65,167,217,229,240,240,240,251,282,294,294,318,318,352,352,383,383,383,479,479,492,492,502,502,555,589,605,633,701,701,701,721,737,197,197,197],"floor_reached":51,"language":"ENG","playtime":3497,"items_purged":[],"score":871,"play_id":"6e09d315-1204-41e3-b4b2-f28cfb01990a","local_time":"20210202185600","is_ascension_mode":false,"campfire_choices":[{"data":"ThirdEye","floor":11,"key":"SMITH"},{"floor":15,"key":"REST"},{"data":"BattleHymn","floor":25,"key":"SMITH"},{"floor":27,"key":"REST"},{"floor":32,"key":"REST"},{"floor":44,"key":"REST"},{"data":"MasterReality","floor":49,"key":"SMITH"}],"circlet_count":0,"master_deck":["Eruption+1","Vigilance+1","Conclude+1","CrushJoints+1","Sanctity+1","ThirdEye+1","FollowUp+1","Consecrate+1","Brilliance+1","Wallop+1","JustLucky+1","DeusExMachina+1","Necronomicurse","Evaluate+1","CrushJoints+1","BattleHymn+1","FlurryOfBlows+1","Writhe","Crescendo+1","Establishment+1","Tantrum+1","FlurryOfBlows+1","SignatureMove+1","DeceiveReality+1","WaveOfTheHand+1","Evaluate+1","Vengeance+1","SashWhip+1","EmptyBody+1","CutThroughFate+1","Perseverance+1","ReachHeaven+1","MasterReality","Worship+1","FlurryOfBlows+1","FearNoEvil+1","SandsOfTime","MasterReality+1","Consecrate"],"relics":["PureWater","GoldenEye","InkBottle","Question Card","Blue Candle","Bottled Lightning","Nunchaku","Shuriken","Tiny House","Necronomicon","Toy Ornithopter","Damaru","Gremlin Horn","PreservedInsect","Dead Branch","MutagenicStrength","Pandora\u0027s Box","Mark of the Bloom","Gambling Chip","Happy Flower","Blood Vial","Letter Opener","Ornamental Fan","War Paint","Mercury Hourglass","Orrery"],"acts_visited":["Exordium","TheCity","TheBeyond"],"potions_floor_usage":[16,16,22,24,24,28,30,33,41,50,50],"damage_taken":[{"damage":0,"enemies":"Cultist","floor":1,"turns":4},{"damage":0,"enemies":"2 Louse","floor":3,"turns":2},{"damage":0,"enemies":"Small Slimes","floor":4,"turns":1},{"damage":12,"enemies":"3 Sentries","floor":6,"turns":3},{"damage":31,"enemies":"Gremlin Nob","floor":10,"turns":3},{"damage":0,"enemies":"Blue Slaver","floor":12,"turns":2},{"damage":36,"enemies":"The Guardian","floor":16,"turns":9},{"damage":0,"enemies":"Spheric Guardian","floor":18,"turns":2},{"damage":1,"enemies":"3 Byrds","floor":19,"turns":3},{"damage":1,"enemies":"Centurion and Healer","floor":22,"turns":3},{"damage":36,"enemies":"Book of Stabbing","floor":23,"turns":3},{"damage":18,"enemies":"Shelled Parasite and Fungi","floor":24,"turns":3},{"damage":22,"enemies":"Slavers","floor":28,"turns":5},{"damage":8,"enemies":"Book of Stabbing","floor":30,"turns":4},{"damage":33,"enemies":"Collector","floor":33,"turns":6},{"damage":1,"enemies":"3 Shapes","floor":35,"turns":2},{"damage":1,"enemies":"3 Darklings","floor":37,"turns":3},{"damage":26,"enemies":"2 Orb Walkers","floor":39,"turns":3},{"damage":0,"enemies":"Reptomancer","floor":40,"turns":3},{"damage":0,"enemies":"Jaw Worm Horde","floor":41,"turns":3},{"damage":17,"enemies":"Nemesis","floor":42,"turns":3},{"damage":9,"enemies":"Maw","floor":46,"turns":4},{"damage":0,"enemies":"3 Darklings","floor":47,"turns":2},{"damage":23,"enemies":"Time Eater","floor":50,"turns":4}],"seed_played":"-4579180460101425861","potions_obtained":[{"floor":1,"key":"Ambrosia"},{"floor":3,"key":"Strength Potion"},{"floor":10,"key":"Block Potion"},{"floor":16,"key":"SpeedPotion"},{"floor":17,"key":"EntropicBrew"},{"floor":33,"key":"SneckoOil"},{"floor":37,"key":"DuplicationPotion"},{"floor":39,"key":"FairyPotion"},{"floor":40,"key":"BottledMiracle"},{"floor":47,"key":"DistilledChaos"}],"is_trial":false,"path_per_floor":["M","?","M","M","?","E","?","T","T","E","R","M","$","T","R","B",null,"M","M","?","?","M","E","M","R","T","R","E","?","E","?","R","B",null,"M","?","M","?","?","E","M","E","T","R","T","M","M","$","R","B",null],"character_chosen":"WATCHER","items_purchased":["Nunchaku","War Paint","Mercury Hourglass","Orrery"],"campfire_rested":4,"item_purchase_floors":[13,48,48,48],"current_hp_per_floor":[79,79,79,79,79,67,64,64,64,33,33,33,33,33,56,20,84,84,83,83,67,66,30,22,22,22,47,30,30,27,27,52,24,84,83,83,82,82,56,56,56,39,39,39,39,30,30,30,30,7],"gold":197,"neow_bonus":"TEN_PERCENT_HP_BONUS","is_daily":false,"chose_seed":false,"campfire_upgraded":3,"win_rate":0.0,"timestamp":1612310160,"path_taken":["M","?","M","?","?","E","?","?","T","E","R","M","?","?","R","BOSS","M","M","?","?","M","E","M","R","T","R","E","?","E","?","R","BOSS","M","?","M","?","?","E","M","E","T","R","?","M","M","$","R","BOSS"],"items_purchased_type":["Relic","Relic","Relic","Relic"],"build_version":"2020-12-22","purchased_purges":0,"victory":true,"max_hp_per_floor":[79,79,79,79,79,79,79,79,79,79,79,79,79,79,79,79,84,84,84,84,84,84,84,84,84,84,84,84,84,84,84,84,84,84,84,84,84,84,84,84,84,84,84,84,84,84,84,84,84,84],"card_choices":[{"not_picked":["Fasting2","WindmillStrike"],"picked":"Conclude","floor":1},{"not_picked":["WheelKick","Meditate"],"picked":"CrushJoints","floor":3},{"not_picked":["Protect","LikeWater"],"picked":"Sanctity","floor":4},{"not_picked":["PathToVictory","Evaluate"],"picked":"ThirdEye","floor":6},{"not_picked":["FlurryOfBlows","Halt","CutThroughFate"],"picked":"FollowUp","floor":10},{"not_picked":["Collect","Protect","ThirdEye"],"picked":"Consecrate","floor":12},{"not_picked":["Scrawl","ConjureBlade","Ragnarok"],"picked":"Brilliance","floor":16},{"not_picked":["Conclude","Indignation","ThirdEye"],"picked":"Wallop","floor":17},{"not_picked":["ThirdEye","Halt+1","Consecrate+1"],"picked":"JustLucky+1","floor":18},{"not_picked":["EmptyFist","ClearTheMind+1","WheelKick"],"picked":"DeusExMachina","floor":19},{"not_picked":["CrushJoints","Conclude","InnerPeace"],"picked":"Evaluate","floor":22},{"not_picked":["CutThroughFate","SashWhip","FlurryOfBlows"],"picked":"CrushJoints+1","floor":23},{"not_picked":["Conclude","BowlingBash","Halt+1"],"picked":"BattleHymn","floor":24},{"not_picked":["Fasting2","Vengeance","WindmillStrike"],"picked":"FlurryOfBlows+1","floor":28},{"not_picked":["WindmillStrike","FollowUp","CrushJoints"],"picked":"Crescendo","floor":30},{"not_picked":["Ragnarok","Scrawl","Judgement"],"picked":"Establishment","floor":33},{"not_picked":["ThirdEye","Conclude","ClearTheMind+1"],"picked":"SashWhip+1","floor":35},{"not_picked":["FlurryOfBlows","Halt+1","ThirdEye"],"picked":"EmptyBody+1","floor":37},{"not_picked":["FollowUp","PathToVictory+1","LikeWater"],"picked":"CutThroughFate+1","floor":39},{"not_picked":["ReachHeaven","WaveOfTheHand","FlurryOfBlows"],"picked":"Perseverance","floor":40},{"not_picked":["WheelKick+1","Protect+1","EmptyBody"],"picked":"ReachHeaven+1","floor":41},{"not_picked":["FollowUp+1","WindmillStrike+1","Study"],"picked":"MasterReality","floor":42},{"not_picked":["Tantrum","CutThroughFate+1","Study+1","Meditate+1"],"picked":"SKIP","floor":46},{"not_picked":["BowlingBash","Swivel","Evaluate"],"picked":"Worship","floor":47},{"not_picked":["WreathOfFlame+1","Evaluate","ClearTheMind"],"picked":"FlurryOfBlows+1","floor":48},{"not_picked":["FollowUp","FlyingSleeves+1","PathToVictory"],"picked":"FearNoEvil+1","floor":48},{"not_picked":["BowlingBash","EmptyFist","CrushJoints+1"],"picked":"SandsOfTime","floor":48},{"not_picked":["DeceiveReality","FollowUp+1","SashWhip"],"picked":"MasterReality","floor":48},{"not_picked":["InnerPeace","LikeWater","Perseverance"],"picked":"Consecrate","floor":48}],"player_experience":74269,"relics_obtained":[{"floor":6,"key":"GoldenEye"},{"floor":8,"key":"Question Card"},{"floor":9,"key":"Blue Candle"},{"floor":10,"key":"Bottled Lightning"},{"floor":14,"key":"Shuriken"},{"floor":21,"key":"Necronomicon"},{"floor":23,"key":"Toy Ornithopter"},{"floor":26,"key":"Damaru"},{"floor":28,"key":"Gremlin Horn"},{"floor":30,"key":"Dead Branch"},{"floor":39,"key":"Gambling Chip"},{"floor":40,"key":"Happy Flower"},{"floor":42,"key":"Blood Vial"},{"floor":43,"key":"Letter Opener"},{"floor":45,"key":"Ornamental Fan"}],"event_choices":[{"damage_healed":0,"gold_gain":0,"player_choice":"Upgraded","damage_taken":0,"max_hp_gain":0,"max_hp_loss":0,"event_name":"Upgrade Shrine","floor":2,"gold_loss":0,"cards_upgraded":["Eruption"]},{"cards_removed":["Strike_P"],"damage_healed":0,"gold_gain":0,"player_choice":"Forget","damage_taken":0,"max_hp_gain":0,"max_hp_loss":0,"event_name":"Living Wall","floor":5,"gold_loss":0},{"damage_healed":0,"gold_gain":0,"player_choice":"Success","damage_taken":3,"relics_obtained":["InkBottle"],"max_hp_gain":0,"max_hp_loss":0,"event_name":"Scrap Ooze","floor":7,"gold_loss":0},{"damage_healed":0,"gold_gain":0,"player_choice":"Ignored","damage_taken":0,"max_hp_gain":0,"max_hp_loss":0,"event_name":"Vampires","floor":20,"gold_loss":0},{"damage_healed":0,"gold_gain":0,"player_choice":"Obtained Book","damage_taken":16,"max_hp_gain":0,"max_hp_loss":0,"event_name":"Cursed Tome","floor":21,"gold_loss":0},{"damage_healed":0,"gold_gain":0,"player_choice":"Opened","damage_taken":0,"relics_obtained":["PreservedInsect"],"max_hp_gain":0,"max_hp_loss":0,"event_name":"The Mausoleum","floor":29,"gold_loss":0,"cards_obtained":["Writhe"]},{"damage_healed":0,"gold_gain":0,"player_choice":"Inject Mutagens","damage_taken":0,"relics_obtained":["MutagenicStrength"],"max_hp_gain":0,"max_hp_loss":0,"event_name":"Drug Dealer","floor":31,"gold_loss":0},{"damage_healed":0,"gold_gain":0,"player_choice":"Upgrade","damage_taken":0,"relics_obtained":["Mark of the Bloom"],"max_hp_gain":0,"max_hp_loss":0,"event_name":"MindBloom","floor":36,"gold_loss":0,"cards_upgraded":["Vigilance","Conclude","CrushJoints","Sanctity","FollowUp","Consecrate","Wallop","DeusExMachina","Evaluate","Crescendo","Establishment","Tantrum","FlurryOfBlows","SignatureMove","DeceiveReality","WaveOfTheHand","Evaluate","Vengeance"]},{"damage_healed":0,"gold_gain":0,"player_choice":"Memory 1","damage_taken":0,"max_hp_gain":0,"max_hp_loss":0,"event_name":"SensoryStone","floor":38,"gold_loss":0},{"damage_healed":0,"gold_gain":0,"player_choice":"Fight","damage_taken":0,"max_hp_gain":0,"max_hp_loss":0,"event_name":"Mysterious Sphere","floor":39,"gold_loss":0}],"is_beta":false,"boss_relics":[{"not_picked":["SlaversCollar","Sozu"],"picked":"Tiny House"},{"not_picked":["Empty Cage","Cursed Key"],"picked":"Pandora\u0027s Box"}],"items_purged_floors":[],"is_endless":false,"potions_floor_spawned":[1,3,10,16,18,19,33,37,39,40,47],"ascension_level":0}}