{"host":"za9ilm1uiwmpmin1","time":1612282739,"event":{"mods":["AchievementEnabler","Act Like it!","Arknights","BaseMod","Dota2Spire","Downfall","Friendly Minions","Lobotomy","LobotomyExtend","Minty Spire (QoL Compilation)","MostiFishMod","Reorder Act Four","RumiaBox-露米娅的神秘盒子","StSLib","TestMod","Waifu the Spire","[IsaacMod]以撒尖塔","【功能Mod】混沌之环修复补丁"],"gold_per_floor":[110,126,426,445,370,395,333,388,388,388,388,422,465,479,479,605,605,624,624,637,637,687,719,719,777,777,811,861,875,915,516,516,619,619,664,664,680,691,691,755,805,833,833,876,904,917,854,871,871,901,901,901,698,698,754,754],"floor_reached":57,"language":"ZHS","playtime":2177,"items_purged":["ats:Strike G","ats:Absolute Focus","ats:Armor Crushing Shot+1","ats:Ignite+1","ats:Powerful Strike+1","ats:Closed Bolt Burst Fire+1"],"score":2055,"play_id":"de44fdd8-fc4e-4b5c-8c92-799f46a53208","local_time":"20210203001859","is_ascension_mode":true,"campfire_choices":[{"data":"ats:Closed Bolt Burst Fire","floor":11.0,"key":"SMITH"},{"floor":15.0,"key":"RECALL"},{"floor":24.0,"key":"REST"},{"floor":32.0,"key":"REST"},{"floor":49.0,"key":"REST"},{"floor":54.0,"key":"REST"}],"circlet_count":0,"master_deck":["ats:Emotion Absorption+1","ats:Hook Shot+1","ats:Demon Strength+1","ats:Mental Burst+1","ats:Song Of Battle+1","ats:Shell Defense+1","ats:Disruption Kick+1","ats:Flexible Camouflage+1","ats:Calcification+1"],"relics":["DaveBox","HushsDoor","testmod-TestBox","testmod-Temperance","DoctorsRemote","DSteel32","Black Star","SynthV:TestCard","LetterFromLob","ats:Originium","Art of War","Centennial Puzzle","Dota2Spire:HandOfMidas","Lantern","SecretRecord","Boot","Dota2Spire:EchoSabre","Pandora\u0027s Box","SatanicBible","Blood Vial","ats:Ability Aura","Dota2Spire:BlackKingBar","BookofShadows","Ccalipers","Pear","Dota2Spire:OrchidMalevolence","Membership Card","Dota2Spire:EtherealBlade","BelialBook","Fusion Hammer","Blue Candle","testmod-TurbochargingSystem","testmod-LifeArmor","Mango","testmod-Antiphasic","Bottled Tornado","ats:Military Tradition","StrikeDummy","HornCleat","Dota2Spire:CrimsonGuard","DeathBook","Dota2Spire:LotusOrb"],"acts_visited":["Exordium","TheCity","TheBeyond","TheEnding"],"potions_floor_usage":[56,56],"damage_taken":[{"damage":3.0,"enemies":"2 Louse","floor":1.0,"turns":4.0},{"damage":1.0,"enemies":"Cultist","floor":2.0,"turns":5.0},{"damage":0.0,"enemies":"Small Slimes","floor":4.0,"turns":3.0},{"damage":42.0,"enemies":"Lagavulin","floor":6.0,"turns":8.0},{"damage":0.0,"enemies":"Gremlin Nob","floor":8.0,"turns":2.0},{"damage":0.0,"enemies":"3 Sentries","floor":12.0,"turns":4.0},{"damage":3.0,"enemies":"3 Louse","floor":13.0,"turns":2.0},{"damage":0.0,"enemies":"Red Slaver","floor":14.0,"turns":1.0},{"damage":0.0,"enemies":"The Guardian","floor":16.0,"turns":6.0},{"damage":0.0,"enemies":"3 Byrds","floor":18.0,"turns":2.0},{"damage":12.0,"enemies":"Chosen","floor":20.0,"turns":2.0},{"damage":8.0,"enemies":"Snecko","floor":22.0,"turns":3.0},{"damage":14.0,"enemies":"Book of Stabbing","floor":23.0,"turns":2.0},{"damage":23.0,"enemies":"Gremlin Leader","floor":25.0,"turns":3.0},{"damage":0.0,"enemies":"Slavers","floor":27.0,"turns":2.0},{"damage":0.0,"enemies":"Cultist and Chosen","floor":28.0,"turns":3.0},{"damage":23.0,"enemies":"Centurion and Healer","floor":29.0,"turns":4.0},{"damage":0.0,"enemies":"Snake Plant","floor":30.0,"turns":2.0},{"damage":0.0,"enemies":"Collector","floor":33.0,"turns":3.0},{"damage":0.0,"enemies":"3 Shapes","floor":35.0,"turns":2.0},{"damage":0.0,"enemies":"3 Darklings","floor":37.0,"turns":2.0},{"damage":0.0,"enemies":"Maw","floor":38.0,"turns":2.0},{"damage":0.0,"enemies":"Giant Head","floor":40.0,"turns":3.0},{"damage":0.0,"enemies":"Mind Bloom Boss Battle","floor":41.0,"turns":2.0},{"damage":0.0,"enemies":"Reptomancer","floor":42.0,"turns":2.0},{"damage":0.0,"enemies":"Spire Growth","floor":44.0,"turns":1.0},{"damage":0.0,"enemies":"Nemesis","floor":45.0,"turns":1.0},{"damage":0.0,"enemies":"3 Darklings","floor":46.0,"turns":1.0},{"damage":0.0,"enemies":"Maw","floor":48.0,"turns":2.0},{"damage":0.0,"enemies":"Awakened One","floor":50.0,"turns":6.0},{"damage":0,"enemies":"Shield and Spear","floor":55,"turns":3},{"damage":0,"enemies":"The Heart","floor":56,"turns":3}],"seed_played":"4411477350072535210","potions_obtained":[{"floor":2.0,"key":"Block Potion"},{"floor":6.0,"key":"FearPotion"},{"floor":8.0,"key":"LiquidMemories"},{"floor":20.0,"key":"CultistPotion"},{"floor":23.0,"key":"champ:CounterPotion"},{"floor":27.0,"key":"Block Potion"},{"floor":29.0,"key":"Swift Potion"},{"floor":35.0,"key":"Strength Potion"},{"floor":40.0,"key":"CultistPotion"},{"floor":45.0,"key":"Block Potion"}],"is_trial":false,"path_per_floor":["M","M","?","M","$","E","?","E","T","?","R","E","M","M","R","B",null,"M","?","M","?","M","E","R","E","T","E","M","M","M","$","R","B",null,"M","?","M","M","?","E","?","E","T","M","E","M","$","M","R","B",null,null,"$","R","E","B",null],"character_chosen":"DOCTOR_CLASS","items_purchased":["SatanicBible","Membership Card","Dota2Spire:EtherealBlade","BelialBook","Dota2Spire:CrimsonGuard"],"campfire_rested":4,"item_purchase_floors":[17,31,31,31,53],"current_hp_per_floor":[69,68,68,68,68,26,26,26,26,31,31,31,28,28,28,28,62,62,51,39,39,31,17,37,23,23,42,44,47,49,49,72,77,70,70,65,67,69,69,70,84,84,84,84,84,84,84,84,84,84,84,84,84,84,84,84],"gold":754,"neow_bonus":"BOSS_RELIC","is_daily":false,"chose_seed":false,"campfire_upgraded":1,"win_rate":0.0,"timestamp":1612282739,"path_taken":["M","M","?","M","$","E","?","E","T","?","R","E","M","M","R","BOSS","M","?","M","?","M","E","R","E","T","E","M","M","?","$","R","BOSS","M","?","M","M","?","E","?","E","T","M","E","M","$","M","R","BOSS","$","R","E","BOSS"],"items_purchased_type":["Relic","Relic","Relic","Relic","Relic"],"build_version":"2020-12-22","purchased_purges":6,"victory":true,"max_hp_per_floor":[72,72,72,72,72,72,72,72,72,77,77,77,77,77,77,77,62,62,67,67,67,67,67,67,67,67,77,77,77,77,77,77,77,70,70,70,70,70,70,70,84,84,84,84,84,84,84,84,84,84,84,84,84,84,84,84],"card_choices":[{"not_picked":["ats:Phantom","ats:Burning Ground"],"picked":"ats:Hook Shot","floor":1.0},{"not_picked":["ats:Revitalization","Bomb","ats:Cat Scratch","ats:Hook Shot"],"picked":"ats:Demon Strength","floor":2.0},{"not_picked":["ats:Guard Mode","ats:Cat Scratch","ats:Explosion Area Strengthen","ats:Healing Strengthening","ats:Poison Spread"],"picked":"SKIP","floor":4.0},{"not_picked":["ats:Cat Scratch","ats:Neurotoxin","ats:Leaping Hammer","Bomb"],"picked":"ats:Mental Burst","floor":6.0},{"not_picked":["ats:Automatic Cover","ats:True Silver Slash","ats:Shell Defense","ats:Flame Of Heaven"],"picked":"ats:Closed Bolt Burst Fire","floor":8.0},{"not_picked":["ats:Hammer On","ats:Explosion Area Strengthen","ats:Hook Shot","ats:Leaping Hammer","ats:Shadow Raid"],"picked":"SKIP","floor":12.0},{"not_picked":["ats:Shadow Raid","ats:Sword Rain","ats:Song Of Battle","ats:Closed Bolt Burst Fire","ats:Consecutive Shot Auto"],"picked":"SKIP","floor":13.0},{"not_picked":["ats:Shadow Raid","ats:Sword Rain","ats:Closed Bolt Burst Fire","ats:Consecutive Shot Auto"],"picked":"ats:Song Of Battle","floor":13.0},{"not_picked":["ats:Shadow Raid","ats:Powerful Strike","ats:Charging Defense","ats:Curse Doll","ats:Hook Shot"],"picked":"SKIP","floor":14.0},{"not_picked":["ats:Fractured Body","ats:Wolf Pack","ats:Shadow Assault","ats:True Silver Slash"],"picked":"ats:Roar Of Ursus","floor":16.0},{"not_picked":["ats:Magnetic Hammer+1","ats:Apocalypse","ats:Counter Healing Mode","ats:Flame Of Heaven+1","ats:Mental Burst"],"picked":"SKIP","floor":18.0},{"not_picked":["ats:Poison Spread+1","ats:Mental Burst","ats:Charging Defense","ats:LN2 Cannon"],"picked":"ats:Shell Defense+1","floor":20.0},{"not_picked":["ats:Explosion Area Strengthen","ats:Healing Drone","ats:Composite Medical Shells+1","ats:Assault Order","ats:Blood Oath"],"picked":"SKIP","floor":22.0},{"not_picked":["ats:Composite Medical Shells+1","ats:Directed Diagnosis","ats:Explosion Area Strengthen","ats:Curse Doll","ats:Powerful Strike"],"picked":"SKIP","floor":23.0},{"not_picked":["ats:Leaping Hammer","ats:Wolf Pack","ats:Durian","ats:Explosion Area Strengthen","ats:Cat Scratch"],"picked":"SKIP","floor":25.0},{"not_picked":["ats:Sword Rain","ats:Serious Mode","ats:Directed Diagnosis+1","ats:Revitalization","ats:Poison Spread"],"picked":"SKIP","floor":27.0},{"not_picked":["ats:Ignite","ats:Curse Doll+1","ats:Healing Strengthening","ats:Phantom","ats:Guard Mode"],"picked":"SKIP","floor":28.0},{"not_picked":["ats:Mental Burst","ats:Counter Healing Mode+1","ats:Leaping Hammer","ats:Absolute Focus"],"picked":"ats:Disruption Kick","floor":29.0},{"not_picked":["ats:Poison Spread","ats:Curse Doll","ats:Sunburst","ats:Revitalization","ats:Charging Defense+1"],"picked":"SKIP","floor":30.0},{"not_picked":["ats:Curse Doll+1","ats:Poison Spread","ats:Counter Healing Mode+1","ats:Closed Bolt Burst Fire"],"picked":"ats:Flexible Camouflage","floor":35.0},{"not_picked":["ats:Revitalization","ats:Assault Order+1","ats:Beaten Up","ats:Hammer On+1","ats:Song Of Battle+1"],"picked":"SKIP","floor":37.0},{"not_picked":["ats:Consecutive Shot Auto+1","ats:Part Time Job","ats:Demon Strength","ats:Flame Of Heaven+1","ats:Poison Spread"],"picked":"SKIP","floor":38.0},{"not_picked":["ats:Song Of Battle+1","ats:Closed Bolt Burst Fire","ats:Shell Defense+1","ats:Guard Mode","ats:Shadow Raid+1"],"picked":"SKIP","floor":40.0},{"not_picked":["ats:Composite Medical Shells","ats:Flexible Camouflage+1","ats:Mental Burst","ats:Ambush","ats:Poison Spread+1"],"picked":"SKIP","floor":42.0},{"not_picked":["ats:Spore Proliferation+1","ats:Ignite+1","ats:Curse Doll","ats:Shell Defense","ats:Leaping Hammer+1"],"picked":"SKIP","floor":44.0},{"not_picked":["ats:Powerful Strike+1","ats:Hammer On","ats:Poison Spread","ats:Sashimi Platter+1"],"picked":"ats:Calcification","floor":45.0},{"not_picked":["ats:Cat Scratch","ats:Directed Diagnosis+1","ats:Guardian Obelisk","ats:Poison Spread+1","ats:Flexible Camouflage"],"picked":"SKIP","floor":46.0},{"not_picked":["ats:Magnetic Hammer+1","ats:Consecutive Shot Auto","ats:Flexible Camouflage","ats:Poison Spread+1","ats:Assault Order+1"],"picked":"SKIP","floor":48.0},{"not_picked":["ats:Cat Scratch","ats:Roar Of Ursus","ats:Collapsing Strike","ats:Thorns","ats:Flexible Camouflage"],"picked":"SKIP","floor":55}],"player_experience":924139,"relics_obtained":[{"floor":1.0,"key":"SynthV:TestCard"},{"floor":1.0,"key":"LetterFromLob"},{"floor":6.0,"key":"ats:Originium"},{"floor":6.0,"key":"Art of War"},{"floor":6.0,"key":"Centennial Puzzle"},{"floor":8.0,"key":"ats:Originium"},{"floor":8.0,"key":"Lantern"},{"floor":8.0,"key":"SecretRecord"},{"floor":12.0,"key":"ats:Originium"},{"floor":12.0,"key":"Boot"},{"floor":12.0,"key":"Dota2Spire:EchoSabre"},{"floor":23.0,"key":"ats:Originium"},{"floor":23.0,"key":"Blood Vial"},{"floor":23.0,"key":"ats:Ability Aura"},{"floor":25.0,"key":"Dota2Spire:BlackKingBar"},{"floor":25.0,"key":"BookofShadows"},{"floor":26.0,"key":"Ccalipers"},{"floor":27.0,"key":"Pear"},{"floor":27.0,"key":"Dota2Spire:OrchidMalevolence"},{"floor":40.0,"key":"testmod-TurbochargingSystem"},{"floor":40.0,"key":"testmod-LifeArmor"},{"floor":41.0,"key":"Mango"},{"floor":42.0,"key":"testmod-Antiphasic"},{"floor":42.0,"key":"Bottled Tornado"},{"floor":43.0,"key":"ats:Military Tradition"},{"floor":45.0,"key":"StrikeDummy"},{"floor":45.0,"key":"HornCleat"},{"floor":55,"key":"DeathBook"},{"floor":55,"key":"Dota2Spire:LotusOrb"}],"event_choices":[{"damage_healed":0.0,"max_hp_gain":0.0,"max_hp_loss":0.0,"gold_gain":0.0,"event_name":"WeMeetAgain","player_choice":"Paid Gold","floor":7.0,"gold_loss":62.0,"damage_taken":0.0,"relics_obtained":["Dota2Spire:HandOfMidas"]},{"damage_healed":0.0,"max_hp_gain":5.0,"max_hp_loss":0.0,"gold_gain":0.0,"event_name":"Big Fish","player_choice":"Donut","floor":10.0,"gold_loss":0.0,"damage_taken":0.0},{"damage_healed":0.0,"max_hp_gain":5.0,"max_hp_loss":0.0,"gold_gain":0.0,"event_name":"Forgotten Altar","player_choice":"Shed Blood","floor":19.0,"gold_loss":0.0,"damage_taken":16.0},{"damage_healed":0.0,"max_hp_gain":0.0,"max_hp_loss":0.0,"gold_gain":0.0,"event_name":"Vampires","player_choice":"Ignored","floor":21.0,"gold_loss":0.0,"damage_taken":0.0},{"damage_healed":0.0,"max_hp_gain":0.0,"max_hp_loss":0.0,"gold_gain":0.0,"event_name":"给自己的盒子","player_choice":"Ignored","floor":39.0,"gold_loss":0.0,"damage_taken":0.0},{"damage_healed":0.0,"max_hp_gain":0.0,"max_hp_loss":0.0,"gold_gain":0.0,"event_name":"MindBloom","player_choice":"Fight","floor":41.0,"gold_loss":0.0,"damage_taken":0.0}],"is_beta":false,"boss_relics":[{"not_picked":["testmod-KeyOfTheVoid","Ectoplasm"],"picked":"Pandora\u0027s Box"},{"not_picked":[]},{"not_picked":["SoulBox","EasyGame_NEW"],"picked":"Fusion Hammer"},{"not_picked":[]}],"items_purged_floors":[5,17,31,34,47,53],"is_endless":false,"potions_floor_spawned":[2,6,8,16,20,23,27,29,35,40,45,48],"ascension_level":3}}