{"host":"fhtkjtn7duh7vk86","time":1612259281,"event":{"mods":["BaseMod","Bestiary","Block Reminder","Colored Map","Colored Powertips","Downfall","Highlight Path","Minty Spire (QoL Compilation)","Relic Sorter","Relic Stats","StSLib","The Cursed","The Hierophant","The Marked"],"gold_per_floor":[99,116,116,566,577,588,668,242,253,253,264,276,76,95,113,113,113],"floor_reached":16,"language":"ENG","playtime":1715,"items_purged":["downfall:Icky"],"score":121,"play_id":"6c6bc240-1b7f-493f-8c60-ec0f2fd83fa7","local_time":"20210202104801","is_ascension_mode":false,"campfire_choices":[{"floor":1,"key":"RECALL"},{"floor":13,"key":"REST"}],"circlet_count":0,"master_deck":["TheCursedMod:Strike_TheCursed","TheCursedMod:Strike_TheCursed","TheCursedMod:Strike_TheCursed","TheCursedMod:Strike_TheCursed","TheCursedMod:Defend_TheCursed","TheCursedMod:Defend_TheCursed","TheCursedMod:Defend_TheCursed","TheCursedMod:Defend_TheCursed","TheCursedMod:CursedWand","TheCursedMod:CleanUpWorkshop","TheCursedMod:Dregs","TheCursedMod:CursedMace","downfall:Icky","downfall:Icky","TheCursedMod:CursedAmulet","TheCursedMod:CircleOfWindfury","TheCursedMod:SurpriseAttack","TheCursedMod:ManaBullet","TheCursedMod:CursedBlade","TheCursedMod:BloodBarrier","TheCursedMod:TacticalStrike","TheCursedMod:SpitefulPray","TheCursedMod:StingEye"],"relics":["TheCursedMod:BlackMagic101","downfall:BrokenWingStatue","Mummified Hand","downfall:HeartBlessingBlue","downfall:HeartBlessingRed"],"acts_visited":["Exordium"],"potions_floor_usage":[15,16],"damage_taken":[{"damage":1,"enemies":"Cultist","floor":2,"turns":3},{"damage":5,"enemies":"Small Slimes","floor":5,"turns":3},{"damage":2,"enemies":"2 Louse","floor":6,"turns":3},{"damage":2,"enemies":"downfall:FleeingMerchant","floor":8,"turns":4},{"damage":6,"enemies":"2 Fungi Beasts","floor":9,"turns":2},{"damage":0,"enemies":"Red Slaver","floor":11,"turns":3},{"damage":7,"enemies":"Exordium Thugs","floor":12,"turns":4},{"damage":13,"enemies":"3 Louse","floor":14,"turns":3},{"damage":0,"enemies":"Large Slime","floor":15,"turns":4},{"damage":132,"enemies":"IC_STATUS_ARCHETYPE","floor":16,"turns":15}],"seed_played":"-2426399155703260915","potions_obtained":[{"floor":5,"key":"FairyPotion"},{"floor":6,"key":"sneckomod:MuddlingPotion"},{"floor":10,"key":"hexamod:SoulburnPotion"}],"is_trial":false,"path_per_floor":["R","M","?","?","M","M","T","$","M","?","M","M","R","M","M","B"],"character_chosen":"THE_CURSED","items_purchased":["TheCursedMod:ManaBullet","Mummified Hand","Weak Potion"],"campfire_rested":1,"item_purchase_floors":[8,8,8],"current_hp_per_floor":[82,81,81,81,76,74,74,72,66,66,66,59,92,79,79,0,0],"gold":113,"neow_bonus":"TEN_PERCENT_HP_BONUS","is_daily":false,"chose_seed":false,"campfire_upgraded":0,"win_rate":0.0,"timestamp":1612259281,"path_taken":["R","M","?","?","M","M","T","$","M","?","M","?","R","M","M","BOSS"],"items_purchased_type":["Card","Relic","Potion"],"build_version":"2020-12-13","purchased_purges":1,"victory":false,"max_hp_per_floor":[82,82,82,82,82,82,82,82,82,82,82,82,92,92,92,92,92],"relic_stats":{"counters":[10,44],"Mummified Hand":[0],"obtain_stats":[{"TheCursedMod:BlackMagic101":0,"downfall:BrokenWingStatue":3,"downfall:HeartBlessingRed":13,"Mummified Hand":8,"downfall:HeartBlessingBlue":13},{"TheCursedMod:BlackMagic101":0,"downfall:BrokenWingStatue":1,"downfall:HeartBlessingRed":7,"Mummified Hand":4,"downfall:HeartBlessingBlue":7},{"TheCursedMod:BlackMagic101":0,"downfall:BrokenWingStatue":3,"downfall:HeartBlessingRed":22,"Mummified Hand":13,"downfall:HeartBlessingBlue":22}]},"card_choices":[{"not_picked":["TheCursedMod:RapidMovement","TheCursedMod:EmpowerCircles"],"picked":"TheCursedMod:CursedMace","floor":2},{"not_picked":["TheCursedMod:CursedShiv","TheCursedMod:WearCloak"],"picked":"TheCursedMod:CursedAmulet","floor":5},{"not_picked":["TheCursedMod:Mangle","TheCursedMod:CircleOfFlame"],"picked":"TheCursedMod:CircleOfWindfury","floor":6},{"not_picked":["TheCursedMod:SpitefulPlan","TheCursedMod:TacticalStrike"],"picked":"TheCursedMod:SurpriseAttack","floor":8},{"not_picked":["TheCursedMod:Obscuration","TheCursedMod:CircleOfAmplification"],"picked":"TheCursedMod:CursedBlade","floor":9},{"not_picked":["TheCursedMod:Mangle","TheCursedMod:Obscuration"],"picked":"TheCursedMod:BloodBarrier","floor":11},{"not_picked":["TheCursedMod:CursedRelics","TheCursedMod:Wield"],"picked":"TheCursedMod:TacticalStrike","floor":12},{"not_picked":["TheCursedMod:Stretching","TheCursedMod:Obscuration"],"picked":"TheCursedMod:SpitefulPray","floor":14},{"not_picked":["TheCursedMod:CursedMace","TheCursedMod:CircleOfWindfury"],"picked":"TheCursedMod:StingEye","floor":15}],"player_experience":54051,"relics_obtained":[],"event_choices":[{"damage_healed":0,"gold_gain":0,"player_choice":"Got Potions","damage_taken":0,"max_hp_gain":0,"max_hp_loss":0,"event_name":"Lab","floor":10,"gold_loss":0}],"is_beta":false,"boss_relics":[],"items_purged_floors":[8],"is_endless":false,"potions_floor_spawned":[5,6,11,14],"killed_by":"IC_STATUS_ARCHETYPE","ascension_level":0}}