{"host":"fflyk188z5ncxlup","time":1612229676,"event":{"mods":["AchievementEnabler","BaseMod","Bestiary","Better Third Choice","Block Reminder","Colored Map","Colored Powertips","DeckTracker","Googly Eyes","Minty Spire (QoL Compilation)","StSLib","SuperFastMode"],"gold_per_floor":[111,121,133,133,153,188,188,213,213,69,81,108,108,126,126,229,229,241,241,251,176,196,196,211,211,211,310,345,364,374,400,400,502,502,517,517,545,560,560,560,589,156,156,156,156],"floor_reached":44,"language":"ENG","playtime":3515,"items_purged":[],"score":733,"play_id":"e90cfa8b-7981-469c-972b-fc53363ffed9","local_time":"20210202103436","daily_mods":["Hoarder","DeadlyEvents"],"is_ascension_mode":true,"campfire_choices":[{"data":"Demon Form","floor":7.0,"key":"SMITH"},{"floor":15.0,"key":"REST"},{"floor":23,"key":"REST"},{"floor":25,"key":"REST"},{"floor":32,"key":"REST"},{"floor":40,"key":"REST"}],"circlet_count":0,"master_deck":["Demon Form+1","Wraith Form v2","Echo Form","DevaForm","Strike_B","Strike_B","Defend_B","Defend_B","Defend_B","Defend_B","Zap","Dualcast","Loop","Loop","Loop","Ball Lightning","Ball Lightning","Ball Lightning","Defragment","Defragment","Defragment","Fasting2","Fasting2","Fasting2","Glacier","Glacier","Glacier","Creative AI","Creative AI","Creative AI","Doom and Gloom+1","Doom and Gloom+1","Doom and Gloom+1","Blizzard+1","Blizzard+1","Blizzard+1","Poisoned Stab+1","Poisoned Stab+1","Poisoned Stab+1","PathToVictory","PathToVictory","PathToVictory","Biased Cognition","Biased Cognition","Biased Cognition","Backstab+1","Backstab+1","Backstab+1","Loop+1","Loop+1","Loop+1"],"relics":["Snecko Eye","Anchor","Question Card","Matryoshka","PrismaticShard","DataDisk","InkBottle","Kunai","Fusion Hammer","MutagenicStrength","Potion Belt","Lantern","Pantograph","Darkstone Periapt","Black Star","Thread and Needle","StrikeDummy","Frozen Egg 2","MawBank","Symbiotic Virus","PreservedInsect","Bottled Tornado","Shovel"],"acts_visited":["Exordium","TheCity","TheBeyond"],"potions_floor_usage":[28,30,31,33],"damage_taken":[{"damage":2.0,"enemies":"Cultist","floor":1.0,"turns":4.0},{"damage":2.0,"enemies":"2 Louse","floor":2.0,"turns":3.0},{"damage":1.0,"enemies":"Small Slimes","floor":3.0,"turns":4.0},{"damage":3.0,"enemies":"3 Louse","floor":5.0,"turns":3.0},{"damage":21.0,"enemies":"3 Sentries","floor":6.0,"turns":5.0},{"damage":15.0,"enemies":"Gremlin Nob","floor":8.0,"turns":4.0},{"damage":11.0,"enemies":"Large Slime","floor":11.0,"turns":4.0},{"damage":7.0,"enemies":"Lagavulin","floor":12.0,"turns":5.0},{"damage":10.0,"enemies":"Looter","floor":14.0,"turns":3.0},{"damage":0.0,"enemies":"The Guardian","floor":16.0,"turns":7.0},{"damage":0.0,"enemies":"3 Byrds","floor":18.0,"turns":6.0},{"damage":6,"enemies":"2 Thieves","floor":20,"turns":3},{"damage":2,"enemies":"Centurion and Healer","floor":22,"turns":14},{"damage":0,"enemies":"Snake Plant","floor":24,"turns":4},{"damage":44,"enemies":"Book of Stabbing","floor":28,"turns":6},{"damage":0,"enemies":"Chosen and Byrds","floor":29,"turns":8},{"damage":3,"enemies":"Centurion and Healer","floor":30,"turns":6},{"damage":11,"enemies":"Gremlin Leader","floor":31,"turns":4},{"damage":28,"enemies":"Automaton","floor":33,"turns":8},{"damage":0,"enemies":"3 Shapes","floor":35,"turns":2},{"damage":42,"enemies":"Giant Head","floor":37,"turns":12},{"damage":0,"enemies":"Orb Walker","floor":38,"turns":3},{"damage":36,"enemies":"Nemesis","floor":41,"turns":7},{"damage":21,"enemies":"4 Shapes","floor":44,"turns":3}],"seed_played":"1342343065437768092","potions_obtained":[{"floor":3.0,"key":"GamblersBrew"},{"floor":6.0,"key":"SkillPotion"},{"floor":11.0,"key":"GamblersBrew"},{"floor":12.0,"key":"LiquidMemories"},{"floor":20,"key":"FocusPotion"},{"floor":29,"key":"ColorlessPotion"},{"floor":31,"key":"FearPotion"},{"floor":33,"key":"Swift Potion"},{"floor":37,"key":"GamblersBrew"},{"floor":38,"key":"GamblersBrew"}],"is_trial":true,"path_per_floor":["M","M","M","?","M","E","R","E","T","$","M","E","T","M","R","B",null,"M","?","M","?","M","R","M","R","T","?","E","M","M","E","R","B",null,"M","?","E","M","T","R","E","$","T","M"],"character_chosen":"DEFECT","items_purchased":["PrismaticShard","Loop+1","PreservedInsect","Bottled Tornado"],"campfire_rested":5,"item_purchase_floors":[10,42,42,42],"current_hp_per_floor":[73,71,70,70,67,46,46,31,31,31,20,13,13,3,25,25,75,75,75,69,69,67,75,75,75,75,75,31,31,28,17,39,36,75,75,75,33,33,33,55,19,19,19,0,0],"gold":156,"neow_bonus":"","is_daily":false,"chose_seed":false,"campfire_upgraded":1,"win_rate":0.0,"timestamp":1612229676,"path_taken":["M","M","M","?","M","E","R","?","T","?","M","E","?","?","R","BOSS","M","?","M","?","?","R","M","R","T","?","?","M","?","E","R","BOSS","M","?","?","?","?","R","E","$","T","M"],"items_purchased_type":["Relic","Card","Relic","Relic"],"build_version":"2020-12-22","purchased_purges":0,"victory":false,"max_hp_per_floor":[75,75,75,75,75,75,75,75,75,75,75,75,75,75,75,75,75,75,75,75,75,75,75,75,75,75,75,75,75,75,75,75,75,75,75,75,75,75,75,75,75,75,75,75,75],"card_choices":[{"not_picked":["Coolheaded","Genetic Algorithm"],"picked":"Loop","floor":1.0},{"not_picked":["Go for the Eyes","Steam","Barrage"],"picked":"SKIP","floor":2.0},{"not_picked":["Leap","Turbo"],"picked":"Ball Lightning","floor":3.0},{"not_picked":["Sweeping Beam","Go for the Eyes","Streamline"],"picked":"SKIP","floor":5.0},{"not_picked":["Undo","Coolheaded","Machine Learning"],"picked":"SKIP","floor":6.0},{"not_picked":["FTL","Barrage"],"picked":"Defragment","floor":8.0},{"not_picked":["EmptyBody","Outmaneuver","All Out Attack"],"picked":"Fasting2","floor":11.0},{"not_picked":["Reprogram","Dagger Throw","Flying Knee","Beam Cell"],"picked":"SKIP","floor":12.0},{"not_picked":["Rebound","Prostrate","JustLucky"],"picked":"Glacier","floor":14.0},{"not_picked":["Brutality","Seek","Echo Form"],"picked":"Creative AI","floor":16.0},{"not_picked":["Pommel Strike","Reinforced Body","Havoc+1","Body Slam"],"picked":"SKIP","floor":18.0},{"not_picked":["Anger","Stack","Warcry+1","EmptyBody+1"],"picked":"SKIP","floor":20},{"not_picked":["Turbo+1","Havoc+1","Conclude","FearNoEvil"],"picked":"SKIP","floor":22},{"not_picked":["Underhanded Strike","Disarm","Heel Hook+1"],"picked":"Doom and Gloom+1","floor":24},{"not_picked":["Brutality","Leap","Thunderclap"],"picked":"Blizzard+1","floor":28},{"not_picked":["Flex","Conserve Battery+1","Prostrate+1","Stack+1"],"picked":"SKIP","floor":29},{"not_picked":["Melter+1","Sweeping Beam+1","Tools of the Trade"],"picked":"Poisoned Stab+1","floor":30},{"not_picked":["Eviscerate","Spot Weakness","Dark Shackles"],"picked":"PathToVictory","floor":31},{"not_picked":["Immolate","Magnetism","Transmutation"],"picked":"Biased Cognition","floor":33},{"not_picked":["Caltrops+1","Halt","PathToVictory","SandsOfTime"],"picked":"SKIP","floor":35},{"not_picked":["Dagger Spray+1","Dropkick+1","Iron Wave","Endless Agony"],"picked":"SKIP","floor":37},{"not_picked":["DeceiveReality","Enlightenment","Dagger Throw","Go for the Eyes+1"],"picked":"SKIP","floor":38},{"not_picked":["Indignation","Leap","Steam Power+1"],"picked":"Backstab+1","floor":41}],"player_experience":417221,"relics_obtained":[{"floor":6.0,"key":"Anchor"},{"floor":8.0,"key":"Question Card"},{"floor":9.0,"key":"Matryoshka"},{"floor":12.0,"key":"DataDisk"},{"floor":13.0,"key":"InkBottle"},{"floor":13.0,"key":"Kunai"},{"floor":26,"key":"Potion Belt"},{"floor":26,"key":"Lantern"},{"floor":28,"key":"Pantograph"},{"floor":31,"key":"Darkstone Periapt"},{"floor":37,"key":"Thread and Needle"},{"floor":37,"key":"StrikeDummy"},{"floor":39,"key":"Frozen Egg 2"},{"floor":41,"key":"MawBank"},{"floor":41,"key":"Symbiotic Virus"},{"floor":43,"key":"Shovel"}],"event_choices":[{"cards_removed":["Strike_B"],"damage_healed":0.0,"max_hp_gain":0.0,"max_hp_loss":0.0,"gold_gain":0.0,"event_name":"Purifier","player_choice":"Purged","floor":4.0,"gold_loss":0.0,"damage_taken":0.0},{"damage_healed":0,"gold_gain":0,"player_choice":"Inject Mutagens","damage_taken":0,"relics_obtained":["MutagenicStrength"],"max_hp_gain":0,"max_hp_loss":0,"event_name":"Drug Dealer","floor":19,"gold_loss":0},{"cards_removed":["Strike_B"],"damage_healed":0,"gold_gain":0,"player_choice":"Gave Gold","damage_taken":0,"max_hp_gain":0,"max_hp_loss":0,"event_name":"Beggar","floor":21,"gold_loss":75},{"damage_healed":0,"gold_gain":99,"player_choice":"Steal","damage_taken":0,"max_hp_gain":0,"max_hp_loss":0,"event_name":"betterThird:BetterNest","floor":27,"gold_loss":0},{"damage_healed":0,"gold_gain":0,"player_choice":"Ignored","damage_taken":0,"max_hp_gain":0,"max_hp_loss":0,"event_name":"NoteForYourself","floor":36,"gold_loss":0}],"is_beta":false,"boss_relics":[{"not_picked":["SacredBark","Velvet Choker"],"picked":"Fusion Hammer"},{"not_picked":["Runic Pyramid","Tiny House"],"picked":"Black Star"}],"items_purged_floors":[],"is_endless":false,"potions_floor_spawned":[3,6,11,12,20,22,29,31,33,37,38],"killed_by":"4 Shapes","ascension_level":1}}