{"host":"d52brwsy6af8zvaq","time":1612287818,"event":{"mods":["AchievementEnabler","BaseMod","Bestiary","Highlight Path","Minty Spire (QoL Compilation)","Quick Restart","Relic Stats","ojb\u0027s Better Paths Mod"],"gold_per_floor":[111,111,129,129,0,0,27,27,73,91,124,139,139,139,139],"floor_reached":14,"language":"ENG","playtime":318,"items_purged":["Strike_G"],"score":196,"play_id":"8838f61e-da60-46bb-b647-f51947db8c59","local_time":"20210202104338","is_ascension_mode":true,"campfire_choices":[{"data":"Riddle With Holes","floor":6.0,"key":"SMITH"},{"data":"Noxious Fumes","floor":8.0,"key":"SMITH"}],"circlet_count":0,"master_deck":["AscendersBane","Strike_G","Strike_G","Strike_G","Strike_G","Defend_G","Defend_G","Defend_G","Defend_G","Defend_G","Survivor","Neutralize","Riddle With Holes+1","Dagger Throw","Prepared","Noxious Fumes+1","Blur+1","Blur"],"relics":["Ring of the Snake","Vajra","Blue Candle","Regal Pillow","StrikeDummy"],"acts_visited":["Exordium"],"potions_floor_usage":[],"damage_taken":[{"damage":6.0,"enemies":"Small Slimes","floor":1.0,"turns":5.0},{"damage":2.0,"enemies":"2 Louse","floor":3.0,"turns":4.0},{"damage":26.0,"enemies":"Gremlin Nob","floor":7.0,"turns":4.0},{"damage":0.0,"enemies":"Jaw Worm","floor":10.0,"turns":3.0},{"damage":13.0,"enemies":"Lagavulin","floor":11.0,"turns":7.0},{"damage":0.0,"enemies":"Looter","floor":12.0,"turns":3.0},{"damage":0,"enemies":"Gremlin Nob","floor":14,"turns":1}],"seed_played":"-4720714214256249354","potions_obtained":[{"floor":3.0,"key":"Regen Potion"},{"floor":10.0,"key":"Dexterity Potion"},{"floor":11.0,"key":"LiquidBronze"}],"is_trial":false,"path_per_floor":["M","?","M","?","$","R","E","R","T","M","E","M","?","E"],"character_chosen":"THE_SILENT","items_purchased":["Prepared"],"campfire_rested":0,"item_purchase_floors":[5],"current_hp_per_floor":[53,53,51,51,51,51,37,37,37,37,24,24,24,24,24],"gold":139,"neow_bonus":"RANDOM_COMMON_RELIC","is_daily":false,"chose_seed":false,"campfire_upgraded":2,"win_rate":0.0,"timestamp":1612287818,"path_taken":["M","?","M","?","$","R","E","R","T","M","E","M","?","E"],"items_purchased_type":["Card"],"build_version":"2020-12-22","purchased_purges":1,"victory":false,"max_hp_per_floor":[66,66,66,66,66,66,66,66,66,66,66,66,66,66,66],"relic_stats":{"Regal Pillow":0,"counters":[7,27],"Blue Candle":[0],"obtain_stats":[{"Regal Pillow":9,"Blue Candle":7,"Vajra":0,"StrikeDummy":11,"Ring of the Snake":0},{"Regal Pillow":3,"Blue Candle":3,"Vajra":0,"StrikeDummy":5,"Ring of the Snake":0},{"Regal Pillow":13,"Blue Candle":13,"Vajra":0,"StrikeDummy":23,"Ring of the Snake":0}],"Ring of the Snake":[14]},"card_choices":[{"not_picked":["Slice","Outmaneuver"],"picked":"Riddle With Holes","floor":1.0},{"not_picked":["Backflip","Acrobatics"],"picked":"Dagger Throw","floor":3.0},{"not_picked":["Poisoned Stab","Expertise"],"picked":"Noxious Fumes","floor":7.0},{"not_picked":["Calculated Gamble","Distraction"],"picked":"Blur","floor":10.0},{"not_picked":["Quick Slash","Doppelganger","Expertise"],"picked":"SKIP","floor":11.0},{"not_picked":["Quick Slash","Choke"],"picked":"Blur","floor":12.0}],"player_experience":2126599,"relics_obtained":[{"floor":7.0,"key":"Blue Candle"},{"floor":9.0,"key":"Regal Pillow"},{"floor":11.0,"key":"StrikeDummy"}],"event_choices":[{"damage_healed":0.0,"max_hp_gain":0.0,"max_hp_loss":0.0,"gold_gain":0.0,"event_name":"Liars Game","player_choice":"Ignored","floor":2.0,"gold_loss":0.0,"damage_taken":0.0},{"damage_healed":0.0,"max_hp_gain":0.0,"max_hp_loss":0.0,"gold_gain":0.0,"event_name":"Shining Light","player_choice":"Ignored","floor":4.0,"gold_loss":0.0,"damage_taken":0.0},{"damage_healed":0.0,"max_hp_gain":0.0,"max_hp_loss":0.0,"gold_gain":0.0,"event_name":"Living Wall","player_choice":"Grow","floor":13.0,"gold_loss":0.0,"damage_taken":0.0,"cards_upgraded":["Blur"]}],"is_beta":false,"boss_relics":[],"items_purged_floors":[5],"is_endless":false,"potions_floor_spawned":[3,10,11],"killed_by":"Gremlin Nob","ascension_level":20}}