{"host":"t6ponz91vunhggr5","time":1612230518,"event":{"mods":["AchievementEnabler","BaseMod","BetterRewards","Colored Powertips","Conspire","Custom Start","Minty Spire (QoL Compilation)","Rare Cards Sparkle","Replay The Spire","StSLib","The Runesmith"],"gold_per_floor":[114,129,90,104,122,155,155,83,83,113,78,95,95,109,109,211,211,230,140,140],"floor_reached":19,"language":"ENG","playtime":1977,"items_purged":[],"score":254,"play_id":"2c904634-f1fd-48c8-b896-ba07e9d14cce","local_time":"20210202014838","is_ascension_mode":false,"campfire_choices":[{"data":"Runesmith:LithiumIon+1","floor":7,"key":"SMITH"},{"floor":15,"key":"DIG"}],"circlet_count":0,"master_deck":["Runesmith:CraftPrismatica+1","Runesmith:HammerThrow+1","Runesmith:HammerThrow+1","Runesmith:CraftIncendium+1","Runesmith:CraftMagma+1","Runesmith:CraftMagma+1","Runesmith:CraftFirestone+1","Runesmith:CraftFirestone+1","Runesmith:Fortify+1","Runesmith:Fortify+1","Runesmith:Fortify+1","Runesmith:ArcReactor+1","Runesmith:Permafrost+1","Runesmith:ReplicatingBarrier+1","Runesmith:Firestorm+1","Runesmith:LithiumIon+2","Runesmith:ElementalConversion+1","Runesmith:CreatorForm+1","Runesmith:StaticCage+1","Runesmith:DuctTape+1"],"relics":["Runesmith:BrokenRuby","Frozen Egg 2","Molten Egg 2","Toxic Egg 2","Quantum Egg","conspire:InfiniteJournal","Replay:Wax Seal","Omamori","StrikeDummy","Regal Pillow","conspire:SlowCooker"],"acts_visited":["Exordium","TheCity"],"potions_floor_usage":[],"damage_taken":[{"damage":1,"enemies":"Cultist","floor":1,"turns":3},{"damage":2,"enemies":"2 Louse","floor":2,"turns":2},{"damage":3,"enemies":"conspire:RoseBush","floor":4,"turns":3},{"damage":12,"enemies":"Large Slime","floor":5,"turns":3},{"damage":0,"enemies":"Gremlin Nob","floor":6,"turns":4},{"damage":4,"enemies":"Replay:BlueRogue","floor":10,"turns":4},{"damage":0,"enemies":"Blue Slaver","floor":12,"turns":1},{"damage":1,"enemies":"Red Slaver","floor":14,"turns":3},{"damage":0,"enemies":"Slime Boss","floor":16,"turns":4},{"damage":33,"enemies":"3 Byrds","floor":18,"turns":4},{"damage":39,"enemies":"2 Thieves","floor":19,"turns":3}],"seed_played":"8144797479162822460","potions_obtained":[{"floor":2,"key":"Fire Potion"},{"floor":5,"key":"Venom Potion"},{"floor":6,"key":"SteroidPotion"}],"is_trial":true,"path_per_floor":["M","M","$","M","M","E","R","$","T","E","?","M","?","M","R","B",null,"M","M"],"character_chosen":"RUNESMITH_CLASS","items_purchased":["Runesmith:LithiumIon+1","Runesmith:Superposition+1"],"campfire_rested":0,"item_purchase_floors":[3,8],"current_hp_per_floor":[69,67,67,64,52,52,52,52,52,48,65,65,65,64,64,64,70,37,0,0],"gold":140,"neow_bonus":"","is_daily":false,"chose_seed":false,"campfire_upgraded":1,"win_rate":0.0,"timestamp":1612230518,"path_taken":["M","M","?","?","M","E","R","$","T","E","?","M","?","M","R","BOSS","M","M"],"items_purchased_type":["Card","Card"],"build_version":"2020-12-22","purchased_purges":0,"victory":false,"max_hp_per_floor":[70,70,70,70,70,70,70,70,70,70,70,70,70,70,70,70,70,70,70,70],"card_choices":[{"not_picked":["Runesmith:CraftMagma+1","Runesmith:Superposition+1","Runesmith:Terraform+1"],"picked":"SKIP","floor":1},{"not_picked":["Runesmith:HeatedChisel+1","Runesmith:HammerThrow+1","Runesmith:CraftObretio+1"],"picked":"SKIP","floor":2},{"not_picked":["Runesmith:ShiftingStrike+1","Runesmith:EnergizedChisel+1","Runesmith:RuneHurl+1"],"picked":"SKIP","floor":4},{"not_picked":["Runesmith:HeatedChisel+1","Runesmith:MakeshiftArmor+1","Runesmith:RuneHurl+1"],"picked":"SKIP","floor":5},{"not_picked":["Runesmith:CraftMagma+1","Runesmith:MetallurgicalResearch+1"],"picked":"Runesmith:ElementalConversion+1","floor":6},{"not_picked":["Runesmith:UnstableHammer+1","Runesmith:EnergizedChisel+1","Runesmith:Augment+1"],"picked":"SKIP","floor":10},{"not_picked":["Runesmith:MakeshiftArmor+1","Runesmith:HeatExchange+1","Runesmith:ShiftingStrike+1"],"picked":"SKIP","floor":12},{"not_picked":["Runesmith:Reinforce+1","Runesmith:FrozenChisel+1"],"picked":"Runesmith:StaticCage+1","floor":14},{"not_picked":["Runesmith:MetallurgicalResearch+1","Runesmith:ReplicatingBarrier+1"],"picked":"Runesmith:DuctTape+1","floor":16},{"not_picked":["Runesmith:LithiumIon+1","Runesmith:HeatExchange+1","Runesmith:ChargedHammer+1"],"picked":"SKIP","floor":18}],"player_experience":126880,"relics_obtained":[{"floor":6,"key":"Replay:Wax Seal"},{"floor":9,"key":"Omamori"},{"floor":10,"key":"StrikeDummy"},{"floor":15,"key":"Regal Pillow"}],"event_choices":[{"damage_healed":17,"gold_gain":0,"player_choice":"Healed","damage_taken":0,"max_hp_gain":0,"max_hp_loss":0,"event_name":"The Cleric","floor":11,"gold_loss":35}],"is_beta":false,"boss_relics":[{"not_picked":["Pandora\u0027s Box","Snecko Eye"],"picked":"conspire:SlowCooker"}],"items_purged_floors":[],"is_endless":false,"potions_floor_spawned":[2,5,6],"killed_by":"2 Thieves","ascension_level":0}}