{"host":"dcj2yvrgcvh5dl2s","time":1612263558,"event":{"mods":["BaseMod","Bestiary","Better Note","Block Reminder","Colored Powertips","Curses Come First","DeckTracker","Minty Spire (QoL Compilation)","Quick Restart","Rare Cards Sparkle","Relic Stats","StSLib"],"gold_per_floor":[118,118,135,135,46,71,71,71,71,81,112,112,187,215,215,215,215],"floor_reached":16,"language":"ENG","playtime":948,"items_purged":[],"score":282,"play_id":"bd80f7ae-134e-450e-a533-67520a4c4f58","local_time":"20210202205918","is_ascension_mode":true,"campfire_choices":[{"data":"Uppercut","floor":8,"key":"SMITH"},{"data":"Thunderclap","floor":12,"key":"SMITH"},{"floor":15,"key":"REST"}],"circlet_count":0,"master_deck":["AscendersBane","Strike_R","Strike_R+1","Strike_R+1","Strike_R","Defend_R","Defend_R","Defend_R","Defend_R","Bash","Shrug It Off","Uppercut+1","Anger","Thunderclap+1"],"relics":["Burning Blood","NeowsBlessing","Blue Candle","TungstenRod","Pantograph","Red Skull","The Courier"],"acts_visited":["Exordium"],"potions_floor_usage":[11,14],"damage_taken":[{"damage":0,"enemies":"2 Louse","floor":1,"turns":1},{"damage":0,"enemies":"Small Slimes","floor":3,"turns":1},{"damage":0,"enemies":"3 Sentries","floor":6,"turns":1},{"damage":3,"enemies":"Cultist","floor":10,"turns":3},{"damage":7,"enemies":"Gremlin Nob","floor":11,"turns":3},{"damage":15,"enemies":"Lagavulin","floor":14,"turns":4},{"damage":76,"enemies":"Slime Boss","floor":16,"turns":11}],"seed_played":"-6991567366450637489","potions_obtained":[{"floor":1,"key":"Strength Potion"},{"floor":6,"key":"Dexterity Potion"},{"floor":10,"key":"Strength Potion"}],"is_trial":false,"path_per_floor":["M","?","M","?","$","E","?","R","T","M","E","R","?","E","R","B"],"character_chosen":"IRONCLAD","items_purchased":["Uppercut"],"campfire_rested":1,"item_purchase_floors":[5],"current_hp_per_floor":[74,63,69,46,46,52,52,52,52,55,54,54,44,35,57,0,0],"gold":215,"neow_bonus":"THREE_ENEMY_KILL","is_daily":false,"chose_seed":false,"campfire_upgraded":2,"win_rate":0.0,"timestamp":1612263558,"path_taken":["M","?","M","?","$","E","?","R","T","?","E","R","?","E","R","BOSS"],"items_purchased_type":["Card"],"build_version":"2020-12-22","purchased_purges":0,"victory":false,"max_hp_per_floor":[75,75,75,75,75,75,75,75,75,75,75,75,75,75,75,75,75],"relic_stats":{"counters":[7,24],"Blue Candle":[1],"Pantograph":18,"obtain_stats":[{"NeowsBlessing":0,"Blue Candle":2,"Pantograph":9,"The Courier":14,"Burning Blood":0,"TungstenRod":6,"Red Skull":11},{"NeowsBlessing":0,"Blue Candle":1,"Pantograph":3,"The Courier":6,"Burning Blood":0,"TungstenRod":3,"Red Skull":5},{"NeowsBlessing":0,"Blue Candle":1,"Pantograph":3,"The Courier":13,"Burning Blood":0,"TungstenRod":3,"Red Skull":9}],"Burning Blood":36,"TungstenRod":12},"card_choices":[{"not_picked":["Reckless Charge","Burning Pact","Wild Strike"],"picked":"SKIP","floor":1},{"not_picked":["Combust","Dual Wield"],"picked":"Shrug It Off","floor":3},{"not_picked":["Second Wind","Perfected Strike","Reckless Charge"],"picked":"SKIP","floor":6},{"not_picked":["Feel No Pain","Perfected Strike"],"picked":"Thunderclap","floor":10},{"not_picked":["Havoc","Iron Wave","Perfected Strike"],"picked":"SKIP","floor":11},{"not_picked":["Anger","Thunderclap","Corruption"],"picked":"SKIP","floor":14}],"player_experience":2324447,"relics_obtained":[{"floor":6,"key":"TungstenRod"},{"floor":9,"key":"Pantograph"},{"floor":11,"key":"Red Skull"},{"floor":14,"key":"The Courier"}],"event_choices":[{"damage_healed":0,"gold_gain":0,"player_choice":"Success","damage_taken":11,"relics_obtained":["Blue Candle"],"max_hp_gain":0,"max_hp_loss":0,"event_name":"Scrap Ooze","floor":2,"gold_loss":0},{"damage_healed":0,"gold_gain":0,"player_choice":"Entered Light","damage_taken":23,"max_hp_gain":0,"max_hp_loss":0,"event_name":"Shining Light","floor":4,"gold_loss":0,"cards_upgraded":["Strike_R","Strike_R"]},{"damage_healed":0,"gold_gain":0,"cards_transformed":["Strike_R"],"player_choice":"Transformed","damage_taken":0,"max_hp_gain":0,"max_hp_loss":0,"event_name":"Transmorgrifier","floor":7,"gold_loss":0,"cards_obtained":["Anger"]},{"damage_healed":0,"gold_gain":75,"player_choice":"Gather Gold","damage_taken":11,"max_hp_gain":0,"max_hp_loss":0,"event_name":"World of Goop","floor":13,"gold_loss":0}],"is_beta":false,"boss_relics":[],"items_purged_floors":[],"is_endless":false,"potions_floor_spawned":[1,6,10],"killed_by":"Slime Boss","ascension_level":20}}