{"host":"minw3mmpo4s8ujtp","time":1612285006,"event":{"mods":["A Magickal Journey","BaseMod","Bestiary","ChefMod","Hermit","Hubris","Jorbs\u0027s Wanderer Trilogy","Minty Spire (QoL Compilation)","Quick Restart","Railgun Mod","Relic Stats","Shade Mod","StSLib","The Animator","The Mystic","The Necromancer","The Runesmith","The Saiyan","TheHero","Treasure Hunter"],"gold_per_floor":[97,109,119,135,152,186,186,201,256,331,349,360,360,360,360,461,461,476,487,487,487],"floor_reached":21,"language":"ENG","playtime":2259,"items_purged":[],"score":210,"play_id":"3b88a86d-e8a5-40fc-991d-486bb977cf6c","local_time":"20210202115646","is_ascension_mode":false,"campfire_choices":[{"floor":7.0,"key":"REST"},{"floor":13.0,"key":"REST"},{"floor":15.0,"key":"REST"}],"circlet_count":0,"master_deck":["Saiyan:SAIYA_Strike","Saiyan:SAIYA_Strike","Saiyan:SAIYA_Strike","Saiyan:SAIYA_Strike","Saiyan:SAIYA_Defend","Saiyan:SAIYA_Defend","Saiyan:SAIYA_Defend","Saiyan:SAIYA_Defend","Saiyan:EnergyBlast","Saiyan:KaioKen","Saiyan:RuthlessBlow","Saiyan:SaiyanHubris","Saiyan:SaiyanHubris","Saiyan:PowerUp","Saiyan:BigBangAttack","Saiyan:Quickening","TH:PixieDust","Saiyan:DragonRadar","Saiyan:KiExplosion","Saiyan:TurtleShell","Saiyan:PlotArmor","TH:TreasureMap","Saiyan:MonkeyTail","CurseOfTheBell","Saiyan:Makankosappo","Saiyan:ConcussiveBlow+1"],"relics":["SaiyanSoul","SaiyanHeart","NeowsBlessing","Question Card","Anchor","Calling Bell","Potion Belt","Letter Opener","hubris:Teleporter"],"acts_visited":["Exordium","TheCity"],"potions_floor_usage":[16,16,16,18],"damage_taken":[{"damage":0.0,"enemies":"Small Slimes","floor":1.0,"turns":1.0},{"damage":0.0,"enemies":"2 Louse","floor":2.0,"turns":1.0},{"damage":0.0,"enemies":"Jaw Worm","floor":3.0,"turns":1.0},{"damage":7.0,"enemies":"Large Slime","floor":4.0,"turns":7.0},{"damage":6.0,"enemies":"3 Louse","floor":5.0,"turns":3.0},{"damage":29.0,"enemies":"Gremlin Nob","floor":6.0,"turns":5.0},{"damage":6.0,"enemies":"2 Fungi Beasts","floor":8.0,"turns":2.0},{"damage":1.0,"enemies":"Blue Slaver","floor":11.0,"turns":4.0},{"damage":6.0,"enemies":"Red Slaver","floor":12.0,"turns":6.0},{"damage":49,"enemies":"The Guardian","floor":16,"turns":13},{"damage":53,"enemies":"Spheric Guardian","floor":18,"turns":11},{"damage":17,"enemies":"Shell Parasite","floor":19,"turns":6}],"seed_played":"7069941230721839735","potions_obtained":[{"floor":1.0,"key":"AttackPotion"},{"floor":3.0,"key":"SteroidPotion"},{"floor":8.0,"key":"FearPotion"},{"floor":16,"key":"Regen Potion"},{"floor":18,"key":"Explosive Potion"}],"is_trial":false,"path_per_floor":["M","M","M","M","M","E","R","M","T","?","M","M","R","?","R","B",null,"M","M","$"],"character_chosen":"SAIYAJIN","items_purchased":[],"campfire_rested":3,"item_purchase_floors":[],"current_hp_per_floor":[60,60,60,54,50,23,42,37,37,26,27,23,44,37,58,9,70,31,14,14,14],"gold":487,"neow_bonus":"THREE_ENEMY_KILL","is_daily":false,"chose_seed":false,"campfire_upgraded":0,"win_rate":0.0,"timestamp":1612285006,"path_taken":["M","M","M","M","M","E","R","M","T","?","M","M","R","?","R","BOSS","M","M","$"],"items_purchased_type":[],"build_version":"2020-12-22","purchased_purges":0,"victory":false,"max_hp_per_floor":[60,60,60,61,63,65,65,66,66,66,68,70,70,70,70,70,70,70,70,70,70],"relic_stats":{"counters":[12,60],"Letter Opener":[10],"Question Card":11,"obtain_stats":[{"Calling Bell":17,"Potion Belt":17,"Anchor":9,"hubris:Teleporter":17,"NeowsBlessing":0,"SaiyanSoul":0,"SaiyanHeart":0,"Letter Opener":17,"Question Card":6},{"Calling Bell":10,"Potion Belt":10,"Anchor":7,"hubris:Teleporter":10,"NeowsBlessing":0,"SaiyanSoul":0,"SaiyanHeart":0,"Letter Opener":10,"Question Card":6},{"Calling Bell":43,"Potion Belt":43,"Anchor":20,"hubris:Teleporter":43,"NeowsBlessing":0,"SaiyanSoul":0,"SaiyanHeart":0,"Letter Opener":43,"Question Card":18}]},"card_choices":[{"not_picked":["Saiyan:AugmentedBlast","Saiyan:PlotArmor"],"picked":"Saiyan:SaiyanHubris","floor":1.0},{"not_picked":["Saiyan:Honing","Saiyan:PowerPole"],"picked":"Saiyan:SaiyanHubris","floor":2.0},{"not_picked":["Saiyan:KameHameHa","Saiyan:Kienzan"],"picked":"Saiyan:PowerUp","floor":3.0},{"not_picked":["Saiyan:PowerUp","Saiyan:RemoveWeights"],"picked":"Saiyan:BigBangAttack","floor":4.0},{"not_picked":["Saiyan:BurningSoul","Saiyan:Reset"],"picked":"Saiyan:Quickening","floor":5.0},{"not_picked":["TH:BikiniMail"],"picked":"TH:PixieDust","floor":6.0},{"not_picked":["Saiyan:DoubleMasenko","Saiyan:PowerPole"],"picked":"Saiyan:DragonRadar","floor":6.0},{"not_picked":["Saiyan:DragonFist","Saiyan:KiStrike","Saiyan:PowerUp"],"picked":"Saiyan:KiExplosion","floor":8.0},{"not_picked":["TH:TreasureMap","TH:ArmorSpikes"],"picked":"TH:CopperCoins","floor":9.0},{"not_picked":["Saiyan:DoubleMasenko","Saiyan:MeteorDash","Saiyan:Scouter"],"picked":"Saiyan:TurtleShell","floor":11.0},{"not_picked":["Saiyan:FingerParry","Saiyan:Honing","Saiyan:DragonRadar"],"picked":"Saiyan:PlotArmor","floor":12.0},{"not_picked":["TH:CopperCoins","TH:EnergyPotion"],"picked":"TH:TreasureMap","floor":16},{"not_picked":["Saiyan:TheBomb","Saiyan:HyperTimeChamber","Saiyan:MajinSeal"],"picked":"Saiyan:MonkeyTail","floor":16},{"not_picked":["Saiyan:ExpandingShockwave","Saiyan:PowerUp","Saiyan:DoubleMasenko"],"picked":"Saiyan:Makankosappo","floor":18},{"not_picked":["Saiyan:TurtleShell","Saiyan:Furor","Saiyan:ReverberatingForce"],"picked":"Saiyan:ConcussiveBlow+1","floor":19}],"player_experience":238425,"relics_obtained":[{"floor":6.0,"key":"Question Card"},{"floor":9.0,"key":"Anchor"},{"floor":17,"key":"Potion Belt"},{"floor":17,"key":"Letter Opener"},{"floor":17,"key":"hubris:Teleporter"}],"event_choices":[{"damage_healed":0.0,"max_hp_gain":0.0,"max_hp_loss":0.0,"gold_gain":75.0,"event_name":"World of Goop","player_choice":"Gather Gold","floor":10.0,"gold_loss":0.0,"damage_taken":11.0},{"cards_removed":["TH:CopperCoins"],"damage_healed":0.0,"max_hp_gain":0.0,"max_hp_loss":0.0,"gold_gain":0.0,"event_name":"Golden Wing","player_choice":"Card Removal","floor":14.0,"gold_loss":0.0,"damage_taken":7.0}],"is_beta":false,"boss_relics":[{"not_picked":["SacredBark","hubris:VirtuousBlindfold"],"picked":"Calling Bell"}],"items_purged_floors":[],"is_endless":false,"potions_floor_spawned":[1,3,8,12,16,18],"ascension_level":0}}