{"host":"xltl1aroowo69o4n","time":1612241890,"event":{"mods":["BaseMod","Colored Map","Colored Powertips","Downfall","Minty Spire (QoL Compilation)","StSLib"],"gold_per_floor":[99,549,17,35,52,72,143,159,213,213,229,244,260,279,298,397,397,197,213,43,57,68,68,68,87,87,36,136,136,155,166,179,283,283,295,307,29,29,26,40,63,78,78,78,89,99,99,99,99],"floor_reached":47,"language":"ENG","playtime":5778,"items_purged":["downfall:Icky","downfall:Icky"],"score":575,"play_id":"e8674bd7-aee0-4400-957d-1c3509022b84","local_time":"20210201235810","is_ascension_mode":false,"campfire_choices":[{"floor":1,"key":"RECALL"},{"data":"expansioncontent:QuickStudy","floor":18,"key":"SMITH"},{"data":"hexamod:FastForward","floor":23,"key":"SMITH"},{"floor":29,"key":"REST"},{"data":"expansioncontent:QuickStudy","floor":35,"key":"SMITH"},{"data":"hexamod:GhostflameInferno","floor":44,"key":"SMITH"}],"circlet_count":0,"master_deck":["hexamod:Strike","hexamod:Strike","hexamod:Strike+1","hexamod:Strike","hexamod:Defend","hexamod:Defend","hexamod:Defend","hexamod:Defend+1","hexamod:Sear","hexamod:Float","downfall:Icky","hexamod:Firestarter","expansioncontent:QuickStudy+1","hexamod:Again","hexamod:HeatCrush+1","hexamod:StepThrough+1","hexamod:SpectersWail","hexamod:Hexaguard+1","hexamod:GhostLash","expansioncontent:QuickStudy+1","hexamod:NightmareStrike","hexamod:InspiringFlames","hexamod:RadiantFlame","hexamod:TimeOfNeed","hexamod:ShieldOfDarkness","hexamod:WildfireWeapon","hexamod:RecurringNightmare","hexamod:NightmareStrike","expansioncontent:QuickStudy+1","hexamod:FastForward+1","hexamod:EmpoweredFlame","hexamod:AdvancingGuard+1","hexamod:SpectersWail","hexamod:SixthSeal","hexamod:Hexaguard+1","hexamod:HeatShield","hexamod:GhostShield","hexamod:GhostLash+1","hexamod:HeatMetal","hexamod:WildfireWeapon","CurseOfTheBell","expansioncontent:YouAreMine","expansioncontent:Chronoboost","hexamod:GhostflameInferno+1","expansioncontent:QuickStudy+1","hexamod:HeatCrush","hexamod:SpectralAdrenaline+1","hexamod:InspiringFlames","hexamod:Hexaguard+1","hexamod:Rewind+1","hexamod:GhostOfSpireFuture","hexamod:StepThrough+1"],"relics":["hexamod:SpiritBrand","Mummified Hand","HornCleat","SlaversCollar","downfall:HeartBlessingBlue","downfall:HeartBlessingRed","DollysMirror","Pocketwatch","Calling Bell","MawBank","Ornamental Fan","Mango","Bronze Scales","Ancient Tea Set","downfall:TeleportStone"],"acts_visited":["Exordium","TheCity","TheBeyond"],"potions_floor_usage":[16,16,33,33,47,47],"damage_taken":[{"damage":5,"enemies":"downfall:FleeingMerchant","floor":3,"turns":4},{"damage":0,"enemies":"Small Slimes","floor":4,"turns":3},{"damage":6,"enemies":"Jaw Worm","floor":5,"turns":4},{"damage":0,"enemies":"2 Louse","floor":6,"turns":4},{"damage":19,"enemies":"Gremlin Gang","floor":8,"turns":5},{"damage":21,"enemies":"Large Slime","floor":11,"turns":6},{"damage":2,"enemies":"Exordium Thugs","floor":12,"turns":3},{"damage":11,"enemies":"Large Slime","floor":13,"turns":5},{"damage":2,"enemies":"2 Fungi Beasts","floor":14,"turns":4},{"damage":9,"enemies":"Gremlin Gang","floor":15,"turns":3},{"damage":29,"enemies":"WA_ARCHETYPE_RETAIN","floor":16,"turns":11},{"damage":0,"enemies":"Chosen","floor":19,"turns":2},{"damage":0,"enemies":"downfall:FleeingMerchant","floor":20,"turns":4},{"damage":3,"enemies":"Spheric Guardian","floor":21,"turns":4},{"damage":0,"enemies":"Snecko","floor":22,"turns":3},{"damage":30,"enemies":"Chosen and Byrds","floor":25,"turns":7},{"damage":0,"enemies":"downfall:FleeingMerchant","floor":27,"turns":4},{"damage":15,"enemies":"Centurion and Healer","floor":30,"turns":8},{"damage":22,"enemies":"Snecko","floor":31,"turns":6},{"damage":0,"enemies":"3 Cultists","floor":32,"turns":5},{"damage":33,"enemies":"SI_MIRROR_ARCHETYPE","floor":33,"turns":10},{"damage":0,"enemies":"downfall:FleeingMerchant","floor":37,"turns":4},{"damage":1,"enemies":"downfall:FleeingMerchant","floor":39,"turns":3},{"damage":0,"enemies":"3 Darklings","floor":40,"turns":3},{"damage":2,"enemies":"3 Shapes","floor":42,"turns":3},{"damage":37,"enemies":"Sphere and 2 Shapes","floor":45,"turns":7},{"damage":13,"enemies":"Spire Growth","floor":46,"turns":5},{"damage":148,"enemies":"IC_BLOCK_ARCHETYPE","floor":47,"turns":4}],"seed_played":"8686610140618123151","potions_obtained":[{"floor":4,"key":"SmokeBomb"},{"floor":6,"key":"Dexterity Potion"},{"floor":11,"key":"champ:CounterPotion"},{"floor":14,"key":"Slimebound:ThreeZeroPotion"},{"floor":21,"key":"Swift Potion"},{"floor":31,"key":"bronze:BurnAndBuffPotion"},{"floor":33,"key":"GamblersBrew"}],"is_trial":false,"path_per_floor":["R","?","$","M","M","M","T","M","T","?","M","M","M","M","M","B",null,"R","M","$","M","M","R","T","M","?","$","?","R","M","M","M","B",null,"R","?","$","?","$","M","T","M","?","R","M","M","B"],"character_chosen":"THE_SPIRIT","items_purchased":["Mummified Hand","expansioncontent:QuickStudy","hexamod:Again","hexamod:HeatCrush","DollysMirror","hexamod:HeatShield","expansioncontent:QuickStudy+1","hexamod:HeatCrush","Bronze Scales","hexamod:InspiringFlames","EssenceOfSteel"],"campfire_rested":1,"item_purchase_floors":[3,3,3,3,20,27,37,37,39,39,39],"current_hp_per_floor":[77,77,72,72,66,66,66,47,47,47,26,24,13,11,2,1,77,87,87,87,84,84,84,84,54,54,54,54,80,65,43,43,10,101,101,96,96,96,95,95,95,93,93,93,56,53,0,0,0],"gold":99,"neow_bonus":"TEN_PERCENT_HP_BONUS","is_daily":false,"chose_seed":false,"campfire_upgraded":4,"win_rate":0.0,"timestamp":1612241890,"path_taken":["R","?","$","M","M","M","T","M","?","?","M","M","M","M","M","BOSS","R","M","$","M","?","R","T","M","?","?","?","R","M","M","M","BOSS","R","?","$","?","$","M","T","M","?","R","?","M","BOSS"],"items_purchased_type":["Relic","Card","Card","Card","Relic","Card","Card","Card","Relic","Card","Potion"],"build_version":"2020-12-13","purchased_purges":2,"victory":false,"max_hp_per_floor":[77,77,77,77,77,77,77,77,77,77,77,77,77,77,77,77,77,87,87,87,87,87,87,87,87,87,87,87,87,87,87,87,87,101,101,101,101,101,101,101,101,101,101,101,101,101,101,101,101],"card_choices":[{"not_picked":["hexamod:ChargedBarrage","hexamod:InspiringFlames"],"picked":"hexamod:Firestarter","floor":3},{"not_picked":["hexamod:GhostLash","hexamod:GhostShield"],"picked":"hexamod:StepThrough","floor":4},{"not_picked":["hexamod:Again","hexamod:GhostLash"],"picked":"hexamod:SpectersWail","floor":5},{"not_picked":["hexamod:BacktrackSmack","hexamod:StepThrough"],"picked":"hexamod:Hexaguard","floor":6},{"not_picked":["hexamod:GhostflameBarrier","hexamod:InspiringFlames"],"picked":"hexamod:GhostLash","floor":8},{"not_picked":["hexamod:ThermalTransfer","hexamod:BurningTouch"],"picked":"hexamod:NightmareStrike","floor":11},{"not_picked":["hexamod:PhantomFireball","hexamod:HeatMetal"],"picked":"hexamod:InspiringFlames","floor":12},{"not_picked":["hexamod:SoulSteal","hexamod:Firestarter"],"picked":"hexamod:RadiantFlame","floor":13},{"not_picked":["hexamod:BacktrackSmack","hexamod:SecondSeal"],"picked":"hexamod:TimeOfNeed","floor":14},{"not_picked":["hexamod:NightmareGuise","hexamod:NightmareStrike"],"picked":"hexamod:ShieldOfDarkness","floor":15},{"not_picked":["hexamod:GhostflameInferno","hexamod:ParanormalForm"],"picked":"hexamod:WildfireWeapon","floor":16},{"not_picked":["hexamod:Firestarter","hexamod:BacktrackSmack"],"picked":"hexamod:RecurringNightmare","floor":19},{"not_picked":["hexamod:Hexaguard","hexamod:ThirdSeal"],"picked":"hexamod:NightmareStrike","floor":20},{"not_picked":["hexamod:GhostLash+1","hexamod:GhostShield+1"],"picked":"hexamod:FastForward","floor":21},{"not_picked":["hexamod:InspiringFlames","hexamod:NightmareGuise"],"picked":"hexamod:EmpoweredFlame","floor":22},{"not_picked":["hexamod:ChargedBarrage+1","hexamod:Incineration+1"],"picked":"hexamod:AdvancingGuard+1","floor":25},{"not_picked":["hexamod:HauntingEcho","hexamod:NightmareStrike"],"picked":"hexamod:Hexaguard+1","floor":27},{"not_picked":["hexamod:HauntingEcho","hexamod:UnlimitedPower"],"picked":"hexamod:GhostShield","floor":30},{"not_picked":["hexamod:NightmareStrike","hexamod:FastForward"],"picked":"hexamod:GhostLash+1","floor":31},{"not_picked":["hexamod:GhostOfSpireFuture","hexamod:Firestarter"],"picked":"hexamod:HeatMetal","floor":32},{"not_picked":["hexamod:SixthSeal","hexamod:ParanormalForm"],"picked":"hexamod:WildfireWeapon","floor":33},{"not_picked":["expansioncontent:LastStand","expansioncontent:PrepareCrush"],"picked":"expansioncontent:YouAreMine","floor":36},{"not_picked":["expansioncontent:LastStand","expansioncontent:PrepareCrush"],"picked":"expansioncontent:Chronoboost","floor":36},{"not_picked":["hexamod:Haunt+1","hexamod:PhantomCloak"],"picked":"hexamod:GhostflameInferno","floor":37},{"not_picked":["hexamod:StepThrough","hexamod:CatchUp"],"picked":"hexamod:SpectralAdrenaline+1","floor":39},{"not_picked":["hexamod:Incineration","hexamod:SpectralAdrenaline"],"picked":"hexamod:Hexaguard+1","floor":40},{"not_picked":["hexamod:HauntingEcho+1","hexamod:SpectersWail"],"picked":"hexamod:Rewind+1","floor":42},{"not_picked":["hexamod:Haunt","hexamod:BacktrackSmack"],"picked":"hexamod:GhostOfSpireFuture","floor":45},{"not_picked":["hexamod:SwordOfDarkness","hexamod:SoulSteal+1"],"picked":"hexamod:StepThrough+1","floor":46}],"player_experience":81554,"relics_obtained":[{"floor":7,"key":"HornCleat"},{"floor":24,"key":"Pocketwatch"},{"floor":34,"key":"MawBank"},{"floor":34,"key":"Ornamental Fan"},{"floor":34,"key":"Mango"},{"floor":41,"key":"Ancient Tea Set"}],"event_choices":[],"is_beta":false,"boss_relics":[{"not_picked":["Tiny House","SacredBark"],"picked":"SlaversCollar"},{"not_picked":["Fusion Hammer","Runic Pyramid"],"picked":"Calling Bell"}],"items_purged_floors":[37,39],"is_endless":false,"potions_floor_spawned":[4,6,11,14,15,21,31,32,33,40,45,46],"killed_by":"IC_BLOCK_ARCHETYPE","ascension_level":0}}