{"host":"q6r63elxu27obe7v","time":1612276562,"event":{"mods":["2.2 Compatiblity","AchievementEnabler","BaseMod","CapriCore","Colored Map","DeckTracker","KOR Keyword Fix","Keyboard Shortcuts","Minty Spire (QoL Compilation)","Permanent Neow","Quick Restart","Replay The Spire","StSLib","SuperFastMode","everything is the same but u backflip on backflip","¡¼?Úª?ø«¡½REMEMod"],"gold_per_floor":[119,132,132,3,3,28,28,64,64,64,87,103,3,0,0,130,130,148,148,161,161,179,210,210,244,319,319,319],"floor_reached":27,"language":"KOR","playtime":3171,"items_purged":["Defend_G","ReplayTheSpireMod:Necrosis"],"score":264,"play_id":"b4c77a75-7c23-4af7-8341-989e6c98aa68","local_time":"20210202233602","is_ascension_mode":true,"campfire_choices":[{"data":"Backflip","floor":7.0,"key":"SMITH"},{"data":"Dagger Spray","floor":15.0,"key":"SMITH"},{"data":"PiercingWail","floor":24,"key":"SMITH"}],"circlet_count":0,"master_deck":["Strike_G","Strike_G+1","Strike_G+1","Defend_G","Defend_G","Defend_G","Survivor","Neutralize","Cloak And Dagger","Hidden Blade","Backflip+1","Blade Dance","ReplayTheSpireMod:Shiv Toss","Footwork+1","After Image","ReplayTheSpireMod:The Works","Dagger Spray+1","A Thousand Cuts","Normality","PiercingWail+1","PiercingWail"],"relics":["Ring of the Serpent","REME_ComplimentaryCards","Golden Idol","Snake Skull","Ring of Fangs","Ring of Misfortune","Nilry\u0027s Codex","Whetstone","Gremlin Food","Replay:Accelerometer"],"acts_visited":["Exordium","TheCity"],"potions_floor_usage":[25,25],"damage_taken":[{"damage":2.0,"enemies":"2 Louse","floor":1.0,"turns":5.0},{"damage":2.0,"enemies":"Jaw Worm","floor":2.0,"turns":6.0},{"damage":0.0,"enemies":"Small Slimes","floor":6.0,"turns":3.0},{"damage":17.0,"enemies":"Replay:BlueRogue","floor":8.0,"turns":9.0},{"damage":0.0,"enemies":"Exordium Thugs","floor":11.0,"turns":7.0},{"damage":0.0,"enemies":"Exordium Wildlife","floor":12.0,"turns":5.0},{"damage":0.0,"enemies":"Looter","floor":14.0,"turns":4.0},{"damage":31.0,"enemies":"The Guardian","floor":16.0,"turns":13.0},{"damage":3,"enemies":"3 Byrds","floor":18,"turns":5},{"damage":0,"enemies":"Chosen","floor":20,"turns":7},{"damage":0,"enemies":"Centurion and Healer","floor":22,"turns":7},{"damage":14,"enemies":"Replay:Snechameleon","floor":23,"turns":11},{"damage":21,"enemies":"Book of Stabbing","floor":25,"turns":11},{"damage":18,"enemies":"3 Cultists","floor":27,"turns":3}],"seed_played":"4280380886711346737","potions_obtained":[{"floor":8.0,"key":"GhostInAJar"},{"floor":16.0,"key":"Fire Potion"},{"floor":18,"key":"Poison Potion"},{"floor":20,"key":"Weak Potion"}],"is_trial":false,"path_per_floor":["M","M","?","$","?","M","R","E","T","?","M","M","$","M","R","B",null,"M","?","M","?","M","E","R","E","T","M"],"character_chosen":"THE_SILENT","items_purchased":["Backflip"],"campfire_rested":0,"item_purchase_floors":[4],"current_hp_per_floor":[68,66,49,49,49,49,49,32,32,32,32,32,32,32,32,1,70,67,67,67,51,51,37,37,16,16,0,0],"gold":319,"neow_bonus":"TRANSFORM_CARD","is_daily":false,"chose_seed":false,"campfire_upgraded":3,"win_rate":0.0,"timestamp":1612276562,"path_taken":["M","M","?","$","?","M","R","E","T","?","M","M","$","M","R","BOSS","M","?","M","?","M","E","R","E","T","?"],"items_purchased_type":["Card"],"build_version":"2020-12-22","purchased_purges":2,"victory":false,"max_hp_per_floor":[70,70,70,70,70,70,70,70,70,70,70,70,70,70,70,70,70,70,70,70,70,70,70,70,70,70,70,70],"card_choices":[{"not_picked":["Flying Knee","Poisoned Stab"],"picked":"Cloak And Dagger","floor":1.0},{"not_picked":["Bane","Prepared"],"picked":"Hidden Blade","floor":2.0},{"not_picked":["Slice","Underhanded Strike"],"picked":"Blade Dance","floor":6.0},{"not_picked":["Replay:Poison Smokescreen","ReplayTheSpireMod:Tripwire"],"picked":"ReplayTheSpireMod:Shiv Toss","floor":8.0},{"not_picked":["Backstab","Concentrate"],"picked":"After Image","floor":11.0},{"not_picked":["Deflect","Bane"],"picked":"ReplayTheSpireMod:The Works","floor":12.0},{"not_picked":["Backflip","ReplayTheSpireMod:Shiv Toss"],"picked":"Dagger Spray","floor":14.0},{"not_picked":["Burst","Envenom"],"picked":"A Thousand Cuts","floor":16.0},{"not_picked":["Poisoned Stab","Deflect","Sneak Up+1"],"picked":"SKIP","floor":18},{"not_picked":["Grand Finale","Expertise","Draining Mist+1"],"picked":"SKIP","floor":20},{"not_picked":["Dodge and Roll","REME_GreenPollution"],"picked":"PiercingWail","floor":22},{"not_picked":["Crippling Poison","ReplayTheSpireMod:Scrap Shanks"],"picked":"PiercingWail","floor":23},{"not_picked":["Blur+1","Heel Hook","Endless Agony"],"picked":"SKIP","floor":25}],"player_experience":103476,"relics_obtained":[{"floor":8.0,"key":"Snake Skull"},{"floor":19,"key":"Ring of Fangs"},{"floor":19,"key":"Ring of Misfortune"},{"floor":21,"key":"Nilry\u0027s Codex"},{"floor":23,"key":"Whetstone"},{"floor":25,"key":"Gremlin Food"},{"floor":26,"key":"Replay:Accelerometer"}],"event_choices":[{"damage_healed":0.0,"max_hp_gain":0.0,"max_hp_loss":0.0,"gold_gain":0.0,"event_name":"Golden Idol","player_choice":"Take Damage","floor":3.0,"gold_loss":0.0,"damage_taken":17.0,"relics_obtained":["Golden Idol"]},{"cards_removed":["Strike_G"],"damage_healed":0.0,"max_hp_gain":0.0,"max_hp_loss":0.0,"gold_gain":0.0,"event_name":"Living Wall","player_choice":"Forget","floor":5.0,"gold_loss":0.0,"damage_taken":0.0},{"damage_healed":0,"gold_gain":0,"player_choice":"Obtained Book","damage_taken":16,"max_hp_gain":0,"max_hp_loss":0,"event_name":"Cursed Tome","floor":21,"gold_loss":0}],"is_beta":false,"boss_relics":[{"not_picked":["Kintsugi","Fusion Hammer"],"picked":"Ring of the Serpent"}],"items_purged_floors":[4,13],"is_endless":false,"potions_floor_spawned":[8,16,18,20],"killed_by":"3 Cultists","ascension_level":1}}