{"host":"bq4pt811tk9yrmjl","time":1612283066,"event":{"mods":["AchievementEnabler","BaseMod","Colored Map","Colored Powertips","Defuse TimeMaze Blight","Hermit","Minty Spire (QoL Compilation)","Smile Girya","StSLib","SuperFastMode"],"gold_per_floor":[115,115,115,135,135,168,168,193,193,212,226,226,226,1,1,121,121,121,121],"floor_reached":18,"language":"ENG","playtime":330,"items_purged":[],"score":194,"play_id":"eb8a0dd3-629e-441e-8eb6-aaa35e590e12","local_time":"20210202142426","is_ascension_mode":true,"campfire_choices":[{"data":"hermit:Covet","floor":7,"key":"SMITH"},{"floor":13,"key":"RECALL"},{"data":"hermit:Brawl","floor":15,"key":"SMITH"}],"circlet_count":0,"master_deck":["hermit:Strike_Hermit","hermit:Strike_Hermit","hermit:Strike_Hermit","hermit:Strike_Hermit","hermit:Defend_Hermit","hermit:Defend_Hermit","hermit:Defend_Hermit+1","hermit:Defend_Hermit","hermit:Snapshot+1","hermit:Covet+1","Injury","hermit:Dive+1","hermit:Vantage+1","hermit:BodyArmor+1","Regret","hermit:Brawl+1","hermit:HeroicBravado+1"],"relics":["hermit:Momento","NeowsBlessing","Golden Idol","Toxic Egg 2","Boot","Blood Vial","Cursed Key"],"acts_visited":["Exordium","TheCity"],"potions_floor_usage":[10,16,18],"damage_taken":[{"damage":0,"enemies":"2 Louse","floor":1,"turns":1},{"damage":0,"enemies":"Small Slimes","floor":4,"turns":1},{"damage":0,"enemies":"Gremlin Nob","floor":6,"turns":1},{"damage":1,"enemies":"Jaw Worm","floor":8,"turns":3},{"damage":4,"enemies":"Exordium Thugs","floor":10,"turns":9},{"damage":0,"enemies":"2 Fungi Beasts","floor":11,"turns":4},{"damage":28,"enemies":"Slime Boss","floor":16,"turns":12},{"damage":28,"enemies":"3 Byrds","floor":18,"turns":5}],"seed_played":"-5264530778427067108","potions_obtained":[{"floor":6,"key":"Swift Potion"},{"floor":10,"key":"hermit:Tonic"},{"floor":16,"key":"BlessingOfTheForge"}],"is_trial":false,"path_per_floor":["M","?","?","M","$","E","R","M","T","M","M","?","R","$","R","B",null,"M"],"character_chosen":"HERMIT","items_purchased":["Blood Vial","hermit:Brawl"],"campfire_rested":0,"item_purchase_floors":[14,14],"current_hp_per_floor":[75,75,60,60,60,60,60,59,59,55,55,55,55,55,55,29,75,47,47],"gold":121,"neow_bonus":"THREE_ENEMY_KILL","is_daily":false,"chose_seed":false,"campfire_upgraded":2,"win_rate":0.0,"timestamp":1612283066,"path_taken":["M","?","?","M","$","E","R","M","T","M","M","?","R","?","R","BOSS","M"],"items_purchased_type":["Relic","Card"],"build_version":"2020-12-22","purchased_purges":0,"victory":false,"max_hp_per_floor":[75,75,75,75,75,75,75,75,75,75,75,75,75,75,75,75,75,75,75],"card_choices":[{"not_picked":["hermit:Dive","hermit:WideOpen","hermit:Desperado"],"picked":"SKIP","floor":1},{"not_picked":["hermit:Coalescence","hermit:Grudge","hermit:HoleUp"],"picked":"SKIP","floor":4},{"not_picked":["hermit:Manifest+1","hermit:Reprieve+1"],"picked":"hermit:Dive+1","floor":6},{"not_picked":["hermit:PistolWhip","hermit:TakeCover+1"],"picked":"hermit:Vantage+1","floor":8},{"not_picked":["hermit:Showdown","hermit:Horror+1"],"picked":"hermit:BodyArmor+1","floor":10},{"not_picked":["hermit:TrackingShot","hermit:LoneWolf+1","hermit:HighCaliber"],"picked":"SKIP","floor":11},{"not_picked":["hermit:FatalDesire","hermit:DeadOrAlive"],"picked":"hermit:HeroicBravado+1","floor":16}],"player_experience":300830,"relics_obtained":[{"floor":6,"key":"Toxic Egg 2"}],"event_choices":[{"damage_healed":0,"gold_gain":0,"player_choice":"Take Wound","damage_taken":0,"relics_obtained":["Golden Idol"],"max_hp_gain":0,"max_hp_loss":0,"event_name":"Golden Idol","floor":2,"gold_loss":0,"cards_obtained":["Injury"]},{"damage_healed":0,"gold_gain":0,"player_choice":"Entered Light","damage_taken":15,"max_hp_gain":0,"max_hp_loss":0,"event_name":"Shining Light","floor":3,"gold_loss":0,"cards_upgraded":["hermit:Snapshot","hermit:Defend_Hermit"]},{"damage_healed":0,"gold_gain":0,"player_choice":"Box","damage_taken":0,"relics_obtained":["Boot"],"max_hp_gain":0,"max_hp_loss":0,"event_name":"Big Fish","floor":12,"gold_loss":0,"cards_obtained":["Regret"]}],"is_beta":false,"boss_relics":[{"not_picked":["Tiny House","Runic Dome"],"picked":"Cursed Key"}],"items_purged_floors":[],"is_endless":false,"potions_floor_spawned":[6,10,16],"killed_by":"3 Byrds","ascension_level":1}}