{"host":"vyjryxuuuxkt43k4","time":1612280092,"event":{"mods":["AchievementEnabler","BaseMod","Colored Map","DeckTracker","Keyboard Shortcuts","Minty Spire (QoL Compilation)","Permanent Neow","Quick Restart","Rare Cards Sparkle","Relic Stats","StSLib","SuperFastMode","everything is the same but u backflip on backflip"],"gold_per_floor":[119,136,150,11,11,11,21,51,51,51,80,80,80,117,117,200,200,219,0,23,23,32,32,42,42,42],"floor_reached":25,"language":"KOR","playtime":1183,"items_purged":[],"score":380,"play_id":"3d60d3a7-0518-41c4-96da-ccb8d682f67d","local_time":"20210203003452","is_ascension_mode":true,"campfire_choices":[{"data":"Neutralize","floor":6.0,"key":"SMITH"},{"floor":10.0,"key":"REST"},{"data":"Acrobatics","floor":13.0,"key":"SMITH"},{"floor":15.0,"key":"REST"},{"data":"Concentrate","floor":23.0,"key":"SMITH"}],"circlet_count":0,"master_deck":["AscendersBane","Strike_G","Strike_G","Strike_G","Strike_G","Defend_G","Defend_G","Defend_G","Defend_G","Defend_G","Survivor","Neutralize+1","Crippling Poison","Dagger Spray","Slice","Grand Finale","Acrobatics+1","Backflip","Venomology","Quick Slash","Acrobatics","Wraith Form v2","Concentrate+1","Expertise"],"relics":["Ring of the Snake","Happy Flower","Snake Skull","InkBottle","CeramicFish","Ginger","SlaversCollar"],"acts_visited":["Exordium","TheCity"],"potions_floor_usage":[25,25],"damage_taken":[{"damage":2.0,"enemies":"2 Louse","floor":1.0,"turns":5.0},{"damage":0.0,"enemies":"Small Slimes","floor":2.0,"turns":4.0},{"damage":0.0,"enemies":"Jaw Worm","floor":3.0,"turns":4.0},{"damage":3.0,"enemies":"Looter","floor":7.0,"turns":3.0},{"damage":20.0,"enemies":"Gremlin Nob","floor":8.0,"turns":4.0},{"damage":0.0,"enemies":"2 Fungi Beasts","floor":11.0,"turns":3.0},{"damage":27.0,"enemies":"Lagavulin","floor":14.0,"turns":8.0},{"damage":27.0,"enemies":"Slime Boss","floor":16.0,"turns":9.0},{"damage":27.0,"enemies":"Spheric Guardian","floor":18.0,"turns":9.0},{"damage":7.0,"enemies":"3 Byrds","floor":20.0,"turns":5.0},{"damage":15.0,"enemies":"3 Cultists","floor":24.0,"turns":6.0},{"damage":10,"enemies":"Snecko","floor":25,"turns":5}],"seed_played":"7764825308721102374","potions_obtained":[{"floor":1.0,"key":"LiquidBronze"},{"floor":8.0,"key":"Block Potion"},{"floor":11.0,"key":"AttackPotion"},{"floor":20.0,"key":"LiquidMemories"},{"floor":24.0,"key":"LiquidBronze"}],"is_trial":false,"path_per_floor":["M","M","M","$","?","R","M","E","T","R","M","?","R","E","R","B",null,"M","?","M","?","?","R","M","M"],"character_chosen":"THE_SILENT","items_purchased":["Grand Finale","Acrobatics"],"campfire_rested":2,"item_purchase_floors":[4,4],"current_hp_per_floor":[57,57,57,57,39,39,36,16,16,35,35,40,40,13,34,7,55,28,28,21,21,21,21,6,0,0],"gold":42,"neow_bonus":"RANDOM_COMMON_RELIC","is_daily":false,"chose_seed":false,"campfire_upgraded":3,"win_rate":0.0,"timestamp":1612280092,"path_taken":["M","M","M","$","?","R","M","E","T","R","M","?","R","E","R","BOSS","M","?","M","?","?","R","M","M"],"items_purchased_type":["Card","Card"],"build_version":"2020-12-22","purchased_purges":0,"victory":false,"max_hp_per_floor":[66,66,66,66,66,66,66,66,66,66,66,71,71,71,71,71,71,71,71,71,71,71,71,71,71,71],"relic_stats":{"Happy Flower":[21],"counters":[12,65],"CeramicFish":45,"Snake Skull":[13],"Ginger":[0],"obtain_stats":[{"SlaversCollar":17,"Happy Flower":0,"CeramicFish":9,"Snake Skull":5,"Ginger":14,"InkBottle":8,"Ring of the Snake":0},{"SlaversCollar":8,"Happy Flower":0,"CeramicFish":5,"Snake Skull":3,"Ginger":7,"InkBottle":5,"Ring of the Snake":0},{"SlaversCollar":40,"Happy Flower":0,"CeramicFish":20,"Snake Skull":13,"Ginger":31,"InkBottle":20,"Ring of the Snake":0}],"InkBottle":[16],"Ring of the Snake":[24]},"card_choices":[{"not_picked":["Blur","Flying Knee"],"picked":"Crippling Poison","floor":1.0},{"not_picked":["Expertise","Well Laid Plans"],"picked":"Dagger Spray","floor":2.0},{"not_picked":["Infinite Blades","Outmaneuver"],"picked":"Slice","floor":3.0},{"not_picked":["Prepared","Blade Dance"],"picked":"Backflip","floor":7.0},{"not_picked":["Predator","Underhanded Strike"],"picked":"Venomology","floor":8.0},{"not_picked":["Dagger Spray","PiercingWail"],"picked":"Quick Slash","floor":11.0},{"not_picked":["Storm of Steel","A Thousand Cuts"],"picked":"Acrobatics","floor":14.0},{"not_picked":["Doppelganger","Burst"],"picked":"Wraith Form v2","floor":16.0},{"not_picked":["Deflect","Flechettes","Leg Sweep"],"picked":"SKIP","floor":18.0},{"not_picked":["Crippling Poison","Flying Knee"],"picked":"Concentrate","floor":20.0},{"not_picked":["Backflip","Flying Knee","Dagger Throw"],"picked":"SKIP","floor":24.0}],"player_experience":634863,"relics_obtained":[{"floor":8.0,"key":"InkBottle"},{"floor":9.0,"key":"CeramicFish"},{"floor":14.0,"key":"Ginger"}],"event_choices":[{"damage_healed":0.0,"max_hp_gain":0.0,"max_hp_loss":0.0,"gold_gain":0.0,"event_name":"Scrap Ooze","player_choice":"Success","floor":5.0,"gold_loss":0.0,"damage_taken":18.0,"relics_obtained":["Snake Skull"]},{"damage_healed":0.0,"max_hp_gain":5.0,"max_hp_loss":0.0,"gold_gain":0.0,"event_name":"Big Fish","player_choice":"Donut","floor":12.0,"gold_loss":0.0,"damage_taken":0.0},{"damage_healed":0.0,"max_hp_gain":0.0,"max_hp_loss":0.0,"gold_gain":0.0,"event_name":"Masked Bandits","player_choice":"Paid Fearfully","floor":19.0,"gold_loss":219.0,"damage_taken":0.0},{"cards_removed":["Strike_G"],"damage_healed":0.0,"max_hp_gain":0.0,"max_hp_loss":0.0,"gold_gain":0.0,"event_name":"Back to Basics","player_choice":"Elegance","floor":21.0,"gold_loss":0.0,"damage_taken":0.0},{"damage_healed":0.0,"max_hp_gain":0.0,"max_hp_loss":0.0,"gold_gain":0.0,"event_name":"The Library","player_choice":"Read","floor":22.0,"gold_loss":0.0,"damage_taken":0.0,"cards_obtained":["Expertise"]}],"is_beta":false,"boss_relics":[{"not_picked":["Fusion Hammer","WristBlade"],"picked":"SlaversCollar"}],"items_purged_floors":[],"is_endless":false,"potions_floor_spawned":[1,8,11,20,24],"killed_by":"Snecko","ascension_level":16}}