{"host":"ox77rn1xcurm2t5a","time":1612305193,"event":{"mods":["2.2 Compatiblity","AchievementEnabler","Act Like it!","Aspiration","BaseMod","Best Route Mod","Better Match","Better Note","Better Sensory Stone","Block Reminder","Colored Map","Colored Powertips","Conjunction","Conspire","Custom Start","Energized Spire","GifTheSpireLib","Gold Saver","Gremlin Skip","Halation","Highlight Path","Hubris","Infinite Spire","Minty Spire (QoL Compilation)","Pale of the Ancients","Quick Restart","Replay The Spire","Reworked Bosses","ShortenTheSpire","Spire Exporter","StSLib","Stuff the Spire","Wandering Minibosses"],"gold_per_floor":[1221,444,369,369,389,418,418,451,478,478,44,57,57,82,82,157,157,174,186,186,186,186,186,221,236,260,260,260],"floor_reached":27,"language":"ENG","playtime":967,"items_purged":["Strike_B","Strike_B"],"score":462,"play_id":"ffda27cf-ac4f-492c-94df-1b00b2b89c03","local_time":"20210203003313","is_ascension_mode":true,"campfire_choices":[{"data":"Creative AI","floor":7.0,"key":"SMITH"},{"floor":13.0,"key":"REST"},{"floor":15.0,"key":"RECALL"},{"data":"Defragment","floor":23,"key":"SMITH"}],"circlet_count":0,"master_deck":["AscendersBane","Strike_B","Defend_B","Defend_B","Defend_B+1","Defend_B","Zap+1","Dualcast","Coolheaded","Ball Lightning","Defragment+1","Conserve Battery","Go for the Eyes","Chill+1","Creative AI+1","Cold Snap","Cold Snap","Capacitor","Gash","Ball Lightning+1"],"relics":["Cracked Core","Vajra","Turnip","aspiration:HiddenCompartment","halation:KoshaPiece","Gremlin Food","Replay:Multitool","hubris:CuriousFeather","halation:PromiseList","The Courier","aspiration:ChemicalBlood"],"acts_visited":["TheCity"],"potions_floor_usage":[24],"damage_taken":[{"damage":3.0,"enemies":"Small Slimes","floor":1.0,"turns":3.0},{"damage":0.0,"enemies":"Cultist","floor":5.0,"turns":3.0},{"damage":27.0,"enemies":"Gremlin Nob","floor":6.0,"turns":5.0},{"damage":0.0,"enemies":"Lagavulin","floor":8.0,"turns":6.0},{"damage":1.0,"enemies":"Jaw Worm","floor":12.0,"turns":3.0},{"damage":2.0,"enemies":"3 Sentries","floor":14.0,"turns":10.0},{"damage":8.0,"enemies":"Slime Boss","floor":16.0,"turns":9.0},{"damage":25,"enemies":"conspire:FuzzyDice","floor":18,"turns":6},{"damage":2,"enemies":"Shell Parasite","floor":19,"turns":6},{"damage":31,"enemies":"Gremlin Leader","floor":24,"turns":10},{"damage":2,"enemies":"Sentry and Sphere","floor":25,"turns":6},{"damage":10,"enemies":"Snake Plant","floor":27,"turns":4}],"seed_played":"-1765741790818692379","potions_obtained":[{"floor":1.0,"key":"Elixir"},{"floor":5.0,"key":"SteroidPotion"},{"floor":6.0,"key":"Energy Potion"},{"floor":18,"key":"Energy Potion"}],"is_trial":false,"path_per_floor":["M","$","?","?","M","E","R","E","T","?","$","M","R","E","R","B",null,"M","M","AVR","?","?","R","E","M","T","M"],"character_chosen":"DEFECT","items_purchased":["Ball Lightning","Defragment","Vajra","Turnip","Conserve Battery","Block Potion","Go for the Eyes","Gremlin Food","Replay:Multitool"],"campfire_rested":1,"item_purchase_floors":[2,2,2,2,2,2,2,11,11],"current_hp_per_floor":[61,61,61,61,61,34,34,34,34,34,34,33,54,52,52,44,64,39,37,37,37,37,37,6,4,4,0,0],"gold":260,"neow_bonus":"UPGRADE_CARD","is_daily":false,"chose_seed":false,"campfire_upgraded":2,"win_rate":0.0,"timestamp":1612305193,"path_taken":["M","$","?","?","?","E","R","E","T","?","$","M","R","E","R","BOSS","M","M","AVR","?","?","R","E","M","T","M"],"items_purchased_type":["Card","Card","Relic","Relic","Card","Potion","Card","Relic","Relic"],"build_version":"2020-12-22","purchased_purges":2,"victory":false,"max_hp_per_floor":[71,71,71,71,71,71,71,71,71,71,71,71,71,71,71,71,71,71,71,71,71,71,71,71,71,71,71,71],"card_choices":[{"not_picked":["Stack","Turbo"],"picked":"Coolheaded","floor":1.0},{"not_picked":["Tempest+1","Force Field+1"],"picked":"Chill+1","floor":3.0},{"not_picked":["Gash","Conserve Battery"],"picked":"Creative AI","floor":5.0},{"not_picked":["FIFO Queue","Go for the Eyes"],"picked":"Cold Snap","floor":6.0},{"not_picked":["Doom and Gloom","Double Energy"],"picked":"Cold Snap","floor":8.0},{"not_picked":["Barrage","Turbo","Steam"],"picked":"SKIP","floor":12.0},{"not_picked":["Leap","Beam Cell","Stack"],"picked":"SKIP","floor":14.0},{"not_picked":["Go for the Eyes","Aggregate+1"],"picked":"Capacitor","floor":18},{"not_picked":["Beam Cell","Conserve Battery"],"picked":"Gash","floor":19},{"not_picked":["Hologram","Turbo","StuffTheSpire:NuclearReactor"],"picked":"SKIP","floor":24},{"not_picked":["Steam","ReplaySort"],"picked":"Ball Lightning+1","floor":25}],"player_experience":2994682,"relics_obtained":[{"floor":6.0,"key":"aspiration:HiddenCompartment"},{"floor":8.0,"key":"halation:KoshaPiece"},{"floor":14.0,"key":"hubris:CuriousFeather"},{"floor":24,"key":"The Courier"},{"floor":26,"key":"aspiration:ChemicalBlood"}],"event_choices":[{"damage_healed":0.0,"max_hp_gain":0.0,"max_hp_loss":0.0,"gold_gain":0.0,"event_name":"betterMatch:BetterMatch","player_choice":"2","floor":3.0,"gold_loss":0.0,"damage_taken":0.0,"cards_obtained":["betterMatch:UncommonCard"]},{"cards_removed":["Strike_B"],"damage_healed":0.0,"max_hp_gain":0.0,"max_hp_loss":0.0,"gold_gain":0.0,"event_name":"Purifier","player_choice":"Purged","floor":4.0,"gold_loss":0.0,"damage_taken":0.0},{"damage_healed":0.0,"max_hp_gain":0.0,"max_hp_loss":0.0,"gold_gain":1.0,"event_name":"betterStone:BetterStone","player_choice":"1","floor":10.0,"gold_loss":0.0,"damage_taken":0.0}],"is_beta":false,"boss_relics":[{"not_picked":["Replay:Bronze Core","Runic Pyramid","Snecko Eye"]}],"items_purged_floors":[2,20],"is_endless":false,"potions_floor_spawned":[1,5,6,18],"killed_by":"Snake Plant","ascension_level":14}}