{"host":"jh7kh5nqtgzr3auj","time":1612249392,"event":{"mods":["AchievementEnabler","Act Like it!","BaseMod","CapriCore","Highlight Path","Minty Spire (QoL Compilation)","Quick Restart","StSLib","TestMod","The Bug Knight"],"gold_per_floor":[113,388,102,102,113,439,455,472,472,492,524,541,58,90,90,189,189,206,222,236,236,636,663,663,663,663,694,694,711,729,760,760,860,860,879,894,905,905,905,905],"floor_reached":39,"language":"ZHS","playtime":2283,"items_purged":["Regret"],"score":898,"play_id":"53a78d4f-a572-4e35-8fea-6435c4e05267","local_time":"20210202150312","is_ascension_mode":true,"campfire_choices":[{"data":"HollowMod:GrimmsGift","floor":15.0,"key":"SMITH"},{"data":"HollowMod:QuirrelsAssistance","floor":24.0,"key":"SMITH"},{"data":"HollowMod:DreamGate","floor":32.0,"key":"SMITH"}],"circlet_count":0,"master_deck":["AscendersBane","HollowMod:NailStrikeStart","HollowMod:NailStrikeStart","HollowMod:NailStrikeStart","HollowMod:QuickDashStart","HollowMod:QuickDashStart","HollowMod:QuickDashStart","HollowMod:QuickDashStart","HollowMod:FocusHealStart","HollowMod:PogoStrike","HollowMod:DashSlash+1","HollowMod:CycloneSlash","HollowMod:HeavyBlow","HollowMod:CornifersMapStart+1","HollowMod:GrimmsGift+1","HollowMod:NewLittleFool","HollowMod:CloakDash","HollowMod:GoodIntentions+1","HollowMod:MantisMark","Flash of Steel","HollowMod:AwokenDreamNail","HollowMod:SoulEater+1","HollowMod:QuirrelsAssistance+1","HollowMod:DashSlash+1","HollowMod:DreamGate+1","HollowMod:DoubleDash+1","HollowMod:LordofShades","HollowMod:MantisMark+1","HollowMod:ShadowDash","HollowMod:FastStrike"],"relics":["HollowMod:VoidIdolRelic","testmod-Maize","NeowsBlessing","testmod-Hope","Old Coin","Pear","Pantograph","Kunai","Omamori","testmod-Prudence","The Courier","testmod-ConstraintPeriapt","Darkstone Periapt","Eternal Feather","Ancient Tea Set","Ice Cream"],"acts_visited":["Exordium","TheCity","TheBeyond"],"potions_floor_usage":[],"damage_taken":[{"damage":0.0,"enemies":"2 Louse","floor":1.0,"turns":1.0},{"damage":0.0,"enemies":"Cultist","floor":5.0,"turns":1.0},{"damage":0.0,"enemies":"Lagavulin","floor":6.0,"turns":1.0},{"damage":0.0,"enemies":"Jaw Worm","floor":7.0,"turns":1.0},{"damage":10.0,"enemies":"Blue Slaver","floor":8.0,"turns":5.0},{"damage":0.0,"enemies":"Large Slime","floor":10.0,"turns":5.0},{"damage":29.0,"enemies":"Gremlin Nob","floor":11.0,"turns":5.0},{"damage":4.0,"enemies":"Gremlin Gang","floor":12.0,"turns":4.0},{"damage":27.0,"enemies":"Lagavulin","floor":14.0,"turns":6.0},{"damage":14.0,"enemies":"Slime Boss","floor":16.0,"turns":11.0},{"damage":2.0,"enemies":"Chosen","floor":18.0,"turns":6.0},{"damage":5.0,"enemies":"3 Byrds","floor":19.0,"turns":3.0},{"damage":26.0,"enemies":"Snake Plant","floor":20.0,"turns":7.0},{"damage":0.0,"enemies":"Slavers","floor":23.0,"turns":1.0},{"damage":32.0,"enemies":"Gremlin Leader","floor":27.0,"turns":4.0},{"damage":15.0,"enemies":"Snecko","floor":29.0,"turns":4.0},{"damage":29.0,"enemies":"Chosen and Byrds","floor":30.0,"turns":8.0},{"damage":6.0,"enemies":"HollowMod:Nosk","floor":31.0,"turns":7.0},{"damage":0.0,"enemies":"Champ","floor":33.0,"turns":1.0},{"damage":12.0,"enemies":"Orb Walker","floor":35.0,"turns":6.0},{"damage":3.0,"enemies":"3 Shapes","floor":36.0,"turns":3.0},{"damage":32,"enemies":"Transient","floor":37,"turns":5},{"damage":64,"enemies":"4 Shapes","floor":39,"turns":6}],"seed_played":"-2429255849830659808","potions_obtained":[{"floor":7.0,"key":"SmokeBomb"},{"floor":8.0,"key":"Block Potion"},{"floor":14.0,"key":"Ancient Potion"},{"floor":19.0,"key":"Energy Potion"},{"floor":23.0,"key":"AttackPotion"},{"floor":31.0,"key":"SteroidPotion"},{"floor":37,"key":"FearPotion"}],"is_trial":false,"path_per_floor":["M","?","$","?","M","E","M","M","T","M","E","M","$","E","R","B",null,"M","M","M","?","?","E","R","T","T","E","?","M","M","E","R","B",null,"M","M","M","?","M"],"character_chosen":"THE_BUGKNIGHT","items_purchased":["HollowMod:DashSlash","testmod-Hope","HollowMod:MantisMark","Kunai","Flash of Steel"],"campfire_rested":0,"item_purchase_floors":[3,3,13,13,13],"current_hp_per_floor":[68,68,68,68,68,68,75,71,81,85,56,52,52,31,31,48,76,84,85,59,59,59,85,85,85,85,85,85,76,53,47,62,85,85,79,82,51,51,0,0],"gold":905,"neow_bonus":"THREE_ENEMY_KILL","is_daily":false,"chose_seed":false,"campfire_upgraded":3,"win_rate":0.0,"timestamp":1612249392,"path_taken":["M","?","?","?","M","E","M","M","T","?","E","M","$","E","R","BOSS","M","?","M","?","?","E","R","?","T","E","?","M","M","E","R","BOSS","M","M","?","?","M"],"items_purchased_type":["Card","Relic","Card","Relic","Card"],"build_version":"2020-12-22","purchased_purges":1,"victory":false,"max_hp_per_floor":[75,75,75,75,75,75,75,75,85,85,85,85,85,85,85,85,85,85,85,85,85,85,85,85,85,85,85,85,85,85,85,85,85,85,85,85,85,85,85,85],"card_choices":[{"not_picked":["HollowMod:WraithStrike","HollowMod:SoulShaman","HollowMod:TaintedHusks"],"picked":"SKIP","floor":1.0},{"not_picked":["HollowMod:VengefulVoid","HollowMod:NewJinnsSoul"],"picked":"HollowMod:CycloneSlash","floor":5.0},{"not_picked":["HollowMod:SoulStrike","HollowMod:MawleksShell"],"picked":"HollowMod:HeavyBlow","floor":6.0},{"not_picked":["HollowMod:InfectedCysts","HollowMod:SoulVessel"],"picked":"HollowMod:CornifersMapStart","floor":7.0},{"not_picked":["HollowMod:SoulStrike","HollowMod:GreatSlash"],"picked":"HollowMod:GrimmsGift","floor":8.0},{"not_picked":["HollowMod:GrimmsGift","HollowMod:CycloneSlash"],"picked":"HollowMod:NewLittleFool","floor":10.0},{"not_picked":["HollowMod:MonarchWings","HollowMod:SoulMaster"],"picked":"HollowMod:CloakDash","floor":11.0},{"not_picked":["HollowMod:HowlingWraiths","HollowMod:SharpenedShadows"],"picked":"HollowMod:GoodIntentions","floor":12.0},{"not_picked":["HollowMod:SoulShaman","HollowMod:DescendingDark","HollowMod:HeavyBlow"],"picked":"SKIP","floor":14.0},{"not_picked":["HollowMod:VoidDash","HollowMod:Weaversong"],"picked":"HollowMod:AwokenDreamNail","floor":16.0},{"not_picked":["HollowMod:SoulEater","HollowMod:WraithStrike","HollowMod:InfectedCysts"],"picked":"SKIP","floor":18.0},{"not_picked":["HollowMod:TaintedHusks","HollowMod:NewGlowingWomb+1"],"picked":"HollowMod:SoulEater+1","floor":19.0},{"not_picked":["HollowMod:CrystalDash","HollowMod:FallenFury"],"picked":"HollowMod:QuirrelsAssistance","floor":20.0},{"not_picked":["HollowMod:NewLittleFool","HollowMod:SharpenedNail"],"picked":"HollowMod:DashSlash+1","floor":23.0},{"not_picked":["HollowMod:InfectedAttack+1","HollowMod:LifebloodCore"],"picked":"HollowMod:DreamGate","floor":27.0},{"not_picked":["HollowMod:CycloneSlash","HollowMod:GreatSlash+1","HollowMod:VengefulVoid"],"picked":"SKIP","floor":29.0},{"not_picked":["HollowMod:FallenFury","HollowMod:SoulStrike"],"picked":"HollowMod:DoubleDash+1","floor":30.0},{"not_picked":["HollowMod:GoodIntentions","HollowMod:DescendingDark","HollowMod:ShadowDash"],"picked":"SKIP","floor":31.0},{"not_picked":["HollowMod:VoidDash","HollowMod:theNailsmith"],"picked":"HollowMod:LordofShades","floor":33.0},{"not_picked":["HollowMod:GoodIntentions+1","HollowMod:CrystalDash"],"picked":"HollowMod:MantisMark+1","floor":35.0},{"not_picked":["HollowMod:DescendingDark","HollowMod:HeavyBlow+1"],"picked":"HollowMod:ShadowDash","floor":36.0},{"not_picked":["HollowMod:NewJinnsSoul+1","HollowMod:VengefulVoid+1"],"picked":"HollowMod:FastStrike","floor":37}],"player_experience":347329,"relics_obtained":[{"floor":6.0,"key":"Old Coin"},{"floor":9.0,"key":"Pear"},{"floor":11.0,"key":"Pantograph"},{"floor":14.0,"key":"Omamori"},{"floor":23.0,"key":"testmod-ConstraintPeriapt"},{"floor":25.0,"key":"Darkstone Periapt"},{"floor":26.0,"key":"Eternal Feather"},{"floor":27.0,"key":"Ancient Tea Set"},{"floor":31.0,"key":"Ice Cream"}],"event_choices":[{"damage_healed":0.0,"max_hp_gain":0.0,"max_hp_loss":0.0,"gold_gain":275.0,"event_name":"Golden Shrine","player_choice":"Desecrate","floor":2.0,"gold_loss":0.0,"damage_taken":0.0,"cards_obtained":["Regret"]},{"damage_healed":0.0,"max_hp_gain":0.0,"max_hp_loss":0.0,"gold_gain":0.0,"event_name":"Upgrade Shrine","player_choice":"Upgraded","floor":4.0,"gold_loss":0.0,"damage_taken":0.0,"cards_upgraded":["HollowMod:DashSlash"]},{"damage_healed":0.0,"max_hp_gain":0.0,"max_hp_loss":0.0,"gold_gain":0.0,"event_name":"Addict","player_choice":"Stole Relic","floor":21.0,"gold_loss":0.0,"damage_taken":0.0,"relics_obtained":["The Courier"],"cards_obtained":["Shame"]},{"damage_healed":0.0,"max_hp_gain":0.0,"max_hp_loss":0.0,"gold_gain":400.0,"event_name":"恩洛斯的盘子","player_choice":"Sell","floor":22.0,"relics_lost":["testmod-TestBox"],"gold_loss":0.0,"damage_taken":0.0},{"cards_removed":["HollowMod:NailStrikeStart"],"damage_healed":0.0,"max_hp_gain":0.0,"max_hp_loss":0.0,"gold_gain":0.0,"event_name":"Bonfire Elementals","player_choice":"Offered Basic","floor":28.0,"gold_loss":0.0,"damage_taken":0.0},{"damage_healed":0,"gold_gain":0,"player_choice":"Swap Relic","damage_taken":0,"relics_obtained":["War Paint"],"max_hp_gain":0,"max_hp_loss":0,"event_name":"给自己的盒子","floor":38,"relics_lost":["War Paint"],"gold_loss":0}],"is_beta":false,"boss_relics":[{"not_picked":["Fusion Hammer","Runic Dome"],"picked":"testmod-Prudence"},{"not_picked":["testmod-Fanaticism","testmod-DeterminationOfClimber"],"picked":"HollowMod:VoidIdolRelic"}],"items_purged_floors":[13],"is_endless":false,"potions_floor_spawned":[7,8,14,19,23,31,37],"killed_by":"4 Shapes","ascension_level":11}}