{"host":"72j3if4hls1tefkc","time":1612237480,"event":{"mods":["AchievementEnabler","Always Whale","Aspiration","BaseMod","Colored Map","Conspire","FetchMod","Halation","Hubris","Infinite Spire","Minty Spire (QoL Compilation)","Reliquary","Replay The Spire","Shop Mod","StSLib","The Construct","The Jungle"],"gold_per_floor":[116,136,150,150,7,33,44,44,121,121,132,132,145,165,165,262,262,282,282,282,300,300,300,325,3,83,83,83,103,103,103,103,204,204,223,223,223,233,80,110,110,139,139,139,139,139,119,138,138,138,138,138,38,67,67],"floor_reached":56,"language":"ENG","playtime":2890,"items_purged":["Strike_R","Doubt","Bash"],"score":1291,"play_id":"5ef99bc3-c1f8-43cb-bcb4-64ad50c0d567","local_time":"20210201204440","is_ascension_mode":false,"campfire_choices":[{"floor":10,"key":"REST"},{"data":"ReplayTheSpireMod:Chaos Vortex","floor":12,"key":"SMITH"},{"data":"Fire Breathing","floor":15,"key":"SMITH"},{"data":"infinitespire:NeuralNetwork","floor":23,"key":"SMITH"},{"data":"Evolve","floor":27,"key":"SMITH"},{"data":"Mayhem","floor":30,"key":"SMITH"},{"floor":32,"key":"REST"},{"data":"infinitespire:UltimateForm","floor":41,"key":"SMITH"},{"floor":46,"key":"RECALL"},{"floor":49,"key":"REST"},{"data":"Pain","floor":52,"key":"PURGE"}],"circlet_count":0,"master_deck":["Strike_R","Defend_R","Defend_R","Defend_R","Flex","Fire Breathing+1","Power Through+1","ReplayTheSpireMod:Chaos Vortex+1","Reckless Charge","Shrug It Off","Shockwave","Juggernaut","Evaluate","infinitespire:NeuralNetwork+1","Pray","Evolve+1","Mayhem+1","DeusExMachina","Clumsy","infinitespire:UltimateForm+1","Purity","Wireheading","Replay:AtTheReady+1","Madness","Madness","Scrawl"],"relics":["Burning Blood","aspiration:Nostalgia","Sizzling Blood","WarpedTongs","King of Hearts","Juzu Bracelet","hubris:KleinBottle","reliquary:PrincelyHelmet","aspiration:WatcherSkillbook","halation:EternalFortune","Orichalcum","Garlic","Turnip","TheAbacus","Kintsugi","halation:LostSnail","reliquary:PorcupineQuills","ReplayTheSpireMod:TigerMarble","Peace Pipe","Vajra"],"acts_visited":["Exordium","theJungle:Jungle","TheBeyond","TheEnding"],"potions_floor_usage":[16,55,55],"damage_taken":[{"damage":6,"enemies":"Jaw Worm","floor":1,"turns":3},{"damage":4,"enemies":"Cultist","floor":2,"turns":4},{"damage":7,"enemies":"Small Slimes","floor":3,"turns":3},{"damage":54,"enemies":"Lagavulin","floor":6,"turns":7},{"damage":7,"enemies":"Exordium Wildlife","floor":7,"turns":4},{"damage":1,"enemies":"Looter","floor":11,"turns":4},{"damage":8,"enemies":"Gremlin Gang","floor":13,"turns":4},{"damage":0,"enemies":"Exordium Wildlife","floor":14,"turns":3},{"damage":4,"enemies":"Hexaghost","floor":16,"turns":9},{"damage":2,"enemies":"theJungle:MUSHROOMGANG","floor":18,"turns":6},{"damage":8,"enemies":"theJungle:5_Spyders","floor":21,"turns":7},{"damage":12,"enemies":"theJungle:2_Phrogs","floor":24,"turns":7},{"damage":3,"enemies":"theJungle:JungleHuntersEncounter","floor":29,"turns":7},{"damage":5,"enemies":"theJungle:TotemBoss","floor":33,"turns":7},{"damage":2,"enemies":"3 Darklings","floor":35,"turns":5},{"damage":3,"enemies":"3 Shapes","floor":38,"turns":5},{"damage":51,"enemies":"Nemesis","floor":40,"turns":9},{"damage":12,"enemies":"conspire:MimicChest","floor":42,"turns":9},{"damage":5,"enemies":"Spire Growth","floor":48,"turns":8},{"damage":21,"enemies":"Donu and Deca","floor":50,"turns":9},{"damage":0,"enemies":"Shield and Spear","floor":54,"turns":8},{"damage":17,"enemies":"The Heart","floor":55,"turns":10}],"seed_played":"5434081637263181342","potions_obtained":[{"floor":2,"key":"GamblersBrew"},{"floor":7,"key":"EntropicBrew"},{"floor":11,"key":"Milkshake"},{"floor":18,"key":"AttackPotion"},{"floor":19,"key":"SmokeBomb"},{"floor":19,"key":"DistilledChaos"},{"floor":19,"key":"Explosive Potion"},{"floor":47,"key":"Cursed Concoction"},{"floor":54,"key":"Energy Potion"}],"is_trial":false,"path_per_floor":["M","M","M","?","$","E","M","$","T","R","M","R","M","M","R","B",null,"M","?","?","M","?","R","E","$","T","R","$","M","R","?","R","B",null,"M","AVR","?","M","$","E","R","?","T","?","?","R","?","M","R","B",null,"R","$","E","B",null],"character_chosen":"IRONCLAD","items_purchased":["King of Hearts","hubris:KleinBottle","Evolve","Mayhem","Turnip","TheAbacus","Wireheading","halation:LostSnail"],"campfire_rested":3,"item_purchase_floors":[5,8,25,25,28,28,39,39],"current_hp_per_floor":[84,84,84,84,84,40,43,24,24,49,58,58,60,70,70,76,84,84,84,62,64,67,67,68,68,68,68,38,45,45,45,72,77,90,90,90,90,90,90,49,49,47,47,47,36,36,36,41,68,57,90,90,90,90,83],"gold":67,"neow_bonus":"NOSTALGIA","is_daily":false,"chose_seed":false,"campfire_upgraded":6,"win_rate":0.0,"timestamp":1612237480,"path_taken":["M","M","M","?","$","E","M","?","T","R","M","R","M","M","R","BOSS","M","?","?","M","?","R","E","?","T","R","?","M","R","?","R","BOSS","M","AVR","?","M","$","E","R","?","T","?","?","R","?","M","R","BOSS","R","$","E","BOSS"],"items_purchased_type":["Relic","Relic","Card","Card","Relic","Relic","Card","Relic"],"build_version":"2020-12-22","purchased_purges":3,"victory":true,"max_hp_per_floor":[84,84,84,84,84,84,84,84,84,84,84,84,84,84,84,84,84,84,84,84,84,87,87,90,90,90,90,90,90,90,90,90,90,90,90,90,90,90,90,90,90,90,90,90,90,90,90,90,90,90,90,90,90,90,90],"card_choices":[{"not_picked":["Sword Boomerang","Clothesline","Havoc"],"picked":"SKIP","floor":1},{"not_picked":["Wild Strike","Shrug It Off"],"picked":"ReplayTheSpireMod:Strike From Hell","floor":2},{"not_picked":["Body Slam","Blood for Blood"],"picked":"Flex","floor":3},{"not_picked":["ReplayReversal","Cleave"],"picked":"Fire Breathing","floor":6},{"not_picked":["Entrench","Replay:Undeath\u0027s Touch"],"picked":"Power Through","floor":7},{"not_picked":["ReplayTheSpireMod:Haul","infinitespire:SealOfDarkness+"],"picked":"ReplayTheSpireMod:Chaos Vortex","floor":8},{"not_picked":["Armaments","Pommel Strike"],"picked":"Reckless Charge","floor":11},{"not_picked":["Havoc","Perfected Strike"],"picked":"Shrug It Off","floor":13},{"not_picked":["Clash","Run Through"],"picked":"Shockwave","floor":14},{"not_picked":["conspire:HitWhereItHurts","Reaper"],"picked":"Juggernaut","floor":16},{"not_picked":["Crescendo","Anger","Wild Strike"],"picked":"Evaluate","floor":18},{"not_picked":["infinitespire:DeathsTouch","infinitespire:FutureSight"],"picked":"infinitespire:NeuralNetwork","floor":20},{"not_picked":["SignatureMove","Armaments","Perfected Strike","Crescendo"],"picked":"SKIP","floor":21},{"not_picked":["Clothesline","conspire:HitWhereItHurts","FlyingSleeves"],"picked":"Pray","floor":24},{"not_picked":["Run Through","Crescendo","PathToVictory+1","Consecrate"],"picked":"SKIP","floor":29},{"not_picked":["Berserk","Reaper","Immolate"],"picked":"DeusExMachina","floor":33},{"not_picked":["Shrug It Off","Fasting2+1","EmptyBody","DeceiveReality+1"],"picked":"SKIP","floor":35},{"not_picked":["Enlightenment","Finesse","Deep Breath"],"picked":"Purity","floor":37},{"not_picked":["ReplayTheSpireMod:Strike From Hell+1","Sword Boomerang+1","FollowUp","SignatureMove+1"],"picked":"SKIP","floor":38},{"not_picked":["Ghostly Armor","WaveOfTheHand","True Grit","Disarm"],"picked":"SKIP","floor":40},{"not_picked":["Cleave+1","Burning Pact","hubris:ReadiedAction"],"picked":"Replay:AtTheReady+1","floor":42},{"not_picked":["ReplayTheSpireMod:Strike From Hell","hubris:StunningStrike","Sever Soul","Run Through"],"picked":"SKIP","floor":48},{"not_picked":["FlurryOfBlows","ReplayTheSpireMod:Strike From Hell+1","Armaments"],"picked":"Scrawl","floor":54}],"player_experience":331101,"relics_obtained":[{"floor":6,"key":"Juzu Bracelet"},{"floor":9,"key":"reliquary:PrincelyHelmet"},{"floor":24,"key":"halation:EternalFortune"},{"floor":24,"key":"Orichalcum"},{"floor":26,"key":"Garlic"},{"floor":40,"key":"reliquary:PorcupineQuills"},{"floor":42,"key":"ReplayTheSpireMod:TigerMarble"},{"floor":54,"key":"Vajra"}],"event_choices":[{"damage_healed":0,"gold_gain":0,"player_choice":"Rummage","damage_taken":0,"relics_obtained":["WarpedTongs"],"max_hp_gain":0,"max_hp_loss":0,"event_name":"Accursed Blacksmith","floor":4,"gold_loss":0,"cards_obtained":["Pain"]},{"damage_healed":0,"gold_gain":0,"player_choice":"Got Potions","damage_taken":0,"max_hp_gain":0,"max_hp_loss":0,"event_name":"Lab","floor":19,"gold_loss":0},{"damage_healed":0,"gold_gain":0,"player_choice":"Memory 1","damage_taken":0,"max_hp_gain":0,"max_hp_loss":0,"event_name":"SensoryStone","floor":37,"gold_loss":0},{"damage_healed":0,"gold_gain":0,"player_choice":"Gave Potion","damage_taken":0,"relics_obtained":["Peace Pipe"],"max_hp_gain":0,"max_hp_loss":0,"event_name":"WeMeetAgain","floor":44,"gold_loss":0},{"damage_healed":0,"gold_gain":0,"player_choice":"Embrace Madness","damage_taken":11,"max_hp_gain":0,"max_hp_loss":0,"event_name":"Winding Halls","floor":45,"gold_loss":0,"cards_obtained":["Madness","Madness"]},{"damage_healed":0,"gold_gain":0,"player_choice":"Bought 1 Potion","damage_taken":0,"max_hp_gain":0,"max_hp_loss":0,"event_name":"The Woman in Blue","floor":47,"gold_loss":0}],"is_beta":false,"boss_relics":[{"not_picked":["hubris:GrandSneckoEye","Coffee Dripper"],"picked":"aspiration:WatcherSkillbook"},{"not_picked":["Runic Pyramid","hubris:RunicObelisk"],"picked":"Kintsugi"}],"items_purged_floors":[25,36,53],"is_endless":false,"potions_floor_spawned":[2,7,11,18,29,38,42,54],"ascension_level":0}}