{"host":"6bsan6hkua32tfq7","time":1612237854,"event":{"mods":["BaseMod","Better Third Choice","Colored Map","Highlight Path","Minty Spire (QoL Compilation)","StSLib"],"gold_per_floor":[114,114,50,50,70,70,85,104,152,175,175,216,216,287,287,377,377,401,228,241,241,141,141,164,164,188,208,208,226,242,242,242],"floor_reached":31,"language":"ENG","playtime":826,"items_purged":["Strike_G","Strike_G"],"score":470,"play_id":"b9ed7fda-323b-4994-888d-b9994a09e96f","local_time":"20210202045054","is_ascension_mode":true,"campfire_choices":[{"floor":6.0,"key":"DIG"},{"floor":11.0,"key":"DIG"},{"floor":15.0,"key":"DIG"},{"floor":23,"key":"DIG"},{"floor":25,"key":"DIG"},{"floor":28,"key":"REST"}],"circlet_count":0,"master_deck":["AscendersBane","Strike_G","Strike_G","Strike_G","Defend_G","Defend_G","Defend_G+1","Defend_G","Survivor+1","Neutralize","Slice","Eviscerate","Dagger Throw","Wraith Form v2","Deflect","All Out Attack","Tools of the Trade","Prepared","Flash of Steel","Flying Knee+1"],"relics":["Ring of the Snake","Shovel","betterThird:SlimedRelic","Golden Idol","Bag of Preparation","Art of War","Mercury Hourglass","Shuriken","Bottled Flame","Question Card","Sozu","Peace Pipe","War Paint","MealTicket","Omamori"],"acts_visited":["Exordium","TheCity"],"potions_floor_usage":[16,16],"damage_taken":[{"damage":9.0,"enemies":"Jaw Worm","floor":1.0,"turns":9.0},{"damage":1.0,"enemies":"Small Slimes","floor":5.0,"turns":5.0},{"damage":0.0,"enemies":"Cultist","floor":7.0,"turns":3.0},{"damage":3.0,"enemies":"Looter","floor":8.0,"turns":3.0},{"damage":4.0,"enemies":"2 Fungi Beasts","floor":10.0,"turns":3.0},{"damage":12.0,"enemies":"3 Sentries","floor":12.0,"turns":6.0},{"damage":11,"enemies":"The Guardian","floor":16,"turns":10},{"damage":22,"enemies":"Spheric Guardian","floor":18,"turns":4},{"damage":0,"enemies":"3 Byrds","floor":20,"turns":5},{"damage":15,"enemies":"Snake Plant","floor":27,"turns":5},{"damage":26,"enemies":"Shelled Parasite and Fungi","floor":29,"turns":6},{"damage":5,"enemies":"3 Cultists","floor":30,"turns":5},{"damage":15,"enemies":"Colosseum Slavers","floor":31,"turns":4}],"seed_played":"-651770933600355344","potions_obtained":[{"floor":5.0,"key":"Ancient Potion"},{"floor":10.0,"key":"SmokeBomb"},{"floor":12.0,"key":"SteroidPotion"}],"is_trial":false,"path_per_floor":["M","?","?","?","M","R","M","M","T","M","R","E","?","T","R","B",null,"M","$","M","?","$","R","T","R","T","M","R","M","M","?"],"character_chosen":"THE_SILENT","items_purchased":["Flash of Steel"],"campfire_rested":1,"item_purchase_floors":[19],"current_hp_per_floor":[50,50,39,39,38,38,38,35,35,31,31,19,19,19,19,8,43,21,21,21,32,32,32,32,32,32,17,33,7,2,0,0],"gold":242,"neow_bonus":"ONE_RARE_RELIC","is_daily":false,"chose_seed":false,"campfire_upgraded":0,"win_rate":0.0,"timestamp":1612237854,"path_taken":["M","?","?","?","M","R","M","M","T","?","R","E","?","?","R","BOSS","M","$","M","?","$","R","?","R","T","?","R","M","M","?"],"items_purchased_type":["Card"],"build_version":"2020-12-22","purchased_purges":2,"victory":false,"max_hp_per_floor":[60,60,60,54,54,54,54,54,54,54,54,54,54,54,54,54,54,54,54,54,54,54,54,54,54,54,54,54,54,54,54,54],"card_choices":[{"not_picked":["Sucker Punch","PiercingWail"],"picked":"Slice","floor":1.0},{"not_picked":["Prepared","Calculated Gamble"],"picked":"Eviscerate","floor":5.0},{"not_picked":["Deflect","Dagger Spray"],"picked":"Dagger Throw","floor":7.0},{"not_picked":["Dodge and Roll","Acrobatics"],"picked":"Wraith Form v2","floor":8.0},{"not_picked":["Bane","Sucker Punch"],"picked":"Deflect","floor":10.0},{"not_picked":["Calculated Gamble","Eviscerate"],"picked":"All Out Attack","floor":12.0},{"not_picked":["Venomology","A Thousand Cuts","Malaise"],"picked":"Tools of the Trade","floor":16},{"not_picked":["Accuracy","Tactician","Prepared","Bane"],"picked":"SKIP","floor":18},{"not_picked":["Accuracy","Tactician","Bane"],"picked":"Prepared","floor":18},{"not_picked":["Distraction","Caltrops+1","Dodge and Roll"],"picked":"Flying Knee+1","floor":20},{"not_picked":["Poisoned Stab","Underhanded Strike","Choke","Heel Hook"],"picked":"SKIP","floor":27},{"not_picked":["Masterful Stab+1","Acrobatics","Deflect","Underhanded Strike"],"picked":"SKIP","floor":29},{"not_picked":["All Out Attack","Catalyst","Sucker Punch","Heel Hook+1"],"picked":"SKIP","floor":30}],"player_experience":5365266,"relics_obtained":[{"floor":6.0,"key":"Bag of Preparation"},{"floor":9.0,"key":"Art of War"},{"floor":11.0,"key":"Mercury Hourglass"},{"floor":12.0,"key":"Shuriken"},{"floor":14.0,"key":"Bottled Flame"},{"floor":15.0,"key":"Question Card"},{"floor":23,"key":"Peace Pipe"},{"floor":24,"key":"War Paint"},{"floor":25,"key":"MealTicket"},{"floor":26,"key":"Omamori"}],"event_choices":[{"damage_healed":0.0,"max_hp_gain":0.0,"max_hp_loss":0.0,"gold_gain":0.0,"event_name":"betterThird:BetterSerpent","player_choice":"Ignored","floor":2.0,"gold_loss":0.0,"damage_taken":114.0},{"damage_healed":0.0,"max_hp_gain":0.0,"max_hp_loss":0.0,"gold_gain":0.0,"event_name":"betterThird:BetterGoop","player_choice":"Slimed","floor":3.0,"gold_loss":64.0,"damage_taken":11.0},{"damage_healed":0.0,"max_hp_gain":0.0,"max_hp_loss":6.0,"gold_gain":0.0,"event_name":"Golden Idol","player_choice":"Lose Max HP","floor":4.0,"gold_loss":0.0,"damage_taken":0.0,"relics_obtained":["Golden Idol"]},{"cards_removed":["Defend_G"],"damage_healed":0.0,"max_hp_gain":0.0,"max_hp_loss":0.0,"gold_gain":0.0,"event_name":"Living Wall","player_choice":"Forget","floor":13.0,"gold_loss":0.0,"damage_taken":0.0},{"damage_healed":11,"gold_gain":0,"player_choice":"Heal","damage_taken":0,"max_hp_gain":0,"max_hp_loss":0,"event_name":"The Library","floor":21,"gold_loss":0},{"damage_healed":0,"gold_gain":0,"player_choice":"Fight","damage_taken":0,"max_hp_gain":0,"max_hp_loss":0,"event_name":"Colosseum","floor":31,"gold_loss":0}],"is_beta":false,"boss_relics":[{"not_picked":["Philosopher\u0027s Stone","Pandora\u0027s Box"],"picked":"Sozu"}],"items_purged_floors":[19,22],"is_endless":false,"potions_floor_spawned":[5,10,12,20,29],"killed_by":"Colosseum Slavers","ascension_level":20}}