{"host":"h2977v3ax51ohsow","time":1612247224,"event":{"mods":["Act Like it!","BaseMod","Colored Powertips","Koishi","Lobotomy","Marisa£®ÏF”Í°°ƒß¿Ì…≥£©","Minty Spire (QoL Compilation)","Reimu£®≤©¿ˆ¡È√Œ£©","Remilia£®¿Ÿ√◊¿Ú—«£©","StSLib","The Servant 0.9.4"],"gold_per_floor":[118,137,67,81,81,109,123,123,149,149,1,1,0,0,0,0,0],"floor_reached":16,"language":"ZHS","playtime":698,"items_purged":[],"score":98,"play_id":"b9749ea9-0388-4741-ba93-6ae1b1c65c76","local_time":"20210202142704","is_ascension_mode":false,"campfire_choices":[],"circlet_count":0,"master_deck":["SpecialBullet","SpecialBullet","SpecialBullet","SpecialBullet","SpecialBullet","SpecialBullet","SpecialBullet","SpecialBullet","ExtractionCode","TrainingCode","ControlCode","Wingbeat","BearPaw","CUTE","FeatherOfHonor","Heaven","Beak","Amita","Ecstasy","SwordSharpenedByTears","WelfareCode","Justitia","SecurityCode","RecordCode"],"relics":["Philosopher\u0027s Stone","Bag of Marbles","RuthlessExorcism:ReiMu"],"acts_visited":["Exordium"],"potions_floor_usage":[6,16,16,16,16],"damage_taken":[{"damage":8,"enemies":"2 Louse","floor":1,"turns":3},{"damage":0,"enemies":"Cultist","floor":2,"turns":2},{"damage":0,"enemies":"Jaw Worm","floor":4,"turns":2},{"damage":14,"enemies":"3 Sentries","floor":6,"turns":5},{"damage":12,"enemies":"Looter","floor":7,"turns":3},{"damage":47,"enemies":"The Guardian","floor":16,"turns":7}],"seed_played":"-2608268287161711658","potions_obtained":[{"floor":2,"key":"GamblersBrew"},{"floor":4,"key":"AttackPotion"},{"floor":6,"key":"EntropicBrew"},{"floor":7,"key":"Ancient Potion"}],"is_trial":false,"path_per_floor":["M","M","$","M","?","E","M","R","T","R","$","R","?","$","R","B"],"character_chosen":"Angela","items_purchased":["FeatherOfHonor","Justitia"],"campfire_rested":0,"item_purchase_floors":[3,11],"current_hp_per_floor":[62,62,62,62,70,56,44,44,44,44,44,44,44,44,44,0,0],"gold":0,"neow_bonus":"BOSS_RELIC","is_daily":false,"chose_seed":false,"campfire_upgraded":0,"win_rate":0.0,"timestamp":1612247224,"path_taken":["M","M","$","M","?","E","M","R","T","R","?","R","?","?","R","BOSS"],"items_purchased_type":["Card","Card"],"build_version":"2020-12-22","purchased_purges":0,"victory":false,"max_hp_per_floor":[70,70,70,70,70,70,70,70,70,70,70,70,70,70,70,70,70],"card_choices":[{"not_picked":["RedEyes"],"picked":"Wingbeat","floor":1},{"not_picked":["SolemnVow"],"picked":"Gaze","floor":1},{"not_picked":["Tough"],"picked":"BearPaw","floor":2},{"not_picked":["Gaze"],"picked":"CUTE","floor":2},{"not_picked":["Loneliness"],"picked":"Heaven","floor":4},{"not_picked":["Regret_ego"],"picked":"Beak","floor":4},{"not_picked":["BearPaw"],"picked":"Amita","floor":6},{"not_picked":["Lantern","RapturousDream"],"picked":"SKIP","floor":6},{"not_picked":["CherryBlossom"],"picked":"Ecstasy","floor":7},{"not_picked":["SomewhereSpear"],"picked":"SwordSharpenedByTears","floor":7}],"player_experience":116326,"relics_obtained":[{"floor":6,"key":"Bag of Marbles"},{"floor":9,"key":"RuthlessExorcism:ReiMu"}],"event_choices":[{"cards_removed":["Gaze"],"damage_healed":8,"gold_gain":0,"player_choice":"Offered Uncommon","damage_taken":0,"max_hp_gain":0,"max_hp_loss":0,"event_name":"Bonfire Elementals","floor":5,"gold_loss":0},{"damage_healed":0,"gold_gain":0,"player_choice":"Left Gold","damage_taken":0,"max_hp_gain":0,"max_hp_loss":0,"event_name":"World of Goop","floor":13,"gold_loss":1}],"is_beta":false,"boss_relics":[],"items_purged_floors":[],"is_endless":false,"potions_floor_spawned":[2,4,6,7],"killed_by":"The Guardian","ascension_level":0}}