{"host":"eebsr5bfap1y39p2","time":1612235593,"event":{"mods":["AchievementEnabler","BaseMod","Colored Map","Minty Spire (QoL Compilation)","StSLib","SuperFastMode"],"gold_per_floor":[114,129,129,129,129,158,158,176,199,214,228,254,268,268,268,397,460,475,400,136,136,9,40,40,53,53,3,23,23,43,64,64,64,64],"floor_reached":33,"language":"KOR","playtime":801,"items_purged":["Strike_P","Strike_P"],"score":515,"play_id":"647dac50-8723-4575-80cf-c3d8831e19ca","local_time":"20210201221313","is_ascension_mode":true,"campfire_choices":[{"data":"Eruption","floor":7.0,"key":"SMITH"},{"floor":15.0,"key":"REST"},{"data":"Tantrum","floor":32.0,"key":"SMITH"}],"circlet_count":0,"master_deck":["Strike_P","Strike_P","Defend_P+1","Defend_P","Defend_P","Eruption+1","Vigilance","FlurryOfBlows","Tantrum+1","ClearTheMind+1"],"relics":["PureWater","NeowsBlessing","Pocketwatch","Meat on the Bone","Centennial Puzzle","Damaru","Juzu Bracelet","Golden Idol","Tiny House","Membership Card","Oddly Smooth Stone","MutagenicStrength","Singing Bowl","Bronze Scales","Blood Vial","Bottled Flame"],"acts_visited":["Exordium","TheCity"],"potions_floor_usage":[],"damage_taken":[{"damage":0.0,"enemies":"Cultist","floor":1.0,"turns":1.0},{"damage":0.0,"enemies":"Small Slimes","floor":2.0,"turns":1.0},{"damage":0.0,"enemies":"3 Sentries","floor":6.0,"turns":1.0},{"damage":2.0,"enemies":"Jaw Worm","floor":8.0,"turns":2.0},{"damage":6.0,"enemies":"Exordium Wildlife","floor":10.0,"turns":4.0},{"damage":6.0,"enemies":"3 Louse","floor":11.0,"turns":2.0},{"damage":0.0,"enemies":"Gremlin Nob","floor":12.0,"turns":2.0},{"damage":0.0,"enemies":"2 Fungi Beasts","floor":13.0,"turns":2.0},{"damage":0.0,"enemies":"Slime Boss","floor":16.0,"turns":5.0},{"damage":4.0,"enemies":"3 Byrds","floor":18.0,"turns":4.0},{"damage":15.0,"enemies":"Gremlin Leader","floor":23.0,"turns":5.0},{"damage":16.0,"enemies":"2 Thieves","floor":25.0,"turns":2.0},{"damage":8.0,"enemies":"3 Cultists","floor":28.0,"turns":4.0},{"damage":0.0,"enemies":"Chosen and Byrds","floor":30.0,"turns":4.0},{"damage":0.0,"enemies":"Centurion and Healer","floor":31.0,"turns":3.0},{"damage":85,"enemies":"Champ","floor":33,"turns":9}],"seed_played":"3803060047390957499","potions_obtained":[{"floor":1.0,"key":"SpeedPotion"},{"floor":10.0,"key":"FearPotion"},{"floor":11.0,"key":"StancePotion"},{"floor":16.0,"key":"FearPotion"},{"floor":17.0,"key":"DuplicationPotion"},{"floor":18.0,"key":"Fruit Juice"},{"floor":23.0,"key":"Regen Potion"},{"floor":28.0,"key":"BlessingOfTheForge"},{"floor":29.0,"key":"DistilledChaos"}],"is_trial":false,"path_per_floor":["M","M","?","?","T","E","R","M","T","M","M","E","M","?","R","B",null,"M","?","$","?","$","E","T","M","T","$","M","?","M","M","R","B"],"character_chosen":"WATCHER","items_purchased":["Membership Card","Oddly Smooth Stone","Singing Bowl"],"campfire_rested":1,"item_purchase_floors":[20,20,22],"current_hp_per_floor":[65,65,65,58,58,58,58,56,56,50,44,44,44,26,47,47,71,67,67,67,67,72,57,57,50,50,50,46,46,50,54,54,0,0],"gold":64,"neow_bonus":"THREE_ENEMY_KILL","is_daily":false,"chose_seed":false,"campfire_upgraded":2,"win_rate":0.0,"timestamp":1612235593,"path_taken":["M","M","?","?","?","E","R","M","T","M","M","E","M","?","R","BOSS","M","?","$","?","$","E","?","M","T","?","M","?","M","M","R","BOSS"],"items_purchased_type":["Relic","Relic","Relic"],"build_version":"2020-12-22","purchased_purges":2,"victory":false,"max_hp_per_floor":[72,72,72,72,72,72,72,72,72,72,72,72,72,72,72,72,77,77,77,77,77,82,82,82,84,84,84,86,86,88,90,90,90,90],"card_choices":[{"not_picked":["Conclude","LikeWater","Consecrate"],"picked":"SKIP","floor":1.0},{"not_picked":["CarveReality","BowlingBash","CrushJoints"],"picked":"SKIP","floor":2.0},{"not_picked":["BattleHymn","Brilliance","WreathOfFlame"],"picked":"SKIP","floor":6.0},{"not_picked":["LikeWater","SashWhip"],"picked":"FlurryOfBlows","floor":8.0},{"not_picked":["CrushJoints","Worship"],"picked":"Tantrum","floor":10.0},{"not_picked":["ForeignInfluence","BowlingBash","FollowUp"],"picked":"SKIP","floor":11.0},{"not_picked":["FlyingSleeves","SignatureMove","FlurryOfBlows"],"picked":"SKIP","floor":12.0},{"not_picked":["PathToVictory","FollowUp","FlyingSleeves"],"picked":"SKIP","floor":13.0},{"not_picked":["BowlingBash","FollowUp+1","EmptyBody"],"picked":"SKIP","floor":18.0},{"not_picked":["CutThroughFate","JustLucky"],"picked":"ClearTheMind+1","floor":23.0},{"not_picked":["PathToVictory","Weave","JustLucky"],"picked":"Singing Bowl","floor":25.0},{"not_picked":["Pray+1","ClearTheMind","Conclude+1"],"picked":"Singing Bowl","floor":28.0},{"not_picked":["ThirdEye","EmptyFist","JustLucky"],"picked":"Singing Bowl","floor":30.0},{"not_picked":["Weave+1","Establishment","SashWhip"],"picked":"Singing Bowl","floor":31.0}],"player_experience":387841,"relics_obtained":[{"floor":5.0,"key":"Meat on the Bone"},{"floor":6.0,"key":"Centennial Puzzle"},{"floor":9.0,"key":"Damaru"},{"floor":12.0,"key":"Juzu Bracelet"},{"floor":23.0,"key":"Bronze Scales"},{"floor":24.0,"key":"Blood Vial"},{"floor":26.0,"key":"Bottled Flame"}],"event_choices":[{"damage_healed":0.0,"max_hp_gain":0.0,"max_hp_loss":0.0,"gold_gain":0.0,"event_name":"Liars Game","player_choice":"Ignored","floor":3.0,"gold_loss":0.0,"damage_taken":0.0},{"damage_healed":0.0,"max_hp_gain":0.0,"max_hp_loss":0.0,"gold_gain":0.0,"event_name":"Scrap Ooze","player_choice":"Success","floor":4.0,"gold_loss":0.0,"damage_taken":7.0,"relics_obtained":["Pocketwatch"]},{"damage_healed":0.0,"max_hp_gain":0.0,"max_hp_loss":0.0,"gold_gain":0.0,"event_name":"Golden Idol","player_choice":"Take Damage","floor":14.0,"gold_loss":0.0,"damage_taken":18.0,"relics_obtained":["Golden Idol"]},{"cards_removed":["Defend_P"],"damage_healed":0.0,"max_hp_gain":0.0,"max_hp_loss":0.0,"gold_gain":0.0,"event_name":"Beggar","player_choice":"Gave Gold","floor":19.0,"gold_loss":75.0,"damage_taken":0.0},{"damage_healed":0.0,"max_hp_gain":0.0,"max_hp_loss":0.0,"gold_gain":0.0,"event_name":"Drug Dealer","player_choice":"Inject Mutagens","floor":21.0,"gold_loss":0.0,"damage_taken":0.0,"relics_obtained":["MutagenicStrength"]},{"damage_healed":0.0,"max_hp_gain":0.0,"max_hp_loss":0.0,"gold_gain":0.0,"event_name":"Lab","player_choice":"Got Potions","floor":29.0,"gold_loss":0.0,"damage_taken":0.0}],"is_beta":false,"boss_relics":[{"not_picked":["SacredBark","Ectoplasm"],"picked":"Tiny House"}],"items_purged_floors":[20,27],"is_endless":false,"potions_floor_spawned":[1,10,11,16,18,23,28],"killed_by":"Champ","ascension_level":6}}