{"host":"28bpuzdckreop5i0","time":1612282703,"event":{"mods":["BaseMod","Challenge The Spire","Defuse TimeMaze Blight","Downfall","Energized Spire","Googly Eyes","Minty Spire (QoL Compilation)","Relic Stats","Shop Mod","Spicy Shops","StSLib","The Awakened One except there are too many feathers","The IronCluck","Transform Curses","slay the spire mod where everything is the same but ironclad has a cowboy hat"],"gold_per_floor":[117,67,82,82,93,93,116,116,141,141,64,64,64,77,77,176,176,188,188,188,205,222,222,242,258,258,271,271,290,302,328,328,424,424,442,442,369,369,286,286,296,296,376,186,200,200,215,248,248,352,352,352],"floor_reached":51,"language":"ENG","playtime":5091,"items_purged":[],"score":737,"play_id":"d9beff52-9ddd-48ea-9ac8-b37f7fd0464f","local_time":"20210202101823","daily_mods":["SealedDeck","Heirloom","Binary"],"is_ascension_mode":false,"campfire_choices":[{"data":"bronze:OilSpill","floor":6,"key":"SMITH"},{"data":"bronze:BuggyMess","floor":8,"key":"SMITH"},{"data":"bronze:OilSpill","floor":10,"key":"SMITH"},{"data":"bronze:DarkDash","floor":12,"key":"SMITH"},{"floor":15,"key":"REST"},{"data":"bronze:ShipIt","floor":23,"key":"SMITH"},{"data":"bronze:BugBarrage","floor":32,"key":"SMITH"},{"data":"Impatience","floor":40,"key":"SMITH"},{"data":"bronze:BugBarrage","floor":42,"key":"SMITH"},{"data":"bronze:OilSpill","floor":49,"key":"SMITH"}],"circlet_count":11,"master_deck":["bronze:Branch","bronze:Safeguard","bronze:Constructor+1","bronze:Allocate","bronze:OilSpill+1","bronze:OilSpill+1","bronze:BuggyMess+1","bronze:Turbo","bronze:MaxOutput+1","bronze:MaxOutput","bronze:DarkDash+1","bronze:ShipIt+1","bronze:MaxOutput","bronze:Refactor","bronze:BugBarrage+1","bronze:OilSpill","bronze:BugBarrage+1","bronze:Mutator","bronze:ItsAFeature+1","bronze:OilSpill+1","Impatience+1","Flash of Steel","bronze:BugBarrage+1","bronze:Assembly","Deep Breath","bronze:Verify"],"relics":["bronze:BronzeCore","bronze:MakeshiftBattery","Medical Kit","bronze:DonusWashers","bronze:DecasWashers","bronze:BronzeIdol","bronze:AnalyticalCore","Circlet","Odd Mushroom","bronze:MakeshiftBattery","Medical Kit","bronze:DonusWashers","bronze:DecasWashers","bronze:BronzeIdol","bronze:AnalyticalCore"],"acts_visited":["Exordium","TheCity","TheBeyond","Exordium"],"potions_floor_usage":[50,50,50,50],"damage_taken":[{"damage":0,"enemies":"Small Slimes","floor":1,"turns":1},{"damage":0,"enemies":"2 Louse","floor":3,"turns":1},{"damage":0,"enemies":"Jaw Worm","floor":5,"turns":1},{"damage":0,"enemies":"The Mushroom Lair","floor":7,"turns":4},{"damage":0,"enemies":"Looter","floor":14,"turns":1},{"damage":7,"enemies":"Slime Boss","floor":16,"turns":8},{"damage":0,"enemies":"2 Thieves","floor":18,"turns":2},{"damage":0,"enemies":"Shell Parasite","floor":21,"turns":1},{"damage":0,"enemies":"Snake Plant","floor":22,"turns":3},{"damage":0,"enemies":"Cultist and Chosen","floor":24,"turns":3},{"damage":0,"enemies":"Centurion and Healer","floor":25,"turns":3},{"damage":0,"enemies":"Shelled Parasite and Fungi","floor":27,"turns":4},{"damage":0,"enemies":"Snake Plant","floor":29,"turns":1},{"damage":0,"enemies":"Chosen and Byrds","floor":30,"turns":4},{"damage":0,"enemies":"Gremlin Leader","floor":31,"turns":2},{"damage":11,"enemies":"Champ","floor":33,"turns":5},{"damage":0,"enemies":"3 Darklings","floor":35,"turns":2},{"damage":0,"enemies":"Orb Walker","floor":41,"turns":1},{"damage":0,"enemies":"Transient","floor":45,"turns":5},{"damage":0,"enemies":"Sphere and 2 Shapes","floor":47,"turns":2},{"damage":0,"enemies":"Nemesis","floor":48,"turns":1},{"damage":41,"enemies":"Time Eater","floor":50,"turns":6}],"seed_played":"-8580604654623059136","potions_obtained":[{"floor":1,"key":"EntropicBrew"},{"floor":3,"key":"Strength Potion"},{"floor":7,"key":"Fire Potion"}],"is_trial":true,"path_per_floor":["M","?","M","?","M","R","?","R","T","R","$","R","?","M","R","B",null,"M","?","?","M","M","R","M","M","T","M","T","M","M","E","R","B",null,"M","?","$","?","$","R","M","R","T","$","M","?","M","E","R","B",null],"character_chosen":"THE_AUTOMATON","items_purchased":["bronze:DarkDash","bronze:OilSpill","Flash of Steel","bronze:Assembly","Deep Breath"],"campfire_rested":1,"item_purchase_floors":[11,37,39,44,44],"current_hp_per_floor":[70,70,70,52,52,52,52,52,52,52,52,52,38,38,59,52,70,70,70,70,70,70,70,70,70,70,70,70,70,70,70,70,59,70,70,66,66,66,66,66,66,66,66,66,66,66,66,66,66,25,66,66,66],"gold":352,"neow_bonus":"","is_daily":false,"chose_seed":false,"campfire_upgraded":9,"win_rate":0.0,"timestamp":1612282703,"path_taken":["M","?","M","?","M","R","?","R","T","R","$","R","?","?","R","BOSS","M","?","?","M","M","R","M","M","T","M","?","M","M","E","R","BOSS","M","?","$","?","?","R","M","R","T","$","M","?","M","E","R","BOSS"],"items_purchased_type":["Card","Card","Card","Card","Card"],"build_version":"2020-12-22","purchased_purges":0,"victory":false,"max_hp_per_floor":[70,70,70,70,70,70,70,70,70,70,70,70,70,70,70,70,70,70,70,70,70,70,70,70,70,70,70,70,70,70,70,70,70,70,70,66,66,66,66,66,66,66,66,66,66,66,66,66,66,66,66,66,66],"relic_stats":{"counters":[22,61],"Medical Kit":[10],"obtain_stats":[{"bronze:DonusWashers":0,"bronze:BronzeCore":0,"bronze:AnalyticalCore":0,"bronze:DecasWashers":0,"Circlet":0,"Odd Mushroom":7,"Medical Kit":0,"bronze:MakeshiftBattery":0,"bronze:BronzeIdol":0},{"bronze:DonusWashers":0,"bronze:BronzeCore":0,"bronze:AnalyticalCore":0,"bronze:DecasWashers":0,"Circlet":0,"Odd Mushroom":4,"Medical Kit":0,"bronze:MakeshiftBattery":0,"bronze:BronzeIdol":0},{"bronze:DonusWashers":0,"bronze:BronzeCore":0,"bronze:AnalyticalCore":0,"bronze:DecasWashers":0,"Circlet":0,"Odd Mushroom":7,"Medical Kit":0,"bronze:MakeshiftBattery":0,"bronze:BronzeIdol":0}]},"card_choices":[{"not_picked":["bronze:Repair","bronze:BronzeArmor"],"picked":"SKIP","floor":1},{"not_picked":["bronze:Invalidate","bronze:DelayedGuard"],"picked":"SKIP","floor":3},{"not_picked":["bronze:Boost"],"picked":"bronze:MaxOutput","floor":5},{"not_picked":["bronze:Backtrace","bronze:FineTuning"],"picked":"SKIP","floor":14},{"not_picked":["bronze:Library"],"picked":"bronze:ShipIt","floor":16},{"not_picked":["bronze:ForceShield","bronze:Overheat"],"picked":"SKIP","floor":18},{"not_picked":["bronze:BitShift","bronze:Iterate"],"picked":"SKIP","floor":21},{"not_picked":["bronze:DelayedSlice+1","bronze:Deprecate"],"picked":"SKIP","floor":22},{"not_picked":["bronze:NullPointer"],"picked":"bronze:Refactor","floor":24},{"not_picked":["bronze:Overheat"],"picked":"bronze:FindAndReplace","floor":25},{"not_picked":["bronze:DelayedSlice"],"picked":"bronze:BugBarrage+1","floor":27},{"not_picked":["bronze:WildBeam"],"picked":"bronze:OilSpill","floor":29},{"not_picked":["bronze:Overheat"],"picked":"bronze:BugBarrage","floor":30},{"not_picked":["bronze:WhirlingStrike","bronze:Fortify"],"picked":"SKIP","floor":31},{"not_picked":["bronze:Assembly"],"picked":"bronze:Mutator","floor":33},{"not_picked":["bronze:Shell+1"],"picked":"bronze:ItsAFeature+1","floor":35},{"not_picked":["Secret Weapon"],"picked":"Impatience","floor":38},{"not_picked":["bronze:Overheat"],"picked":"bronze:BugBarrage","floor":41},{"not_picked":["bronze:CutThrough","bronze:Flail"],"picked":"SKIP","floor":45},{"not_picked":["bronze:Invalidate","bronze:WildBeam"],"picked":"SKIP","floor":47},{"not_picked":["bronze:Iterate","bronze:ForceShield"],"picked":"SKIP","floor":48},{"not_picked":["bronze:ThunderWave"],"picked":"bronze:Verify","floor":50}],"player_experience":947341,"relics_obtained":[{"floor":7,"key":"Odd Mushroom"},{"floor":9,"key":"Circlet"},{"floor":26,"key":"Circlet"},{"floor":28,"key":"Circlet"},{"floor":31,"key":"Circlet"},{"floor":43,"key":"Circlet"},{"floor":48,"key":"Circlet"}],"event_choices":[{"cards_removed":["bronze:Repulsor"],"damage_healed":0,"gold_gain":0,"player_choice":"Card Removal","damage_taken":0,"max_hp_gain":0,"max_hp_loss":0,"event_name":"The Cleric","floor":2,"gold_loss":50},{"damage_healed":0,"gold_gain":0,"player_choice":"Success","damage_taken":18,"relics_obtained":["Circlet"],"max_hp_gain":0,"max_hp_loss":0,"event_name":"Scrap Ooze","floor":4,"gold_loss":0},{"damage_healed":0,"gold_gain":0,"player_choice":"Fought Mushrooms","damage_taken":0,"max_hp_gain":0,"max_hp_loss":0,"event_name":"Mushrooms","floor":7,"gold_loss":0},{"damage_healed":0,"gold_gain":0,"player_choice":"Entered Light","damage_taken":14,"max_hp_gain":0,"max_hp_loss":0,"event_name":"Shining Light","floor":13,"gold_loss":0,"cards_upgraded":["bronze:Constructor","bronze:MaxOutput"]},{"damage_healed":0,"gold_gain":0,"player_choice":"Read","damage_taken":0,"max_hp_gain":0,"max_hp_loss":0,"event_name":"The Library","floor":19,"gold_loss":0,"cards_obtained":["bronze:MaxOutput"]},{"damage_healed":0,"gold_gain":0,"player_choice":"Ignored","damage_taken":0,"max_hp_gain":0,"max_hp_loss":0,"event_name":"Ghosts","floor":20,"gold_loss":0},{"damage_healed":0,"gold_gain":0,"player_choice":"Max HP","damage_taken":0,"max_hp_gain":0,"max_hp_loss":4,"event_name":"Winding Halls","floor":36,"gold_loss":0},{"damage_healed":0,"gold_gain":0,"player_choice":"Memory 1","damage_taken":0,"max_hp_gain":0,"max_hp_loss":0,"event_name":"SensoryStone","floor":38,"gold_loss":0},{"cards_removed":["bronze:FindAndReplace"],"damage_healed":0,"gold_gain":0,"player_choice":"Removed Skill","damage_taken":0,"max_hp_gain":0,"max_hp_loss":0,"event_name":"Falling","floor":46,"gold_loss":0}],"is_beta":false,"boss_relics":[{"not_picked":["Circlet","Circlet"],"picked":"Circlet"},{"not_picked":["Circlet","Circlet"],"picked":"Circlet"},{"not_picked":["Circlet","Circlet"],"picked":"Circlet"}],"items_purged_floors":[],"is_endless":true,"potions_floor_spawned":[1,3,7,14,21,22,27,29,33,41,47,48],"ascension_level":0}}