{"host":"zjc1tzo4ovig5lll","time":1612281131,"event":{"mods":["AchievementEnabler","Aspiration","BaseMod","Beaked The Cultist","Better Altar","Better Match","Better Note","Better Sensory Stone","Colored Map","Colored Powertips","Conspire","Energized Spire","Friendly Minions","GifTheSpireLib","Halation","Hermit","Hubris","Minty Spire (QoL Compilation)","Rare Cards Sparkle","Replay The Spire","StSLib","The Blue Laboratory","The Bug Knight","The Construct","The Jungle","everything is the same but u backflip on backflip"],"gold_per_floor":[118,193,228,245,48,76,76,87,87,87,87,87,87,12,12,131,194,208,208,208,0,23,23,23,23,23,23,56,56,97,97,97,204,204,231,231,231,251,20,67,67,89,140,160,160,190,24,57,57,69,69,69,69,112,120],"floor_reached":56,"language":"ENG","playtime":3641,"items_purged":["Pain"],"score":1300,"play_id":"17dbcae5-d33b-42c2-be76-23f5a6d46730","local_time":"20210202175211","is_ascension_mode":true,"campfire_choices":[{"data":"Crow Ritual","floor":7.0,"key":"SMITH"},{"floor":12.0,"key":"RECALL"},{"floor":15.0,"key":"REST"},{"data":"beaked:Hexing","floor":23.0,"key":"SMITH"},{"data":"beaked:BraceForImpact","floor":25.0,"key":"SMITH"},{"data":"beaked:Insight","floor":29.0,"key":"SMITH"},{"data":"beaked:Poke","floor":32.0,"key":"SMITH"},{"data":"beaked:TuckingFeathers","floor":41.0,"key":"SMITH"},{"data":"beaked:WarriorEssence","floor":45.0,"key":"SMITH"},{"data":"Specialist","floor":49.0,"key":"SMITH"},{"data":"beaked:Insight","floor":52.0,"key":"SMITH"}],"circlet_count":0,"master_deck":["beaked:Defend_Y+1","beaked:Defend_Y","beaked:Defend_Y","beaked:Defend_Y+1","beaked:Ceremony","beaked:Ceremony","beaked:Ceremony+1","beaked:BraceForImpact+1","Crow Ritual+1","beaked:Hexing+1","beaked:Insight+1","beaked:TuckingFeathers+1","Bite","Bite","Bite","Bite","Bite","beaked:WarriorEssence+1","beaked:Windmill+1","beaked:Poke+1","beaked:TuckingFeathers+1","beaked:CrazyRituals+1","beaked:Windmill+1","Specialist+1","beaked:Windmill","beaked:Insight+1"],"relics":["beaked:BlessedCoat","aspiration:ChemicalBlood","Bloody Idol","WarpedTongs","Tiny House","hubris:Towel","Replay:Bandana","Replay:Rubber Ducky","Turnip","ReplayTheSpireMod:Shallot","halation:EternalFortune","halation:PinkSoulGem","Membership Card","Potion Belt","Anchor","Happy Flower","War Paint","Torii"],"acts_visited":["Exordium","TheCity","TheBeyond","TheEnding"],"potions_floor_usage":[54,54,54,54,54,54,55,55,55,55,55,55,55,55,55,55,55],"damage_taken":[{"damage":13.0,"enemies":"Jaw Worm","floor":1.0,"turns":4.0},{"damage":8.0,"enemies":"2 Louse","floor":4.0,"turns":7.0},{"damage":36.0,"enemies":"3 Sentries","floor":6.0,"turns":10.0},{"damage":11.0,"enemies":"conspire:RoseBush","floor":8.0,"turns":7.0},{"damage":56.0,"enemies":"Fading Forest","floor":16.0,"turns":11.0},{"damage":48.0,"enemies":"Shell Parasite","floor":18.0,"turns":8.0},{"damage":48.0,"enemies":"3 Byrds","floor":22.0,"turns":11.0},{"damage":105.0,"enemies":"Slavers","floor":28.0,"turns":16.0},{"damage":0.0,"enemies":"HollowMod:Nosk","floor":30.0,"turns":7.0},{"damage":73.0,"enemies":"Automaton","floor":33.0,"turns":11.0},{"damage":30.0,"enemies":"Orb Walker","floor":35.0,"turns":6.0},{"damage":58.0,"enemies":"3 Darklings","floor":38.0,"turns":6.0},{"damage":55.0,"enemies":"Reptomancer","floor":40.0,"turns":10.0},{"damage":28.0,"enemies":"Jaw Worm Horde","floor":42.0,"turns":5.0},{"damage":51.0,"enemies":"Maw","floor":44.0,"turns":9.0},{"damage":68.0,"enemies":"Transient","floor":46.0,"turns":5.0},{"damage":6.0,"enemies":"Writhing Mass","floor":48.0,"turns":7.0},{"damage":100.0,"enemies":"Donu and Deca","floor":50.0,"turns":12.0},{"damage":94,"enemies":"Shield and Spear","floor":54,"turns":8},{"damage":81,"enemies":"The Heart","floor":55,"turns":7}],"seed_played":"7568079758775025384","potions_obtained":[{"floor":1.0,"key":"Block Potion"},{"floor":3.0,"key":"SpeedPotion"},{"floor":18.0,"key":"SteroidPotion"},{"floor":18.0,"key":"Doom Potion"},{"floor":18.0,"key":"blueLaboratory:ImpenetrablePotion"},{"floor":22.0,"key":"Dexterity Potion"},{"floor":28.0,"key":"Elixir"},{"floor":28.0,"key":"blueLaboratory:BottleOfVodka"},{"floor":28.0,"key":"blueLaboratory:StoneskinPotion"},{"floor":33.0,"key":"SteroidPotion"},{"floor":35.0,"key":"AttackPotion"},{"floor":35.0,"key":"Dexterity Potion"},{"floor":38.0,"key":"SteroidPotion"},{"floor":38.0,"key":"DistilledChaos"},{"floor":44.0,"key":"blueLaboratory:LouseDecoction"},{"floor":46.0,"key":"Ancient Potion"},{"floor":48.0,"key":"Strength Potion"},{"floor":50.0,"key":"EssenceOfSteel"},{"floor":50.0,"key":"SpeedPotion"},{"floor":50.0,"key":"Dexterity Potion"},{"floor":54,"key":"Strength Potion"},{"floor":54,"key":"DuplicationPotion"},{"floor":54,"key":"blueLaboratory:PhilterOfMotion"}],"is_trial":false,"path_per_floor":["M","?","?","M","$","E","R","M","T","?","?","R","?","$","R","B",null,"M","?","?","$","M","R","$","R","T","?","E","R","E","?","R","B",null,"M","?","?","M","$","E","R","M","T","M","R","M","$","M","R","B",null,"R","$","E","B",null],"character_chosen":"BEAKED_THE_CULTIST","items_purchased":["Crow Ritual","Replay:Bandana","beaked:Insight","Membership Card","Potion Belt","Specialist","beaked:Windmill","beaked:Insight","War Paint"],"campfire_rested":1,"item_purchase_floors":[5,21,21,39,39,47,47,47,47],"current_hp_per_floor":[46,35,15,22,22,20,20,41,41,29,29,29,29,29,44,36,55,48,48,33,33,55,55,55,55,55,55,55,55,55,55,55,55,55,55,58,58,47,47,58,58,58,58,58,58,29,29,61,61,61,61,61,61,56,32],"gold":120,"neow_bonus":"UPGRADE_CARD","is_daily":false,"chose_seed":false,"campfire_upgraded":9,"win_rate":0.0,"timestamp":1612281131,"path_taken":["M","?","?","M","$","E","R","?","T","?","?","R","?","$","R","BOSS","M","?","?","$","M","R","$","R","T","?","E","R","E","?","R","BOSS","M","?","?","M","$","E","R","M","T","M","R","M","$","M","R","BOSS","R","$","E","BOSS"],"items_purchased_type":["Card","Relic","Card","Relic","Relic","Card","Card","Card","Relic"],"build_version":"2020-12-22","purchased_purges":1,"victory":true,"max_hp_per_floor":[50,50,50,50,50,50,50,50,50,50,50,50,50,50,50,50,55,55,55,55,55,55,55,55,55,55,55,55,55,55,55,55,55,55,55,58,58,58,58,58,58,58,58,58,58,61,61,61,61,61,61,61,61,61,61],"card_choices":[{"not_picked":["beaked:Overpower","beaked:StunningBlow","beaked:Recite"],"picked":"SKIP","floor":1.0},{"not_picked":["beaked:CursingBlood","beaked:MimicHuntress"],"picked":"beaked:BraceForImpact","floor":4.0},{"not_picked":["beaked:CursingBlood","beaked:FeelMyPain","beaked:DarkTribute"],"picked":"SKIP","floor":6.0},{"not_picked":["beaked:Devastation","beaked:CrazyRituals","beaked:BloodRitual"],"picked":"SKIP","floor":8.0},{"not_picked":["beaked:Evade","beaked:Poke"],"picked":"beaked:Hexing","floor":17.0},{"not_picked":["beaked:CursingBlood","beaked:MachineSpirit+1","beaked:Poke"],"picked":"SKIP","floor":18.0},{"not_picked":["beaked:Tweet+1","beaked:Daydream"],"picked":"beaked:TuckingFeathers","floor":22.0},{"not_picked":["beaked:Redirect+1","beaked:Molting+1"],"picked":"beaked:WarriorEssence","floor":28.0},{"not_picked":["beaked:RuinSticks","beaked:Windmill+1","beaked:CursingBlood"],"picked":"SKIP","floor":30.0},{"not_picked":["beaked:RuinSticks","beaked:CursingBlood"],"picked":"beaked:Windmill+1","floor":30.0},{"not_picked":["beaked:Overpower+1","beaked:Evade+1"],"picked":"beaked:TuckingFeathers+1","floor":35.0},{"not_picked":["beaked:Resilience","beaked:Evade"],"picked":"beaked:CrazyRituals+1","floor":38.0},{"not_picked":["beaked:WarriorEssence+1","beaked:Poke+1","beaked:Tradeoff"],"picked":"SKIP","floor":40.0},{"not_picked":["beaked:Molting","beaked:DigDeeper+1","beaked:BounceBack+1"],"picked":"SKIP","floor":42.0},{"not_picked":["beaked:Overexert+1","beaked:FeelMyPain+1"],"picked":"beaked:Windmill+1","floor":44.0},{"not_picked":["beaked:BounceBack","beaked:Recite+1","beaked:Tradeoff"],"picked":"SKIP","floor":46.0},{"not_picked":["beaked:Redirect+1","beaked:WarriorSpirit","beaked:Replenish+1"],"picked":"SKIP","floor":48.0},{"not_picked":["beaked:Resilience","beaked:MimicWarrior","beaked:SacrificialScars"],"picked":"SKIP","floor":54}],"player_experience":665444,"relics_obtained":[{"floor":6.0,"key":"aspiration:ChemicalBlood"},{"floor":26.0,"key":"Replay:Rubber Ducky"},{"floor":28.0,"key":"Turnip"},{"floor":30.0,"key":"ReplayTheSpireMod:Shallot"},{"floor":40.0,"key":"Anchor"},{"floor":43.0,"key":"Happy Flower"},{"floor":46.0,"key":"halation:EternalFortune"},{"floor":54,"key":"Torii"}],"event_choices":[{"damage_healed":0.0,"max_hp_gain":0.0,"max_hp_loss":0.0,"gold_gain":75.0,"event_name":"World of Goop","player_choice":"Gather Gold","floor":2.0,"gold_loss":0.0,"damage_taken":11.0},{"damage_healed":0.0,"max_hp_gain":0.0,"max_hp_loss":0.0,"gold_gain":0.0,"event_name":"Golden Idol","player_choice":"Take Damage","floor":10.0,"gold_loss":0.0,"damage_taken":12.0,"relics_obtained":["Golden Idol"]},{"damage_healed":0.0,"max_hp_gain":0.0,"max_hp_loss":0.0,"gold_gain":0.0,"event_name":"Accursed Blacksmith","player_choice":"Rummage","floor":13.0,"gold_loss":0.0,"damage_taken":0.0,"relics_obtained":["WarpedTongs"],"cards_obtained":["Pain"]},{"damage_healed":0.0,"max_hp_gain":48.0,"max_hp_loss":33.0,"gold_gain":0.0,"event_name":"betterAltar:BetterAltar","player_choice":" GoldIdol Vial ","floor":20.0,"potions_obtained":[],"relics_lost":["Golden Idol"],"gold_loss":0.0,"damage_taken":15.0,"relics_obtained":["Bloody Idol","Blood Vial"]},{"damage_healed":0.0,"max_hp_gain":0.0,"max_hp_loss":0.0,"gold_gain":0.0,"event_name":"Vampires","player_choice":"Became a vampire (Vial)","floor":27.0,"relics_lost":["Blood Vial"],"gold_loss":0.0,"damage_taken":0.0,"cards_obtained":["Bite","Bite","Bite","Bite","Bite"]}],"is_beta":false,"boss_relics":[{"not_picked":["Replay:Fungal Core","aspiration:RitualDagger"],"picked":"Tiny House"},{"not_picked":["Runic Dome","Sozu"],"picked":"beaked:BlessedCoat"}],"items_purged_floors":[14],"is_endless":false,"potions_floor_spawned":[1,6,8,18,28,33,35,38,54],"ascension_level":2}}