{"host":"dn2xyj3kd3d9cfyb","time":1612268120,"event":{"mods":["BaseMod","Colored Powertips","Downfall","Hubris","Marisa£®ÏF”Í°°ƒß¿Ì…≥£©","Minty Spire (QoL Compilation)","Remilia£®¿Ÿ√◊¿Ú—«£©","Replay The Spire","Shop Mod","StSLib","The Animator","The Construct","The Cursed","The Mystic","Youmu£®ªÍ∆«—˝√Œ£©","Yuri Mod","Yuyuko"],"gold_per_floor":[99,99,24,24,37,37,37,51,84,81,93,140,52,79,101,113,113],"floor_reached":16,"language":"ZHS","playtime":691,"items_purged":["Strike_MRS"],"score":113,"play_id":"9f6fe9f4-fd80-4f4f-8505-835f843a827c","local_time":"20210202201520","is_ascension_mode":true,"campfire_choices":[{"floor":6,"key":"RECALL"},{"data":"UpSweep","floor":13,"key":"SMITH"}],"circlet_count":0,"master_deck":["Strike_MRS","Strike_MRS","Strike_MRS","Defend_MRS","Defend_MRS","Defend_MRS","Defend_MRS","MasterSpark","UpSweep+1","GrandCross","UnstableBomb","PowerUp","AlicesGift","StarlightTyphoon","EventHorizon","MysteriousBeam","DoubleSpark"],"relics":["MiniHakkero","downfall:HeartsMalice","MawBank","Regal Pillow","downfall:HeartBlessingRed"],"acts_visited":["Exordium"],"potions_floor_usage":[8,9,16,16],"damage_taken":[{"damage":0,"enemies":"Small Slimes","floor":2,"turns":1},{"damage":0,"enemies":"downfall:FleeingMerchant","floor":3,"turns":1},{"damage":0,"enemies":"Cultist","floor":4,"turns":1},{"damage":6,"enemies":"Jaw Worm","floor":5,"turns":2},{"damage":10,"enemies":"Exordium Thugs","floor":8,"turns":3},{"damage":17,"enemies":"Gremlin Nob","floor":9,"turns":4},{"damage":0,"enemies":"downfall:FleeingMerchant","floor":10,"turns":4},{"damage":17,"enemies":"3 Sentries","floor":12,"turns":6},{"damage":0,"enemies":"3 Louse","floor":14,"turns":2},{"damage":11,"enemies":"Exordium Wildlife","floor":15,"turns":2},{"damage":25,"enemies":"WA_ARCHETYPE_RETAIN","floor":16,"turns":2}],"seed_played":"-773885046028498180","potions_obtained":[{"floor":5,"key":"Fire Potion"},{"floor":8,"key":"Weak Potion"},{"floor":12,"key":"Slimebound:ThreeZeroPotion"},{"floor":14,"key":"Elixir"},{"floor":15,"key":"Energy Potion"}],"is_trial":false,"path_per_floor":["R","M","$","M","M","R","T","M","E","$","?","E","R","M","M","B"],"character_chosen":"MARISA","items_purchased":[],"campfire_rested":0,"item_purchase_floors":[],"current_hp_per_floor":[75,75,75,75,69,69,69,59,42,42,42,25,25,25,14,0,0],"gold":113,"neow_bonus":"THREE_ENEMY_KILL","is_daily":false,"chose_seed":false,"campfire_upgraded":1,"win_rate":0.0,"timestamp":1612268120,"path_taken":["R","M","$","M","M","R","T","M","E","$","?","E","R","?","M","BOSS"],"items_purchased_type":[],"build_version":"2020-12-22","purchased_purges":1,"victory":false,"max_hp_per_floor":[75,75,75,75,75,75,75,75,75,75,75,75,75,75,75,75,75],"card_choices":[{"not_picked":["IllusionStar","MilkyWay"],"picked":"GrandCross","floor":2},{"not_picked":["WitchLeyline","OneTimeOff","MysteriousBeam"],"picked":"SKIP","floor":3},{"not_picked":["6A","DC"],"picked":"UnstableBomb","floor":4},{"not_picked":["MysteriousBeam","AbsoluteMagnitude"],"picked":"PowerUp","floor":5},{"not_picked":["GrandCross","GasGiant","MilkyWay"],"picked":"SKIP","floor":8},{"not_picked":["DC","IllusionStar"],"picked":"AlicesGift","floor":9},{"not_picked":["GrandCross","PowerUp"],"picked":"StarlightTyphoon","floor":10},{"not_picked":["SprinkleStarSeal","OneTimeOff"],"picked":"EventHorizon","floor":12},{"not_picked":["GalacticHalo","FairyDestructionRay"],"picked":"MysteriousBeam","floor":14},{"not_picked":["MagicAbsorber","6A"],"picked":"DoubleSpark","floor":15}],"player_experience":565881,"relics_obtained":[{"floor":9,"key":"MawBank"},{"floor":12,"key":"Regal Pillow"}],"event_choices":[{"damage_healed":0,"gold_gain":0,"player_choice":"Ignored","damage_taken":0,"max_hp_gain":0,"max_hp_loss":0,"event_name":"NoteForYourself","floor":11,"gold_loss":0}],"is_beta":false,"boss_relics":[],"items_purged_floors":[3],"is_endless":false,"potions_floor_spawned":[5,8,12,14,15],"killed_by":"WA_ARCHETYPE_RETAIN","ascension_level":1}}