{"host":"pf9sh7nh6rpu9sau","time":1612279052,"event":{"mods":["2.2 Compatiblity","BaseMod","BetterRewards","Clockwork Mod","Downfall","Hermit","Mad Scientist","Minty Spire (QoL Compilation)","Permanent Neow","Quick Restart","Somnambulant","StSLib","The Clintock","The Cursed","The Disciple","The Hierophant","The Necromancer","The Runesmith"],"gold_per_floor":[99,111,122,122,141,141,216,116,146,56,75,75,89,99,110,212,212,112,112,112,112,131,16,16,16,33,33,18,48,60,70,82,186,186,186,206,226,237,18,31,31,50,78,88,103,118,118,118,118,118],"floor_reached":48,"language":"ENG","playtime":5609,"items_purged":["downfall:Malfunctioning","Slimebound:Strike_Slimebound","Slimebound:Strike_Slimebound"],"score":515,"play_id":"7b1bcce3-22a3-4bb5-9032-c4ea41c4d4cb","local_time":"20210202101732","is_ascension_mode":false,"campfire_choices":[{"data":"Slimebound:Split","floor":1,"key":"SMITH"},{"floor":6,"key":"RECALL"},{"data":"Slimebound:SlimeBarrage","floor":8,"key":"SMITH"},{"data":"Slimebound:LeadByExample","floor":18,"key":"SMITH"},{"data":"Slimebound:SlimeBarrage","floor":25,"key":"SMITH"},{"data":"Slimebound:Repurpose","floor":27,"key":"SMITH"},{"data":"Slimebound:FirmFortitude","floor":35,"key":"SMITH"}],"circlet_count":0,"master_deck":["Slimebound:Strike_Slimebound","Slimebound:Tackle","Slimebound:Defend_Slimebound","Slimebound:Defend_Slimebound","Slimebound:Defend_Slimebound+1","Slimebound:Defend_Slimebound+1","Slimebound:Split+1","Slimebound:CorrosiveSpit+1","Slimebound:SplitSpecialist+1","Slimebound:SlimeBarrage+1","Slimebound:FormOfPuddle","Slimebound:SplitBruiser","Slimebound:SlimeBarrage+1","Slimebound:LeadByExample+1","Slimebound:PressTheAttack","Slimebound:Darklings","Slimebound:Repurpose+1","Slimebound:OozeBath","Slimebound:SlimeSpikes+1","Slimebound:FirmFortitude+1","Slimebound:SplitAcid+1","Slimebound:SpikyOuterGoop","Slimebound:FormOfPuddle","expansioncontent:DashGenerateEvil","Slimebound:Dissolve","Slimebound:ServeAndProtect","Slimebound:Repurpose","Slimebound:SlimeBrawl","Slimebound:LeadByExample+1"],"relics":["Slimebound:AbsorbEndCombat","InkBottle","downfall:HeartBlessingRed","Matryoshka","Sozu","downfall:HeartBlessingGreen","Regal Pillow","MutagenicStrength","Potion Belt","Oddly Smooth Stone","Ancient Tea Set","Coffee Dripper","Strange Spoon","PreservedInsect","Shuriken","Shovel"],"acts_visited":["Exordium","TheCity","TheBeyond"],"potions_floor_usage":[9,13,15,16],"damage_taken":[{"damage":1,"enemies":"Jaw Worm","floor":2,"turns":3},{"damage":1,"enemies":"2 Louse","floor":3,"turns":2},{"damage":3,"enemies":"Cultist","floor":5,"turns":4},{"damage":3,"enemies":"Gremlin Nob","floor":9,"turns":4},{"damage":4,"enemies":"downfall:FleeingMerchant","floor":10,"turns":4},{"damage":2,"enemies":"Gremlin Gang","floor":11,"turns":3},{"damage":7,"enemies":"Lots of Slimes","floor":13,"turns":4},{"damage":1,"enemies":"Red Slaver","floor":14,"turns":5},{"damage":0,"enemies":"3 Louse","floor":15,"turns":1},{"damage":23,"enemies":"WA_ARCHETYPE_RETAIN","floor":16,"turns":6},{"damage":1,"enemies":"Shell Parasite","floor":22,"turns":5},{"damage":7,"enemies":"downfall:FleeingMerchant","floor":23,"turns":4},{"damage":3,"enemies":"Spheric Guardian","floor":26,"turns":3},{"damage":3,"enemies":"downfall:FleeingMerchant","floor":28,"turns":4},{"damage":15,"enemies":"Book of Stabbing","floor":29,"turns":5},{"damage":4,"enemies":"Snake Plant","floor":30,"turns":3},{"damage":2,"enemies":"Cultist and Chosen","floor":31,"turns":3},{"damage":0,"enemies":"Chosen and Byrds","floor":32,"turns":3},{"damage":3,"enemies":"DF_ARCHETYPE_CLAW","floor":33,"turns":8},{"damage":3,"enemies":"Orb Walker","floor":36,"turns":3},{"damage":7,"enemies":"3 Shapes","floor":37,"turns":4},{"damage":25,"enemies":"Jaw Worm Horde","floor":38,"turns":4},{"damage":0,"enemies":"downfall:FleeingMerchant","floor":39,"turns":1},{"damage":0,"enemies":"Transient","floor":40,"turns":5},{"damage":13,"enemies":"3 Darklings","floor":42,"turns":4},{"damage":1,"enemies":"Giant Head","floor":43,"turns":5},{"damage":0,"enemies":"Spire Growth","floor":44,"turns":3},{"damage":5,"enemies":"Transient","floor":45,"turns":5},{"damage":5,"enemies":"Sphere and 2 Shapes","floor":46,"turns":3},{"damage":57,"enemies":"Reptomancer","floor":48,"turns":4}],"seed_played":"1030615332261862442","potions_obtained":[{"floor":5,"key":"Slimebound:SlimyTonguePotion"},{"floor":11,"key":"LiquidBronze"},{"floor":13,"key":"Strength Potion"},{"floor":14,"key":"Explosive Potion"}],"is_trial":false,"path_per_floor":["R","M","M","?","M","R","T","R","E","$","M","?","M","M","M","B",null,"R","?","?","?","M","$","T","R","M","R","$","E","M","M","M","B",null,"R","M","M","M","$","M","T","M","E","M","M","M","$","E"],"character_chosen":"SLIMEBOUND","items_purchased":["Slimebound:SpikyOuterGoop","Slimebound:FormOfPuddle","Strange Spoon","expansioncontent:DashGenerateEvil"],"campfire_rested":0,"item_purchase_floors":[39,39,39,39],"current_hp_per_floor":[65,65,64,64,65,65,65,65,64,65,65,65,60,65,65,45,65,65,65,54,54,61,56,56,56,53,53,54,41,43,43,45,50,70,70,67,62,45,45,53,53,48,55,57,56,51,51,0,0,0],"gold":118,"neow_bonus":"UPGRADE_CARD","is_daily":false,"chose_seed":false,"campfire_upgraded":6,"win_rate":0.0,"timestamp":1612279052,"path_taken":["R","M","M","?","M","R","T","R","E","$","M","?","M","M","M","BOSS","R","?","?","?","M","$","T","R","M","R","?","E","M","?","M","BOSS","R","M","M","?","$","M","T","M","E","?","M","?","$","E"],"items_purchased_type":["Card","Card","Relic","Card"],"build_version":"2020-12-22","purchased_purges":3,"victory":false,"max_hp_per_floor":[65,65,65,65,65,65,65,65,65,65,65,65,65,65,65,65,65,65,65,70,70,70,70,70,70,70,70,70,70,70,70,70,70,70,70,70,70,70,70,70,70,70,70,70,70,70,70,70,70,70],"card_choices":[{"not_picked":["Slimebound:SlimeSpikes","Slimebound:ServeAndProtect"],"picked":"Slimebound:SplitSpecialist","floor":2},{"not_picked":["Slimebound:LeechEnergy","Slimebound:SamplingLick"],"picked":"Slimebound:SlimeBarrage","floor":3},{"not_picked":["Slimebound:Grow","Slimebound:Equalize","Slimebound:GoopTackle"],"picked":"SKIP","floor":5},{"not_picked":["Slimebound:TongueLash","Slimebound:GoopTackle","Slimebound:Recollect"],"picked":"SKIP","floor":9},{"not_picked":["Slimebound:RollThrough","Slimebound:Prepare"],"picked":"Slimebound:FormOfPuddle","floor":10},{"not_picked":["Slimebound:FormOfPuddle","Slimebound:ServeAndProtect"],"picked":"Slimebound:SplitBruiser","floor":11},{"not_picked":["Slimebound:ItLooksTasty","Slimebound:Prepare"],"picked":"Slimebound:SlimeBarrage","floor":13},{"not_picked":["Slimebound:DisruptingSlam","Slimebound:GrowthPunch"],"picked":"Slimebound:LeadByExample","floor":14},{"not_picked":["Slimebound:DivideAndConquer","Slimebound:MegaLick"],"picked":"Slimebound:PressTheAttack","floor":15},{"not_picked":["Slimebound:DouseInSlime","Slimebound:TagTeam"],"picked":"Slimebound:Darklings","floor":16},{"not_picked":["Slimebound:Schlurp","Slimebound:Equalize+1","Slimebound:SplitAcid"],"picked":"SKIP","floor":22},{"not_picked":["Slimebound:HauntingLick","Slimebound:GoopSpray","Slimebound:FinishingTackle"],"picked":"SKIP","floor":23},{"not_picked":["Slimebound:RainOfGoop+1","Slimebound:HauntingLick"],"picked":"Slimebound:Repurpose","floor":26},{"not_picked":["Slimebound:ComboTackle","Slimebound:SplitAcid+1","Slimebound:Gluttony"],"picked":"SKIP","floor":28},{"not_picked":["Slimebound:ServeAndProtect+1","Slimebound:SplitMire","Slimebound:AcidTongue+1"],"picked":"SKIP","floor":29},{"not_picked":["Slimebound:LeechingTouch+1","Slimebound:ItLooksTasty","Slimebound:HauntingLick"],"picked":"SKIP","floor":30},{"not_picked":["Slimebound:RollThrough","Slimebound:ComboTackle"],"picked":"Slimebound:OozeBath","floor":31},{"not_picked":["Slimebound:SplitAcid+1","Slimebound:SamplingLick"],"picked":"Slimebound:SlimeSpikes+1","floor":32},{"not_picked":["Slimebound:SlimeSlap","Slimebound:PrepareCrush"],"picked":"Slimebound:FirmFortitude","floor":33},{"not_picked":["Slimebound:Prepare","Slimebound:GoopTackle","Slimebound:GoopSpray+1"],"picked":"SKIP","floor":36},{"not_picked":["Slimebound:RainOfGoop+1","Slimebound:SamplingLick+1","Slimebound:FinishingTackle"],"picked":"SKIP","floor":37},{"not_picked":["Slimebound:ItLooksTasty+1","Slimebound:PressTheAttack","Slimebound:SplitMire"],"picked":"SKIP","floor":38},{"not_picked":["Slimebound:RollThrough+1","Slimebound:SlimeSlap"],"picked":"Slimebound:SplitAcid+1","floor":39},{"not_picked":["Slimebound:SplitAcid","Slimebound:FinishingTackle"],"picked":"Slimebound:Dissolve","floor":40},{"not_picked":["Slimebound:GoopSpray+1","Slimebound:RollThrough+1"],"picked":"Slimebound:ServeAndProtect","floor":42},{"not_picked":["Slimebound:DisruptingSlam+1","Slimebound:Schlurp+1"],"picked":"Slimebound:Repurpose","floor":43},{"not_picked":["Slimebound:SplitAcid","Slimebound:RainOfGoop+1"],"picked":"Slimebound:SlimeBrawl","floor":44},{"not_picked":["Slimebound:SplitBruiser+1","Slimebound:LeechingTouch","Slimebound:GoopSpray+1"],"picked":"SKIP","floor":45},{"not_picked":["Slimebound:Prepare+1","Slimebound:FormOfPuddle+1"],"picked":"Slimebound:LeadByExample+1","floor":46}],"player_experience":835072,"relics_obtained":[{"floor":7,"key":"InkBottle"},{"floor":9,"key":"Matryoshka"},{"floor":24,"key":"Potion Belt"},{"floor":24,"key":"Oddly Smooth Stone"},{"floor":29,"key":"Ancient Tea Set"},{"floor":41,"key":"PreservedInsect"},{"floor":41,"key":"Shuriken"},{"floor":43,"key":"Shovel"}],"event_choices":[{"damage_healed":0,"gold_gain":0,"player_choice":"Inject Mutagens","damage_taken":0,"relics_obtained":["MutagenicStrength"],"max_hp_gain":0,"max_hp_loss":0,"event_name":"Drug Dealer","floor":21,"gold_loss":0}],"is_beta":false,"boss_relics":[{"not_picked":["Black Star","Runesmith:UraniumAnvil"],"picked":"Sozu"},{"not_picked":["Busted Crown","Runic Dome"],"picked":"Coffee Dripper"}],"items_purged_floors":[10,23,39],"is_endless":false,"potions_floor_spawned":[5,11,13,14,29,30,32,33,36,37,40,42,46],"killed_by":"Reptomancer","ascension_level":0}}