{"host":"34kve6bedbwpq90u","time":1612274751,"event":{"mods":["100% Spire Juice","AchievementEnabler","Act Like it!","Arknights","BaseMod","BetterRewards","Colored Map","Custom Start","Decade(王小明)","Defuse TimeMaze Blight","Downfall","Friendly Minions","Gensokyo","GifTheSpireLib","HexUI Lib","Minty Spire (QoL Compilation)","MostiFishMod","Quarter Circle Forward PUNCH!","RumiaBox-露米娅的神秘盒子","Ryuuou龙王","Shop Mod","Spicy Shops","StSLib","TestMod","The Fake Hero","Waifu the Spire","WarShipGirlsR/战舰少女R mod"],"gold_per_floor":[99,99,99,116,127,159,78,78,78,24,41,60,71,81,81,81,81],"floor_reached":16,"language":"ZHS","playtime":802,"items_purged":[],"score":129,"play_id":"616ef917-2c26-4452-b452-5f84151093b7","local_time":"20210202220551","is_ascension_mode":false,"campfire_choices":[{"data":"Moonworks:CloudOfSeagulls","floor":15,"key":"SMITH"}],"circlet_count":0,"master_deck":["Moonworks:Strike","Moonworks:Strike","Moonworks:Strike","Moonworks:Strike","Moonworks:Defend","Moonworks:Defend","Moonworks:Defend","Moonworks:Defend","Moonworks:Ambush","Moonworks:LongDistanceShot","Moonworks:JonathanRush","Moonworks:SweetBattle","Moonworks:JonathanRush","Moonworks:EvilSpyWorkPreparation","Moonworks:FullSpeedAlicianrone","Moonworks:JonathanRush","Moonworks:AngelHand","Moonworks:CloudOfSeagulls+1","Moonworks:JonathanRush"],"relics":["Moonworks:BrokenBomb","Moonworks:Homemark","testmod-TestBox","DaveBox","testmod-CrystalShield","CombinedTypeHook","SynthV:TestCard","Bag of Marbles","Pocketwatch","Sundial"],"acts_visited":["Exordium"],"potions_floor_usage":[12,16,16],"damage_taken":[{"damage":0,"enemies":"Gensokyo:Python","floor":1,"turns":3},{"damage":0,"enemies":"Gensokyo:2_Kodama","floor":4,"turns":2},{"damage":0,"enemies":"Gensokyo:3_Fairies","floor":5,"turns":3},{"damage":2,"enemies":"Gensokyo:Cirno","floor":6,"turns":6},{"damage":12,"enemies":"Gensokyo:3_Kodama","floor":11,"turns":3},{"damage":6,"enemies":"Gensokyo:Kitsune","floor":12,"turns":2},{"damage":0,"enemies":"Gensokyo:Gryphon_and_Rabbit","floor":13,"turns":3},{"damage":2,"enemies":"Gensokyo:LivingMonolith","floor":14,"turns":3},{"damage":48,"enemies":"Gensokyo:Reimu","floor":16,"turns":8}],"seed_played":"-7399040673261761382","potions_obtained":[{"floor":1,"key":"Explosive Potion"},{"floor":4,"key":"ColorlessPotion"},{"floor":14,"key":"SpeedPotion"}],"is_trial":false,"path_per_floor":["M","?","T","M","M","E","$","?","T","COS","M","M","M","M","R","B"],"character_chosen":"THE_STARBREAKER","items_purchased":["Moonworks:FullSpeedAlicianrone"],"campfire_rested":0,"item_purchase_floors":[7],"current_hp_per_floor":[60,54,54,54,54,56,56,56,56,56,48,42,42,40,40,0,0],"gold":81,"neow_bonus":"HUNDRED_GOLD","is_daily":false,"chose_seed":false,"campfire_upgraded":1,"win_rate":0.0,"timestamp":1612274751,"path_taken":["M","?","?","M","M","E","$","?","T","COS","M","M","M","M","R","BOSS"],"items_purchased_type":["Card"],"build_version":"2020-12-22","purchased_purges":0,"victory":false,"max_hp_per_floor":[60,60,60,60,60,60,60,60,60,60,60,60,60,60,60,60,60],"card_choices":[{"not_picked":["Moonworks:MiracleWalker","Moonworks:ScrambledEve"],"picked":"Moonworks:JonathanRush","floor":1},{"not_picked":["Moonworks:AngelHand","Moonworks:ScrambledEve","Moonworks:UnpaidWork","Moonworks:CompletionReward"],"picked":"Moonworks:SweetBattle","floor":4},{"not_picked":["Moonworks:SakisCookie","Moonworks:ImOnFire","Moonworks:MiracleRedBeanIceCream","Moonworks:StiffCrystal"],"picked":"Moonworks:JonathanRush","floor":5},{"not_picked":["Moonworks:DeployBits","Moonworks:LulusLuckyEgg","Moonworks:BindingChains","Moonworks:SakisCookie"],"picked":"Moonworks:EvilSpyWorkPreparation","floor":6},{"not_picked":["Moonworks:IndiscriminateFireSupport","Moonworks:EvilSpyWorkPreparation","Moonworks:BigMagnum","Moonworks:RagingMadness"],"picked":"Moonworks:JonathanRush","floor":11},{"not_picked":["Moonworks:Flamethrower","Moonworks:CookingTime","Moonworks:BigBangBell","Moonworks:IndiscriminateFireSupport"],"picked":"Moonworks:AngelHand","floor":12},{"not_picked":["Moonworks:CookingTime","Moonworks:FinalSurgery","Moonworks:BigMagnum","Moonworks:TacticalRetreat"],"picked":"Moonworks:CloudOfSeagulls","floor":13},{"not_picked":["Moonworks:Gamble","Moonworks:DeployBits","Moonworks:CloudOfSeagulls","Moonworks:TreasureThief"],"picked":"Moonworks:JonathanRush","floor":14}],"player_experience":54751,"relics_obtained":[{"floor":1,"key":"SynthV:TestCard"},{"floor":3,"key":"Bag of Marbles"},{"floor":6,"key":"Pocketwatch"}],"event_choices":[{"damage_healed":0,"gold_gain":0,"player_choice":"Ignored","damage_taken":0,"max_hp_gain":0,"max_hp_loss":0,"event_name":"给自己的盒子","floor":8,"gold_loss":0}],"is_beta":false,"boss_relics":[],"items_purged_floors":[],"is_endless":false,"potions_floor_spawned":[1,4,14],"killed_by":"Gensokyo:Reimu","ascension_level":0}}