{"host":"fuszjwm6fqgjjp4d","time":1612253586,"event":{"mods":["BaseMod","Bestiary","Colored Map","DeckTracker","Minty Spire (QoL Compilation)","Permanent Neow","Relic Sorter","Relic Stats","StSLib"],"gold_per_floor":[110,35,53,53,53,53,66,66,66,79,91,125,141,151,151,151,151],"floor_reached":16,"language":"ENG","playtime":377,"items_purged":[],"score":208,"play_id":"b6fefe88-ed0a-40a8-8527-c869bcb0e23a","local_time":"20210202021306","is_ascension_mode":true,"campfire_choices":[{"data":"Loop","floor":6,"key":"SMITH"},{"data":"Dark Shackles","floor":8,"key":"SMITH"},{"floor":15,"key":"REST"}],"circlet_count":0,"master_deck":["AscendersBane","Strike_B","Strike_B","Strike_B","Defend_B","Defend_B","Defend_B","Zap+1","Dualcast","Dark Shackles+1","Coolheaded","Loop+1","Storm","Genetic Algorithm","Defragment","Defragment","White Noise"],"relics":["Cracked Core","Lizard Tail","Bronze Scales"],"acts_visited":["Exordium"],"potions_floor_usage":[13,14],"damage_taken":[{"damage":1,"enemies":"2 Louse","floor":1,"turns":3},{"damage":0,"enemies":"Cultist","floor":3,"turns":4},{"damage":0,"enemies":"Small Slimes","floor":7,"turns":3},{"damage":1,"enemies":"3 Louse","floor":10,"turns":3},{"damage":0,"enemies":"Blue Slaver","floor":11,"turns":3},{"damage":56,"enemies":"3 Sentries","floor":12,"turns":10},{"damage":12,"enemies":"Large Slime","floor":13,"turns":4},{"damage":15,"enemies":"Exordium Wildlife","floor":14,"turns":4},{"damage":31,"enemies":"The Guardian","floor":16,"turns":2}],"seed_played":"-247163962684619485","potions_obtained":[{"floor":7,"key":"Ancient Potion"},{"floor":13,"key":"SkillPotion"}],"is_trial":false,"path_per_floor":["M","?","M","?","?","R","M","R","T","M","M","E","M","M","R","B"],"character_chosen":"DEFECT","items_purchased":[],"campfire_rested":1,"item_purchase_floors":[],"current_hp_per_floor":[63,63,63,56,56,56,56,56,56,55,55,35,23,8,29,0,0],"gold":151,"neow_bonus":"RANDOM_COLORLESS","is_daily":false,"chose_seed":false,"campfire_upgraded":2,"win_rate":0.0,"timestamp":1612253586,"path_taken":["M","?","M","?","?","R","?","R","T","M","M","E","M","M","R","BOSS"],"items_purchased_type":[],"build_version":"2020-12-22","purchased_purges":0,"victory":false,"max_hp_per_floor":[71,71,71,71,71,71,71,71,71,71,71,71,71,71,71,71,71],"relic_stats":{"Lizard Tail":35,"counters":[9,34],"Bronze Scales":[15],"obtain_stats":[{"Lizard Tail":9,"Bronze Scales":12,"Cracked Core":0},{"Lizard Tail":3,"Bronze Scales":6,"Cracked Core":0},{"Lizard Tail":9,"Bronze Scales":24,"Cracked Core":0}]},"card_choices":[{"not_picked":["Panacea","Impatience"],"picked":"Dark Shackles","floor":0},{"not_picked":["Beam Cell","Compile Driver"],"picked":"Coolheaded","floor":1},{"not_picked":["Chaos","Hologram"],"picked":"Loop","floor":3},{"not_picked":["Blizzard","Steam","Gash"],"picked":"SKIP","floor":7},{"not_picked":["Beam Cell","Leap"],"picked":"Storm","floor":10},{"not_picked":["Leap","Genetic Algorithm","Reinforced Body"],"picked":"SKIP","floor":11},{"not_picked":["Leap","Reinforced Body"],"picked":"Genetic Algorithm","floor":11},{"not_picked":["All For One","Blizzard"],"picked":"Defragment","floor":12},{"not_picked":["Hologram","Rip and Tear"],"picked":"Defragment","floor":13},{"not_picked":["Rebound","Gash"],"picked":"White Noise","floor":14}],"player_experience":1424455,"relics_obtained":[{"floor":9,"key":"Lizard Tail"},{"floor":12,"key":"Bronze Scales"}],"event_choices":[{"cards_removed":["Strike_B"],"damage_healed":0,"gold_gain":0,"player_choice":"Card Removal","damage_taken":0,"max_hp_gain":0,"max_hp_loss":0,"event_name":"The Cleric","floor":2,"gold_loss":75},{"cards_removed":["Defend_B"],"damage_healed":0,"gold_gain":0,"player_choice":"Card Removal","damage_taken":7,"max_hp_gain":0,"max_hp_loss":0,"event_name":"Golden Wing","floor":4,"gold_loss":0},{"damage_healed":0,"gold_gain":0,"player_choice":"Upgraded","damage_taken":0,"max_hp_gain":0,"max_hp_loss":0,"event_name":"Upgrade Shrine","floor":5,"gold_loss":0,"cards_upgraded":["Zap"]}],"is_beta":false,"boss_relics":[],"items_purged_floors":[],"is_endless":false,"potions_floor_spawned":[7,13],"killed_by":"The Guardian","ascension_level":20}}