{"host":"3j2m8n0ywf988fwb","time":1612293027,"event":{"mods":["2.2 Compatiblity","AchievementEnabler","Act Like it!","Aspiration","Astrologer","BaseMod","Better Altar","Better Match","Better Note","Better Sensory Stone","Better Skull","Better Third Choice","CCEM2","ChefMod","Colored Map","Colored Powertips","Conspire","Dark Map","Energized Spire","GifTheSpireLib","Halation","Hallownest","Highlight Path","Hubris","Infinite Spire","Jedi Mod","Marisa????????","Marked Mod","Mimic Mod","Minty Spire (QoL Compilation)","Monster B Gone","Random Character Button","Relic Filter Mod","Relic Stats","Reliquary","Replay The Spire","Robot Space Explorer","Shade Mod","Shop Mod","Somnambulant","StS++","StSLib","Stuff the Spire","The Bug Knight","The Elementalist","The Hierophant","The Runesmith","TheBandit","TheFirefly","TheSurvivalist","Unceasing Turn Reminder","Weighted Paths","everything is the same but u backflip on backflip"],"gold_per_floor":[211,211,211,221,246,246,258,258,258,288,298,298,148,118,118,118,118],"floor_reached":16,"language":"ENG","playtime":1306,"items_purged":["elementalist:Firestrike"],"score":98,"play_id":"ae5b46d4-6732-4eb5-b8b1-d3dc63ae44b7","local_time":"20210202131027","is_ascension_mode":false,"campfire_choices":[{"data":"elementalist:Crystal_Chalk","floor":6,"key":"SMITH"},{"data":"elementalist:Spark","floor":8,"key":"SMITH"},{"floor":12,"key":"REST"},{"floor":15,"key":"REST"}],"circlet_count":0,"master_deck":["elementalist:Defend_Elemblue","elementalist:Defend_Elemblue","elementalist:Defend_Elemblue","elementalist:Defend_Elemblue","elementalist:Defend_Elemblue","elementalist:Earthstrike","elementalist:Waterstrike","elementalist:Airstrike","elementalist:Crystal_Chalk+1","elementalist:Pressurize","elementalist:Wards","elementalist:Aero","elementalist:Geomancy","elementalist:Spark+1","elementalist:Sidereal_Form","elementalist:Spout","elementalist:Rising_Tides"],"relics":["elementalistmod:MagusStaff","elementalistmod:GreenCirclet","reliquary:Stiletto","halation:AfternoonTea","halation:PrussianBluePaint"],"acts_visited":["Exordium"],"potions_floor_usage":[],"damage_taken":[{"damage":6,"enemies":"Small Slimes","floor":1,"turns":5},{"damage":2,"enemies":"Jaw Worm","floor":4,"turns":6},{"damage":9,"enemies":"2 Louse","floor":7,"turns":5},{"damage":37,"enemies":"3 Sentries","floor":10,"turns":17},{"damage":13,"enemies":"Gremlin Gang","floor":11,"turns":9},{"damage":2,"enemies":"Looter","floor":14,"turns":4},{"damage":74,"enemies":"Slime Boss","floor":16,"turns":14}],"seed_played":"-7395120273888064802","potions_obtained":[{"floor":7,"key":"PowerPotion"},{"floor":11,"key":"PowerPotion"}],"is_trial":false,"path_per_floor":["M","?","?","M","T","R","M","R","T","E","M","R","$","M","R","B"],"character_chosen":"THE_ELEMENTALIST","items_purchased":["elementalist:Rising_Tides"],"campfire_rested":2,"item_purchase_floors":[13],"current_hp_per_floor":[64,64,64,62,62,62,53,53,53,16,3,24,24,36,57,0,0],"gold":118,"neow_bonus":"HUNDRED_GOLD","is_daily":false,"chose_seed":false,"campfire_upgraded":2,"win_rate":0.0,"timestamp":1612293027,"path_taken":["M","?","?","M","?","R","M","R","T","E","?","R","$","M","R","BOSS"],"items_purchased_type":["Card"],"build_version":"2020-12-22","purchased_purges":1,"victory":false,"max_hp_per_floor":[70,70,70,70,70,70,70,70,70,70,70,70,70,70,70,70,70],"relic_stats":{"counters":[7,60],"obtain_stats":[{"elementalistmod:GreenCirclet":4,"halation:PrussianBluePaint":10,"reliquary:Stiletto":2,"halation:AfternoonTea":9,"elementalistmod:MagusStaff":0,"elementalistmod:GraduationLetter":0},{"elementalistmod:GreenCirclet":2,"halation:PrussianBluePaint":4,"reliquary:Stiletto":1,"halation:AfternoonTea":3,"elementalistmod:MagusStaff":0,"elementalistmod:GraduationLetter":0},{"elementalistmod:GreenCirclet":6,"halation:PrussianBluePaint":33,"reliquary:Stiletto":5,"halation:AfternoonTea":16,"elementalistmod:MagusStaff":0,"elementalistmod:GraduationLetter":0}]},"card_choices":[{"not_picked":["elementalist:Emberveil","elementalist:Mist"],"picked":"elementalist:Pressurize","floor":1},{"not_picked":["elementalist:Emberveil","elementalist:Prepared_Sand"],"picked":"elementalist:Aero","floor":4},{"not_picked":["elementalist:Aero","elementalist:Pressurize"],"picked":"elementalist:Spark","floor":7},{"not_picked":["elementalist:Cyclone","elementalist:Fission_Lance"],"picked":"elementalist:Sidereal_Form","floor":10},{"not_picked":["elementalist:Aero","elementalist:Mage_Hand","elementalist:Prepared_Sand"],"picked":"SKIP","floor":11},{"not_picked":["elementalist:Spark","elementalist:Concentricity","elementalist:Wards"],"picked":"SKIP","floor":14}],"player_experience":1056779,"relics_obtained":[{"floor":2,"key":"reliquary:Stiletto"},{"floor":9,"key":"halation:AfternoonTea"},{"floor":10,"key":"halation:PrussianBluePaint"}],"event_choices":[{"damage_healed":0,"gold_gain":0,"cards_transformed":["elementalist:Strike+Elemblue"],"player_choice":"Transformed","damage_taken":0,"max_hp_gain":0,"max_hp_loss":0,"event_name":"Transmorgrifier","floor":3,"gold_loss":0,"cards_obtained":["elementalist:Wards"]}],"is_beta":false,"boss_relics":[],"items_purged_floors":[13],"is_endless":false,"potions_floor_spawned":[7,11],"killed_by":"Slime Boss","ascension_level":0}}