{"host":"sz8c8ni79nvzjmmg","time":1612281182,"event":{"mods":["AchievementEnabler","BaseMod","DeckTracker","Keyboard Shortcuts","Minty Spire (QoL Compilation)","SuperFastMode"],"gold_per_floor":[110,11,26,44,55,55,74,74,74,74,93,128,147,177,177,250,250,270,290,290,290,290],"floor_reached":21,"language":"KOR","playtime":685,"items_purged":["Strike_B"],"score":386,"play_id":"ae5914bf-8a00-40d1-b0a4-e4bffef5939e","local_time":"20210203005302","is_ascension_mode":true,"campfire_choices":[{"data":"Defragment","floor":6.0,"key":"SMITH"},{"data":"Zap","floor":8.0,"key":"SMITH"},{"data":"Dualcast","floor":15.0,"key":"SMITH"}],"circlet_count":0,"master_deck":["AscendersBane","Strike_B","Strike_B","Strike_B","Defend_B","Defend_B","Defend_B","Defend_B","Zap+1","Dualcast+1","Sweeping Beam","Ball Lightning","Defragment+1","Chill","Skim","BootSequence","Seek","Coolheaded","Turbo"],"relics":["FrozenCore","NeowsBlessing","Dream Catcher","Sundial"],"acts_visited":["Exordium","TheCity"],"potions_floor_usage":[19,19,21],"damage_taken":[{"damage":0.0,"enemies":"Cultist","floor":1.0,"turns":1.0},{"damage":6.0,"enemies":"2 Louse","floor":3.0,"turns":2.0},{"damage":0.0,"enemies":"Jaw Worm","floor":4.0,"turns":1.0},{"damage":16.0,"enemies":"3 Louse","floor":5.0,"turns":4.0},{"damage":1.0,"enemies":"Gremlin Gang","floor":7.0,"turns":4.0},{"damage":2.0,"enemies":"2 Fungi Beasts","floor":11.0,"turns":3.0},{"damage":11.0,"enemies":"Gremlin Nob","floor":12.0,"turns":3.0},{"damage":8.0,"enemies":"Blue Slaver","floor":13.0,"turns":4.0},{"damage":8.0,"enemies":"3 Sentries","floor":14.0,"turns":6.0},{"damage":6.0,"enemies":"Hexaghost","floor":16.0,"turns":9.0},{"damage":9.0,"enemies":"Shell Parasite","floor":18.0,"turns":6.0},{"damage":10,"enemies":"3 Byrds","floor":19,"turns":3},{"damage":42,"enemies":"Cultist and Chosen","floor":21,"turns":4}],"seed_played":"-1652170692253908844","potions_obtained":[{"floor":5.0,"key":"LiquidBronze"},{"floor":11.0,"key":"EssenceOfDarkness"},{"floor":12.0,"key":"GamblersBrew"},{"floor":18.0,"key":"Dexterity Potion"},{"floor":19,"key":"PotionOfCapacity"}],"is_trial":false,"path_per_floor":["M","$","M","M","M","R","M","R","T","?","M","E","M","E","R","B",null,"M","M","?","M"],"character_chosen":"DEFECT","items_purchased":["Sweeping Beam"],"campfire_rested":0,"item_purchase_floors":[2],"current_hp_per_floor":[64,64,58,58,42,42,41,41,41,41,39,28,20,12,12,6,55,46,36,36,0,0],"gold":290,"neow_bonus":"THREE_ENEMY_KILL","is_daily":false,"chose_seed":false,"campfire_upgraded":3,"win_rate":0.0,"timestamp":1612281182,"path_taken":["M","$","M","?","?","R","M","R","T","?","M","E","?","E","R","BOSS","M","M","?","?"],"items_purchased_type":["Card"],"build_version":"2020-12-22","purchased_purges":1,"victory":false,"max_hp_per_floor":[71,71,71,71,71,71,71,71,71,71,71,71,71,71,71,71,71,71,71,71,71,71],"card_choices":[{"not_picked":["Rebound","Beam Cell","Scrape"],"picked":"SKIP","floor":1.0},{"not_picked":["Coolheaded","Heatsinks"],"picked":"Ball Lightning","floor":3.0},{"not_picked":["Heatsinks","Loop"],"picked":"Defragment","floor":4.0},{"not_picked":["Turbo","Conserve Battery"],"picked":"Chill","floor":5.0},{"not_picked":["Rebound","Undo"],"picked":"Skim","floor":7.0},{"not_picked":["Storm","Double Energy","Rebound"],"picked":"SKIP","floor":11.0},{"not_picked":["Leap","Genetic Algorithm","Multi-Cast"],"picked":"SKIP","floor":12.0},{"not_picked":["Aggregate","Blizzard"],"picked":"BootSequence","floor":13.0},{"not_picked":["Streamline","Redo","White Noise"],"picked":"SKIP","floor":14.0},{"not_picked":["Machine Learning","Hyperbeam"],"picked":"Seek","floor":16.0},{"not_picked":["Scrape","Beam Cell"],"picked":"Coolheaded","floor":18.0},{"not_picked":["Compile Driver","Cold Snap"],"picked":"Turbo","floor":19}],"player_experience":1239478,"relics_obtained":[{"floor":12.0,"key":"Dream Catcher"},{"floor":14.0,"key":"Sundial"}],"event_choices":[{"damage_healed":0.0,"max_hp_gain":0.0,"max_hp_loss":0.0,"gold_gain":0.0,"event_name":"Match and Keep!","player_choice":"0 cards matched","floor":10.0,"gold_loss":0.0,"damage_taken":0.0,"cards_obtained":[]},{"damage_healed":0,"gold_gain":0,"player_choice":"Ignored","damage_taken":0,"max_hp_gain":0,"max_hp_loss":0,"event_name":"N\u0027loth","floor":20,"gold_loss":0}],"is_beta":false,"boss_relics":[{"not_picked":["Busted Crown","Black Star"],"picked":"FrozenCore"}],"items_purged_floors":[2],"is_endless":false,"potions_floor_spawned":[5,11,12,14,18,19],"killed_by":"Cultist and Chosen","ascension_level":20}}