{"host":"t8facflq355xg1wc","time":1612283040,"event":{"mods":["AchievementEnabler","BaseMod","DeckTracker","Minty Spire (QoL Compilation)","StSLib","SuperFastMode"],"gold_per_floor":[114,132,407,422,11,11,31,42,67,95,57,73,101,117,117,217,217,228,228,246,263,14,42,52,52,105,30,30,30,30,30,30,132,132,150,150,170,220,220,255,267,294,306,318,310,322,47,57,57,57],"floor_reached":51,"language":"KOR","playtime":7597,"items_purged":["Regret","Defend_B"],"score":740,"play_id":"b6ce1417-373b-4ba2-8d2f-d879c6a7700a","local_time":"20210203012400","is_ascension_mode":false,"campfire_choices":[{"data":"Dualcast","floor":6.0,"key":"SMITH"},{"data":"Double Energy","floor":15.0,"key":"SMITH"},{"floor":25,"key":"REST"},{"data":"Coolheaded","floor":32,"key":"SMITH"},{"data":"Creative AI","floor":41,"key":"SMITH"},{"data":"Aggregate","floor":44,"key":"SMITH"},{"data":"Hologram","floor":46,"key":"SMITH"},{"data":"Blizzard","floor":49,"key":"SMITH"}],"circlet_count":0,"master_deck":["Strike_B","Strike_B","Strike_B","Defend_B","Defend_B","Defend_B","Zap","Dualcast+1","Leap","Hello World","Cold Snap","Stack","Double Energy+1","FTL","Sweeping Beam","Glacier","Blizzard+1","Barrage","Seek","Coolheaded+1","RitualDagger","Storm","Defragment+1","Aggregate+1","Ghostly","Ghostly","Ghostly","Ghostly","Ghostly","White Noise","Creative AI+1","Hologram+1","Master of Strategy","Bandage Up","Mind Blast","Capacitor","Madness","Madness","Compile Driver+1","Apotheosis","Blizzard+1"],"relics":["Cracked Core","NeowsBlessing","Incense Burner","Bronze Scales","Juzu Bracelet","Odd Mushroom","Nuclear Battery","Bottled Tornado","Bag of Preparation","MealTicket","Sozu","Du-Vu Doll","MawBank","Molten Egg 2"],"acts_visited":["Exordium","TheCity","TheBeyond"],"potions_floor_usage":[28],"damage_taken":[{"damage":0.0,"enemies":"Cultist","floor":1.0,"turns":1.0},{"damage":0.0,"enemies":"Jaw Worm","floor":2.0,"turns":1.0},{"damage":0.0,"enemies":"Small Slimes","floor":4.0,"turns":1.0},{"damage":6.0,"enemies":"Exordium Wildlife","floor":7.0,"turns":4.0},{"damage":0.0,"enemies":"Blue Slaver","floor":8.0,"turns":3.0},{"damage":17.0,"enemies":"3 Sentries","floor":10.0,"turns":8.0},{"damage":0.0,"enemies":"3 Louse","floor":12.0,"turns":2.0},{"damage":8.0,"enemies":"The Mushroom Lair","floor":13.0,"turns":3.0},{"damage":0.0,"enemies":"Large Slime","floor":14.0,"turns":5.0},{"damage":18.0,"enemies":"Hexaghost","floor":16.0,"turns":12.0},{"damage":3.0,"enemies":"3 Byrds","floor":18.0,"turns":3.0},{"damage":11.0,"enemies":"2 Thieves","floor":20.0,"turns":4.0},{"damage":11.0,"enemies":"Centurion and Healer","floor":21.0,"turns":9.0},{"damage":4.0,"enemies":"Gremlin Leader","floor":23.0,"turns":6.0},{"damage":24,"enemies":"Snake Plant","floor":24,"turns":4},{"damage":0,"enemies":"Slavers","floor":28,"turns":1},{"damage":24,"enemies":"Champ","floor":33,"turns":19},{"damage":0,"enemies":"Orb Walker","floor":35,"turns":4},{"damage":0,"enemies":"3 Darklings","floor":37,"turns":6},{"damage":0,"enemies":"Mind Bloom Boss Battle","floor":38,"turns":6},{"damage":1,"enemies":"Reptomancer","floor":40,"turns":11},{"damage":15,"enemies":"Writhing Mass","floor":42,"turns":9},{"damage":4,"enemies":"Jaw Worm Horde","floor":48,"turns":7},{"damage":21,"enemies":"Awakened One","floor":50,"turns":19}],"seed_played":"7568648702527073078","potions_obtained":[{"floor":10.0,"key":"Block Potion"},{"floor":13.0,"key":"DuplicationPotion"},{"floor":14.0,"key":"SmokeBomb"},{"floor":20.0,"key":"AttackPotion"},{"floor":21.0,"key":"Swift Potion"},{"floor":24,"key":"Ancient Potion"}],"is_trial":false,"path_per_floor":["M","M","?","M","$","R","M","M","T","E","$","M","?","M","R","B",null,"M","?","M","M","$","E","M","R","T","?","E","?","?","?","R","B",null,"M","?","M","?","?","E","R","M","T","R","?","R","$","M","R","B",null],"character_chosen":"DEFECT","items_purchased":["Incense Burner","Stack","Glacier","Bottled Tornado","Apotheosis"],"campfire_rested":1,"item_purchase_floors":[5,5,11,22,47],"current_hp_per_floor":[75,75,75,75,75,75,69,69,69,52,52,52,44,44,44,26,75,72,66,55,44,44,40,16,38,38,38,38,37,37,37,37,13,37,37,27,31,35,30,33,33,22,22,22,22,22,37,33,33,16],"gold":57,"neow_bonus":"THREE_ENEMY_KILL","is_daily":false,"chose_seed":false,"campfire_upgraded":7,"win_rate":0.0,"timestamp":1612283040,"path_taken":["M","?","?","M","?","R","M","?","T","E","$","M","?","M","R","BOSS","M","?","M","M","$","E","M","R","T","?","E","?","?","?","R","BOSS","M","?","M","?","?","E","R","M","T","R","?","R","$","M","R","BOSS"],"items_purchased_type":["Relic","Card","Card","Relic","Card"],"build_version":"2020-12-22","purchased_purges":2,"victory":true,"max_hp_per_floor":[75,75,75,75,75,75,75,75,75,75,75,75,75,75,75,75,75,75,75,75,75,75,75,75,75,75,75,75,37,37,37,37,37,37,37,37,37,37,37,37,37,37,37,37,37,37,37,37,37,37],"card_choices":[{"not_picked":["Compile Driver","Streamline"],"picked":"Leap","floor":1.0},{"not_picked":["Redo","Steam"],"picked":"Hello World","floor":2.0},{"not_picked":["Steam","Scrape"],"picked":"Cold Snap","floor":4.0},{"not_picked":["Compile Driver","Beam Cell"],"picked":"Double Energy","floor":7.0},{"not_picked":["Reinforced Body","Skim"],"picked":"FTL","floor":8.0},{"not_picked":["Amplify","Streamline"],"picked":"Sweeping Beam","floor":10.0},{"not_picked":["Gash","Rip and Tear","Reprogram"],"picked":"SKIP","floor":12.0},{"not_picked":["Coolheaded","Aggregate"],"picked":"Blizzard","floor":13.0},{"not_picked":["Fusion","Darkness"],"picked":"Barrage","floor":14.0},{"not_picked":["Multi-Cast","Buffer"],"picked":"Seek","floor":16.0},{"not_picked":["Hologram","Go for the Eyes"],"picked":"Coolheaded","floor":18.0},{"not_picked":["White Noise","Auto Shields"],"picked":"Storm","floor":20.0},{"not_picked":["Steam","Cold Snap"],"picked":"Defragment+1","floor":21.0},{"not_picked":["Glacier","Conserve Battery"],"picked":"Aggregate","floor":23},{"not_picked":["Cold Snap","Chaos","Go for the Eyes+1"],"picked":"SKIP","floor":24},{"not_picked":["Amplify","Rainbow"],"picked":"Creative AI","floor":33},{"not_picked":["Scrape","Go for the Eyes"],"picked":"Hologram","floor":35},{"not_picked":["Thinking Ahead","Enlightenment"],"picked":"Master of Strategy","floor":36},{"not_picked":["Madness","Panache"],"picked":"Bandage Up","floor":36},{"not_picked":["Trip","Good Instincts"],"picked":"Mind Blast","floor":36},{"not_picked":["Hologram","White Noise"],"picked":"Capacitor","floor":37},{"not_picked":["Defragment","Sweeping Beam+1","Streamline"],"picked":"SKIP","floor":40},{"not_picked":["Static Discharge","All For One"],"picked":"Compile Driver+1","floor":42},{"not_picked":["Streamline+1","Gash+1"],"picked":"Blizzard+1","floor":48}],"player_experience":99333,"relics_obtained":[{"floor":9.0,"key":"Bronze Scales"},{"floor":10.0,"key":"Juzu Bracelet"},{"floor":13.0,"key":"Odd Mushroom"},{"floor":23,"key":"Bag of Preparation"},{"floor":26,"key":"MealTicket"},{"floor":38,"key":"Du-Vu Doll"},{"floor":40,"key":"MawBank"},{"floor":43,"key":"Molten Egg 2"}],"event_choices":[{"damage_healed":0.0,"max_hp_gain":0.0,"max_hp_loss":0.0,"gold_gain":275.0,"event_name":"Golden Shrine","player_choice":"Desecrate","floor":3.0,"gold_loss":0.0,"damage_taken":0.0,"cards_obtained":["Regret"]},{"damage_healed":0.0,"max_hp_gain":0.0,"max_hp_loss":0.0,"gold_gain":0.0,"event_name":"Mushrooms","player_choice":"Fought Mushrooms","floor":13.0,"gold_loss":0.0,"damage_taken":0.0},{"damage_healed":0.0,"max_hp_gain":0.0,"max_hp_loss":0.0,"gold_gain":0.0,"event_name":"Nest","player_choice":"Joined the Cult","floor":19.0,"gold_loss":0.0,"damage_taken":6.0,"cards_obtained":["RitualDagger"]},{"cards_removed":["Strike_B"],"damage_healed":0,"gold_gain":0,"player_choice":"Gave Gold","damage_taken":0,"max_hp_gain":0,"max_hp_loss":0,"event_name":"Beggar","floor":27,"gold_loss":75},{"damage_healed":0,"gold_gain":0,"player_choice":"Became a Ghost","damage_taken":0,"max_hp_gain":0,"max_hp_loss":38,"event_name":"Ghosts","floor":29,"gold_loss":0,"cards_obtained":["Ghostly","Ghostly","Ghostly","Ghostly","Ghostly"]},{"damage_healed":0,"gold_gain":0,"player_choice":"Read","damage_taken":0,"max_hp_gain":0,"max_hp_loss":0,"event_name":"The Library","floor":30,"gold_loss":0,"cards_obtained":["White Noise"]},{"damage_healed":0,"gold_gain":0,"player_choice":"Ignored","damage_taken":0,"max_hp_gain":0,"max_hp_loss":0,"event_name":"Vampires","floor":31,"gold_loss":0},{"damage_healed":0,"gold_gain":0,"player_choice":"Memory 3","damage_taken":10,"max_hp_gain":0,"max_hp_loss":0,"event_name":"SensoryStone","floor":36,"gold_loss":0},{"damage_healed":0,"gold_gain":0,"player_choice":"Fight","damage_taken":0,"max_hp_gain":0,"max_hp_loss":0,"event_name":"MindBloom","floor":38,"gold_loss":0},{"damage_healed":0,"gold_gain":0,"player_choice":"Embrace Madness","damage_taken":5,"max_hp_gain":0,"max_hp_loss":0,"event_name":"Winding Halls","floor":39,"gold_loss":0,"cards_obtained":["Madness","Madness"]},{"damage_healed":0,"gold_gain":0,"player_choice":"Bought 1 Potion","damage_taken":0,"max_hp_gain":0,"max_hp_loss":0,"event_name":"The Woman in Blue","floor":45,"gold_loss":0}],"is_beta":false,"boss_relics":[{"not_picked":["Snecko Eye","Cursed Key"],"picked":"Nuclear Battery"},{"not_picked":["Runic Dome","Fusion Hammer"],"picked":"Sozu"}],"items_purged_floors":[5,47],"is_endless":false,"potions_floor_spawned":[10,13,14,20,21,24,37,38,42,48],"ascension_level":0}}