{"host":"eswokialmqjd9jwx","time":1612268148,"event":{"mods":["AchievementEnabler","BaseMod","Colored Map","DeckTracker","KOR Keyword Fix","Minty Spire (QoL Compilation)","StSLib","SuperFastMode"],"gold_per_floor":[113,113,125,145,164,198,198,218,218,29,29,40,40,53,53,124,124,142,142,160,85,10,10,26,0,0,0,0,0,34,45,45,119,119,136,161,61,21,40,69,69,79,106,106,117,133,167,219,219,219,219,219],"floor_reached":51,"language":"KOR","playtime":1432,"items_purged":["Strike_R+1","Bash"],"score":1479,"play_id":"6e681e36-3ea2-46f9-b089-2d945383260c","local_time":"20210202211548","is_ascension_mode":true,"campfire_choices":[{"data":"Offering","floor":11.0,"key":"SMITH"},{"data":"Pommel Strike","floor":13.0,"key":"SMITH"},{"data":"Demon Form","floor":15.0,"key":"SMITH"},{"data":"Pommel Strike","floor":23.0,"key":"SMITH"},{"data":"Rage","floor":27.0,"key":"SMITH"},{"data":"Shockwave","floor":32.0,"key":"SMITH"},{"data":"Offering","floor":41.0,"key":"SMITH"},{"data":"Sword Boomerang","floor":44.0,"key":"SMITH"},{"floor":49.0,"key":"RECALL"}],"circlet_count":0,"master_deck":["AscendersBane","Strike_R+1","Strike_R+1","Strike_R+1","Defend_R+1","Defend_R+1","Defend_R+1","Cleave","Rage+1","Pommel Strike+1","Pommel Strike+1","Disarm","Intimidate","Offering+1","Feel No Pain","Demon Form+1","Impervious","Sword Boomerang+1","Shockwave+1","Dual Wield","Offering+1"],"relics":["Burning Blood","Toy Ornithopter","InkBottle","Blood Vial","Busted Crown","Centennial Puzzle","Coffee Dripper","CaptainsWheel","Pear","PreservedInsect","Dream Catcher","Happy Flower"],"acts_visited":["Exordium","TheCity","TheBeyond"],"potions_floor_usage":[50],"damage_taken":[{"damage":11.0,"enemies":"Jaw Worm","floor":1.0,"turns":4.0},{"damage":9.0,"enemies":"Small Slimes","floor":3.0,"turns":3.0},{"damage":1.0,"enemies":"Cultist","floor":4.0,"turns":3.0},{"damage":25.0,"enemies":"Red Slaver","floor":5.0,"turns":4.0},{"damage":43.0,"enemies":"Lagavulin","floor":6.0,"turns":7.0},{"damage":8.0,"enemies":"Blue Slaver","floor":8.0,"turns":4.0},{"damage":6.0,"enemies":"2 Fungi Beasts","floor":12.0,"turns":2.0},{"damage":18.0,"enemies":"Exordium Wildlife","floor":14.0,"turns":3.0},{"damage":57.0,"enemies":"The Guardian","floor":16.0,"turns":10.0},{"damage":13.0,"enemies":"Chosen","floor":18.0,"turns":4.0},{"damage":6.0,"enemies":"2 Thieves","floor":20.0,"turns":3.0},{"damage":18.0,"enemies":"3 Cultists","floor":24.0,"turns":4.0},{"damage":6.0,"enemies":"Gremlin Leader","floor":30.0,"turns":6.0},{"damage":18.0,"enemies":"Snecko","floor":31.0,"turns":5.0},{"damage":44.0,"enemies":"Collector","floor":33.0,"turns":7.0},{"damage":7.0,"enemies":"Orb Walker","floor":35.0,"turns":3.0},{"damage":0.0,"enemies":"Mind Bloom Boss Battle","floor":36.0,"turns":7.0},{"damage":12.0,"enemies":"3 Darklings","floor":39.0,"turns":3.0},{"damage":12.0,"enemies":"Nemesis","floor":40.0,"turns":5.0},{"damage":28.0,"enemies":"4 Shapes","floor":42.0,"turns":3.0},{"damage":6.0,"enemies":"Spire Growth","floor":45.0,"turns":3.0},{"damage":16.0,"enemies":"Sphere and 2 Shapes","floor":46.0,"turns":4.0},{"damage":23.0,"enemies":"Reptomancer","floor":47.0,"turns":4.0},{"damage":28,"enemies":"Awakened One","floor":50,"turns":6},{"damage":24,"enemies":"Time Eater","floor":51,"turns":6}],"seed_played":"-4332905754559732239","potions_obtained":[{"floor":3.0,"key":"Swift Potion"},{"floor":5.0,"key":"ElixirPotion"},{"floor":8.0,"key":"SkillPotion"},{"floor":14.0,"key":"AttackPotion"},{"floor":24.0,"key":"Strength Potion"},{"floor":31.0,"key":"DuplicationPotion"},{"floor":33.0,"key":"Weak Potion"},{"floor":38.0,"key":"PowerPotion"},{"floor":38.0,"key":"Dexterity Potion"}],"is_trial":false,"path_per_floor":["M","?","M","M","M","E","?","M","T","$","R","M","R","M","R","B",null,"M","?","M","?","$","R","M","$","T","R","?","?","E","M","R","B",null,"M","?","$","?","M","E","R","M","T","R","M","M","E","T","R","B","B"],"character_chosen":"IRONCLAD","items_purchased":["Offering","Feel No Pain","Sword Boomerang"],"campfire_rested":0,"item_purchase_floors":[10,10,25],"current_hp_per_floor":[63,63,60,65,46,14,75,73,73,73,73,75,75,63,63,14,60,55,55,57,57,57,57,47,47,47,47,47,47,54,44,44,13,60,61,69,69,69,65,71,71,51,51,51,53,45,35,35,35,20,0,0],"gold":219,"neow_bonus":"RANDOM_COMMON_RELIC","is_daily":false,"chose_seed":false,"campfire_upgraded":8,"win_rate":0.0,"timestamp":1612268148,"path_taken":["M","?","M","M","M","E","?","?","T","?","R","M","R","M","R","BOSS","M","?","M","?","?","R","?","$","T","R","?","?","E","M","R","BOSS","M","?","$","?","M","E","R","?","T","R","M","?","E","?","R","BOSS","BOSS"],"items_purchased_type":["Card","Card","Card"],"build_version":"2020-12-22","purchased_purges":2,"victory":false,"max_hp_per_floor":[75,75,75,75,75,75,75,75,75,75,75,75,75,75,75,75,75,75,75,75,75,75,75,75,75,75,75,75,75,75,75,75,75,75,75,75,75,75,75,85,85,85,85,85,85,85,85,85,85,85,85,85],"card_choices":[{"not_picked":["Thunderclap","Clothesline"],"picked":"Cleave","floor":1.0},{"not_picked":["Cleave","Shockwave","Clash"],"picked":"SKIP","floor":3.0},{"not_picked":["Rage","Flex"],"picked":"Pommel Strike","floor":4.0},{"not_picked":["Body Slam","Dual Wield"],"picked":"Pommel Strike","floor":5.0},{"not_picked":["Havoc","Cleave"],"picked":"Disarm","floor":6.0},{"not_picked":["Thunderclap","Cleave"],"picked":"Intimidate","floor":8.0},{"not_picked":["Entrench","Feel No Pain","Sword Boomerang"],"picked":"SKIP","floor":12.0},{"not_picked":["Clash","Thunderclap"],"picked":"Demon Form","floor":14.0},{"not_picked":["Brutality","Juggernaut"],"picked":"Impervious","floor":16.0},{"not_picked":["Body Slam"],"picked":"SKIP","floor":18.0},{"not_picked":["Hemokinesis"],"picked":"SKIP","floor":20.0},{"not_picked":["Burning Pact"],"picked":"SKIP","floor":24.0},{"not_picked":["Clothesline"],"picked":"SKIP","floor":30.0},{"not_picked":[],"picked":"Dual Wield","floor":31.0},{"not_picked":[],"picked":"Offering","floor":33.0},{"not_picked":["Thunderclap+1"],"picked":"SKIP","floor":35.0},{"not_picked":["Heavy Blade+1"],"picked":"SKIP","floor":39.0},{"not_picked":["Hemokinesis"],"picked":"SKIP","floor":40.0},{"not_picked":["Reckless Charge"],"picked":"SKIP","floor":42.0},{"not_picked":["Thunderclap"],"picked":"SKIP","floor":45.0},{"not_picked":["Pommel Strike"],"picked":"SKIP","floor":46.0},{"not_picked":["Headbutt+1"],"picked":"SKIP","floor":47.0}],"player_experience":1178433,"relics_obtained":[{"floor":6.0,"key":"InkBottle"},{"floor":9.0,"key":"Blood Vial"},{"floor":30.0,"key":"Centennial Puzzle"},{"floor":36.0,"key":"CaptainsWheel"},{"floor":40.0,"key":"Pear"},{"floor":43.0,"key":"PreservedInsect"},{"floor":47.0,"key":"Dream Catcher"},{"floor":48.0,"key":"Happy Flower"}],"event_choices":[{"damage_healed":0.0,"max_hp_gain":0.0,"max_hp_loss":0.0,"gold_gain":0.0,"cards_transformed":["Defend_R"],"event_name":"Living Wall","player_choice":"Change","floor":2.0,"gold_loss":0.0,"damage_taken":0.0,"cards_obtained":["Rage"]},{"damage_healed":61.0,"max_hp_gain":0.0,"max_hp_loss":0.0,"gold_gain":0.0,"event_name":"Wheel of Change","player_choice":"Full Heal","floor":7.0,"gold_loss":0.0,"damage_taken":0.0},{"damage_healed":0.0,"max_hp_gain":0.0,"max_hp_loss":0.0,"gold_gain":0.0,"event_name":"Back to Basics","player_choice":"Simplicity","floor":19.0,"gold_loss":0.0,"damage_taken":0.0,"cards_upgraded":["Strike_R","Strike_R","Strike_R","Strike_R","Strike_R","Defend_R","Defend_R","Defend_R"]},{"cards_removed":["Strike_R"],"damage_healed":0.0,"max_hp_gain":0.0,"max_hp_loss":0.0,"gold_gain":0.0,"event_name":"Beggar","player_choice":"Gave Gold","floor":21.0,"gold_loss":75.0,"damage_taken":0.0},{"damage_healed":0.0,"max_hp_gain":0.0,"max_hp_loss":0.0,"gold_gain":0.0,"event_name":"The Library","player_choice":"Read","floor":28.0,"gold_loss":0.0,"damage_taken":0.0,"cards_obtained":["Shockwave"]},{"damage_healed":0.0,"max_hp_gain":0.0,"max_hp_loss":0.0,"gold_gain":0.0,"event_name":"MindBloom","player_choice":"Fight","floor":36.0,"gold_loss":0.0,"damage_taken":0.0},{"damage_healed":0.0,"max_hp_gain":0.0,"max_hp_loss":0.0,"gold_gain":0.0,"event_name":"The Woman in Blue","player_choice":"Bought 3 Potions","floor":38.0,"gold_loss":0.0,"damage_taken":0.0}],"is_beta":false,"boss_relics":[{"not_picked":["SacredBark","Black Blood"],"picked":"Busted Crown"},{"not_picked":["Cursed Key","Pandora\u0027s Box"],"picked":"Coffee Dripper"}],"items_purged_floors":[22,37],"is_endless":false,"potions_floor_spawned":[3,5,8,14,24,31,33,39,42,46],"killed_by":"Time Eater","ascension_level":20}}