{"host":"rwmcmr2m88k7tuzm","time":1612227436,"event":{"mods":["BaseMod","BetterRewards","Conspire","Downfall","Hubris","Infinite Spire","Minty Spire (QoL Compilation)","Quick Restart","Replay The Spire","Shop Mod","StSLib","SuperFastMode","The Hayseed"],"gold_per_floor":[110,130,130,30,46,46,65,65,65,79,91,91,91,161,161,289,352,365,388,388,86,86,86,119,132,132,132,132],"floor_reached":27,"language":"ENG","playtime":739,"items_purged":["Sickly","Strike_R"],"score":323,"play_id":"427f6a3e-db03-4906-9506-d96c6a335774","local_time":"20210202005716","is_ascension_mode":false,"campfire_choices":[{"floor":6,"key":"REST"},{"data":"Bash","floor":8,"key":"SMITH"},{"data":"Flame Barrier","floor":15,"key":"SMITH"},{"data":"Reaper","floor":23,"key":"SMITH"}],"circlet_count":0,"master_deck":["Strike_R","Strike_R","Strike_R","Strike_R","Defend_R","Defend_R","Defend_R","Defend_R","Bash+1","Shrug It Off","Pommel Strike","Whirlwind+1","Flame Barrier+1","Bludgeon+1","Anger+1","Reaper+1","downfall:Bewildered","ReplayTheSpireMod:LeadingStrike+1","Thunderclap"],"relics":["Burning Blood","Ice Cream","Bag of Preparation","TheAbacus","ReplayTheSpireMod:CursedCoin","Durian","hubris:Towel","Mummified Hand","Golden Idol","infinitespire:Broken Mirror","Tiny House","Sling","infinitespire:Lucky Rock","sneckomod:BabySnecko","Iron Hammer","Happy Flower"],"acts_visited":["Exordium","TheCity"],"potions_floor_usage":[16,24,24,24],"damage_taken":[{"damage":1,"enemies":"Cultist","floor":1,"turns":4},{"damage":0,"enemies":"conspire:RoseBush","floor":2,"turns":4},{"damage":8,"enemies":"2 Louse","floor":5,"turns":2},{"damage":10,"enemies":"Looter","floor":7,"turns":4},{"damage":7,"enemies":"Gremlin Gang","floor":10,"turns":2},{"damage":0,"enemies":"Large Slime","floor":11,"turns":6},{"damage":62,"enemies":"Fading Forest","floor":16,"turns":11},{"damage":22,"enemies":"conspire:FuzzyDice","floor":18,"turns":5},{"damage":12,"enemies":"Shell Parasite","floor":19,"turns":5},{"damage":52,"enemies":"Book of Stabbing","floor":24,"turns":7},{"damage":21,"enemies":"Snake Plant","floor":25,"turns":3},{"damage":11,"enemies":"Snecko","floor":27,"turns":4}],"seed_played":"-747213080999344459","potions_obtained":[{"floor":2,"key":"GamblersBrew"},{"floor":5,"key":"Explosive Potion"},{"floor":16,"key":"LiquidMemories"},{"floor":17,"key":"FearPotion"}],"is_trial":false,"path_per_floor":["M","M","?","$","M","R","M","R","T","M","M","?","?","T","R","B",null,"M","M","?","$","?","R","E","M","T","M"],"character_chosen":"IRONCLAD","items_purchased":["Ice Cream","Bag of Preparation","TheAbacus","ReplayTheSpireMod:CursedCoin","Durian","Shrug It Off","Sling","infinitespire:Lucky Rock"],"campfire_rested":1,"item_purchase_floors":[0,0,0,0,0,0,21,21],"current_hp_per_floor":[54,60,60,60,58,83,79,79,79,78,84,84,63,63,63,17,90,74,68,68,68,68,68,32,22,22,16,16],"gold":132,"neow_bonus":"","is_daily":false,"chose_seed":false,"campfire_upgraded":3,"win_rate":0.0,"timestamp":1612227436,"path_taken":["M","?","?","$","M","R","M","R","T","M","M","?","?","?","R","BOSS","M","?","?","$","?","R","E","M","T","M"],"items_purchased_type":["Relic","Relic","Relic","Relic","Relic","Card","Relic","Relic"],"build_version":"2020-12-22","purchased_purges":2,"victory":false,"max_hp_per_floor":[85,85,85,85,85,85,85,85,85,85,85,85,85,85,85,85,90,90,90,90,90,90,90,90,90,90,90,90],"card_choices":[{"not_picked":["Heavy Blade","Armaments","Clothesline"],"picked":"SKIP","floor":1},{"not_picked":["Perfected Strike","Shrug It Off"],"picked":"Pommel Strike","floor":2},{"not_picked":["Twin Strike","ReplayTheSpireMod:Strike From Hell"],"picked":"Whirlwind","floor":5},{"not_picked":["Clothesline","ReplayTheSpireMod:Strike From Hell","Sentinel"],"picked":"SKIP","floor":7},{"not_picked":["Iron Wave","Armaments","Anger"],"picked":"SKIP","floor":10},{"not_picked":["Brutality","Sentinel"],"picked":"Flame Barrier","floor":11},{"not_picked":["Feed","conspire:Purge"],"picked":"Bludgeon","floor":16},{"not_picked":["Wild Strike","ReplayTheSpireMod:Strike From Hell"],"picked":"Anger+1","floor":18},{"not_picked":["True Grit","Reckless Charge+1"],"picked":"Reaper","floor":19},{"not_picked":["True Grit","Ghostly Armor"],"picked":"ReplayTheSpireMod:LeadingStrike+1","floor":24},{"not_picked":["Rupture+1","Battle Trance"],"picked":"Thunderclap","floor":25}],"player_experience":186480,"relics_obtained":[{"floor":9,"key":"Mummified Hand"},{"floor":14,"key":"infinitespire:Broken Mirror"},{"floor":24,"key":"Iron Hammer"},{"floor":26,"key":"Happy Flower"}],"event_choices":[{"damage_healed":0,"gold_gain":0,"player_choice":"Take Damage","damage_taken":21,"relics_obtained":["Golden Idol"],"max_hp_gain":0,"max_hp_loss":0,"event_name":"Golden Idol","floor":13,"gold_loss":0}],"is_beta":false,"boss_relics":[{"not_picked":["conspire:SeveredTorchhead","hubris:TerracottaHorce"],"picked":"Tiny House"}],"items_purged_floors":[0,4],"is_endless":false,"potions_floor_spawned":[2,5,16,18],"killed_by":"Snecko","ascension_level":0}}