{"host":"9n6i2vl93jt4o42q","time":1612282315,"event":{"mods":["BaseMod","Minty Spire (QoL Compilation)","Relic Stats"],"gold_per_floor":[117,82,95,95,14,14,42,42,67,82,109,109,109,109,109,180,180,191,191,202,3,3,3,3,3],"floor_reached":24,"language":"ENG","playtime":1599,"items_purged":[],"score":380,"play_id":"72476059-f392-4c9c-a7ae-703741dfd0cc","local_time":"20210202171155","is_ascension_mode":true,"campfire_choices":[{"data":"Zap","floor":6.0,"key":"SMITH"},{"data":"Genetic Algorithm","floor":13,"key":"SMITH"},{"floor":15,"key":"REST"},{"data":"Hologram","floor":23,"key":"SMITH"}],"circlet_count":0,"master_deck":["AscendersBane","Strike_B","Strike_B","Defend_B","Defend_B","Defend_B","Defend_B","Zap+1","Dualcast","FTL","Gash","Steam","Ball Lightning","Cold Snap","Genetic Algorithm+1","Compile Driver","Echo Form","Sweeping Beam","Coolheaded","Glacier","Hologram+1","Scrape"],"relics":["Cracked Core","Nunchaku","Eternal Feather","Vajra","Odd Mushroom","CultistMask","Inserter"],"acts_visited":["Exordium","TheCity"],"potions_floor_usage":[16],"damage_taken":[{"damage":14.0,"enemies":"Small Slimes","floor":1.0,"turns":3.0},{"damage":3.0,"enemies":"2 Louse","floor":3.0,"turns":3.0},{"damage":39.0,"enemies":"Gremlin Nob","floor":7.0,"turns":4.0},{"damage":6.0,"enemies":"Jaw Worm","floor":10.0,"turns":2.0},{"damage":7.0,"enemies":"The Mushroom Lair","floor":11.0,"turns":3.0},{"damage":44,"enemies":"Slime Boss","floor":16,"turns":9},{"damage":11,"enemies":"Chosen","floor":18,"turns":5},{"damage":26,"enemies":"Shell Parasite","floor":20,"turns":4},{"damage":41,"enemies":"Slavers","floor":24,"turns":3}],"seed_played":"3406081244283159276","potions_obtained":[{"floor":7.0,"key":"GamblersBrew"},{"floor":18,"key":"SteroidPotion"},{"floor":20,"key":"SpeedPotion"}],"is_trial":false,"path_per_floor":["M","?","M","?","$","R","E","?","T","M","?","?","R","?","R","B",null,"M","?","M","$","$","R","E"],"character_chosen":"DEFECT","items_purchased":["Steam","Ball Lightning","Glacier","Hologram","Scrape"],"campfire_rested":1,"item_purchase_floors":[5,5,21,21,21],"current_hp_per_floor":[50,67,64,69,69,69,30,23,23,17,10,10,19,19,50,6,59,48,48,22,22,22,34,0,0],"gold":3,"neow_bonus":"RANDOM_COMMON_RELIC","is_daily":false,"chose_seed":false,"campfire_upgraded":3,"win_rate":0.0,"timestamp":1612282315,"path_taken":["M","?","M","?","$","R","E","?","T","?","?","?","R","?","R","BOSS","M","?","M","?","$","R","E"],"items_purchased_type":["Card","Card","Card","Card","Card"],"build_version":"2020-12-22","purchased_purges":0,"victory":false,"max_hp_per_floor":[71,71,71,76,76,76,76,76,76,76,76,76,76,76,76,76,76,76,76,76,76,76,76,76,76],"relic_stats":{"Nunchaku":[7],"Inserter":[6],"counters":[9,36],"Eternal Feather":30,"obtain_stats":[{"Nunchaku":0,"Inserter":17,"Vajra":9,"Eternal Feather":7,"CultistMask":14,"Odd Mushroom":11,"Cracked Core":0},{"Nunchaku":0,"Inserter":6,"Vajra":3,"Eternal Feather":3,"CultistMask":5,"Odd Mushroom":5,"Cracked Core":0},{"Nunchaku":0,"Inserter":24,"Vajra":10,"Eternal Feather":10,"CultistMask":15,"Odd Mushroom":15,"Cracked Core":0}]},"card_choices":[{"not_picked":["Streamline","Go for the Eyes"],"picked":"FTL","floor":1.0},{"not_picked":["Compile Driver","Rebound"],"picked":"Gash","floor":3.0},{"not_picked":["Fusion","Double Energy"],"picked":"Cold Snap","floor":7.0},{"not_picked":["Compile Driver","Machine Learning"],"picked":"Genetic Algorithm","floor":10.0},{"not_picked":["Cold Snap","Go for the Eyes"],"picked":"Compile Driver","floor":11.0},{"not_picked":["Reboot","Amplify"],"picked":"Echo Form","floor":16},{"not_picked":["Ball Lightning","Compile Driver"],"picked":"Sweeping Beam","floor":18},{"not_picked":["Leap","Heatsinks"],"picked":"Coolheaded","floor":20}],"player_experience":2408569,"relics_obtained":[{"floor":7.0,"key":"Eternal Feather"},{"floor":9.0,"key":"Vajra"},{"floor":11.0,"key":"Odd Mushroom"}],"event_choices":[{"damage_healed":17.0,"max_hp_gain":0.0,"max_hp_loss":0.0,"gold_gain":0.0,"event_name":"The Cleric","player_choice":"Healed","floor":2.0,"gold_loss":35.0,"damage_taken":0.0},{"damage_healed":0.0,"max_hp_gain":5.0,"max_hp_loss":0.0,"gold_gain":0.0,"event_name":"Big Fish","player_choice":"Donut","floor":4.0,"gold_loss":0.0,"damage_taken":0.0},{"cards_removed":["Strike_B"],"damage_healed":0.0,"max_hp_gain":0.0,"max_hp_loss":0.0,"gold_gain":0.0,"event_name":"Golden Wing","player_choice":"Card Removal","floor":8.0,"gold_loss":0.0,"damage_taken":7.0},{"damage_healed":0.0,"max_hp_gain":0.0,"max_hp_loss":0.0,"gold_gain":0.0,"event_name":"Mushrooms","player_choice":"Fought Mushrooms","floor":11.0,"gold_loss":0.0,"damage_taken":0.0},{"damage_healed":0,"gold_gain":0,"player_choice":"Fled","damage_taken":0,"max_hp_gain":0,"max_hp_loss":0,"event_name":"Scrap Ooze","floor":12,"gold_loss":0},{"damage_healed":0,"gold_gain":0,"player_choice":"Trade","damage_taken":0,"relics_obtained":["CultistMask"],"max_hp_gain":0,"max_hp_loss":0,"event_name":"FaceTrader","floor":14,"gold_loss":0},{"cards_removed":["Strike_B"],"damage_healed":0,"gold_gain":0,"player_choice":"Offered Basic","damage_taken":0,"max_hp_gain":0,"max_hp_loss":0,"event_name":"Bonfire Elementals","floor":19,"gold_loss":0}],"is_beta":false,"boss_relics":[{"not_picked":["SacredBark","Velvet Choker"],"picked":"Inserter"}],"items_purged_floors":[],"is_endless":false,"potions_floor_spawned":[7,18,20],"killed_by":"Slavers","ascension_level":20}}