{"host":"2qstd83ou5jzlfqv","time":1612233230,"event":{"mods":["BaseMod","Colored Powertips","Minty Spire (QoL Compilation)","Relic Stats"],"gold_per_floor":[116,132,132,41,54,54,87,87,114,132,132,147,147,163,163,237,237,253,127,140,140,140,174,192,192,270,270,287,306,39,49,49,49,49],"floor_reached":33,"language":"ENG","playtime":1320,"items_purged":["Strike_G"],"score":585,"play_id":"d291b882-8b06-46b9-861d-23b3d48b6cfb","local_time":"20210201183350","is_ascension_mode":true,"campfire_choices":[{"data":"Deadly Poison","floor":6,"key":"SMITH"},{"data":"Neutralize","floor":8,"key":"SMITH"},{"data":"Bouncing Flask","floor":13,"key":"SMITH"},{"data":"Catalyst","floor":15,"key":"SMITH"},{"data":"Catalyst","floor":27,"key":"SMITH"},{"data":"Dash","floor":32,"key":"SMITH"}],"circlet_count":0,"master_deck":["AscendersBane","Strike_G+1","Strike_G+1","Defend_G+1","Defend_G+1","Defend_G+1","Defend_G+1","Defend_G+1","Survivor","Neutralize+1","Well Laid Plans","Deadly Poison+1","Poisoned Stab","Bane","Bouncing Flask+1","PiercingWail","Catalyst+1","Tools of the Trade","Noxious Fumes","Dodge and Roll","Caltrops","Catalyst+1","Calculated Gamble","Bane+1","Dodge and Roll","Backflip","Malaise","Dash+1","Deadly Poison+1"],"relics":["Ring of the Snake","Snake Skull","MealTicket","Girya","Blood Vial","Coffee Dripper","Omamori","Meat on the Bone"],"acts_visited":["Exordium","TheCity"],"potions_floor_usage":[5,16,23],"damage_taken":[{"damage":0,"enemies":"Jaw Worm","floor":1,"turns":5},{"damage":0,"enemies":"2 Louse","floor":2,"turns":4},{"damage":5,"enemies":"Cultist","floor":5,"turns":4},{"damage":12,"enemies":"Lagavulin","floor":7,"turns":6},{"damage":0,"enemies":"Looter","floor":10,"turns":3},{"damage":1,"enemies":"3 Louse","floor":12,"turns":4},{"damage":5,"enemies":"Blue Slaver","floor":14,"turns":3},{"damage":0,"enemies":"Slime Boss","floor":16,"turns":3},{"damage":0,"enemies":"Shell Parasite","floor":18,"turns":3},{"damage":16,"enemies":"3 Byrds","floor":20,"turns":5},{"damage":33,"enemies":"Slavers","floor":23,"turns":5},{"damage":9,"enemies":"Snake Plant","floor":24,"turns":4},{"damage":6,"enemies":"Cultist and Chosen","floor":28,"turns":5},{"damage":9,"enemies":"Centurion and Healer","floor":29,"turns":5},{"damage":3,"enemies":"Chosen and Byrds","floor":31,"turns":4},{"damage":70,"enemies":"Collector","floor":33,"turns":6}],"seed_played":"-5441823149300882424","potions_obtained":[{"floor":2,"key":"FairyPotion"},{"floor":5,"key":"Fruit Juice"},{"floor":12,"key":"DuplicationPotion"},{"floor":16,"key":"Poison Potion"},{"floor":23,"key":"Fire Potion"}],"is_trial":false,"path_per_floor":["M","M","?","?","M","R","E","R","T","M","?","M","R","M","R","B",null,"M","$","M","?","?","E","M","?","T","R","M","M","$","M","R","B"],"character_chosen":"THE_SILENT","items_purchased":["Dodge and Roll","Backflip","Malaise","Dash"],"campfire_rested":0,"item_purchase_floors":[19,30,30,30],"current_hp_per_floor":[59,59,59,59,59,59,47,47,47,49,49,50,50,47,47,49,66,68,71,55,55,55,24,17,17,17,17,25,30,45,44,44,0,0],"gold":49,"neow_bonus":"RANDOM_COMMON_RELIC","is_daily":false,"chose_seed":false,"campfire_upgraded":6,"win_rate":0.0,"timestamp":1612233230,"path_taken":["M","M","?","?","?","R","E","R","T","M","?","M","R","M","R","BOSS","M","$","M","?","?","E","M","?","T","R","M","M","$","M","R","BOSS"],"items_purchased_type":["Card","Card","Card","Card"],"build_version":"2020-12-22","purchased_purges":1,"victory":false,"max_hp_per_floor":[66,66,66,66,71,71,71,71,71,71,71,71,71,71,71,71,71,71,71,71,71,71,71,71,71,71,71,71,71,71,71,71,71,71],"relic_stats":{"Blood Vial":22,"counters":[16,69],"MealTicket":18,"Snake Skull":[108],"obtain_stats":[{"Blood Vial":9,"Girya":7,"MealTicket":4,"Snake Skull":0,"Coffee Dripper":17,"Omamori":23,"Ring of the Snake":0,"Meat on the Bone":26},{"Blood Vial":4,"Girya":4,"MealTicket":2,"Snake Skull":0,"Coffee Dripper":8,"Omamori":11,"Ring of the Snake":0,"Meat on the Bone":12},{"Blood Vial":19,"Girya":19,"MealTicket":9,"Snake Skull":0,"Coffee Dripper":32,"Omamori":45,"Ring of the Snake":0,"Meat on the Bone":49}],"Ring of the Snake":[32],"Meat on the Bone":24},"card_choices":[{"not_picked":["Outmaneuver","Backflip"],"picked":"Well Laid Plans","floor":1},{"not_picked":["Heel Hook","Prepared"],"picked":"Deadly Poison","floor":2},{"not_picked":["Cloak And Dagger","Bane"],"picked":"Poisoned Stab","floor":5},{"not_picked":["Cloak And Dagger","Concentrate"],"picked":"Bane","floor":7},{"not_picked":["Blur","Well Laid Plans"],"picked":"Bouncing Flask","floor":10},{"not_picked":["Sucker Punch","Terror"],"picked":"PiercingWail","floor":12},{"not_picked":["Blade Dance","Bane"],"picked":"Catalyst","floor":14},{"not_picked":["Glass Knife","Grand Finale"],"picked":"Tools of the Trade","floor":16},{"not_picked":["Poisoned Stab","Bane+1"],"picked":"Noxious Fumes","floor":18},{"not_picked":["Blade Dance","Prepared"],"picked":"Caltrops","floor":20},{"not_picked":["PiercingWail","Quick Slash"],"picked":"Calculated Gamble","floor":23},{"not_picked":["Dagger Spray","Poisoned Stab"],"picked":"Bane+1","floor":24},{"not_picked":["Caltrops+1","Terror"],"picked":"Dodge and Roll","floor":28},{"not_picked":["Dodge and Roll","Sucker Punch","Setup"],"picked":"SKIP","floor":29},{"not_picked":["Dodge and Roll","Flechettes"],"picked":"Deadly Poison+1","floor":31}],"player_experience":409859,"relics_obtained":[{"floor":7,"key":"Girya"},{"floor":9,"key":"Blood Vial"},{"floor":23,"key":"Omamori"},{"floor":26,"key":"Meat on the Bone"}],"event_choices":[{"cards_removed":["Strike_G"],"damage_healed":0,"gold_gain":0,"player_choice":"Forget","damage_taken":0,"max_hp_gain":0,"max_hp_loss":0,"event_name":"Living Wall","floor":3,"gold_loss":0},{"damage_healed":0,"gold_gain":0,"player_choice":"Paid Gold","damage_taken":0,"relics_obtained":["MealTicket"],"max_hp_gain":0,"max_hp_loss":0,"event_name":"WeMeetAgain","floor":4,"gold_loss":91},{"damage_healed":0,"gold_gain":0,"player_choice":"Searched \u00270\u0027 times","damage_taken":0,"max_hp_gain":0,"max_hp_loss":0,"event_name":"Dead Adventurer","floor":11,"gold_loss":0},{"damage_healed":0,"gold_gain":0,"player_choice":"Simplicity","damage_taken":0,"max_hp_gain":0,"max_hp_loss":0,"event_name":"Back to Basics","floor":21,"gold_loss":0,"cards_upgraded":["Strike_G","Strike_G","Strike_G","Defend_G","Defend_G","Defend_G","Defend_G","Defend_G"]},{"damage_healed":0,"gold_gain":0,"player_choice":"Read","damage_taken":0,"max_hp_gain":0,"max_hp_loss":0,"event_name":"The Library","floor":22,"gold_loss":0,"cards_obtained":["Catalyst"]},{"cards_removed":["Strike_G"],"damage_healed":0,"gold_gain":0,"player_choice":"Offered Basic","damage_taken":0,"max_hp_gain":0,"max_hp_loss":0,"event_name":"Bonfire Elementals","floor":25,"gold_loss":0}],"is_beta":false,"boss_relics":[{"not_picked":["SlaversCollar","Calling Bell"],"picked":"Coffee Dripper"}],"items_purged_floors":[19],"is_endless":false,"potions_floor_spawned":[2,5,12,16,23,24,29],"killed_by":"Collector","ascension_level":14}}