{"host":"p25bz88bsavvfmyg","time":1612306377,"event":{"mods":["BaseMod","Minty Spire (QoL Compilation)","Permanent Neow","StSLib"],"gold_per_floor":[114,129,129,141,153,179,179,210,210,242,259,259,259,277,277,381,381,401,416,416,434,448,478,498,530,576,776,776,776],"floor_reached":28,"language":"ENG","playtime":1093,"items_purged":[],"score":338,"play_id":"9b054c3b-fee3-4c8d-ba34-3ede4a63b40c","local_time":"20210202235257","is_ascension_mode":true,"campfire_choices":[{"data":"Zap","floor":7,"key":"SMITH"},{"data":"Sweeping Beam","floor":13,"key":"SMITH"},{"data":"Self Repair","floor":15,"key":"SMITH"}],"circlet_count":0,"master_deck":["Strike_B","Strike_B","Defend_B","Defend_B","Defend_B","Defend_B","Zap+1","Dualcast","Ball Lightning","Compile Driver","Conserve Battery","Rip and Tear","Sweeping Beam+1","Self Repair+1","Amplify","Coolheaded","Core Surge"],"relics":["Cracked Core","Omamori","Ornamental Fan","White Beast Statue","Lantern","Coffee Dripper","Nunchaku","Bottled Tornado","Bronze Scales"],"acts_visited":["Exordium","TheCity"],"potions_floor_usage":[6,10,14,16,16,18,21,23,23,24,25,25,28],"damage_taken":[{"damage":0,"enemies":"Cultist","floor":1,"turns":3},{"damage":3,"enemies":"2 Louse","floor":2,"turns":3},{"damage":0,"enemies":"Small Slimes","floor":4,"turns":3},{"damage":2,"enemies":"Red Slaver","floor":5,"turns":3},{"damage":18,"enemies":"3 Sentries","floor":6,"turns":5},{"damage":23,"enemies":"Gremlin Nob","floor":8,"turns":4},{"damage":18,"enemies":"Lagavulin","floor":10,"turns":5},{"damage":0,"enemies":"Looter","floor":11,"turns":2},{"damage":0,"enemies":"Gremlin Gang","floor":14,"turns":1},{"damage":21,"enemies":"The Guardian","floor":16,"turns":9},{"damage":8,"enemies":"2 Thieves","floor":18,"turns":3},{"damage":9,"enemies":"Chosen","floor":19,"turns":4},{"damage":19,"enemies":"Snake Plant","floor":21,"turns":5},{"damage":12,"enemies":"Snecko","floor":22,"turns":5},{"damage":37,"enemies":"Gremlin Leader","floor":23,"turns":6},{"damage":21,"enemies":"Centurion and Healer","floor":24,"turns":4},{"damage":38,"enemies":"Book of Stabbing","floor":25,"turns":6},{"damage":34,"enemies":"Gremlin Leader","floor":28,"turns":5}],"seed_played":"2177448490750202989","potions_obtained":[{"floor":2,"key":"AttackPotion"},{"floor":4,"key":"Regen Potion"},{"floor":8,"key":"SteroidPotion"},{"floor":10,"key":"SkillPotion"},{"floor":11,"key":"FearPotion"},{"floor":14,"key":"AttackPotion"},{"floor":16,"key":"Weak Potion"},{"floor":18,"key":"Block Potion"},{"floor":19,"key":"Energy Potion"},{"floor":21,"key":"LiquidMemories"},{"floor":22,"key":"Explosive Potion"},{"floor":23,"key":"AttackPotion"},{"floor":24,"key":"SteroidPotion"},{"floor":25,"key":"EssenceOfSteel"}],"is_trial":false,"path_per_floor":["M","M","?","M","M","E","R","E","T","E","M","?","R","M","R","B",null,"M","M","?","M","M","E","M","E","T","?","E"],"character_chosen":"DEFECT","items_purchased":[],"campfire_rested":0,"item_purchase_floors":[],"current_hp_per_floor":[82,79,72,72,70,52,52,29,29,25,25,25,25,25,25,14,82,82,82,82,82,80,63,52,34,34,34,0,0],"gold":776,"neow_bonus":"TEN_PERCENT_HP_BONUS","is_daily":false,"chose_seed":false,"campfire_upgraded":3,"win_rate":0.0,"timestamp":1612306377,"path_taken":["M","M","?","M","M","E","R","E","T","E","M","?","R","M","R","BOSS","M","M","?","M","M","E","M","E","T","?","E"],"items_purchased_type":[],"build_version":"2020-12-22","purchased_purges":0,"victory":false,"max_hp_per_floor":[82,82,82,82,82,82,82,82,82,82,82,82,82,82,82,82,82,82,82,82,82,82,82,82,82,82,82,82,82],"card_choices":[{"not_picked":["Cold Snap","Darkness"],"picked":"Ball Lightning","floor":1},{"not_picked":["Streamline","Turbo"],"picked":"Compile Driver","floor":2},{"not_picked":["Multi-Cast","Darkness"],"picked":"Conserve Battery","floor":4},{"not_picked":["Go for the Eyes","Leap"],"picked":"Rip and Tear","floor":5},{"not_picked":["Steam Power","Go for the Eyes","Gash"],"picked":"SKIP","floor":6},{"not_picked":["Redo","Beam Cell","Double Energy"],"picked":"SKIP","floor":8},{"not_picked":["Force Field","Hologram","Steam"],"picked":"SKIP","floor":10},{"not_picked":["Force Field","Melter"],"picked":"Sweeping Beam","floor":11},{"not_picked":["Coolheaded","Gash"],"picked":"Self Repair","floor":14},{"not_picked":["Hyperbeam","Buffer"],"picked":"Amplify","floor":16},{"not_picked":["Reinforced Body","Conserve Battery","Turbo"],"picked":"SKIP","floor":18},{"not_picked":["Skim","Sweeping Beam+1"],"picked":"Coolheaded","floor":19},{"not_picked":["Lockon","Go for the Eyes","Consume"],"picked":"SKIP","floor":21},{"not_picked":["Stack+1","Go for the Eyes","Machine Learning"],"picked":"SKIP","floor":22},{"not_picked":["Barrage","Fusion","Go for the Eyes+1"],"picked":"SKIP","floor":23},{"not_picked":["Storm","Leap","Chill+1"],"picked":"SKIP","floor":24},{"not_picked":["Barrage","Conserve Battery","Gash+1"],"picked":"SKIP","floor":25}],"player_experience":487377,"relics_obtained":[{"floor":6,"key":"Omamori"},{"floor":8,"key":"Ornamental Fan"},{"floor":9,"key":"White Beast Statue"},{"floor":10,"key":"Lantern"},{"floor":23,"key":"Nunchaku"},{"floor":25,"key":"Bottled Tornado"},{"floor":26,"key":"Bronze Scales"}],"event_choices":[{"cards_removed":["Strike_B"],"damage_healed":0,"gold_gain":0,"player_choice":"Card Removal","damage_taken":7,"max_hp_gain":0,"max_hp_loss":0,"event_name":"Golden Wing","floor":3,"gold_loss":0},{"cards_removed":["Strike_B"],"damage_healed":0,"gold_gain":0,"player_choice":"Card Removal","damage_taken":0,"max_hp_gain":0,"max_hp_loss":0,"event_name":"Wheel of Change","floor":12,"gold_loss":0},{"damage_healed":0,"gold_gain":0,"player_choice":"Read","damage_taken":0,"max_hp_gain":0,"max_hp_loss":0,"event_name":"The Library","floor":20,"gold_loss":0,"cards_obtained":["Core Surge"]},{"damage_healed":0,"gold_gain":200,"player_choice":"Gold","damage_taken":0,"max_hp_gain":0,"max_hp_loss":0,"event_name":"Wheel of Change","floor":27,"gold_loss":0}],"is_beta":false,"boss_relics":[{"not_picked":["Nuclear Battery","Sozu"],"picked":"Coffee Dripper"}],"items_purged_floors":[],"is_endless":false,"potions_floor_spawned":[2,4,8,10,11,14,16,18,19,21,22,23,24,25],"killed_by":"Gremlin Leader","ascension_level":4}}