{"host":"7tvb1em0d2fx72q7","time":1612246100,"event":{"mods":["BaseMod","Challenge The Spire","Minty Spire (QoL Compilation)","StSLib","everything is the same but u backflip on backflip"],"gold_per_floor":[119,193,203,213,229,262,262,295,318,337,356,366,366,385,385,459,459,476,500,530,542,554,554],"floor_reached":22,"language":"ENG","playtime":1414,"items_purged":[],"score":400,"play_id":"26f661de-87ba-43c4-a40a-fb365d5c82dd","local_time":"20210202010820","is_ascension_mode":true,"campfire_choices":[{"floor":7,"key":"REST"},{"data":"Doom and Gloom","floor":13,"key":"SMITH"},{"data":"Fission","floor":15,"key":"SMITH"}],"circlet_count":0,"master_deck":["AscendersBane","Strike_B","Strike_B","Strike_B","Defend_B","Defend_B","Defend_B","Defend_B","Zap","Dualcast","Cold Snap","Compile Driver","Self Repair","Steam","Sweeping Beam","Ball Lightning","Leap","Doom and Gloom+1","Sunder","Steam","Fission+1","Biased Cognition","Redo"],"relics":["Cracked Core","Gremlin Horn","Vajra","Orichalcum","Omamori","Snecko Eye","MawBank","Necronomicon"],"acts_visited":["Exordium","TheCity"],"potions_floor_usage":[6,16,22],"damage_taken":[{"damage":0,"enemies":"Cultist","floor":1,"turns":3},{"damage":7,"enemies":"Jaw Worm","floor":3,"turns":3},{"damage":1,"enemies":"Small Slimes","floor":4,"turns":4},{"damage":5,"enemies":"Looter","floor":5,"turns":4},{"damage":60,"enemies":"Gremlin Nob","floor":6,"turns":5},{"damage":23,"enemies":"3 Sentries","floor":8,"turns":8},{"damage":8,"enemies":"Blue Slaver","floor":10,"turns":4},{"damage":4,"enemies":"Large Slime","floor":11,"turns":5},{"damage":2,"enemies":"Red Slaver","floor":12,"turns":3},{"damage":0,"enemies":"Blue Slaver","floor":14,"turns":3},{"damage":11,"enemies":"Slime Boss","floor":16,"turns":7},{"damage":27,"enemies":"2 Thieves","floor":18,"turns":3},{"damage":16,"enemies":"Spheric Guardian","floor":20,"turns":4},{"damage":17,"enemies":"Centurion and Healer","floor":22,"turns":1}],"seed_played":"-3778276859587080990","potions_obtained":[{"floor":4,"key":"FocusPotion"},{"floor":5,"key":"Strength Potion"},{"floor":8,"key":"Ancient Potion"},{"floor":12,"key":"BlessingOfTheForge"},{"floor":20,"key":"ColorlessPotion"}],"is_trial":false,"path_per_floor":["M","T","M","M","M","E","R","E","T","M","M","M","R","M","R","B",null,"M","T","M","?","M"],"character_chosen":"DEFECT","items_purchased":[],"campfire_rested":1,"item_purchase_floors":[],"current_hp_per_floor":[64,64,57,63,65,12,33,17,17,16,19,24,24,31,31,27,60,40,40,31,10,0,0],"gold":554,"neow_bonus":"TRANSFORM_CARD","is_daily":false,"chose_seed":false,"campfire_upgraded":2,"win_rate":0.0,"timestamp":1612246100,"path_taken":["M","?","M","M","M","E","R","E","T","M","M","?","R","M","R","BOSS","M","?","M","?","?"],"items_purchased_type":[],"build_version":"2020-12-22","purchased_purges":0,"victory":false,"max_hp_per_floor":[71,71,71,71,71,71,71,71,71,71,71,71,71,71,71,71,71,71,71,71,71,71,71],"card_choices":[{"not_picked":["Skim","Leap"],"picked":"Compile Driver","floor":1},{"not_picked":["Beam Cell","Leap"],"picked":"Self Repair","floor":3},{"not_picked":["Gash","Tempest"],"picked":"Steam","floor":4},{"not_picked":["Steam","Hologram"],"picked":"Sweeping Beam","floor":5},{"not_picked":["Hologram","Redo"],"picked":"Ball Lightning","floor":6},{"not_picked":["Beam Cell","Barrage"],"picked":"Leap","floor":8},{"not_picked":["Turbo","Capacitor"],"picked":"Doom and Gloom","floor":10},{"not_picked":["Barrage","Leap"],"picked":"Sunder","floor":11},{"not_picked":["Recycle","Beam Cell"],"picked":"Steam","floor":12},{"not_picked":["Double Energy","FTL"],"picked":"Fission","floor":14},{"not_picked":["Rainbow","Echo Form"],"picked":"Biased Cognition","floor":16},{"not_picked":["Conserve Battery","Stack","Leap+1"],"picked":"SKIP","floor":18},{"not_picked":["Rebound","Leap"],"picked":"Redo","floor":20}],"player_experience":1999912,"relics_obtained":[{"floor":2,"key":"Gremlin Horn"},{"floor":6,"key":"Vajra"},{"floor":8,"key":"Orichalcum"},{"floor":9,"key":"Omamori"},{"floor":19,"key":"MawBank"},{"floor":21,"key":"Necronomicon"}],"event_choices":[{"damage_healed":0,"gold_gain":0,"player_choice":"Obtained Book","damage_taken":21,"max_hp_gain":0,"max_hp_loss":0,"event_name":"Cursed Tome","floor":21,"gold_loss":0}],"is_beta":false,"boss_relics":[{"not_picked":["Calling Bell","Empty Cage"],"picked":"Snecko Eye"}],"items_purged_floors":[],"is_endless":false,"potions_floor_spawned":[4,5,8,12,20],"killed_by":"Centurion and Healer","ascension_level":20}}