{"host":"01gbg40krdpein5y","time":1612309301,"event":{"mods":["BaseMod","BetterRewards","Minty Spire (QoL Compilation)","Permanent Neow","Remove Card Discount Mod","SuperFastMode","Transform Curses"],"gold_per_floor":[216,9,24,35,35,61,80,80,162,176,187,212,177,177,177,276,276,290,290,310,310,310,335,335,5,77,87,87,103,120,134,134,229,229,249,296,14,34,0,0,14,64,64,23,43,43,16,35,35,35],"floor_reached":51,"language":"ENG","playtime":8232,"items_purged":["Strike_B","Strike_B","Defend_B","Defend_B","Doubt","Strike_B","Strike_B"],"score":679,"play_id":"d27015f1-741a-4583-add8-f86260f0fcce","local_time":"20210202154141","is_ascension_mode":false,"campfire_choices":[{"floor":8,"key":"REST"},{"data":"Rainbow","floor":15,"key":"SMITH"},{"floor":28,"key":"REST"},{"floor":32,"key":"REST"},{"floor":40,"key":"REST"},{"floor":46,"key":"REST"},{"data":"Storm","floor":49,"key":"SMITH"}],"circlet_count":0,"master_deck":["Defend_B","Defend_B","Zap","Dualcast","Redo","Melter","Loop","Glacier","Hello World","Barrage+1","Rainbow+1","Biased Cognition","Ball Lightning+1","Barrage+1","Core Surge+1","RitualDagger+1","Static Discharge","Panacea","Cold Snap+1","Hello World+1","Barrage+1","Storm+1","Skim+1","Biased Cognition","Hello World","Storm","Amplify","Amplify","Beam Cell+1","Machine Learning","White Noise+1","Hello World","Hologram"],"relics":["Cracked Core","PreservedInsect","StoneCalendar","Molten Egg 2","Regal Pillow","Nuclear Battery","MutagenicStrength","Nilry\u0027s Codex","Ancient Tea Set","TheAbacus","Eternal Feather","Cursed Key","Incense Burner","DollysMirror","Red Mask","Torii","Shuriken"],"acts_visited":["Exordium","TheCity","TheBeyond"],"potions_floor_usage":[6,6,12,12,16,18,33,33,36,38,41,45],"damage_taken":[{"damage":6,"enemies":"Cultist","floor":1,"turns":4},{"damage":2,"enemies":"2 Louse","floor":3,"turns":2},{"damage":6,"enemies":"Jaw Worm","floor":4,"turns":4},{"damage":24,"enemies":"Lagavulin","floor":6,"turns":4},{"damage":10,"enemies":"Looter","floor":7,"turns":3},{"damage":0,"enemies":"2 Fungi Beasts","floor":10,"turns":4},{"damage":7,"enemies":"Large Slime","floor":11,"turns":7},{"damage":0,"enemies":"Gremlin Nob","floor":12,"turns":3},{"damage":23,"enemies":"Slime Boss","floor":16,"turns":7},{"damage":1,"enemies":"Shell Parasite","floor":18,"turns":5},{"damage":0,"enemies":"Spheric Guardian","floor":20,"turns":2},{"damage":25,"enemies":"Book of Stabbing","floor":23,"turns":3},{"damage":9,"enemies":"Centurion and Healer","floor":27,"turns":4},{"damage":5,"enemies":"3 Cultists","floor":29,"turns":5},{"damage":23,"enemies":"Shelled Parasite and Fungi","floor":30,"turns":5},{"damage":13,"enemies":"Cultist and Chosen","floor":31,"turns":5},{"damage":7,"enemies":"Champ","floor":33,"turns":9},{"damage":11,"enemies":"Orb Walker","floor":35,"turns":3},{"damage":46,"enemies":"2 Orb Walkers","floor":36,"turns":4},{"damage":22,"enemies":"3 Shapes","floor":38,"turns":3},{"damage":5,"enemies":"Jaw Worm Horde","floor":41,"turns":4},{"damage":14,"enemies":"Mind Bloom Boss Battle","floor":42,"turns":5},{"damage":0,"enemies":"Maw","floor":45,"turns":5},{"damage":15,"enemies":"Writhing Mass","floor":48,"turns":4},{"damage":59,"enemies":"Time Eater","floor":50,"turns":8}],"seed_played":"-4238714602493107006","potions_obtained":[{"floor":1,"key":"Ancient Potion"},{"floor":5,"key":"SneckoOil"},{"floor":6,"key":"Fire Potion"},{"floor":11,"key":"PowerPotion"},{"floor":16,"key":"PowerPotion"},{"floor":29,"key":"Weak Potion"},{"floor":31,"key":"FocusPotion"},{"floor":33,"key":"Dexterity Potion"},{"floor":36,"key":"FearPotion"},{"floor":38,"key":"SteroidPotion"},{"floor":42,"key":"SteroidPotion"}],"is_trial":false,"path_per_floor":["M","$","M","M","?","E","M","R","T","M","M","E","?","?","R","B",null,"M","?","M","?","?","E","?","$","T","M","R","M","M","M","R","B",null,"M","?","$","M","?","R","M","?","T","$","M","R","$","M","R","B",null],"character_chosen":"DEFECT","items_purchased":["PreservedInsect","Block Potion","TheAbacus","Static Discharge","Panacea","Cold Snap+1","Amplify","DollysMirror","Energy Potion","Hello World","Hologram"],"campfire_rested":5,"item_purchase_floors":[2,2,25,25,25,25,37,37,37,44,47],"current_hp_per_floor":[69,69,67,61,61,37,27,49,49,49,42,42,60,65,65,42,80,79,79,79,64,48,23,17,17,17,8,63,58,35,22,77,70,85,74,28,28,6,6,64,59,45,45,45,45,85,85,70,85,26],"gold":35,"neow_bonus":"HUNDRED_GOLD","is_daily":false,"chose_seed":false,"campfire_upgraded":2,"win_rate":0.0,"timestamp":1612309301,"path_taken":["M","$","?","M","?","E","M","R","T","M","?","E","?","?","R","BOSS","M","?","M","?","?","E","?","$","T","M","R","?","M","M","R","BOSS","M","?","$","M","?","R","M","?","T","?","M","R","$","M","R","BOSS"],"items_purchased_type":["Relic","Potion","Relic","Card","Card","Card","Card","Relic","Potion","Card","Card"],"build_version":"2020-12-22","purchased_purges":7,"victory":true,"max_hp_per_floor":[75,75,75,75,75,75,75,75,75,75,75,75,75,80,80,80,80,80,80,80,85,85,85,85,85,85,85,85,85,85,85,85,85,85,85,85,85,85,85,85,85,85,85,85,85,85,85,85,85,85],"card_choices":[{"not_picked":["Sweeping Beam","Cold Snap"],"picked":"Redo","floor":1},{"not_picked":["Lockon","Rebound"],"picked":"Melter","floor":3},{"not_picked":["Rebound","Beam Cell","Scrape"],"picked":"SKIP","floor":4},{"not_picked":["Ball Lightning","Barrage"],"picked":"Loop","floor":6},{"not_picked":["Sweeping Beam","Stack"],"picked":"Glacier","floor":7},{"not_picked":["Stack","Glacier"],"picked":"Hello World","floor":10},{"not_picked":["Hyperbeam+1","Streamline+1"],"picked":"Barrage+1","floor":11},{"not_picked":["Blizzard+1","Rebound+1"],"picked":"Rainbow","floor":12},{"not_picked":["Meteor Strike+1","All For One+1"],"picked":"Biased Cognition","floor":16},{"not_picked":["Steam Power","Rebound+1"],"picked":"Ball Lightning+1","floor":18},{"not_picked":["Beam Cell+1","Rebound+1"],"picked":"Barrage+1","floor":20},{"not_picked":["Aggregate","Redo"],"picked":"Core Surge+1","floor":23},{"not_picked":["Ball Lightning+1","Gash+1"],"picked":"Hello World+1","floor":27},{"not_picked":["Steam","Sweeping Beam+1"],"picked":"Barrage+1","floor":29},{"not_picked":["Force Field","Go for the Eyes+1"],"picked":"Storm","floor":30},{"not_picked":["Streamline+1","Undo+1"],"picked":"Skim+1","floor":31},{"not_picked":["Seek","Hyperbeam+1"],"picked":"Biased Cognition","floor":33},{"not_picked":["Stack","Barrage+1"],"picked":"Hello World","floor":35},{"not_picked":["Auto Shields+1","Steam"],"picked":"Storm","floor":36},{"not_picked":["Redo","Rip and Tear+1"],"picked":"Beam Cell+1","floor":38},{"not_picked":["Chill","Coolheaded"],"picked":"Machine Learning","floor":41},{"not_picked":["Go for the Eyes+1","Steam+1"],"picked":"White Noise+1","floor":42},{"not_picked":["Sweeping Beam+1","Gash+1","Compile Driver+1"],"picked":"SKIP","floor":45},{"not_picked":["Reinforced Body","Barrage+1","Streamline+1"],"picked":"SKIP","floor":48}],"player_experience":436944,"relics_obtained":[{"floor":6,"key":"StoneCalendar"},{"floor":9,"key":"Molten Egg 2"},{"floor":12,"key":"Regal Pillow"},{"floor":22,"key":"Nilry\u0027s Codex"},{"floor":23,"key":"Ancient Tea Set"},{"floor":26,"key":"Eternal Feather"},{"floor":36,"key":"Incense Burner"},{"floor":42,"key":"Torii"},{"floor":43,"key":"Shuriken"}],"event_choices":[{"damage_healed":0,"gold_gain":0,"player_choice":"Got Potions","damage_taken":0,"max_hp_gain":0,"max_hp_loss":0,"event_name":"Lab","floor":5,"gold_loss":0},{"damage_healed":18,"gold_gain":0,"player_choice":"Healed","damage_taken":0,"max_hp_gain":0,"max_hp_loss":0,"event_name":"The Cleric","floor":13,"gold_loss":35},{"damage_healed":0,"gold_gain":0,"player_choice":"Donut","damage_taken":0,"max_hp_gain":5,"max_hp_loss":0,"event_name":"Big Fish","floor":14,"gold_loss":0},{"damage_healed":0,"gold_gain":0,"player_choice":"Inject Mutagens","damage_taken":0,"relics_obtained":["MutagenicStrength"],"max_hp_gain":0,"max_hp_loss":0,"event_name":"Drug Dealer","floor":19,"gold_loss":0},{"damage_healed":0,"gold_gain":0,"player_choice":"Shed Blood","damage_taken":20,"max_hp_gain":5,"max_hp_loss":0,"event_name":"Forgotten Altar","floor":21,"gold_loss":0},{"damage_healed":0,"gold_gain":0,"player_choice":"Obtained Book","damage_taken":16,"max_hp_gain":0,"max_hp_loss":0,"event_name":"Cursed Tome","floor":22,"gold_loss":0},{"damage_healed":0,"gold_gain":0,"player_choice":"Joined the Cult","damage_taken":6,"max_hp_gain":0,"max_hp_loss":0,"event_name":"Nest","floor":24,"gold_loss":0,"cards_obtained":["RitualDagger"]},{"damage_healed":0,"gold_gain":0,"player_choice":"Fight","damage_taken":0,"max_hp_gain":0,"max_hp_loss":0,"event_name":"Mysterious Sphere","floor":36,"gold_loss":0},{"damage_healed":0,"gold_gain":0,"player_choice":"Paid","damage_taken":0,"relics_obtained":["Red Mask"],"max_hp_gain":0,"max_hp_loss":0,"event_name":"Tomb of Lord Red Mask","floor":39,"gold_loss":34},{"damage_healed":0,"gold_gain":0,"player_choice":"Fight","damage_taken":0,"max_hp_gain":0,"max_hp_loss":0,"event_name":"MindBloom","floor":42,"gold_loss":0}],"is_beta":false,"boss_relics":[{"not_picked":["Runic Pyramid","Snecko Eye"],"picked":"Nuclear Battery"},{"not_picked":["Tiny House","Empty Cage"],"picked":"Cursed Key"}],"items_purged_floors":[37,37,37,37,44,44,44],"is_endless":false,"potions_floor_spawned":[1,6,11,16,29,31,33,36,38,42],"ascension_level":0}}