{"host":"krw8blyxua7at9ak","time":1612254007,"event":{"mods":["BaseMod","Highlight Path","Minty Spire (QoL Compilation)","ojb\u0027s Info Mod"],"gold_per_floor":[117,117,117,144,114,154,168,168,168,206,230,230,63,63,63,159,159,175,199,213,233,249,280,299,318,344,362,29,29,154,195,195,288,288,312,336,336,349,13,13,0,34,34,367,367,397,413,438,438,438,438,438,438,5,34,34],"floor_reached":57,"language":"ENG","playtime":2452,"items_purged":["Strike_G"],"score":3020,"play_id":"1c377227-c898-4c2c-943d-a1563883e09d","local_time":"20210202092007","is_ascension_mode":true,"campfire_choices":[{"floor":8.0,"key":"REST"},{"data":"Finisher","floor":15.0,"key":"SMITH"},{"data":"Tools of the Trade","floor":29.0,"key":"SMITH"},{"data":"Wraith Form v2","floor":32.0,"key":"SMITH"},{"data":"Bullet Time","floor":40,"key":"SMITH"},{"data":"Cloak And Dagger","floor":45,"key":"SMITH"},{"floor":49,"key":"RECALL"},{"data":"After Image","floor":53,"key":"SMITH"}],"circlet_count":0,"master_deck":["AscendersBane","Strike_G","Strike_G","Strike_G","Defend_G","Defend_G","Defend_G","Defend_G","Defend_G","Survivor","Neutralize","Backstab","Finisher+1","Terror","Grand Finale","Infinite Blades","Cloak And Dagger","Tools of the Trade+1","Finisher+1","Backflip+1","Slice","Poisoned Stab+1","Cloak And Dagger","PiercingWail+1","Wraith Form v2+1","Backstab","Cloak And Dagger+1","Endless Agony","Cloak And Dagger","Sucker Punch+1","After Image+1","Acrobatics+1","Tools of the Trade","Storm of Steel","Dodge and Roll+1","Infinite Blades","Bullet Time+1","Venomology","Backflip","Blur+1","Thinking Ahead","Footwork"],"relics":["Ring of the Snake","NeowsBlessing","Lizard Tail","Oddly Smooth Stone","Ninja Scroll","Tough Bandages","Prayer Wheel","FaceOfCleric","TwistedFunnel","Bottled Flame","WristBlade","Lantern","Akabeko","Orrery","StoneCalendar","White Beast Statue","Centennial Puzzle","Sozu","FossilizedHelix","Red Mask","Molten Egg 2","Potion Belt","TungstenRod","Toolbox","Pear"],"acts_visited":["Exordium","TheCity","TheBeyond","TheEnding"],"potions_floor_usage":[50,56],"damage_taken":[{"damage":0.0,"enemies":"2 Louse","floor":1.0,"turns":1.0},{"damage":0.0,"enemies":"3 Sentries","floor":6.0,"turns":1.0},{"damage":0.0,"enemies":"Jaw Worm","floor":7.0,"turns":1.0},{"damage":17.0,"enemies":"Lagavulin","floor":10.0,"turns":4.0},{"damage":0.0,"enemies":"Small Slimes","floor":11.0,"turns":1.0},{"damage":3.0,"enemies":"Hexaghost","floor":16.0,"turns":9.0},{"damage":0.0,"enemies":"Chosen","floor":18.0,"turns":1.0},{"damage":0.0,"enemies":"2 Thieves","floor":19.0,"turns":1.0},{"damage":0.0,"enemies":"Snake Plant","floor":20.0,"turns":1.0},{"damage":0.0,"enemies":"Sentry and Sphere","floor":21.0,"turns":1.0},{"damage":0.0,"enemies":"Centurion and Healer","floor":22.0,"turns":3.0},{"damage":9.0,"enemies":"Book of Stabbing","floor":23.0,"turns":4.0},{"damage":0.0,"enemies":"Snake Plant","floor":24.0,"turns":1.0},{"damage":0.0,"enemies":"Shelled Parasite and Fungi","floor":25.0,"turns":2.0},{"damage":0.0,"enemies":"Centurion and Healer","floor":27.0,"turns":2.0},{"damage":0.0,"enemies":"Colosseum Slavers","floor":30.0,"turns":1.0},{"damage":0.0,"enemies":"Colosseum Nobs","floor":30.0,"turns":2.0},{"damage":0.0,"enemies":"Slavers","floor":31.0,"turns":3.0},{"damage":56.0,"enemies":"Automaton","floor":33.0,"turns":8.0},{"damage":0,"enemies":"3 Darklings","floor":35,"turns":2},{"damage":0,"enemies":"Orb Walker","floor":36,"turns":1},{"damage":3,"enemies":"Sphere and 2 Shapes","floor":38,"turns":4},{"damage":0,"enemies":"Nemesis","floor":42,"turns":1},{"damage":0,"enemies":"Reptomancer","floor":46,"turns":4},{"damage":0,"enemies":"3 Darklings","floor":47,"turns":1},{"damage":2,"enemies":"Mind Bloom Boss Battle","floor":48,"turns":7},{"damage":41,"enemies":"Awakened One","floor":50,"turns":13},{"damage":1,"enemies":"Donu and Deca","floor":51,"turns":10},{"damage":4,"enemies":"Shield and Spear","floor":55,"turns":8},{"damage":107,"enemies":"The Heart","floor":56,"turns":11}],"seed_played":"1335350990494805163","potions_obtained":[{"floor":1.0,"key":"AttackPotion"},{"floor":5.0,"key":"BlessingOfTheForge"},{"floor":10.0,"key":"PowerPotion"},{"floor":16.0,"key":"Regen Potion"},{"floor":18.0,"key":"Poison Potion"},{"floor":23.0,"key":"BlessingOfTheForge"},{"floor":31.0,"key":"LiquidMemories"}],"is_trial":false,"path_per_floor":["M","?","?","T","?","E","M","R","T","E","M","?","$","T","R","B",null,"M","M","M","M","M","E","M","M","T","M","$","R","?","E","R","B",null,"M","M","?","M","$","R","?","E","T","?","R","E","M","?","R","B","B",null,"R","$","E","B",null],"character_chosen":"THE_SILENT","items_purchased":["TwistedFunnel","After Image","Orrery","FossilizedHelix","Toolbox","Thinking Ahead"],"campfire_rested":1,"item_purchase_floors":[13,28,28,39,54,54],"current_hp_per_floor":[59,59,3,3,3,3,3,21,21,4,4,4,4,4,4,2,46,47,48,49,50,51,57,58,59,59,60,60,60,62,63,63,8,58,59,60,60,58,58,58,58,59,59,59,59,60,61,60,60,20,20,67,67,67,74,15],"gold":34,"neow_bonus":"THREE_ENEMY_KILL","is_daily":false,"chose_seed":false,"campfire_upgraded":6,"win_rate":0.0,"timestamp":1612254007,"path_taken":["M","?","?","?","?","E","M","R","T","E","?","?","$","?","R","BOSS","M","M","?","M","M","E","M","M","T","M","$","R","?","E","R","BOSS","M","M","?","?","$","R","?","E","T","?","R","E","M","?","R","BOSS","BOSS","R","$","E","BOSS"],"items_purchased_type":["Relic","Card","Relic","Relic","Relic","Card"],"build_version":"2020-12-22","purchased_purges":1,"victory":true,"max_hp_per_floor":[66,60,60,60,60,60,60,60,60,60,60,60,60,60,60,61,61,62,63,64,65,66,67,68,69,69,70,70,70,72,73,73,74,74,75,76,76,77,77,77,77,78,78,78,78,79,80,81,81,82,83,83,83,83,94,95],"card_choices":[{"not_picked":["Riddle With Holes","Calculated Gamble"],"picked":"Backstab","floor":1.0},{"not_picked":["Reflex","Accuracy"],"picked":"Finisher","floor":6.0},{"not_picked":["Reflex","Acrobatics"],"picked":"Terror","floor":7.0},{"not_picked":["Doppelganger","Dodge and Roll"],"picked":"Grand Finale","floor":10.0},{"not_picked":["Bane","Noxious Fumes"],"picked":"Infinite Blades","floor":11.0},{"not_picked":["Dodge and Roll","Catalyst"],"picked":"Cloak And Dagger","floor":11.0},{"not_picked":["Die Die Die","Venomology"],"picked":"Tools of the Trade","floor":16.0},{"not_picked":["Poisoned Stab","Acrobatics"],"picked":"Finisher+1","floor":18.0},{"not_picked":["Flying Knee","Poisoned Stab"],"picked":"Backflip+1","floor":18.0},{"not_picked":["Reflex","Deflect"],"picked":"Slice","floor":19.0},{"not_picked":["Bane","Dagger Throw"],"picked":"Poisoned Stab+1","floor":19.0},{"not_picked":["Escape Plan","Accuracy"],"picked":"Cloak And Dagger","floor":20.0},{"not_picked":["Caltrops+1","Dagger Spray","PiercingWail"],"picked":"SKIP","floor":20.0},{"not_picked":["Dash","Concentrate"],"picked":"PiercingWail+1","floor":21.0},{"not_picked":["Dagger Throw","Flying Knee","Footwork"],"picked":"SKIP","floor":21.0},{"not_picked":["Well Laid Plans","Backflip"],"picked":"Wraith Form v2","floor":22.0},{"not_picked":["Skewer+1","Bane","Deadly Poison"],"picked":"SKIP","floor":22.0},{"not_picked":["Poisoned Stab","Dagger Throw"],"picked":"Backstab","floor":23.0},{"not_picked":["Bouncing Flask","Poisoned Stab"],"picked":"Cloak And Dagger","floor":24.0},{"not_picked":["Predator","Quick Slash","Underhanded Strike"],"picked":"SKIP","floor":24.0},{"not_picked":["Caltrops","Finisher"],"picked":"Endless Agony","floor":25.0},{"not_picked":["Sucker Punch","Expertise"],"picked":"Cloak And Dagger","floor":25.0},{"not_picked":["Cloak And Dagger","Finisher"],"picked":"Sucker Punch+1","floor":27.0},{"not_picked":["Blur","Flying Knee","All Out Attack"],"picked":"SKIP","floor":27.0},{"not_picked":["Poisoned Stab","Slice"],"picked":"Acrobatics+1","floor":28.0},{"not_picked":["Caltrops","Setup"],"picked":"Tools of the Trade","floor":28.0},{"not_picked":["Acrobatics","Blade Dance"],"picked":"Storm of Steel","floor":28.0},{"not_picked":["Bouncing Flask","Dagger Throw"],"picked":"Dodge and Roll+1","floor":30.0},{"not_picked":["Dodge and Roll","Flechettes"],"picked":"Infinite Blades","floor":31.0},{"not_picked":["Venomology","A Thousand Cuts"],"picked":"Bullet Time","floor":33.0},{"not_picked":["Poisoned Stab","Outmaneuver","Tactician"],"picked":"SKIP","floor":35},{"not_picked":["Outmaneuver","Prepared","Leg Sweep"],"picked":"SKIP","floor":35},{"not_picked":["Prepared","Choke","Poisoned Stab+1"],"picked":"SKIP","floor":36},{"not_picked":["Outmaneuver+1","Quick Slash","Well Laid Plans"],"picked":"SKIP","floor":36},{"not_picked":["Prepared","Die Die Die","Terror"],"picked":"SKIP","floor":38},{"not_picked":["Endless Agony","Prepared","Flying Knee"],"picked":"SKIP","floor":38},{"not_picked":["Dagger Spray+1","Heel Hook+1","Catalyst"],"picked":"SKIP","floor":42},{"not_picked":["PiercingWail+1","Dagger Spray+1"],"picked":"Backflip","floor":46},{"not_picked":["Noxious Fumes+1","PiercingWail+1"],"picked":"Blur+1","floor":47},{"not_picked":["Dagger Spray+1","Caltrops","Poisoned Stab+1"],"picked":"SKIP","floor":47},{"not_picked":["Slice+1","PiercingWail+1"],"picked":"Footwork","floor":55}],"player_experience":381788,"relics_obtained":[{"floor":4.0,"key":"Oddly Smooth Stone"},{"floor":6.0,"key":"Ninja Scroll"},{"floor":9.0,"key":"Tough Bandages"},{"floor":10.0,"key":"Prayer Wheel"},{"floor":14.0,"key":"Bottled Flame"},{"floor":23.0,"key":"Lantern"},{"floor":26.0,"key":"Akabeko"},{"floor":30.0,"key":"StoneCalendar"},{"floor":30.0,"key":"White Beast Statue"},{"floor":31.0,"key":"Centennial Puzzle"},{"floor":42,"key":"Molten Egg 2"},{"floor":46,"key":"Potion Belt"},{"floor":48,"key":"TungstenRod"},{"floor":55,"key":"Pear"}],"event_choices":[{"damage_healed":0.0,"max_hp_gain":0.0,"max_hp_loss":6.0,"gold_gain":0.0,"event_name":"Golden Idol","player_choice":"Lose Max HP","floor":2.0,"gold_loss":0.0,"damage_taken":0.0,"relics_obtained":["Golden Idol"]},{"damage_healed":0.0,"max_hp_gain":0.0,"max_hp_loss":0.0,"gold_gain":0.0,"event_name":"Scrap Ooze","player_choice":"Success","floor":3.0,"gold_loss":0.0,"damage_taken":56.0,"relics_obtained":["Lizard Tail"]},{"damage_healed":0.0,"max_hp_gain":0.0,"max_hp_loss":0.0,"gold_gain":0.0,"event_name":"The Woman in Blue","player_choice":"Bought 2 Potions","floor":5.0,"gold_loss":0.0,"damage_taken":0.0},{"damage_healed":0.0,"max_hp_gain":0.0,"max_hp_loss":0.0,"gold_gain":0.0,"event_name":"FaceTrader","player_choice":"Trade","floor":12.0,"gold_loss":0.0,"damage_taken":0.0,"relics_obtained":["FaceOfCleric"]},{"damage_healed":0.0,"max_hp_gain":0.0,"max_hp_loss":0.0,"gold_gain":0.0,"event_name":"Colosseum","player_choice":"Fight","floor":30.0,"gold_loss":0.0,"damage_taken":0.0},{"damage_healed":0.0,"max_hp_gain":0.0,"max_hp_loss":0.0,"gold_gain":0.0,"event_name":"Colosseum","player_choice":"Fought Nobs","floor":30.0,"gold_loss":0.0,"damage_taken":0.0},{"damage_healed":0,"gold_gain":0,"cards_transformed":["Strike_G"],"player_choice":"Transformed","damage_taken":0,"max_hp_gain":0,"max_hp_loss":0,"event_name":"Transmorgrifier","floor":37,"gold_loss":0,"cards_obtained":["Venomology"]},{"damage_healed":0,"gold_gain":0,"player_choice":"Paid","damage_taken":0,"relics_obtained":["Red Mask"],"max_hp_gain":0,"max_hp_loss":0,"event_name":"Tomb of Lord Red Mask","floor":41,"gold_loss":13},{"damage_healed":0,"gold_gain":333,"player_choice":"Gave Idol","damage_taken":0,"max_hp_gain":0,"max_hp_loss":0,"event_name":"The Moai Head","floor":44,"relics_lost":["Golden Idol"],"gold_loss":0},{"damage_healed":0,"gold_gain":0,"player_choice":"Fight","damage_taken":0,"max_hp_gain":0,"max_hp_loss":0,"event_name":"MindBloom","floor":48,"gold_loss":0}],"is_beta":false,"boss_relics":[{"not_picked":["Velvet Choker","Ring of the Serpent"],"picked":"WristBlade"},{"not_picked":["Runic Pyramid","Tiny House"],"picked":"Sozu"}],"items_purged_floors":[54],"is_endless":false,"potions_floor_spawned":[1,10,16,18,19,20,23,30,31,33,35,36,38,42,46,47,48,55],"ascension_level":20}}