{"host":"mdxxh7xrx9vr3ma8","time":1612280192,"event":{"mods":["AchievementEnabler","Act Like it!","BaseMod","Better Altar","Better Match","Better Note","Better Sensory Stone","Better Skull","Better Third Choice","BetterRewards","Colored Map","Colored Powertips","Downfall","Friendly Minions","GifTheSpireLib","Googly Eyes","Hermit","Highlight Path","Infinite Spire","Marisa????????","Minty Spire (QoL Compilation)","Rare Cards Sparkle","Shop Mod","StSLib","SuperFastMode","The Animator","The Necromancer","everything is the same but u backflip on backflip"],"gold_per_floor":[109,109,61,81,93,120,135,135,135,135,154,32,32,45,45,146,146,159,175,175],"floor_reached":19,"language":"ENG","playtime":1205,"items_purged":[],"score":271,"play_id":"4ef6d86e-ee30-4c74-97bc-927a71c5a01d","local_time":"20210202073632","is_ascension_mode":false,"campfire_choices":[{"floor":8,"key":"REST"},{"floor":13,"key":"REST"},{"data":"Dark Shackles","floor":15,"key":"SMITH"}],"circlet_count":1,"master_deck":["hermit:Strike_Hermit","hermit:Strike_Hermit","hermit:Strike_Hermit","hermit:Strike_Hermit","hermit:Defend_Hermit","hermit:Defend_Hermit","hermit:Defend_Hermit","hermit:Defend_Hermit","hermit:Snapshot+1","Dark Shackles+1","hermit:Deadeye","hermit:HighCaliber","hermit:CursedWeapon","hermit:Reprieve","hermit:Grudge","Panacea","hermit:Roughhouse","CurseOfTheBell","hermit:Grudge"],"relics":["hermit:Momento","Ginger","Circlet","Sozu","Potion Belt","infinitespire:WardingShard","Sozu","Sozu","Sozu","Sozu","Calling Bell","Strawberry","Ornamental Fan","Bird Faced Urn"],"acts_visited":["Exordium","TheCity"],"potions_floor_usage":[],"damage_taken":[{"damage":3,"enemies":"Jaw Worm","floor":1,"turns":4},{"damage":1,"enemies":"Cultist","floor":4,"turns":3},{"damage":0,"enemies":"2 Louse","floor":5,"turns":2},{"damage":23,"enemies":"3 Sentries","floor":6,"turns":7},{"damage":2,"enemies":"Looter","floor":7,"turns":2},{"damage":18,"enemies":"Gremlin Gang","floor":11,"turns":3},{"damage":10,"enemies":"Exordium Thugs","floor":14,"turns":3},{"damage":36,"enemies":"Slime Boss","floor":16,"turns":10},{"damage":8,"enemies":"Shell Parasite","floor":18,"turns":3},{"damage":3,"enemies":"Spheric Guardian","floor":19,"turns":3}],"seed_played":"3930298067606745749","potions_obtained":[],"is_trial":false,"path_per_floor":["M","?","$","M","M","E","M","R","T","?","M","$","R","M","R","B",null,"M","M"],"character_chosen":"HERMIT","items_purchased":["Ginger","Dark Shackles","hermit:HighCaliber","hermit:Grudge","Panacea"],"campfire_rested":2,"item_purchase_floors":[0,0,3,12,12],"current_hp_per_floor":[72,72,72,71,71,48,46,68,68,68,54,54,75,67,67,35,82,74,71,71],"gold":175,"neow_bonus":"","is_daily":false,"chose_seed":false,"campfire_upgraded":1,"win_rate":0.0,"timestamp":1612280192,"path_taken":["M","?","$","?","M","E","M","R","T","?","?","?","R","M","R","BOSS","M","?"],"items_purchased_type":["Relic","Card","Card","Card","Card"],"build_version":"2020-12-22","purchased_purges":0,"victory":false,"max_hp_per_floor":[75,75,75,75,75,75,75,75,75,75,75,75,75,75,75,75,82,82,82,82],"card_choices":[{"not_picked":["hermit:Misfire","hermit:ItchyTrigger"],"picked":"hermit:Deadeye","floor":1},{"not_picked":["hermit:Roulette","hermit:Showdown","hermit:ItchyTrigger"],"picked":"SKIP","floor":4},{"not_picked":["hermit:HoleUp","hermit:Ricochet"],"picked":"hermit:CursedWeapon","floor":5},{"not_picked":["hermit:LuckOfTheDraw","hermit:SprayPray"],"picked":"hermit:Reprieve","floor":6},{"not_picked":["hermit:Misfire","hermit:Glare","hermit:SprayPray"],"picked":"SKIP","floor":7},{"not_picked":["hermit:TrackingShot","hermit:TakeCover","hermit:Roulette"],"picked":"SKIP","floor":11},{"not_picked":["hermit:Snipe","hermit:CalledShot","hermit:SprayPray"],"picked":"SKIP","floor":14},{"not_picked":["hermit:Reprieve","hermit:Magnum"],"picked":"hermit:Roughhouse","floor":16},{"not_picked":["hermit:Dive","hermit:Desperado"],"picked":"hermit:Grudge","floor":18}],"player_experience":117910,"relics_obtained":[{"floor":6,"key":"Potion Belt"},{"floor":9,"key":"infinitespire:WardingShard"},{"floor":17,"key":"Strawberry"},{"floor":17,"key":"Ornamental Fan"},{"floor":17,"key":"Bird Faced Urn"}],"event_choices":[{"damage_healed":0,"gold_gain":0,"player_choice":"Upgraded","damage_taken":0,"max_hp_gain":0,"max_hp_loss":0,"event_name":"Upgrade Shrine","floor":2,"gold_loss":0,"cards_upgraded":["hermit:Snapshot"]},{"damage_healed":0,"gold_gain":1,"player_choice":"1","damage_taken":0,"max_hp_gain":0,"max_hp_loss":0,"event_name":"betterStone:BetterStone","floor":10,"gold_loss":0}],"is_beta":false,"boss_relics":[{"not_picked":["Velvet Choker","Runic Pyramid"],"picked":"Calling Bell"}],"items_purged_floors":[],"is_endless":false,"potions_floor_spawned":[5,6,16,18],"killed_by":"Spheric Guardian","ascension_level":0}}