{"host":"i2s4iw62z1dejrqn","time":1612256901,"event":{"mods":["AchievementEnabler","BaseMod","Minty Spire (QoL Compilation)","Random Character Button","SuperFastMode"],"gold_per_floor":[117,117,131,148,73,98,98,115,166,166,191,204,204,224,224,320,320,332,76,91,105,120,155,167,211,223,264,276,325,54,153,153,248,248,260,310,108,184,234,234,289,289,359,394,445,516,559,602,602,602,602,602,57,91,91],"floor_reached":56,"language":"KOR","playtime":4017,"items_purged":["Defend_P","Strike_P","Strike_P","Defend_P"],"score":1756,"play_id":"eace38c0-dc28-4342-83f6-c1d4433696ef","local_time":"20210202180821","is_ascension_mode":true,"campfire_choices":[{"data":"ForeignInfluence","floor":7.0,"key":"SMITH"},{"data":"Vigilance","floor":10.0,"key":"SMITH"},{"data":"Brilliance","floor":15.0,"key":"SMITH"},{"floor":24.0,"key":"REST"},{"data":"Wish","floor":32.0,"key":"SMITH"},{"data":"Devotion","floor":40.0,"key":"SMITH"},{"floor":42.0,"key":"REST"},{"floor":49.0,"key":"RECALL"},{"data":"SashWhip","floor":52.0,"key":"SMITH"}],"circlet_count":0,"master_deck":["Strike_P","Strike_P","Defend_P","Eruption+1","Vigilance+1","ForeignInfluence+1","Brilliance+1","Indignation","FearNoEvil","Omniscience","InnerPeace","SashWhip+1","Wish+1","Wireheading+1","Ghostly","Ghostly","Ghostly","Ghostly","Ghostly","Purity","Devotion+1","Adaptation","MentalFortress+1","Halt+1","ConjureBlade+1"],"relics":["PureWater","NeowsBlessing","Mercury Hourglass","Pen Nib","Akabeko","Black Star","Potion Belt","MawBank","Shuriken","Tiny Chest","The Courier","Regal Pillow","Omamori","Kunai","Damaru","SacredBark","Bottled Tornado","Gremlin Horn","Ornamental Fan","Du-Vu Doll","Toy Ornithopter","Bird Faced Urn","Toxic Egg 2","Bronze Scales","Centennial Puzzle","Eternal Feather"],"acts_visited":["Exordium","TheCity","TheBeyond","TheEnding"],"potions_floor_usage":[55,55,55,55,55,55,55,55,55,55],"damage_taken":[{"damage":0.0,"enemies":"Small Slimes","floor":1.0,"turns":1.0},{"damage":0.0,"enemies":"Cultist","floor":3.0,"turns":1.0},{"damage":0.0,"enemies":"2 Louse","floor":4.0,"turns":1.0},{"damage":24.0,"enemies":"3 Sentries","floor":6.0,"turns":5.0},{"damage":0.0,"enemies":"Blue Slaver","floor":8.0,"turns":2.0},{"damage":10.0,"enemies":"Gremlin Nob","floor":11.0,"turns":3.0},{"damage":0.0,"enemies":"Exordium Wildlife","floor":12.0,"turns":1.0},{"damage":0.0,"enemies":"2 Fungi Beasts","floor":14.0,"turns":1.0},{"damage":18.0,"enemies":"Hexaghost","floor":16.0,"turns":3.0},{"damage":0.0,"enemies":"Shell Parasite","floor":18.0,"turns":1.0},{"damage":0.0,"enemies":"Chosen","floor":20.0,"turns":3.0},{"damage":0.0,"enemies":"Centurion and Healer","floor":21.0,"turns":4.0},{"damage":11.0,"enemies":"Snake Plant","floor":22.0,"turns":3.0},{"damage":22.0,"enemies":"Book of Stabbing","floor":23.0,"turns":4.0},{"damage":0.0,"enemies":"Gremlin Leader","floor":25.0,"turns":1.0},{"damage":19.0,"enemies":"Book of Stabbing","floor":27.0,"turns":7.0},{"damage":2.0,"enemies":"Snecko","floor":29.0,"turns":4.0},{"damage":2.0,"enemies":"Collector","floor":33.0,"turns":8.0},{"damage":2.0,"enemies":"3 Darklings","floor":35.0,"turns":6.0},{"damage":2.0,"enemies":"3 Shapes","floor":36.0,"turns":3.0},{"damage":3.0,"enemies":"Writhing Mass","floor":38.0,"turns":5.0},{"damage":3.0,"enemies":"Transient","floor":39.0,"turns":5.0},{"damage":10.0,"enemies":"Reptomancer","floor":41.0,"turns":6.0},{"damage":8.0,"enemies":"Giant Head","floor":44.0,"turns":6.0},{"damage":8.0,"enemies":"2 Orb Walkers","floor":45.0,"turns":6.0},{"damage":7.0,"enemies":"3 Darklings","floor":47.0,"turns":4.0},{"damage":5.0,"enemies":"Jaw Worm Horde","floor":48.0,"turns":6.0},{"damage":1.0,"enemies":"Awakened One","floor":50.0,"turns":9.0},{"damage":31,"enemies":"Shield and Spear","floor":54,"turns":7},{"damage":37,"enemies":"The Heart","floor":55,"turns":10}],"seed_played":"5371384131828676247","potions_obtained":[{"floor":1.0,"key":"SneckoOil"},{"floor":4.0,"key":"BottledMiracle"},{"floor":8.0,"key":"SpeedPotion"},{"floor":12.0,"key":"CultistPotion"},{"floor":14.0,"key":"FearPotion"},{"floor":16.0,"key":"AttackPotion"},{"floor":18.0,"key":"DuplicationPotion"},{"floor":22.0,"key":"DistilledChaos"},{"floor":27.0,"key":"SpeedPotion"},{"floor":33.0,"key":"AttackPotion"},{"floor":39.0,"key":"Block Potion"},{"floor":41.0,"key":"BottledMiracle"},{"floor":44.0,"key":"FearPotion"},{"floor":45.0,"key":"FearPotion"},{"floor":54,"key":"EssenceOfSteel"}],"is_trial":false,"path_per_floor":["M","?","M","M","$","E","R","M","T","R","E","M","?","M","R","B",null,"M","$","M","M","M","E","R","E","T","E","?","M","$","?","R","B",null,"M","M","$","M","M","R","E","R","T","E","?","T","M","M","R","B",null,"R","$","E","B",null],"character_chosen":"WATCHER","items_purchased":["Potion Belt","Damaru","Purity","Bottled Tornado","Bronze Scales","EntropicBrew","BlessingOfTheForge","Fruit Juice","EssenceOfSteel","SteroidPotion"],"campfire_rested":2,"item_purchase_floors":[19,30,30,37,53,53,53,53,53,53],"current_hp_per_floor":[65,65,65,65,65,41,41,41,41,41,31,31,31,31,31,13,57,57,57,57,57,46,24,45,45,45,26,26,24,24,24,24,22,33,31,29,29,26,23,23,13,36,36,28,30,30,31,34,34,36,36,36,46,21,22],"gold":91,"neow_bonus":"THREE_ENEMY_KILL","is_daily":false,"chose_seed":false,"campfire_upgraded":6,"win_rate":0.0,"timestamp":1612256901,"path_taken":["M","?","M","M","?","E","R","M","T","R","E","M","?","M","R","BOSS","M","$","M","M","M","E","R","E","T","E","?","M","$","?","R","BOSS","M","M","$","M","M","R","E","R","T","E","?","?","M","M","R","BOSS","R","$","E","BOSS"],"items_purchased_type":["Relic","Relic","Card","Relic","Relic","Potion","Potion","Potion","Potion","Potion"],"build_version":"2020-12-22","purchased_purges":4,"victory":true,"max_hp_per_floor":[72,72,72,72,72,72,72,72,72,72,72,72,72,72,72,72,72,72,72,72,72,72,72,72,72,72,72,36,36,36,36,36,36,36,36,36,36,36,36,36,36,36,36,36,36,36,36,36,36,36,36,36,46,46,46],"card_choices":[{"not_picked":["Prostrate","PathToVictory","Perseverance"],"picked":"SKIP","floor":1.0},{"not_picked":["Nirvana","Consecrate","EmptyBody"],"picked":"SKIP","floor":3.0},{"not_picked":["CutThroughFate","BowlingBash","Consecrate"],"picked":"SKIP","floor":4.0},{"not_picked":["FlurryOfBlows","Pray"],"picked":"ForeignInfluence","floor":6.0},{"not_picked":["CrushJoints","FollowUp"],"picked":"Brilliance","floor":8.0},{"not_picked":["ThirdEye","Crescendo"],"picked":"Indignation","floor":11.0},{"not_picked":["FlyingSleeves","Meditate","Protect"],"picked":"SKIP","floor":12.0},{"not_picked":["Prostrate","FollowUp"],"picked":"FearNoEvil","floor":14.0},{"not_picked":["Vault","MasterReality"],"picked":"Omniscience","floor":16.0},{"not_picked":["FlyingSleeves","EmptyFist","Consecrate"],"picked":"SKIP","floor":18.0},{"not_picked":["ClearTheMind","Evaluate","FlyingSleeves"],"picked":"SKIP","floor":20.0},{"not_picked":["EmptyBody","Indignation","Crescendo+1"],"picked":"SKIP","floor":21.0},{"not_picked":["EmptyBody","Indignation","Crescendo+1"],"picked":"SKIP","floor":21.0},{"not_picked":["ThirdEye","Consecrate"],"picked":"InnerPeace","floor":22.0},{"not_picked":["Swivel","ReachHeaven+1"],"picked":"SashWhip","floor":23.0},{"not_picked":["Nirvana","SpiritShield"],"picked":"Wish","floor":25.0},{"not_picked":["CarveReality+1","Crescendo"],"picked":"Wireheading+1","floor":27.0},{"not_picked":["ThirdEye+1","DeceiveReality","EmptyFist"],"picked":"SKIP","floor":29.0},{"not_picked":["DevaForm","Vault"],"picked":"Devotion","floor":33.0},{"not_picked":["Consecrate+1","WreathOfFlame+1","FlurryOfBlows"],"picked":"SKIP","floor":35.0},{"not_picked":["FlurryOfBlows+1","Protect","ClearTheMind"],"picked":"SKIP","floor":36.0},{"not_picked":["Consecrate","Protect+1","WaveOfTheHand"],"picked":"SKIP","floor":38.0},{"not_picked":["BattleHymn+1","ThirdEye+1","FollowUp+1"],"picked":"SKIP","floor":39.0},{"not_picked":["Sanctity","Evaluate+1","CarveReality"],"picked":"SKIP","floor":41.0},{"not_picked":["Brilliance","Ragnarok"],"picked":"Adaptation","floor":44.0},{"not_picked":["BowlingBash+1","Weave+1"],"picked":"MentalFortress+1","floor":45.0},{"not_picked":["ReachHeaven+1","FlyingSleeves"],"picked":"Halt+1","floor":47.0},{"not_picked":["JustLucky+1","MasterReality","FlurryOfBlows+1"],"picked":"SKIP","floor":48.0},{"not_picked":["CrushJoints+1","CutThroughFate"],"picked":"ConjureBlade+1","floor":54}],"player_experience":458669,"relics_obtained":[{"floor":6.0,"key":"Mercury Hourglass"},{"floor":9.0,"key":"Pen Nib"},{"floor":11.0,"key":"Akabeko"},{"floor":23.0,"key":"MawBank"},{"floor":23.0,"key":"Shuriken"},{"floor":25.0,"key":"Tiny Chest"},{"floor":25.0,"key":"The Courier"},{"floor":26.0,"key":"Regal Pillow"},{"floor":27.0,"key":"Omamori"},{"floor":27.0,"key":"Kunai"},{"floor":41.0,"key":"Gremlin Horn"},{"floor":41.0,"key":"Ornamental Fan"},{"floor":44.0,"key":"Du-Vu Doll"},{"floor":44.0,"key":"Toy Ornithopter"},{"floor":45.0,"key":"Bird Faced Urn"},{"floor":46.0,"key":"Toxic Egg 2"},{"floor":54,"key":"Centennial Puzzle"},{"floor":54,"key":"Eternal Feather"}],"event_choices":[{"damage_healed":0.0,"max_hp_gain":0.0,"max_hp_loss":0.0,"gold_gain":0.0,"event_name":"Accursed Blacksmith","player_choice":"Forge","floor":2.0,"gold_loss":0.0,"damage_taken":0.0,"cards_upgraded":["Eruption"]},{"cards_removed":["Defend_P"],"damage_healed":0.0,"max_hp_gain":0.0,"max_hp_loss":0.0,"gold_gain":0.0,"event_name":"Living Wall","player_choice":"Forget","floor":13.0,"gold_loss":0.0,"damage_taken":0.0},{"damage_healed":0.0,"max_hp_gain":0.0,"max_hp_loss":36.0,"gold_gain":0.0,"event_name":"Ghosts","player_choice":"Became a Ghost","floor":28.0,"gold_loss":0.0,"damage_taken":0.0,"cards_obtained":["Ghostly","Ghostly","Ghostly","Ghostly","Ghostly"]},{"damage_healed":0.0,"max_hp_gain":0.0,"max_hp_loss":0.0,"gold_gain":99.0,"event_name":"Nest","player_choice":"Stole From Cult","floor":31.0,"gold_loss":0.0,"damage_taken":0.0},{"damage_healed":0.0,"max_hp_gain":0.0,"max_hp_loss":0.0,"gold_gain":0.0,"event_name":"Mysterious Sphere","player_choice":"Fight","floor":45.0,"gold_loss":0.0,"damage_taken":0.0}],"is_beta":false,"boss_relics":[{"not_picked":["Philosopher\u0027s Stone","HolyWater"],"picked":"Black Star"},{"not_picked":["Sozu","Runic Dome"],"picked":"SacredBark"}],"items_purged_floors":[5,19,30,53],"is_endless":false,"potions_floor_spawned":[1,4,8,12,14,16,18,22,27,33,39,41,44,45,54],"ascension_level":8}}