{"host":"syozzdlzcqop4jia","time":1612303064,"event":{"mods":["BaseMod","Colored Map","Colored Powertips","Minty Spire (QoL Compilation)","Quick Restart"],"gold_per_floor":[213,231,231,250,263,263,281,295,320,338,355,355,384,411,411,514,514,529,266,278,307,326,326,361,361,408,443,455,472,489,20,20,120,120,133,133,8,22,22,22,47,47,47,63,83,83,103,103,103,103,103],"floor_reached":50,"language":"ENG","playtime":3436,"items_purged":["Defend_R","Strike_R","Defend_R"],"score":785,"play_id":"0094d3e9-b7fd-481a-8364-f377cd290d97","local_time":"20210202225744","is_ascension_mode":true,"campfire_choices":[{"data":"Flex","floor":6,"key":"SMITH"},{"data":"Inflame","floor":12,"key":"SMITH"},{"floor":15,"key":"REST"},{"data":"Heavy Blade","floor":23,"key":"SMITH"},{"floor":25,"key":"REST"},{"floor":32,"key":"REST"},{"floor":40,"key":"REST"},{"floor":42,"key":"REST"},{"data":"Flame Barrier","floor":46,"key":"SMITH"},{"floor":49,"key":"REST"}],"circlet_count":0,"master_deck":["Strike_R","Strike_R","Strike_R","Strike_R","Defend_R","Defend_R","Heavy Blade+1","Flame Barrier","Flex+1","Twin Strike","Headbutt","Inflame+1","Immolate","Anger","Sword Boomerang","Flame Barrier+1","Demon Form","CurseOfTheBell","Carnage","Flex","Battle Trance","Rage+1","Anger","Anger","Shrug It Off","Shrug It Off","Offering","Heavy Blade","Feed","Clothesline+1","Seeing Red+1","Sword Boomerang","Sword Boomerang+1","Twin Strike+1","Sword Boomerang+1","Infernal Blade+1"],"relics":["Burning Blood","Pen Nib","Red Skull","Odd Mushroom","Calling Bell","Bag of Preparation","Shuriken","Champion Belt","Toy Ornithopter","Red Mask","Dream Catcher","Potion Belt","Strawberry","Orichalcum","SlaversCollar","Smiling Mask","The Courier"],"acts_visited":["Exordium","TheCity","TheBeyond"],"potions_floor_usage":[11,20,20,21,24,28,30,41,45,47,50],"damage_taken":[{"damage":7,"enemies":"Small Slimes","floor":1,"turns":3},{"damage":3,"enemies":"2 Louse","floor":2,"turns":2},{"damage":1,"enemies":"Cultist","floor":4,"turns":4},{"damage":2,"enemies":"Exordium Wildlife","floor":5,"turns":3},{"damage":30,"enemies":"Lots of Slimes","floor":7,"turns":5},{"damage":6,"enemies":"2 Fungi Beasts","floor":8,"turns":5},{"damage":7,"enemies":"Looter","floor":10,"turns":3},{"damage":4,"enemies":"Blue Slaver","floor":11,"turns":5},{"damage":20,"enemies":"Lagavulin","floor":13,"turns":4},{"damage":19,"enemies":"The Mushroom Lair","floor":14,"turns":3},{"damage":0,"enemies":"Slime Boss","floor":16,"turns":5},{"damage":11,"enemies":"2 Thieves","floor":18,"turns":2},{"damage":22,"enemies":"3 Byrds","floor":20,"turns":4},{"damage":29,"enemies":"Masked Bandits","floor":21,"turns":4},{"damage":19,"enemies":"Sentry and Sphere","floor":22,"turns":4},{"damage":19,"enemies":"Book of Stabbing","floor":24,"turns":3},{"damage":49,"enemies":"Slavers","floor":27,"turns":5},{"damage":0,"enemies":"Shelled Parasite and Fungi","floor":28,"turns":1},{"damage":0,"enemies":"Snecko","floor":29,"turns":2},{"damage":8,"enemies":"Cultist and Chosen","floor":30,"turns":3},{"damage":67,"enemies":"Automaton","floor":33,"turns":7},{"damage":31,"enemies":"3 Darklings","floor":35,"turns":4},{"damage":19,"enemies":"Orb Walker","floor":38,"turns":4},{"damage":20,"enemies":"Reptomancer","floor":41,"turns":4},{"damage":24,"enemies":"3 Darklings","floor":44,"turns":5},{"damage":41,"enemies":"Transient","floor":45,"turns":5},{"damage":32,"enemies":"Spire Growth","floor":47,"turns":4},{"damage":97,"enemies":"Donu and Deca","floor":50,"turns":6}],"seed_played":"-7894680229860533960","potions_obtained":[{"floor":5,"key":"Dexterity Potion"},{"floor":7,"key":"Swift Potion"},{"floor":11,"key":"Swift Potion"},{"floor":14,"key":"SkillPotion"},{"floor":16,"key":"Block Potion"},{"floor":18,"key":"AttackPotion"},{"floor":20,"key":"Regen Potion"},{"floor":27,"key":"Energy Potion"},{"floor":29,"key":"BlessingOfTheForge"},{"floor":30,"key":"Fruit Juice"},{"floor":44,"key":"BloodPotion"},{"floor":47,"key":"Ancient Potion"}],"is_trial":false,"path_per_floor":["M","M","?","M","M","R","M","M","T","M","M","R","E","?","R","B",null,"M","$","M","?","M","R","E","R","T","E","M","M","M","$","R","B",null,"M","?","$","M","?","R","E","R","T","M","M","R","M","?","R","B"],"character_chosen":"IRONCLAD","items_purchased":["Carnage","Toy Ornithopter","Orichalcum","Offering","DuplicationPotion"],"campfire_rested":6,"item_purchase_floors":[19,19,31,31,31],"current_hp_per_floor":[79,80,85,85,85,85,61,61,61,60,62,62,48,35,60,66,80,75,75,69,60,47,47,39,64,64,28,39,45,53,53,82,21,78,53,53,53,43,43,73,64,94,94,76,65,65,44,44,74,0,0],"gold":103,"neow_bonus":"HUNDRED_GOLD","is_daily":false,"chose_seed":false,"campfire_upgraded":4,"win_rate":0.0,"timestamp":1612303064,"path_taken":["M","M","?","M","M","R","M","M","T","M","M","R","E","?","R","BOSS","M","$","M","?","M","R","E","R","T","E","M","M","M","$","R","BOSS","M","?","$","?","?","R","E","R","T","M","M","R","?","?","R","BOSS"],"items_purchased_type":["Card","Relic","Relic","Card","Potion"],"build_version":"2020-12-22","purchased_purges":3,"victory":false,"max_hp_per_floor":[80,80,85,85,85,85,85,85,85,85,85,85,85,85,85,85,85,85,85,85,85,85,85,85,85,85,92,92,92,97,97,97,97,97,97,97,97,100,100,100,100,100,100,100,100,100,100,100,100,100,100],"card_choices":[{"not_picked":["Havoc","Shrug It Off"],"picked":"Heavy Blade","floor":1},{"not_picked":["Armaments","Rage"],"picked":"Flame Barrier","floor":2},{"not_picked":["Havoc","Hemokinesis"],"picked":"Flex","floor":4},{"not_picked":["Perfected Strike","Shockwave"],"picked":"Twin Strike","floor":5},{"not_picked":["Twin Strike","Uppercut"],"picked":"Headbutt","floor":7},{"not_picked":["Flex","Perfected Strike"],"picked":"Inflame","floor":8},{"not_picked":["Warcry","Evolve"],"picked":"Immolate","floor":10},{"not_picked":["Headbutt","Wild Strike"],"picked":"Anger","floor":11},{"not_picked":["Sentinel","Pommel Strike"],"picked":"Sword Boomerang","floor":13},{"not_picked":["Iron Wave","Headbutt"],"picked":"Flame Barrier","floor":14},{"not_picked":["Corruption","Juggernaut"],"picked":"Demon Form","floor":16},{"not_picked":["Dark Embrace","Reckless Charge","True Grit"],"picked":"SKIP","floor":18},{"not_picked":["Whirlwind+1","Hemokinesis"],"picked":"Flex","floor":20},{"not_picked":["Uppercut+1","Armaments"],"picked":"Battle Trance","floor":21},{"not_picked":["Anger","Warcry"],"picked":"Rage+1","floor":22},{"not_picked":["Brutality","Clash"],"picked":"Anger","floor":24},{"not_picked":["Headbutt+1","Perfected Strike"],"picked":"Anger","floor":25},{"not_picked":["Uppercut","Barricade","Fire Breathing+1"],"picked":"SKIP","floor":27},{"not_picked":["Evolve","Warcry","Burning Pact"],"picked":"SKIP","floor":28},{"not_picked":["Body Slam+1","Reckless Charge"],"picked":"Shrug It Off","floor":29},{"not_picked":["Bloodletting","Power Through"],"picked":"Shrug It Off","floor":30},{"not_picked":["Perfected Strike","Rupture"],"picked":"Heavy Blade","floor":32},{"not_picked":["Juggernaut","Berserk"],"picked":"Feed","floor":33},{"not_picked":["Cleave+1","Heavy Blade"],"picked":"Clothesline+1","floor":35},{"not_picked":["Inflame","Heavy Blade+1"],"picked":"Seeing Red","floor":38},{"not_picked":["Cleave+1","Clothesline"],"picked":"Sword Boomerang","floor":40},{"not_picked":["Hemokinesis","Clothesline+1"],"picked":"Sword Boomerang+1","floor":41},{"not_picked":["Anger","Hemokinesis+1"],"picked":"Twin Strike+1","floor":42},{"not_picked":["Burning Pact+1","Battle Trance"],"picked":"Sword Boomerang+1","floor":44},{"not_picked":["Metallicize+1","Battle Trance"],"picked":"Infernal Blade+1","floor":45},{"not_picked":["Sword Boomerang","Disarm","Thunderclap+1"],"picked":"SKIP","floor":47}],"player_experience":512760,"relics_obtained":[{"floor":9,"key":"Pen Nib"},{"floor":13,"key":"Red Skull"},{"floor":14,"key":"Odd Mushroom"},{"floor":17,"key":"Bag of Preparation"},{"floor":17,"key":"Shuriken"},{"floor":17,"key":"Champion Belt"},{"floor":21,"key":"Red Mask"},{"floor":24,"key":"Dream Catcher"},{"floor":26,"key":"Potion Belt"},{"floor":27,"key":"Strawberry"},{"floor":41,"key":"Smiling Mask"},{"floor":43,"key":"The Courier"}],"event_choices":[{"damage_healed":0,"gold_gain":0,"player_choice":"Donut","damage_taken":0,"max_hp_gain":5,"max_hp_loss":0,"event_name":"Big Fish","floor":3,"gold_loss":0},{"damage_healed":0,"gold_gain":0,"player_choice":"Fought Mushrooms","damage_taken":0,"max_hp_gain":0,"max_hp_loss":0,"event_name":"Mushrooms","floor":14,"gold_loss":0},{"damage_healed":0,"gold_gain":0,"player_choice":"Fought Bandits","damage_taken":0,"max_hp_gain":0,"max_hp_loss":0,"event_name":"Masked Bandits","floor":21,"gold_loss":0},{"cards_removed":["Bash"],"damage_healed":0,"gold_gain":0,"player_choice":"Offered Basic","damage_taken":0,"max_hp_gain":0,"max_hp_loss":0,"event_name":"Bonfire Elementals","floor":36,"gold_loss":0},{"damage_healed":0,"gold_gain":0,"player_choice":"Upgraded","damage_taken":0,"max_hp_gain":0,"max_hp_loss":0,"event_name":"Upgrade Shrine","floor":39,"gold_loss":0,"cards_upgraded":["Seeing Red"]},{"damage_healed":0,"gold_gain":0,"player_choice":"Ignored","damage_taken":0,"max_hp_gain":0,"max_hp_loss":0,"event_name":"Mysterious Sphere","floor":48,"gold_loss":0}],"is_beta":false,"boss_relics":[{"not_picked":["Astrolabe","Empty Cage"],"picked":"Calling Bell"},{"not_picked":["Black Blood","Coffee Dripper"],"picked":"SlaversCollar"}],"items_purged_floors":[19,31,37],"is_endless":false,"potions_floor_spawned":[5,7,11,14,16,18,20,27,29,30,44,47],"killed_by":"Donu and Deca","ascension_level":5}}