{"host":"utqe55yv0jihe4d6","time":1612241635,"event":{"mods":["2.2 Compatiblity","AchievementEnabler","BaseMod","Block Reminder","Colored Map","Colored Powertips","Minty Spire (QoL Compilation)","Quick Restart","Rare Cards Sparkle","Relic Stats","SuperFastMode"],"gold_per_floor":[113,23,23,42,42,76,93,93,146,176,176,187,187,262,262,340,340,358,30,30,47,67,101,151,151,151,151,184,201,201,221,221,295,295,307,30,80,96,109,125,160,130,130,157,183,221,245,289,301,313,313],"floor_reached":50,"language":"ENG","playtime":2297,"items_purged":["Defend_P","Defend_P"],"score":1570,"play_id":"e95d83f9-d2b4-4d03-8783-f0a8e52fd762","local_time":"20210201235355","is_ascension_mode":true,"campfire_choices":[{"data":"WheelKick","floor":8.0,"key":"SMITH"},{"data":"1","floor":11.0,"key":"LIFT"},{"data":"2","floor":13.0,"key":"LIFT"},{"data":"3","floor":15.0,"key":"LIFT"},{"data":"TalkToTheHand","floor":25.0,"key":"SMITH"},{"data":"Wireheading","floor":27.0,"key":"SMITH"},{"floor":32.0,"key":"REST"},{"floor":49.0,"key":"RECALL"}],"circlet_count":0,"master_deck":["AscendersBane","Strike_P","Strike_P","Defend_P","Defend_P","Eruption+1","Vigilance","Halt","CarveReality","CutThroughFate","Tantrum","WheelKick+1","InnerPeace","Omniscience","FlurryOfBlows","Wireheading+1","TalkToTheHand+1","LikeWater","BowlingBash+1","CutThroughFate","Halt+1","Wallop","Collect","Brilliance","ThirdEye","Evaluate","Meditate","Wireheading","Consecrate+1","Halt","Nirvana","Scrawl","TalkToTheHand","Halt","TalkToTheHand+1"],"relics":["HolyWater","Oddly Smooth Stone","Lantern","Potion Belt","Girya","Centennial Puzzle","HornCleat","Gremlin Horn","Boot","Runic Pyramid","Incense Burner","Akabeko","MawBank","Smiling Mask","Blue Candle"],"acts_visited":["Exordium","TheCity","TheBeyond"],"potions_floor_usage":[50,50,50],"damage_taken":[{"damage":2.0,"enemies":"Jaw Worm","floor":1.0,"turns":6.0},{"damage":0.0,"enemies":"Small Slimes","floor":4.0,"turns":2.0},{"damage":2.0,"enemies":"Gremlin Nob","floor":6.0,"turns":3.0},{"damage":0.0,"enemies":"Cultist","floor":7.0,"turns":2.0},{"damage":0.0,"enemies":"Lagavulin","floor":10.0,"turns":3.0},{"damage":1.0,"enemies":"Blue Slaver","floor":12.0,"turns":3.0},{"damage":26.0,"enemies":"Hexaghost","floor":16.0,"turns":6.0},{"damage":0.0,"enemies":"Spheric Guardian","floor":18.0,"turns":1.0},{"damage":9.0,"enemies":"Shell Parasite","floor":21.0,"turns":3.0},{"damage":0.0,"enemies":"Sentry and Sphere","floor":22.0,"turns":3.0},{"damage":0.0,"enemies":"Gremlin Leader","floor":23.0,"turns":3.0},{"damage":4.0,"enemies":"Slavers","floor":28.0,"turns":3.0},{"damage":0.0,"enemies":"Cultist and Chosen","floor":29.0,"turns":2.0},{"damage":9.0,"enemies":"Centurion and Healer","floor":31.0,"turns":4.0},{"damage":0.0,"enemies":"Collector","floor":33.0,"turns":6.0},{"damage":0.0,"enemies":"3 Darklings","floor":35.0,"turns":2.0},{"damage":21.0,"enemies":"2 Orb Walkers","floor":37.0,"turns":3.0},{"damage":3.0,"enemies":"3 Shapes","floor":38.0,"turns":2.0},{"damage":0.0,"enemies":"Maw","floor":39.0,"turns":6.0},{"damage":0.0,"enemies":"Jaw Worm Horde","floor":40.0,"turns":2.0},{"damage":2.0,"enemies":"Reptomancer","floor":41.0,"turns":5.0},{"damage":0.0,"enemies":"Nemesis","floor":44.0,"turns":6.0},{"damage":6.0,"enemies":"Spire Growth","floor":45.0,"turns":5.0},{"damage":0.0,"enemies":"Reptomancer","floor":46.0,"turns":3.0},{"damage":0.0,"enemies":"Sphere and 2 Shapes","floor":47.0,"turns":4.0},{"damage":6.0,"enemies":"Giant Head","floor":48.0,"turns":5.0},{"damage":46,"enemies":"Donu and Deca","floor":50,"turns":5}],"seed_played":"-6391719849396893048","potions_obtained":[{"floor":1.0,"key":"FairyPotion"},{"floor":4.0,"key":"Energy Potion"},{"floor":10.0,"key":"Fire Potion"},{"floor":16.0,"key":"FearPotion"},{"floor":18.0,"key":"EssenceOfSteel"},{"floor":33.0,"key":"BlessingOfTheForge"},{"floor":37.0,"key":"LiquidBronze"},{"floor":39.0,"key":"Swift Potion"},{"floor":40.0,"key":"ColorlessPotion"},{"floor":42.0,"key":"Fire Potion"},{"floor":42.0,"key":"LiquidBronze"},{"floor":45.0,"key":"Strength Potion"},{"floor":46.0,"key":"Energy Potion"}],"is_trial":false,"path_per_floor":["M","$","?","M","?","E","M","R","T","E","R","M","R","?","R","B",null,"M","$","?","M","M","E","?","R","T","R","E","M","?","M","R","B",null,"M","$","?","M","M","M","E","?","T","E","M","E","M","E","R","B"],"character_chosen":"WATCHER","items_purchased":["CarveReality","Centennial Puzzle","Wireheading","Meditate","Wireheading"],"campfire_rested":1,"item_purchase_floors":[2,19,19,36,36],"current_hp_per_floor":[59,59,59,59,59,57,57,57,57,57,57,56,56,45,45,19,56,56,56,56,47,47,47,47,47,47,47,43,43,43,34,54,54,65,65,65,44,41,41,41,39,39,39,39,33,33,33,27,27,0,0],"gold":313,"neow_bonus":"RANDOM_COMMON_RELIC","is_daily":false,"chose_seed":false,"campfire_upgraded":3,"win_rate":0.0,"timestamp":1612241635,"path_taken":["M","$","?","M","?","E","M","R","T","E","R","M","R","?","R","BOSS","M","$","?","M","M","E","?","R","T","R","E","M","?","M","R","BOSS","M","$","?","M","M","M","E","?","T","E","M","E","M","E","R","BOSS"],"items_purchased_type":["Card","Relic","Card","Card","Card"],"build_version":"2020-12-22","purchased_purges":2,"victory":false,"max_hp_per_floor":[68,68,68,68,68,68,68,68,68,68,68,68,68,68,68,68,68,68,68,68,68,68,68,68,68,68,68,68,68,68,68,68,68,68,68,68,68,68,68,68,68,68,68,68,68,68,68,68,68,68,68],"relic_stats":{"Centennial Puzzle":[27],"Gremlin Horn":[23,25],"counters":[27,98],"Blue Candle":[0],"Boot":[77],"MawBank":72,"Smiling Mask":0,"obtain_stats":[{"Potion Belt":9,"Girya":10,"Lantern":6,"Gremlin Horn":26,"Blue Candle":48,"Oddly Smooth Stone":0,"Incense Burner":37,"Boot":28,"MawBank":44,"Smiling Mask":46,"Akabeko":41,"Centennial Puzzle":19,"HornCleat":23,"HolyWater":17,"PureWater":0,"Runic Pyramid":34},{"Potion Belt":4,"Girya":5,"Lantern":3,"Gremlin Horn":11,"Blue Candle":26,"Oddly Smooth Stone":0,"Incense Burner":17,"Boot":12,"MawBank":22,"Smiling Mask":24,"Akabeko":21,"Centennial Puzzle":8,"HornCleat":11,"HolyWater":7,"PureWater":0,"Runic Pyramid":15},{"Potion Belt":13,"Girya":16,"Lantern":11,"Gremlin Horn":35,"Blue Candle":93,"Oddly Smooth Stone":0,"Incense Burner":55,"Boot":38,"MawBank":76,"Smiling Mask":84,"Akabeko":70,"Centennial Puzzle":26,"HornCleat":35,"HolyWater":25,"PureWater":0,"Runic Pyramid":50}]},"card_choices":[{"not_picked":["Adaptation","FlurryOfBlows"],"picked":"Halt","floor":1.0},{"not_picked":["EmptyMind","FlurryOfBlows"],"picked":"CutThroughFate","floor":4.0},{"not_picked":["SashWhip","Indignation"],"picked":"Tantrum","floor":6.0},{"not_picked":["Halt","Protect"],"picked":"WheelKick","floor":7.0},{"not_picked":["BowlingBash","Crescendo","CrushJoints"],"picked":"SKIP","floor":10.0},{"not_picked":["CutThroughFate","PathToVictory"],"picked":"InnerPeace","floor":12.0},{"not_picked":["SpiritShield","Establishment"],"picked":"Omniscience","floor":16.0},{"not_picked":["WreathOfFlame","JustLucky"],"picked":"FlurryOfBlows","floor":18.0},{"not_picked":["Halt","CrushJoints"],"picked":"LikeWater","floor":21.0},{"not_picked":["Nirvana","CarveReality"],"picked":"BowlingBash+1","floor":22.0},{"not_picked":["Crescendo","SandsOfTime"],"picked":"CutThroughFate","floor":23.0},{"not_picked":["Conclude","FollowUp"],"picked":"Halt+1","floor":28.0},{"not_picked":["Devotion","ClearTheMind"],"picked":"Wallop","floor":29.0},{"not_picked":["DeceiveReality","EmptyFist"],"picked":"ThirdEye","floor":31.0},{"not_picked":["Perseverance+1","FlurryOfBlows"],"picked":"Evaluate","floor":35.0},{"not_picked":["ThirdEye","EmptyFist"],"picked":"Consecrate+1","floor":37.0},{"not_picked":["WreathOfFlame+1","CrushJoints","ThirdEye"],"picked":"SKIP","floor":38.0},{"not_picked":["Indignation","WindmillStrike"],"picked":"Halt","floor":39.0},{"not_picked":["FlyingSleeves+1","SandsOfTime"],"picked":"Nirvana","floor":40.0},{"not_picked":["SignatureMove","ReachHeaven"],"picked":"Scrawl","floor":41.0},{"not_picked":["ThirdEye+1","FearNoEvil+1"],"picked":"TalkToTheHand","floor":44.0},{"not_picked":["EmptyMind","BattleHymn"],"picked":"Halt","floor":45.0},{"not_picked":["Evaluate+1","ClearTheMind+1"],"picked":"TalkToTheHand+1","floor":46.0},{"not_picked":["Protect+1","EmptyMind","SashWhip"],"picked":"SKIP","floor":47.0},{"not_picked":["EmptyBody","Protect","EmptyFist"],"picked":"SKIP","floor":48.0}],"player_experience":2977383,"relics_obtained":[{"floor":6.0,"key":"Lantern"},{"floor":9.0,"key":"Potion Belt"},{"floor":10.0,"key":"Girya"},{"floor":23.0,"key":"HornCleat"},{"floor":26.0,"key":"Gremlin Horn"},{"floor":28.0,"key":"Boot"},{"floor":37.0,"key":"Incense Burner"},{"floor":41.0,"key":"Akabeko"},{"floor":44.0,"key":"MawBank"},{"floor":46.0,"key":"Smiling Mask"},{"floor":48.0,"key":"Blue Candle"}],"event_choices":[{"damage_healed":0.0,"max_hp_gain":0.0,"max_hp_loss":0.0,"gold_gain":0.0,"event_name":"Liars Game","player_choice":"Ignored","floor":3.0,"gold_loss":0.0,"damage_taken":0.0},{"damage_healed":0.0,"max_hp_gain":0.0,"max_hp_loss":0.0,"gold_gain":0.0,"event_name":"Living Wall","player_choice":"Grow","floor":5.0,"gold_loss":0.0,"damage_taken":0.0,"cards_upgraded":["Eruption"]},{"damage_healed":0.0,"max_hp_gain":0.0,"max_hp_loss":0.0,"gold_gain":75.0,"event_name":"World of Goop","player_choice":"Gather Gold","floor":14.0,"gold_loss":0.0,"damage_taken":11.0},{"damage_healed":0.0,"max_hp_gain":0.0,"max_hp_loss":0.0,"gold_gain":0.0,"event_name":"The Library","player_choice":"Read","floor":20.0,"gold_loss":0.0,"damage_taken":0.0,"cards_obtained":["TalkToTheHand"]},{"damage_healed":0.0,"max_hp_gain":0.0,"max_hp_loss":0.0,"gold_gain":50.0,"event_name":"Nest","player_choice":"Stole From Cult","floor":24.0,"gold_loss":0.0,"damage_taken":0.0},{"damage_healed":0.0,"max_hp_gain":0.0,"max_hp_loss":0.0,"gold_gain":0.0,"cards_transformed":["Strike_P","Strike_P"],"event_name":"Drug Dealer","player_choice":"Became Test Subject","floor":30.0,"gold_loss":0.0,"damage_taken":0.0,"cards_obtained":["Collect","Brilliance"]},{"damage_healed":0.0,"max_hp_gain":0.0,"max_hp_loss":0.0,"gold_gain":0.0,"event_name":"Mysterious Sphere","player_choice":"Fight","floor":37.0,"gold_loss":0.0,"damage_taken":0.0},{"damage_healed":0.0,"max_hp_gain":0.0,"max_hp_loss":0.0,"gold_gain":0.0,"event_name":"The Woman in Blue","player_choice":"Bought 2 Potions","floor":42.0,"gold_loss":0.0,"damage_taken":0.0}],"is_beta":false,"boss_relics":[{"not_picked":["Black Star","Cursed Key"],"picked":"HolyWater"},{"not_picked":["Tiny House","VioletLotus"],"picked":"Runic Pyramid"}],"items_purged_floors":[19,36],"is_endless":false,"potions_floor_spawned":[1,4,10,16,18,33,37,39,40,45,46],"killed_by":"Donu and Deca","ascension_level":20}}