{"host":"lzrwpfoki0hksi4s","time":1612250873,"event":{"mods":["100% Spire Juice","Arknights","BaseMod","CapriCore","Lobotomy","Minty Spire (QoL Compilation)","StSLib","WarShipGirlsR/??á´Ò³R mod"],"gold_per_floor":[111,129,146,160,180,90,90,90,138,138,167,181,199,228,108,205,205,215,215,215,215,140,140,167,167,167,64,74,74,86,97,97,97,97],"floor_reached":33,"language":"KOR","playtime":3982,"items_purged":["Moonworks:Defend"],"score":294,"play_id":"1d979626-e247-4a0b-be39-3a566e02f581","local_time":"20210202162753","is_ascension_mode":false,"campfire_choices":[{"data":"Moonworks:BackdoorTrade","floor":7,"key":"SMITH"},{"data":"Moonworks:Ambush","floor":10,"key":"SMITH"},{"data":"Moonworks:HolyNight","floor":15,"key":"SMITH"},{"data":"Moonworks:ShieldCounter","floor":23,"key":"SMITH"},{"data":"Moonworks:Dinner","floor":25,"key":"SMITH"},{"data":"Moonworks:SealedMemories","floor":29,"key":"SMITH"},{"data":"Moonworks:LulusLuckyEgg","floor":32,"key":"SMITH"}],"circlet_count":0,"master_deck":["Moonworks:Strike","Moonworks:Strike","Moonworks:Defend","Moonworks:Defend","Moonworks:Ambush+1","Moonworks:LongDistanceShot","Moonworks:LulusLuckyEgg+1","Moonworks:Dinner+1","Moonworks:NicePresent","Moonworks:EvilSpyWorkPreparation","Moonworks:ReproductionOfRecords","Moonworks:BackdoorTrade+1","Moonworks:HolyNight+1","Moonworks:NicePresent","Moonworks:SweetBattle","Moonworks:ShieldCounter+1","Moonworks:MiracleWalker+1","Moonworks:SealedMemories+1","Moonworks:NicePresent"],"relics":["Moonworks:BrokenBomb","Moonworks:Homemark","Omamori","Bag of Preparation","StrikeDummy","MealTicket","Empty Cage","Tiny Chest","Nilry\u0027s Codex","Shuriken"],"acts_visited":["Exordium","TheCity"],"potions_floor_usage":[6,6,16],"damage_taken":[{"damage":0,"enemies":"Cultist","floor":1,"turns":5},{"damage":0,"enemies":"2 Louse","floor":2,"turns":3},{"damage":0,"enemies":"Jaw Worm","floor":3,"turns":3},{"damage":6,"enemies":"Large Slime","floor":4,"turns":8},{"damage":11,"enemies":"Blue Slaver","floor":5,"turns":4},{"damage":27,"enemies":"3 Sentries","floor":6,"turns":8},{"damage":12,"enemies":"Lagavulin","floor":11,"turns":6},{"damage":0,"enemies":"2 Fungi Beasts","floor":12,"turns":3},{"damage":0,"enemies":"Gremlin Gang","floor":13,"turns":5},{"damage":14,"enemies":"Gremlin Nob","floor":14,"turns":3},{"damage":28,"enemies":"Hexaghost","floor":16,"turns":10},{"damage":0,"enemies":"Spheric Guardian","floor":18,"turns":3},{"damage":16,"enemies":"Shell Parasite","floor":27,"turns":4},{"damage":14,"enemies":"Snecko","floor":28,"turns":7},{"damage":0,"enemies":"Sentry and Sphere","floor":30,"turns":2},{"damage":8,"enemies":"Centurion and Healer","floor":31,"turns":6},{"damage":1014,"enemies":"Collector","floor":33,"turns":4}],"seed_played":"-5500931504693713247","potions_obtained":[{"floor":3,"key":"Dexterity Potion"},{"floor":4,"key":"Regen Potion"},{"floor":5,"key":"Dexterity Potion"},{"floor":12,"key":"Energy Potion"},{"floor":14,"key":"Strength Potion"},{"floor":27,"key":"Block Potion"},{"floor":28,"key":"Strength Potion"},{"floor":31,"key":"CultistPotion"}],"is_trial":false,"path_per_floor":["M","M","M","M","M","E","R","?","T","R","E","M","M","E","R","B",null,"M","?","?","?","$","R","T","R","T","M","M","R","M","M","R","B"],"character_chosen":"THE_STARBREAKER","items_purchased":[],"campfire_rested":0,"item_purchase_floors":[],"current_hp_per_floor":[60,60,60,56,50,29,29,44,44,44,38,41,47,33,33,15,60,60,60,44,44,59,59,59,59,59,45,52,52,56,54,54,0,0],"gold":97,"neow_bonus":"REMOVE_CARD","is_daily":false,"chose_seed":false,"campfire_upgraded":7,"win_rate":0.0,"timestamp":1612250873,"path_taken":["M","M","M","M","M","E","R","?","T","R","E","M","M","E","R","BOSS","M","?","?","?","?","R","?","R","T","?","?","R","M","M","R","BOSS"],"items_purchased_type":[],"build_version":"2020-12-22","purchased_purges":1,"victory":false,"max_hp_per_floor":[60,60,60,60,60,60,60,60,60,60,60,60,60,60,60,60,60,60,60,60,60,60,60,60,60,60,60,60,60,60,60,60,60,60],"card_choices":[{"not_picked":["Moonworks:JonathanRush","Moonworks:BigMagnum"],"picked":"Moonworks:LulusLuckyEgg","floor":1},{"not_picked":["Moonworks:LulusLuckyEgg","Moonworks:SealedMemories"],"picked":"Moonworks:Dinner","floor":2},{"not_picked":["Moonworks:EvilSpyWorkPreparation","Moonworks:Heat300Percent"],"picked":"Moonworks:NicePresent","floor":3},{"not_picked":["Moonworks:LulusLuckyEgg","Moonworks:Heat300Percent"],"picked":"Moonworks:EvilSpyWorkPreparation","floor":4},{"not_picked":["Moonworks:DeployBits","Moonworks:SakisCookie"],"picked":"Moonworks:ReproductionOfRecords","floor":5},{"not_picked":["Moonworks:AwakeningOfTalent","Moonworks:FinalSurgery"],"picked":"Moonworks:BackdoorTrade","floor":6},{"not_picked":["Moonworks:Poppoformation","Moonworks:NicePresent"],"picked":"Moonworks:HolyNight","floor":11},{"not_picked":["Moonworks:BeyondHell","Moonworks:ImOnFire"],"picked":"Moonworks:NicePresent","floor":12},{"not_picked":["Moonworks:BigMagnum","Moonworks:DeployBits","Moonworks:SelfDestruct"],"picked":"SKIP","floor":13},{"not_picked":["Moonworks:ImOnFire","Moonworks:DeployBits"],"picked":"Moonworks:SweetBattle","floor":14},{"not_picked":["Moonworks:HolyNight","Moonworks:MeltingMemories"],"picked":"Moonworks:ShieldCounter","floor":16},{"not_picked":["Moonworks:Assault+1","Moonworks:IndiscriminateFireSupport","Moonworks:BigMagnum"],"picked":"SKIP","floor":18},{"not_picked":["Moonworks:NicePresent","Moonworks:DeployBits"],"picked":"Moonworks:MiracleWalker+1","floor":27},{"not_picked":["Moonworks:CompletionReward","Moonworks:BindingChains"],"picked":"Moonworks:SealedMemories","floor":28},{"not_picked":["Moonworks:EvilSpyWorkPreparation","Moonworks:Assault","Moonworks:BigMagnum"],"picked":"SKIP","floor":30},{"not_picked":["Moonworks:MiracleWalker","Moonworks:StiffCrystal"],"picked":"Moonworks:NicePresent","floor":31}],"player_experience":479099,"relics_obtained":[{"floor":6,"key":"Omamori"},{"floor":9,"key":"Bag of Preparation"},{"floor":11,"key":"StrikeDummy"},{"floor":14,"key":"MealTicket"},{"floor":20,"key":"Nilry\u0027s Codex"},{"floor":26,"key":"Shuriken"}],"event_choices":[{"damage_healed":15,"gold_gain":0,"player_choice":"Healed and dodged fight","damage_taken":0,"max_hp_gain":0,"max_hp_loss":0,"event_name":"Mushrooms","floor":8,"gold_loss":0,"cards_obtained":["Parasite"]},{"damage_healed":0,"gold_gain":0,"player_choice":"Opened","damage_taken":0,"relics_obtained":["Tiny Chest"],"max_hp_gain":0,"max_hp_loss":0,"event_name":"The Mausoleum","floor":19,"gold_loss":0,"cards_obtained":["Writhe"]},{"damage_healed":0,"gold_gain":0,"player_choice":"Obtained Book","damage_taken":16,"max_hp_gain":0,"max_hp_loss":0,"event_name":"Cursed Tome","floor":20,"gold_loss":0},{"damage_healed":0,"gold_gain":0,"player_choice":"Ignored","damage_taken":0,"max_hp_gain":0,"max_hp_loss":0,"event_name":"Ghosts","floor":21,"gold_loss":0}],"is_beta":false,"boss_relics":[{"not_picked":["Runic Pyramid","Tiny House"],"picked":"Empty Cage"}],"items_purged_floors":[22],"is_endless":false,"potions_floor_spawned":[3,4,5,12,14,27,28,31],"killed_by":"Collector","ascension_level":0}}