{"host":"za51qju8r56bcr85","time":1612260243,"event":{"mods":["Act Like it!","BaseMod","Block Reminder","Conspire","Googly Eyes","Minty Spire (QoL Compilation)","Quick Restart","Relic Sorter","Relic Stats","Shop Mod","StSLib","SuperFastMode"],"gold_per_floor":[109,184,184,203,219,219,51,51,51,81,81,115,115,140,140,216,216,231,231,243,158,170,182,227,239,299,331,375,405,445,270,270,342,342,356,374,374,404,429,455,466,493,493,529,529,226,245,292,292,292,292,292,292,77,118,118],"floor_reached":57,"language":"ZHS","playtime":2467,"items_purged":["Strike_R","Strike_R","Strike_R"],"score":3014,"play_id":"95b5fca8-efc4-4199-ac1a-d5ecfc41d5ef","local_time":"20210202180403","is_ascension_mode":true,"campfire_choices":[{"data":"Armaments","floor":6.0,"key":"SMITH"},{"data":"Carnage","floor":8.0,"key":"SMITH"},{"floor":11.0,"key":"RECALL"},{"data":"Disarm","floor":13.0,"key":"SMITH"},{"data":"Power Through","floor":15.0,"key":"SMITH"},{"data":"Ghostly","floor":23.0,"key":"SMITH"},{"floor":25.0,"key":"REST"},{"data":"Ghostly","floor":32.0,"key":"SMITH"},{"data":"Ghostly","floor":45.0,"key":"SMITH"},{"data":"True Grit","floor":49.0,"key":"SMITH"},{"data":"Body Slam","floor":53,"key":"SMITH"}],"circlet_count":0,"master_deck":["AscendersBane","Strike_R","Defend_R","Defend_R","Defend_R","Defend_R","Bash","Carnage+1","Armaments+1","Power Through+1","Evolve","Disarm+1","Brutality","Battle Trance","Bloodletting","Warcry+1","Ghostly+1","Ghostly+1","Ghostly+1","Body Slam+1","Feed","True Grit+1","Second Wind","Barricade","Apotheosis","Deep Breath","Power Through","Offering","Burning Pact"],"relics":["Burning Blood","Unceasing Top","Frozen Eye","Medical Kit","Shuriken","Matryoshka","Incense Burner","Dream Catcher","PreservedInsect","Runic Pyramid","MawBank","Self Forming Clay","Juzu Bracelet","Smiling Mask","Red Mask","Blue Candle","Coffee Dripper","CeramicFish","Ice Cream","Nunchaku","Red Skull","MerchantsRug","Lee\u0027s Waffle","conspire:Boomerang","Happy Flower","Vajra"],"acts_visited":["Exordium","TheCity","TheBeyond","TheEnding"],"potions_floor_usage":[56,56],"damage_taken":[{"damage":1.0,"enemies":"conspire:RoseBush","floor":1.0,"turns":6.0},{"damage":0.0,"enemies":"Jaw Worm","floor":4.0,"turns":4.0},{"damage":0.0,"enemies":"Cultist","floor":5.0,"turns":2.0},{"damage":5.0,"enemies":"3 Sentries","floor":10.0,"turns":4.0},{"damage":21.0,"enemies":"Gremlin Nob","floor":12.0,"turns":4.0},{"damage":33.0,"enemies":"Hexaghost","floor":16.0,"turns":11.0},{"damage":3.0,"enemies":"Chosen","floor":18.0,"turns":6.0},{"damage":15.0,"enemies":"Spheric Guardian","floor":20.0,"turns":5.0},{"damage":23.0,"enemies":"Book of Stabbing","floor":24.0,"turns":6.0},{"damage":13.0,"enemies":"Centurion and Healer","floor":27.0,"turns":12.0},{"damage":11.0,"enemies":"Masked Bandits","floor":28.0,"turns":7.0},{"damage":6.0,"enemies":"Cultist and Chosen","floor":29.0,"turns":5.0},{"damage":6.0,"enemies":"conspire:SneckoGhost","floor":30.0,"turns":5.0},{"damage":3.0,"enemies":"Champ","floor":33.0,"turns":22.0},{"damage":2.0,"enemies":"Orb Walker","floor":35.0,"turns":7.0},{"damage":4.0,"enemies":"3 Shapes","floor":36.0,"turns":4.0},{"damage":3.0,"enemies":"conspire:MimicChest","floor":38.0,"turns":12.0},{"damage":2.0,"enemies":"Mind Bloom Boss Battle","floor":39.0,"turns":7.0},{"damage":5.0,"enemies":"Giant Head","floor":40.0,"turns":8.0},{"damage":1.0,"enemies":"Spire Growth","floor":41.0,"turns":8.0},{"damage":0.0,"enemies":"Nemesis","floor":42.0,"turns":7.0},{"damage":4.0,"enemies":"Reptomancer","floor":44.0,"turns":7.0},{"damage":12.0,"enemies":"Transient","floor":47.0,"turns":6.0},{"damage":12.0,"enemies":"2 Orb Walkers","floor":48.0,"turns":7.0},{"damage":6.0,"enemies":"conspire:OrnateMirror","floor":50.0,"turns":8.0},{"damage":16,"enemies":"Awakened One","floor":51,"turns":10},{"damage":8,"enemies":"Shield and Spear","floor":55,"turns":14},{"damage":24,"enemies":"The Heart","floor":56,"turns":9}],"seed_played":"4224199024384068686","potions_obtained":[{"floor":4.0,"key":"AttackPotion"},{"floor":10.0,"key":"Fire Potion"},{"floor":27.0,"key":"SpeedPotion"},{"floor":29.0,"key":"ColorlessPotion"},{"floor":55,"key":"ElixirPotion"}],"is_trial":false,"path_per_floor":["M","?","?","M","M","R","$","R","T","E","R","E","R","T","R","B",null,"M","?","M","?","?","R","E","R","T","M","?","M","E","$","R","B",null,"M","M","?","?","?","E","M","E","T","E","R","$","M","?","R","B","B",null,"R","$","E","B",null],"character_chosen":"IRONCLAD","items_purchased":["Medical Kit","True Grit","Second Wind","Offering","MerchantsRug","Lee\u0027s Waffle","Happy Flower"],"campfire_rested":1,"item_purchase_floors":[7,31,31,46,46,46,54],"current_hp_per_floor":[68,57,57,63,68,68,68,68,68,68,68,53,53,53,53,26,58,61,61,52,52,34,34,17,27,27,20,15,15,15,15,15,22,34,42,46,36,43,51,56,62,66,66,70,70,77,75,73,73,77,75,92,92,92,94,76],"gold":118,"neow_bonus":"ONE_RARE_RELIC","is_daily":false,"chose_seed":false,"campfire_upgraded":9,"win_rate":0.0,"timestamp":1612260243,"path_taken":["M","?","?","?","M","R","$","R","T","E","R","E","R","?","R","BOSS","M","?","M","?","?","R","E","R","T","M","?","M","E","$","R","BOSS","M","M","?","?","?","E","M","E","T","E","R","$","M","?","R","BOSS","BOSS","R","$","E","BOSS"],"items_purchased_type":["Relic","Card","Card","Card","Relic","Relic","Relic"],"build_version":"2020-12-22","purchased_purges":3,"victory":true,"max_hp_per_floor":[68,68,68,68,68,68,68,68,68,68,68,68,68,68,68,68,68,68,68,68,68,34,34,34,34,34,34,34,34,34,34,34,38,38,42,46,46,50,54,58,62,66,66,70,70,77,81,85,85,89,97,97,97,97,101,101],"relic_stats":{"Lee\u0027s Waffle":7,"Happy Flower":[7],"counters":[28,213],"Self Forming Clay":[216],"Blue Candle":[3],"CeramicFish":27,"PreservedInsect":401,"Juzu Bracelet":1,"Medical Kit":[85],"MawBank":120,"Smiling Mask":150,"Burning Blood":148,"Dream Catcher":1,"Nunchaku":[7],"Shuriken":[22],"obtain_stats":[{"Ice Cream":39,"CeramicFish":38,"Vajra":55,"Incense Burner":12,"Juzu Bracelet":26,"Smiling Mask":26,"Burning Blood":0,"Frozen Eye":1,"Dream Catcher":14,"Nunchaku":42,"Matryoshka":10,"Red Mask":28,"Red Skull":44,"Runic Pyramid":17,"conspire:Dentures":40,"MerchantsRug":46,"Lee\u0027s Waffle":46,"Happy Flower":54,"Self Forming Clay":24,"Blue Candle":30,"PreservedInsect":14,"conspire:Boomerang":48,"Medical Kit":7,"MawBank":21,"Shuriken":9,"Coffee Dripper":34,"Unceasing Top":0},{"Ice Cream":18,"CeramicFish":17,"Vajra":27,"Incense Burner":5,"Juzu Bracelet":9,"Smiling Mask":9,"Burning Blood":0,"Frozen Eye":1,"Dream Catcher":5,"Nunchaku":21,"Matryoshka":4,"Red Mask":11,"Red Skull":22,"Runic Pyramid":6,"conspire:Dentures":19,"MerchantsRug":22,"Lee\u0027s Waffle":22,"Happy Flower":26,"Self Forming Clay":9,"Blue Candle":13,"PreservedInsect":5,"conspire:Boomerang":24,"Medical Kit":3,"MawBank":8,"Shuriken":3,"Coffee Dripper":14,"Unceasing Top":0},{"Ice Cream":129,"CeramicFish":122,"Vajra":204,"Incense Burner":20,"Juzu Bracelet":48,"Smiling Mask":48,"Burning Blood":0,"Frozen Eye":1,"Dream Catcher":20,"Nunchaku":152,"Matryoshka":16,"Red Mask":67,"Red Skull":159,"Runic Pyramid":31,"conspire:Dentures":137,"MerchantsRug":159,"Lee\u0027s Waffle":159,"Happy Flower":190,"Self Forming Clay":48,"Blue Candle":77,"PreservedInsect":20,"conspire:Boomerang":172,"Medical Kit":12,"MawBank":42,"Shuriken":12,"Coffee Dripper":99,"Unceasing Top":0}],"Unceasing Top":[0]},"card_choices":[{"not_picked":["Thunderclap","Anger"],"picked":"Carnage","floor":1.0},{"not_picked":["Heavy Blade","Body Slam","Sword Boomerang"],"picked":"SKIP","floor":4.0},{"not_picked":["Clash","Thunderclap"],"picked":"Power Through","floor":5.0},{"not_picked":["Sword Boomerang","Flex"],"picked":"Evolve","floor":10.0},{"not_picked":["Armaments","Combust"],"picked":"Disarm","floor":12.0},{"not_picked":["Berserk","Impervious"],"picked":"Brutality","floor":16.0},{"not_picked":["Armaments+1","Searing Blow"],"picked":"Battle Trance","floor":18.0},{"not_picked":["Twin Strike","Thunderclap"],"picked":"Warcry+1","floor":20.0},{"not_picked":["Twin Strike","Heavy Blade","Armaments"],"picked":"SKIP","floor":24.0},{"not_picked":["Rampage","Uppercut"],"picked":"Body Slam","floor":25.0},{"not_picked":["Body Slam+1","Twin Strike","conspire:Charge"],"picked":"SKIP","floor":27.0},{"not_picked":["Wild Strike","Anger","Clash"],"picked":"SKIP","floor":29.0},{"not_picked":["Clothesline","Entrench"],"picked":"Feed","floor":30.0},{"not_picked":["Bludgeon","Immolate"],"picked":"Barricade","floor":33.0},{"not_picked":["Rage","Clash+1","True Grit"],"picked":"SKIP","floor":35.0},{"not_picked":["Dropkick","Infernal Blade","Headbutt"],"picked":"SKIP","floor":36.0},{"not_picked":["Impatience","Enlightenment"],"picked":"Apotheosis","floor":37.0},{"not_picked":["Secret Weapon","Swift Strike"],"picked":"Deep Breath","floor":37.0},{"not_picked":["Iron Wave","conspire:Charge+1","Clothesline"],"picked":"SKIP","floor":40.0},{"not_picked":["Anger","Wild Strike","Cleave+1"],"picked":"SKIP","floor":41.0},{"not_picked":["Wild Strike+1","Sword Boomerang+1","Body Slam"],"picked":"SKIP","floor":42.0},{"not_picked":["Iron Wave+1","Pummel+1","Power Through"],"picked":"SKIP","floor":44.0},{"not_picked":["Iron Wave+1","Pummel+1"],"picked":"Power Through","floor":44.0},{"not_picked":["Clothesline+1","Reaper","Rampage+1"],"picked":"SKIP","floor":47.0},{"not_picked":["Wild Strike","Pommel Strike+1"],"picked":"Burning Pact","floor":55}],"player_experience":1353418,"relics_obtained":[{"floor":9.0,"key":"Shuriken"},{"floor":10.0,"key":"Matryoshka"},{"floor":12.0,"key":"Incense Burner"},{"floor":14.0,"key":"Dream Catcher"},{"floor":14.0,"key":"PreservedInsect"},{"floor":24.0,"key":"Self Forming Clay"},{"floor":26.0,"key":"Juzu Bracelet"},{"floor":26.0,"key":"Smiling Mask"},{"floor":28.0,"key":"Red Mask"},{"floor":30.0,"key":"Blue Candle"},{"floor":38.0,"key":"CeramicFish"},{"floor":39.0,"key":"Ice Cream"},{"floor":40.0,"key":"conspire:Dentures"},{"floor":42.0,"key":"Nunchaku"},{"floor":44.0,"key":"Red Skull"},{"floor":48.0,"key":"conspire:Boomerang"},{"floor":55,"key":"Vajra"}],"event_choices":[{"damage_healed":0.0,"max_hp_gain":0.0,"max_hp_loss":0.0,"gold_gain":75.0,"event_name":"World of Goop","player_choice":"Gather Gold","floor":2.0,"gold_loss":0.0,"damage_taken":11.0},{"damage_healed":0.0,"max_hp_gain":0.0,"max_hp_loss":0.0,"gold_gain":0.0,"cards_transformed":["Strike_R"],"event_name":"Transmorgrifier","player_choice":"Transformed","floor":3.0,"gold_loss":0.0,"damage_taken":0.0,"cards_obtained":["Armaments"]},{"damage_healed":0.0,"max_hp_gain":0.0,"max_hp_loss":0.0,"gold_gain":0.0,"event_name":"The Library","player_choice":"Read","floor":19.0,"gold_loss":0.0,"damage_taken":0.0,"cards_obtained":["Bloodletting"]},{"damage_healed":0.0,"max_hp_gain":0.0,"max_hp_loss":0.0,"gold_gain":0.0,"event_name":"Addict","player_choice":"Obtained Relic","floor":21.0,"gold_loss":85.0,"damage_taken":0.0,"relics_obtained":["MawBank"]},{"damage_healed":0.0,"max_hp_gain":0.0,"max_hp_loss":34.0,"gold_gain":0.0,"event_name":"Ghosts","player_choice":"Became a Ghost","floor":22.0,"gold_loss":0.0,"damage_taken":0.0,"cards_obtained":["Ghostly","Ghostly","Ghostly"]},{"damage_healed":0.0,"max_hp_gain":0.0,"max_hp_loss":0.0,"gold_gain":0.0,"event_name":"Masked Bandits","player_choice":"Fought Bandits","floor":28.0,"gold_loss":0.0,"damage_taken":0.0},{"damage_healed":0.0,"max_hp_gain":0.0,"max_hp_loss":0.0,"gold_gain":0.0,"event_name":"SensoryStone","player_choice":"Memory 3","floor":37.0,"gold_loss":0.0,"damage_taken":10.0},{"damage_healed":0.0,"max_hp_gain":0.0,"max_hp_loss":0.0,"gold_gain":0.0,"event_name":"MindBloom","player_choice":"Fight","floor":39.0,"gold_loss":0.0,"damage_taken":0.0},{"damage_healed":0.0,"max_hp_gain":0.0,"max_hp_loss":0.0,"gold_gain":0.0,"event_name":"Mysterious Sphere","player_choice":"Fight","floor":48.0,"gold_loss":0.0,"damage_taken":0.0}],"is_beta":false,"boss_relics":[{"not_picked":["Runic Dome","Mark of Pain"],"picked":"Runic Pyramid"},{"not_picked":["Astrolabe","Pandora\u0027s Box"],"picked":"Coffee Dripper"}],"items_purged_floors":[31,46,54],"is_endless":false,"potions_floor_spawned":[4,10,27,29,30,33,35,36,38,47,55],"ascension_level":20}}