{"host":"v4tuy5ykrbdcm9o9","time":1612237812,"event":{"mods":["BaseMod","Duelist Mod","Minty Spire (QoL Compilation)","Replay The Spire","StSLib"],"gold_per_floor":[216,216,230,30,49,75,75,107,107,135,146,146,178,198,198,302,302,316,316,21,40,55,55,55],"floor_reached":23,"language":"ENG","playtime":2508,"items_purged":[],"score":400,"play_id":"50d18efa-5803-4f24-a756-c8c7ea225a30","local_time":"20210201225012","is_ascension_mode":true,"campfire_choices":[{"floor":7,"key":"RECALL"},{"floor":15,"key":"REST"}],"circlet_count":0,"master_deck":["Strike_P+1","Strike_P+1","Strike_P+1","Strike_P+1","Defend_P","Defend_P","Defend_P","Defend_P","Eruption","Vigilance","Replay:Cycle","ThirdEye","Indignation","SashWhip","EmptyBody","Crescendo","Replay:ManipulateFuture","WaveOfTheHand+1","EmptyFist","TalkToTheHand","ThirdEye","Establishment","FollowUp","Weave","Halt","Nirvana+1","Consecrate"],"relics":["PureWater","Pocketwatch","Bottled Lightning","Replay:Bottled Eggs","Ancient Tea Set","Runic Pyramid","Bronze Scales"],"acts_visited":["Exordium","TheCity"],"potions_floor_usage":[6,8,8,13,16,22,22,23],"damage_taken":[{"damage":0,"enemies":"Small Slimes","floor":1,"turns":3},{"damage":1,"enemies":"2 Louse","floor":3,"turns":4},{"damage":0,"enemies":"Cultist","floor":5,"turns":3},{"damage":0,"enemies":"Replay:BlueRogue","floor":6,"turns":6},{"damage":3,"enemies":"3 Sentries","floor":8,"turns":5},{"damage":35,"enemies":"Lagavulin","floor":10,"turns":6},{"damage":0,"enemies":"Red Slaver","floor":11,"turns":4},{"damage":7,"enemies":"3 Sentries","floor":13,"turns":4},{"damage":6,"enemies":"Large Slime","floor":14,"turns":4},{"damage":0,"enemies":"Slime Boss","floor":16,"turns":5},{"damage":14,"enemies":"Spheric Guardian","floor":18,"turns":4},{"damage":0,"enemies":"Chosen","floor":21,"turns":4},{"damage":9,"enemies":"Shelled Parasite and Fungi","floor":22,"turns":3},{"damage":29,"enemies":"Slavers","floor":23,"turns":3}],"seed_played":"6832253719630012208","potions_obtained":[{"floor":1,"key":"CultistPotion"},{"floor":3,"key":"Adrenaline Potion"},{"floor":5,"key":"SteroidPotion"},{"floor":10,"key":"Reflective Coating"},{"floor":11,"key":"Strength Potion"},{"floor":22,"key":"SneckoOil"}],"is_trial":false,"path_per_floor":["M","?","M","$","M","E","R","E","T","E","M","?","E","M","R","B",null,"M","?","$","M","M","E"],"character_chosen":"WATCHER","items_purchased":["Indignation","LiquidMemories","SashWhip","Weave","Bronze Scales","Halt","FearPotion"],"campfire_rested":1,"item_purchase_floors":[4,4,4,20,20,20,20],"current_hp_per_floor":[65,65,64,64,64,64,64,61,61,26,26,26,19,13,34,34,63,49,37,37,37,28,0,0],"gold":55,"neow_bonus":"HUNDRED_GOLD","is_daily":false,"chose_seed":false,"campfire_upgraded":0,"win_rate":0.0,"timestamp":1612237812,"path_taken":["M","?","M","$","M","E","R","E","T","E","M","?","E","M","R","BOSS","M","?","$","?","M","E"],"items_purchased_type":["Card","Potion","Card","Card","Relic","Card","Potion"],"build_version":"2020-12-22","purchased_purges":0,"victory":false,"max_hp_per_floor":[72,72,72,72,72,72,72,72,72,72,72,72,72,72,72,72,72,72,72,72,72,72,72,72],"card_choices":[{"not_picked":["Nirvana","Replay:ManipulateFuture"],"picked":"Replay:Cycle","floor":1},{"not_picked":["PathToVictory","Prostrate"],"picked":"ThirdEye","floor":3},{"not_picked":["EmptyFist","Perseverance"],"picked":"EmptyBody","floor":5},{"not_picked":["ClearTheMind","Establishment"],"picked":"Crescendo","floor":6},{"not_picked":["Wish","Replay:BluntJabs"],"picked":"Replay:ManipulateFuture","floor":8},{"not_picked":["Study","Fasting2"],"picked":"WaveOfTheHand","floor":10},{"not_picked":["Replay:BluntJabs","WaveOfTheHand"],"picked":"EmptyFist","floor":11},{"not_picked":["Replay:Anticipation","Replay:ManipulateFuture"],"picked":"TalkToTheHand","floor":13},{"not_picked":["LikeWater","Crescendo"],"picked":"ThirdEye","floor":14},{"not_picked":["Omniscience","MasterReality"],"picked":"Establishment","floor":16},{"not_picked":["FearNoEvil","ForeignInfluence"],"picked":"FollowUp","floor":18},{"not_picked":["BowlingBash","Replay:BluntJabs"],"picked":"Nirvana+1","floor":21},{"not_picked":["WaveOfTheHand+1","Sanctity+1"],"picked":"Consecrate","floor":22}],"player_experience":722812,"relics_obtained":[{"floor":6,"key":"Pocketwatch"},{"floor":8,"key":"Bottled Lightning"},{"floor":10,"key":"Replay:Bottled Eggs"},{"floor":13,"key":"Ancient Tea Set"}],"event_choices":[{"damage_healed":0,"gold_gain":0,"player_choice":"Ignored","damage_taken":0,"max_hp_gain":0,"max_hp_loss":0,"event_name":"Golden Wing","floor":2,"gold_loss":0},{"damage_healed":0,"gold_gain":0,"player_choice":"Upgraded","damage_taken":0,"max_hp_gain":0,"max_hp_loss":0,"event_name":"Upgrade Shrine","floor":12,"gold_loss":0,"cards_upgraded":["WaveOfTheHand"]},{"damage_healed":0,"gold_gain":0,"player_choice":"POTION ","damage_taken":12,"max_hp_gain":0,"max_hp_loss":0,"event_name":"Knowing Skull","floor":19,"potions_obtained":["Block Potion"],"gold_loss":0,"cards_obtained":[]}],"is_beta":false,"boss_relics":[{"not_picked":["Replay:Wanted Poster","Empty Cage"],"picked":"Runic Pyramid"}],"items_purged_floors":[],"is_endless":false,"potions_floor_spawned":[1,3,5,10,11,22],"killed_by":"Slavers","ascension_level":7}}