{"host":"qljev0q3rb9h3k1a","time":1612279291,"event":{"mods":["AchievementEnabler","Ascension Unlocker","BaseMod","Colored Map","Minty Spire (QoL Compilation)","Permanent Neow","Quick Restart","Relic Filter","StSLib","SuperFastMode"],"gold_per_floor":[118,118,118,132,42,42,75,75,156,175,175,175,187,187,187,287,287,306,322,322,522,540,570,570,164,164,175,201,201,220,236,236,331,331,343,353,303,303,323,323,90,90,90,109,128,128,143,160,160,160],"floor_reached":51,"language":"ENG","playtime":2700,"items_purged":["Strike_B"],"score":739,"play_id":"5238117a-7c54-4810-a55a-b862e1587afb","local_time":"20210202102131","is_ascension_mode":false,"campfire_choices":[{"data":"Reprogram","floor":6.0,"key":"SMITH"},{"data":"Go for the Eyes","floor":11.0,"key":"SMITH"},{"data":"Gash","floor":15.0,"key":"SMITH"},{"data":"Reboot","floor":29,"key":"SMITH"},{"data":"Master of Strategy","floor":32,"key":"SMITH"},{"data":"Reboot","floor":40,"key":"SMITH"},{"data":"Sweeping Beam","floor":42,"key":"SMITH"},{"data":"Melter","floor":49,"key":"SMITH"}],"circlet_count":0,"master_deck":["Strike_B","Strike_B","Defend_B","Defend_B","Defend_B","Defend_B+1","Melter+1","Hologram+1","Reprogram+1","Go for the Eyes+1","Gash+1","Reboot+1","Sweeping Beam+1","Gash","Self Repair+1","Master of Strategy+1","Reboot+1","Streamline+1","Go for the Eyes+1","Beam Cell+1","Scrape+1","Hologram+1","Parasite"],"relics":["Cracked Core","Boot","Kunai","War Paint","Sozu","MutagenicStrength","HornCleat","Vajra","Molten Egg 2","Mummified Hand","Runic Dome","StoneCalendar","Nunchaku","Sundial"],"acts_visited":["Exordium","TheCity","TheBeyond"],"potions_floor_usage":[],"damage_taken":[{"damage":0.0,"enemies":"2 Louse","floor":1.0,"turns":3.0},{"damage":1.0,"enemies":"Jaw Worm","floor":4.0,"turns":3.0},{"damage":23.0,"enemies":"3 Sentries","floor":7.0,"turns":10.0},{"damage":1.0,"enemies":"Small Slimes","floor":10.0,"turns":3.0},{"damage":0.0,"enemies":"Exordium Thugs","floor":13.0,"turns":3.0},{"damage":0.0,"enemies":"Hexaghost","floor":16.0,"turns":9.0},{"damage":7.0,"enemies":"Shell Parasite","floor":18.0,"turns":4.0},{"damage":0.0,"enemies":"3 Byrds","floor":19.0,"turns":3.0},{"damage":0.0,"enemies":"Cultist and Chosen","floor":22.0,"turns":4.0},{"damage":20.0,"enemies":"Slavers","floor":23.0,"turns":3.0},{"damage":8.0,"enemies":"Snecko","floor":27.0,"turns":5.0},{"damage":11.0,"enemies":"Gremlin Leader","floor":28.0,"turns":5.0},{"damage":4,"enemies":"Shelled Parasite and Fungi","floor":30,"turns":3},{"damage":5,"enemies":"Centurion and Healer","floor":31,"turns":3},{"damage":14,"enemies":"Champ","floor":33,"turns":9},{"damage":0,"enemies":"3 Shapes","floor":35,"turns":3},{"damage":0,"enemies":"3 Darklings","floor":36,"turns":3},{"damage":8,"enemies":"Sphere and 2 Shapes","floor":39,"turns":4},{"damage":0,"enemies":"Spire Growth","floor":44,"turns":2},{"damage":4,"enemies":"Writhing Mass","floor":45,"turns":4},{"damage":4,"enemies":"Maw","floor":47,"turns":4},{"damage":0,"enemies":"Sphere and 2 Shapes","floor":48,"turns":1},{"damage":7,"enemies":"Awakened One","floor":50,"turns":7}],"seed_played":"8637266241292535966","potions_obtained":[{"floor":4.0,"key":"Ancient Potion"}],"is_trial":false,"path_per_floor":["M","?","?","M","$","R","E","?","T","M","R","?","M","?","R","B",null,"M","M","?","?","M","E","?","$","T","M","E","R","M","M","R","B",null,"M","M","$","?","M","R","$","R","T","M","M","$","M","M","R","B",null],"character_chosen":"DEFECT","items_purchased":["Reprogram","Go for the Eyes","Vajra","Master of Strategy","Go for the Eyes+1","Scrape+1","Nunchaku"],"campfire_rested":0,"item_purchase_floors":[5,5,25,25,37,41,41],"current_hp_per_floor":[75,75,68,67,67,67,44,49,49,48,48,48,48,23,23,23,80,73,73,73,73,73,53,53,53,53,55,54,54,60,65,65,61,80,80,80,80,80,80,80,80,80,80,80,80,80,80,80,80,80],"gold":160,"neow_bonus":"TRANSFORM_CARD","is_daily":false,"chose_seed":false,"campfire_upgraded":8,"win_rate":0.0,"timestamp":1612279291,"path_taken":["M","?","?","M","$","R","E","?","T","M","R","?","?","?","R","BOSS","M","M","?","?","?","E","?","?","T","M","E","R","M","M","R","BOSS","M","M","$","?","M","R","$","R","T","M","M","$","M","?","R","BOSS"],"items_purchased_type":["Card","Card","Relic","Card","Card","Card","Relic"],"build_version":"2020-12-22","purchased_purges":1,"victory":true,"max_hp_per_floor":[75,75,75,75,75,75,75,80,80,80,80,80,80,80,80,80,80,80,80,80,80,80,80,80,80,80,80,80,80,80,80,80,80,80,80,80,80,80,80,80,80,80,80,80,80,80,80,80,80,80],"card_choices":[{"not_picked":["Steam","Conserve Battery","Compile Driver"],"picked":"SKIP","floor":1.0},{"not_picked":["Heatsinks","Stack"],"picked":"Hologram","floor":4.0},{"not_picked":["White Noise","Tempest","Glacier"],"picked":"SKIP","floor":7.0},{"not_picked":["Barrage","Conserve Battery"],"picked":"Gash","floor":10.0},{"not_picked":["Barrage","Storm","Reinforced Body"],"picked":"SKIP","floor":13.0},{"not_picked":["Multi-Cast","Creative AI"],"picked":"Reboot","floor":16.0},{"not_picked":["Tempest+1","Barrage"],"picked":"Sweeping Beam","floor":18.0},{"not_picked":["Coolheaded","Genetic Algorithm+1","Lockon"],"picked":"SKIP","floor":19.0},{"not_picked":["Beam Cell","Fission"],"picked":"Gash","floor":22.0},{"not_picked":["Compile Driver","Go for the Eyes"],"picked":"Self Repair+1","floor":23.0},{"not_picked":["Genetic Algorithm+1","Doom and Gloom+1","Skim+1"],"picked":"SKIP","floor":27.0},{"not_picked":["Steam+1","Tempest","Cold Snap+1"],"picked":"SKIP","floor":28},{"not_picked":["Stack","Barrage+1","Conserve Battery"],"picked":"SKIP","floor":30},{"not_picked":["Melter+1","Static Discharge","Redo+1"],"picked":"SKIP","floor":31},{"not_picked":["Machine Learning","Fission"],"picked":"Reboot","floor":33},{"not_picked":["Tempest","Steam","Barrage+1"],"picked":"SKIP","floor":35},{"not_picked":["Chaos","BootSequence+1"],"picked":"Streamline+1","floor":36},{"not_picked":["Barrage+1","Lockon+1"],"picked":"Beam Cell+1","floor":39},{"not_picked":["Coolheaded","Fission"],"picked":"Hologram+1","floor":44},{"not_picked":["Cold Snap+1","Conserve Battery","Sweeping Beam+1"],"picked":"SKIP","floor":45},{"not_picked":["Force Field","Ball Lightning+1","Hello World"],"picked":"SKIP","floor":47},{"not_picked":["Stack","Hologram","Ball Lightning+1"],"picked":"SKIP","floor":48}],"player_experience":26009,"relics_obtained":[{"floor":7.0,"key":"Boot"},{"floor":9.0,"key":"Kunai"},{"floor":23.0,"key":"HornCleat"},{"floor":26.0,"key":"Molten Egg 2"},{"floor":28,"key":"Mummified Hand"},{"floor":43,"key":"Sundial"}],"event_choices":[{"damage_healed":0.0,"max_hp_gain":0.0,"max_hp_loss":0.0,"gold_gain":0.0,"event_name":"The Cleric","player_choice":"Leave","floor":2.0,"gold_loss":0.0,"damage_taken":0.0},{"cards_removed":["Zap"],"damage_healed":0.0,"max_hp_gain":0.0,"max_hp_loss":0.0,"gold_gain":0.0,"event_name":"Golden Wing","player_choice":"Card Removal","floor":3.0,"gold_loss":0.0,"damage_taken":7.0},{"damage_healed":0.0,"max_hp_gain":5.0,"max_hp_loss":0.0,"gold_gain":0.0,"event_name":"Big Fish","player_choice":"Donut","floor":8.0,"gold_loss":0.0,"damage_taken":0.0},{"cards_removed":["Strike_B"],"damage_healed":0.0,"max_hp_gain":0.0,"max_hp_loss":0.0,"gold_gain":0.0,"event_name":"Living Wall","player_choice":"Forget","floor":12.0,"gold_loss":0.0,"damage_taken":0.0},{"damage_healed":0.0,"max_hp_gain":0.0,"max_hp_loss":0.0,"gold_gain":0.0,"event_name":"Scrap Ooze","player_choice":"Success","floor":14.0,"gold_loss":0.0,"damage_taken":25.0,"relics_obtained":["War Paint"]},{"damage_healed":0.0,"max_hp_gain":0.0,"max_hp_loss":0.0,"gold_gain":0.0,"event_name":"Drug Dealer","player_choice":"Inject Mutagens","floor":20.0,"gold_loss":0.0,"damage_taken":0.0,"relics_obtained":["MutagenicStrength"]},{"damage_healed":0.0,"max_hp_gain":0.0,"max_hp_loss":0.0,"gold_gain":250.0,"event_name":"The Joust","player_choice":"Bet on Owner","floor":21.0,"gold_loss":50.0,"damage_taken":0.0},{"damage_healed":0.0,"max_hp_gain":0.0,"max_hp_loss":0.0,"gold_gain":0.0,"event_name":"Ghosts","player_choice":"Ignored","floor":24.0,"gold_loss":0.0,"damage_taken":0.0},{"damage_healed":0,"gold_gain":0,"player_choice":"Gave Potion","damage_taken":0,"relics_obtained":["StoneCalendar"],"max_hp_gain":0,"max_hp_loss":0,"event_name":"WeMeetAgain","floor":38,"gold_loss":0}],"is_beta":false,"boss_relics":[{"not_picked":["Empty Cage","Black Star"],"picked":"Sozu"},{"not_picked":["Pandora\u0027s Box","Calling Bell"],"picked":"Runic Dome"}],"items_purged_floors":[25],"is_endless":false,"potions_floor_spawned":[4,22,27,28,31,35,39,48],"ascension_level":0}}