{"host":"j7koecyuyeg298fi","time":1612269416,"event":{"mods":["BaseMod","Minty Spire (QoL Compilation)"],"gold_per_floor":[118,129,129,149,161,161,181,197,197,211,221,241,166,192,192,293,293,303,319,332,347,347,347,363,363,389,30,45,55,72,72,72,170,170,181,191,17,31,50,50,64,78,126,126,51,0,0,54,54,54,54],"floor_reached":50,"language":"ENG","playtime":7420,"items_purged":["Strike_G","Strike_G","Strike_G"],"score":506,"play_id":"a04a356b-b167-4064-a7f5-d70adfb152e9","local_time":"20210202143656","is_ascension_mode":false,"campfire_choices":[{"data":"Tactician","floor":6,"key":"SMITH"},{"data":"Prepared","floor":15,"key":"SMITH"},{"data":"Outmaneuver","floor":23,"key":"SMITH"},{"data":"Survivor","floor":25,"key":"SMITH"},{"data":"Envenom","floor":32,"key":"SMITH"},{"floor":40,"key":"REST"},{"floor":44,"key":"REST"},{"floor":49,"key":"REST"}],"circlet_count":0,"master_deck":["Strike_G","Strike_G","Defend_G","Defend_G","Defend_G","Defend_G","Defend_G","Survivor+1","Neutralize","Poisoned Stab","Deadly Poison","Acrobatics","Tactician+1","Escape Plan","Bane","Prepared+1","Flying Knee","Crippling Poison","Malaise","Acrobatics+1","Sucker Punch","Outmaneuver+1","Noxious Fumes+1","Deflect","Deflect+1","Cloak And Dagger","Envenom+1","Burst","Deadly Poison+1","Flying Knee+1","Backflip+1","Tactician","Footwork+1","Catalyst","Writhe","Cloak And Dagger+1"],"relics":["Ring of the Snake","Pear","Question Card","Mercury Hourglass","Runic Pyramid","Toy Ornithopter","Ornamental Fan","NlothsMask","SacredBark","Red Mask","Ginger"],"acts_visited":["Exordium","TheCity","TheBeyond"],"potions_floor_usage":[8,10,11,14,16,16,16,19,20,28,28,29,30,33,50,50],"damage_taken":[{"damage":0,"enemies":"Cultist","floor":1,"turns":3},{"damage":0,"enemies":"Small Slimes","floor":2,"turns":4},{"damage":0,"enemies":"2 Louse","floor":4,"turns":4},{"damage":4,"enemies":"2 Fungi Beasts","floor":5,"turns":4},{"damage":0,"enemies":"Looter","floor":7,"turns":2},{"damage":0,"enemies":"Blue Slaver","floor":8,"turns":3},{"damage":0,"enemies":"Lots of Slimes","floor":10,"turns":2},{"damage":11,"enemies":"Exordium Wildlife","floor":11,"turns":7},{"damage":8,"enemies":"Large Slime","floor":12,"turns":6},{"damage":5,"enemies":"Lagavulin","floor":14,"turns":5},{"damage":21,"enemies":"The Guardian","floor":16,"turns":8},{"damage":0,"enemies":"3 Byrds","floor":18,"turns":4},{"damage":9,"enemies":"2 Thieves","floor":19,"turns":5},{"damage":8,"enemies":"Snake Plant","floor":20,"turns":5},{"damage":8,"enemies":"Snecko","floor":21,"turns":6},{"damage":14,"enemies":"Shelled Parasite and Fungi","floor":24,"turns":6},{"damage":11,"enemies":"Centurion and Healer","floor":28,"turns":7},{"damage":15,"enemies":"Chosen and Byrds","floor":29,"turns":7},{"damage":0,"enemies":"Snake Plant","floor":30,"turns":4},{"damage":23,"enemies":"Collector","floor":33,"turns":10},{"damage":0,"enemies":"3 Shapes","floor":35,"turns":6},{"damage":17,"enemies":"Orb Walker","floor":36,"turns":5},{"damage":17,"enemies":"Maw","floor":38,"turns":9},{"damage":18,"enemies":"3 Darklings","floor":39,"turns":5},{"damage":14,"enemies":"Jaw Worm Horde","floor":41,"turns":5},{"damage":10,"enemies":"4 Shapes","floor":42,"turns":5},{"damage":76,"enemies":"2 Orb Walkers","floor":48,"turns":7},{"damage":65,"enemies":"Time Eater","floor":50,"turns":12}],"seed_played":"4461985436731033060","potions_obtained":[{"floor":1,"key":"EntropicBrew"},{"floor":2,"key":"ColorlessPotion"},{"floor":7,"key":"Explosive Potion"},{"floor":8,"key":"SpeedPotion"},{"floor":11,"key":"GamblersBrew"},{"floor":14,"key":"BlessingOfTheForge"},{"floor":19,"key":"Swift Potion"},{"floor":21,"key":"BlessingOfTheForge"},{"floor":24,"key":"Regen Potion"},{"floor":29,"key":"Dexterity Potion"},{"floor":30,"key":"DistilledChaos"},{"floor":35,"key":"Ancient Potion"},{"floor":39,"key":"SmokeBomb"},{"floor":48,"key":"CultistPotion"}],"is_trial":false,"path_per_floor":["M","M","T","M","M","R","M","M","T","M","M","M","$","E","R","B",null,"M","M","M","M","?","R","M","R","T","$","M","M","M","?","R","B",null,"M","M","$","M","M","R","M","M","T","R","$","?","?","?","R","B"],"character_chosen":"THE_SILENT","items_purchased":["Ornamental Fan","Strength Potion","Catalyst"],"campfire_rested":3,"item_purchase_floors":[27,37,45],"current_hp_per_floor":[77,77,87,87,83,83,83,83,83,83,72,64,64,59,59,38,87,87,78,70,62,62,62,48,48,48,48,62,52,57,57,57,39,87,87,70,70,53,35,61,47,37,37,63,63,63,85,9,35,0,0],"gold":54,"neow_bonus":"TEN_PERCENT_HP_BONUS","is_daily":false,"chose_seed":false,"campfire_upgraded":5,"win_rate":0.0,"timestamp":1612269416,"path_taken":["M","M","?","M","M","R","M","M","T","?","M","M","$","E","R","BOSS","M","?","M","M","?","R","M","R","T","$","M","M","M","?","R","BOSS","M","M","$","M","M","R","M","M","T","R","$","?","?","?","R","BOSS"],"items_purchased_type":["Relic","Potion","Card"],"build_version":"2020-12-22","purchased_purges":3,"victory":false,"max_hp_per_floor":[77,77,87,87,87,87,87,87,87,87,87,87,87,87,87,87,87,87,87,87,87,87,87,87,87,87,87,87,87,87,87,87,87,87,87,87,87,87,87,87,87,87,87,87,87,87,87,87,87,87,87],"card_choices":[{"not_picked":["Prepared","Acrobatics"],"picked":"Poisoned Stab","floor":1},{"not_picked":["Blade Dance","Backstab"],"picked":"Deadly Poison","floor":2},{"not_picked":["Dagger Spray","PiercingWail"],"picked":"Acrobatics","floor":4},{"not_picked":["Prepared","Masterful Stab"],"picked":"Tactician","floor":5},{"not_picked":["Backflip","Deflect"],"picked":"Escape Plan","floor":7},{"not_picked":["Bouncing Flask","Accuracy"],"picked":"Bane","floor":8},{"not_picked":["Calculated Gamble","Masterful Stab","Distraction"],"picked":"Prepared","floor":10},{"not_picked":["Underhanded Strike","Slice","Masterful Stab","Burst"],"picked":"SKIP","floor":11},{"not_picked":["Dagger Throw","All Out Attack","Dagger Spray"],"picked":"Flying Knee","floor":12},{"not_picked":["Poisoned Stab","Prepared","Eviscerate"],"picked":"Crippling Poison","floor":14},{"not_picked":["Storm of Steel","Unload","Phantasmal Killer"],"picked":"Malaise","floor":16},{"not_picked":["Eviscerate","Leg Sweep+1","Predator"],"picked":"Acrobatics+1","floor":18},{"not_picked":["PiercingWail","Skewer+1","All Out Attack"],"picked":"Sucker Punch","floor":19},{"not_picked":["Deflect","All Out Attack","Cloak And Dagger"],"picked":"Outmaneuver","floor":20},{"not_picked":["Blade Dance","Dagger Throw","Dagger Spray+1"],"picked":"Noxious Fumes+1","floor":21},{"not_picked":["Quick Slash","Underhanded Strike","Blade Dance"],"picked":"Deflect","floor":24},{"not_picked":["Sucker Punch+1","Backflip+1","Flying Knee"],"picked":"Deflect+1","floor":28},{"not_picked":["Dash","Endless Agony","Backflip"],"picked":"Cloak And Dagger","floor":29},{"not_picked":["Underhanded Strike","Outmaneuver","Poisoned Stab+1"],"picked":"Envenom","floor":30},{"not_picked":["Bullet Time","Adrenaline","Unload"],"picked":"Burst","floor":33},{"not_picked":["Noxious Fumes","Backflip","Eviscerate"],"picked":"Deadly Poison+1","floor":35},{"not_picked":["Poisoned Stab+1","Flechettes","Blade Dance"],"picked":"Flying Knee+1","floor":36},{"not_picked":["Dodge and Roll","Riddle With Holes+1","Cloak And Dagger","Poisoned Stab"],"picked":"SKIP","floor":38},{"not_picked":["Dagger Throw","Choke+1","Flying Knee"],"picked":"Backflip+1","floor":39},{"not_picked":["Sucker Punch+1","Bane","Storm of Steel"],"picked":"Tactician","floor":41},{"not_picked":["Infinite Blades+1","PiercingWail","Dash"],"picked":"Footwork+1","floor":42},{"not_picked":["Blade Dance+1","Poisoned Stab+1","Reflex"],"picked":"Cloak And Dagger+1","floor":48}],"player_experience":188754,"relics_obtained":[{"floor":3,"key":"Pear"},{"floor":9,"key":"Question Card"},{"floor":14,"key":"Mercury Hourglass"},{"floor":26,"key":"Toy Ornithopter"},{"floor":48,"key":"Ginger"}],"event_choices":[{"damage_healed":0,"gold_gain":0,"player_choice":"Ignored","damage_taken":0,"max_hp_gain":0,"max_hp_loss":0,"event_name":"Ghosts","floor":22,"gold_loss":0},{"damage_healed":0,"gold_gain":0,"player_choice":"Trade","damage_taken":0,"relics_obtained":["NlothsMask"],"max_hp_gain":0,"max_hp_loss":0,"event_name":"FaceTrader","floor":31,"gold_loss":0},{"damage_healed":0,"gold_gain":0,"player_choice":"Paid","damage_taken":0,"relics_obtained":["Red Mask"],"max_hp_gain":0,"max_hp_loss":0,"event_name":"Tomb of Lord Red Mask","floor":46,"gold_loss":51},{"damage_healed":22,"gold_gain":0,"player_choice":"Writhe","damage_taken":0,"max_hp_gain":0,"max_hp_loss":0,"event_name":"Winding Halls","floor":47,"gold_loss":0,"cards_obtained":["Writhe"]},{"damage_healed":0,"gold_gain":0,"player_choice":"Fight","damage_taken":0,"max_hp_gain":0,"max_hp_loss":0,"event_name":"Mysterious Sphere","floor":48,"gold_loss":0}],"is_beta":false,"boss_relics":[{"not_picked":["Coffee Dripper","Fusion Hammer"],"picked":"Runic Pyramid"},{"not_picked":["Calling Bell","Velvet Choker"],"picked":"SacredBark"}],"items_purged_floors":[13,27,37],"is_endless":false,"potions_floor_spawned":[1,2,7,8,11,14,19,21,24,29,30,35,39,48],"killed_by":"Time Eater","ascension_level":0}}