{"host":"72j3if4hls1tefkc","time":1612234553,"event":{"mods":["AchievementEnabler","Always Whale","Aspiration","BaseMod","Colored Map","Conspire","FetchMod","Halation","Hubris","Infinite Spire","Minty Spire (QoL Compilation)","Reliquary","Replay The Spire","Shop Mod","StSLib","The Construct","The Jungle"],"gold_per_floor":[113,131,146,146,2,2,27,27,27,46,60,60,21,40,40,135,135,153,153,153,170,183,283,283,298,298,298,317,333,333,343,343,468,468,518,567,341,375,416,469,469,530,585,585,637,293,293,330,330,330,330,330,17,53,53,53],"floor_reached":55,"language":"ENG","playtime":2239,"items_purged":["Strike_R","Defend_R","Strike_R"],"score":1033,"play_id":"4c25207e-5199-4361-8400-e98e149d5e0f","local_time":"20210201195553","is_ascension_mode":false,"campfire_choices":[{"data":"Bash","floor":6,"key":"SMITH"},{"data":"1","floor":12,"key":"LIFT"},{"data":"Pommel Strike","floor":15,"key":"SMITH"},{"data":"2","floor":24,"key":"LIFT"},{"data":"ReplayTheSpireMod:Chaos Vortex","floor":27,"key":"SMITH"},{"data":"3","floor":30,"key":"LIFT"},{"data":"Replay:Undeath\u0027s Touch","floor":32,"key":"SMITH"},{"data":"Pain","floor":44,"key":"PURGE"},{"floor":49,"key":"RECALL"},{"data":"Berserk","floor":52,"key":"SMITH"}],"circlet_count":0,"master_deck":["Strike_R","Strike_R","Strike_R+1","Defend_R","Defend_R+1","Defend_R","Bash+1","conspire:Charge","Battle Trance","Thunderclap","Burning Pact","Pommel Strike+1","Berserk+1","Twin Strike","ReplayTheSpireMod:Chaos Vortex+1","Dropkick+1","Seeing Red","Iron Wave+1","Replay:Undeath\u0027s Touch+1","ReplayTheSpireMod:Muscle Training+1","AbeCurse","Bludgeon","Iron Wave+1","Blood for Blood","Madness+1","Madness+1","Shrug It Off+1","Spot Weakness+1"],"relics":["Burning Blood","NeowsBlessing","Vajra","Pet Ghost","Ring of Hypnosis","Girya","hubris:VirtuousBlindfold","HandDrill","halation:RedSoulGem","aspiration:HiddenCompartment","infinitespire:EvilPickle","Abe\u0027s Treasure","Bag of Marbles","Replay:Multitool","WarpedTongs","Toxic Egg 2","aspiration:FrozenJewel","Charon\u0027s Ashes","halation:VictoryRuler"],"acts_visited":["Exordium","TheCity","TheBeyond","TheEnding"],"potions_floor_usage":[7,16,16,25,42,50,55,55],"damage_taken":[{"damage":0,"enemies":"conspire:RoseBush","floor":1,"turns":1},{"damage":0,"enemies":"Jaw Worm","floor":2,"turns":1},{"damage":0,"enemies":"Small Slimes","floor":3,"turns":1},{"damage":11,"enemies":"Gremlin Nob","floor":7,"turns":3},{"damage":4,"enemies":"2 Fungi Beasts","floor":10,"turns":3},{"damage":6,"enemies":"Lots of Slimes","floor":11,"turns":3},{"damage":3,"enemies":"Red Slaver","floor":14,"turns":4},{"damage":28,"enemies":"The Guardian","floor":16,"turns":11},{"damage":0,"enemies":"Spheric Guardian","floor":18,"turns":3},{"damage":8,"enemies":"2 Thieves","floor":21,"turns":4},{"damage":0,"enemies":"3 Cultists","floor":22,"turns":4},{"damage":9,"enemies":"Cultist and Chosen","floor":25,"turns":4},{"damage":6,"enemies":"Centurion and Healer","floor":28,"turns":3},{"damage":14,"enemies":"Chosen and Byrds","floor":29,"turns":3},{"damage":18,"enemies":"Snake Plant","floor":31,"turns":2},{"damage":0,"enemies":"Pondfish","floor":33,"turns":5},{"damage":3,"enemies":"3 Darklings","floor":35,"turns":4},{"damage":1,"enemies":"Orb Walker","floor":36,"turns":2},{"damage":0,"enemies":"Transient","floor":38,"turns":5},{"damage":11,"enemies":"Writhing Mass","floor":39,"turns":3},{"damage":4,"enemies":"R_Hoarder","floor":40,"turns":4},{"damage":32,"enemies":"Reptomancer","floor":42,"turns":4},{"damage":0,"enemies":"3 Darklings","floor":45,"turns":2},{"damage":1,"enemies":"Jaw Worm Horde","floor":48,"turns":2},{"damage":44,"enemies":"Time Eater","floor":50,"turns":7},{"damage":14,"enemies":"Shield and Spear","floor":54,"turns":4},{"damage":91,"enemies":"The Heart","floor":55,"turns":6}],"seed_played":"-2029573182875380460","potions_obtained":[{"floor":1,"key":"FearPotion"},{"floor":7,"key":"BlessingOfTheForge"},{"floor":10,"key":"Adrenaline Potion"},{"floor":18,"key":"Energy Potion"},{"floor":25,"key":"Elixir"},{"floor":33,"key":"BloodPotion"},{"floor":36,"key":"BloodPotion"},{"floor":39,"key":"Regen Potion"},{"floor":42,"key":"Adrenaline Potion"}],"is_trial":false,"path_per_floor":["M","M","M","?","$","R","E","?","T","M","M","R","$","M","R","B",null,"M","AVR","?","M","M","?","R","M","T","R","M","M","R","M","R","B",null,"M","M","$","M","M","E","?","E","T","R","M","$","?","M","R","B",null,"R","$","E","B"],"character_chosen":"IRONCLAD","items_purchased":["Vajra","Burning Pact","Bag of Marbles","aspiration:FrozenJewel","Charon\u0027s Ashes"],"campfire_rested":0,"item_purchase_floors":[5,13,37,46,53],"current_hp_per_floor":[80,80,80,64,64,64,59,59,59,61,61,61,61,64,64,42,80,80,80,80,78,80,80,80,77,77,77,77,69,69,57,57,63,80,80,80,80,80,75,77,77,60,60,60,66,66,56,61,61,23,80,80,80,72,0,0],"gold":53,"neow_bonus":"THREE_ENEMY_KILL","is_daily":false,"chose_seed":false,"campfire_upgraded":5,"win_rate":0.0,"timestamp":1612234553,"path_taken":["M","?","M","?","$","R","E","?","T","M","M","R","$","M","R","BOSS","M","AVR","?","M","M","?","R","M","T","R","M","M","R","M","R","BOSS","M","?","?","M","M","E","?","E","T","R","?","$","?","M","R","BOSS","R","$","E","BOSS"],"items_purchased_type":["Relic","Card","Relic","Relic","Relic"],"build_version":"2020-12-22","purchased_purges":3,"victory":false,"max_hp_per_floor":[80,80,80,80,80,80,80,80,80,80,80,80,80,80,80,80,80,80,80,80,80,80,80,80,80,80,80,80,80,80,80,80,80,80,80,80,80,80,80,80,80,80,80,80,80,80,80,80,80,80,80,80,80,80,80,80],"card_choices":[{"not_picked":["Infernal Blade","Pommel Strike","Iron Wave"],"picked":"SKIP","floor":1},{"not_picked":["Rupture","Heavy Blade"],"picked":"conspire:Charge","floor":2},{"not_picked":["Headbutt","Life Link","Massacre"],"picked":"SKIP","floor":3},{"not_picked":["Havoc","Body Slam"],"picked":"Battle Trance","floor":7},{"not_picked":["ReplayTheSpireMod:Strike From Hell","Pommel Strike"],"picked":"Thunderclap","floor":10},{"not_picked":["hubris:CleavingFinish","Pommel Strike","ReplayTheSpireMod:LeadingStrike"],"picked":"SKIP","floor":11},{"not_picked":["Reckless Charge","Combust"],"picked":"Pommel Strike","floor":14},{"not_picked":["Eclipse","Juggernaut"],"picked":"Berserk","floor":16},{"not_picked":["Clash+1","conspire:Charge"],"picked":"Twin Strike","floor":18},{"not_picked":["Pommel Strike","Havoc"],"picked":"Dropkick+1","floor":21},{"not_picked":["Abandon","Evolve"],"picked":"Seeing Red","floor":22},{"not_picked":["Combust","hubris:ReadiedAction"],"picked":"Iron Wave+1","floor":25},{"not_picked":["Rage","Corruption"],"picked":"Replay:Undeath\u0027s Touch","floor":28},{"not_picked":["Massacre+1","True Grit"],"picked":"ReplayTheSpireMod:Muscle Training+1","floor":29},{"not_picked":["Sword Boomerang","Reckless Charge","hubris:CleavingFinish"],"picked":"SKIP","floor":31},{"not_picked":["ReplayTheSpireMod:Strike From Hell+1","Replay:Undeath\u0027s Touch","Perfected Strike"],"picked":"SKIP","floor":35},{"not_picked":["Twin Strike","Rage"],"picked":"Bludgeon","floor":36},{"not_picked":["True Grit","Run Through+1","Armaments"],"picked":"SKIP","floor":38},{"not_picked":["Clash","Reckless Charge+1","Burning Pact"],"picked":"SKIP","floor":39},{"not_picked":["ReplayTheSpireMod:Strike From Hell+1","hubris:ReadiedAction+1"],"picked":"Iron Wave+1","floor":40},{"not_picked":["Massacre+1","Armaments+1"],"picked":"Blood for Blood","floor":42},{"not_picked":["Thunderclap","Power Through+1","Shrug It Off+1"],"picked":"SKIP","floor":45},{"not_picked":["Reckless Charge","Offering+1"],"picked":"Shrug It Off+1","floor":48},{"not_picked":["Entrench+1","Sword Boomerang"],"picked":"Spot Weakness+1","floor":54}],"player_experience":328862,"relics_obtained":[{"floor":7,"key":"Pet Ghost"},{"floor":8,"key":"Ring of Hypnosis"},{"floor":9,"key":"Girya"},{"floor":26,"key":"aspiration:HiddenCompartment"},{"floor":40,"key":"Replay:Multitool"},{"floor":42,"key":"Toxic Egg 2"},{"floor":54,"key":"halation:VictoryRuler"}],"event_choices":[{"damage_healed":0,"gold_gain":0,"player_choice":"Entered Light","damage_taken":16,"max_hp_gain":0,"max_hp_loss":0,"event_name":"Shining Light","floor":4,"gold_loss":0,"cards_upgraded":["Strike_R","Defend_R"]},{"damage_healed":0,"gold_gain":100,"player_choice":"Pray","damage_taken":0,"max_hp_gain":0,"max_hp_loss":0,"event_name":"Golden Shrine","floor":23,"gold_loss":0},{"damage_healed":0,"gold_gain":0,"player_choice":"Rummage","damage_taken":0,"relics_obtained":["WarpedTongs"],"max_hp_gain":0,"max_hp_loss":0,"event_name":"Accursed Blacksmith","floor":41,"gold_loss":0,"cards_obtained":["Pain"]},{"damage_healed":0,"gold_gain":0,"player_choice":"Embrace Madness","damage_taken":10,"max_hp_gain":0,"max_hp_loss":0,"event_name":"Winding Halls","floor":47,"gold_loss":0,"cards_obtained":["Madness","Madness"]}],"is_beta":false,"boss_relics":[{"not_picked":["Runic Dome","Fusion Hammer"],"picked":"hubris:VirtuousBlindfold"},{"not_picked":["reliquary:RedCape","halation:PinkAlligatorPlush"],"picked":"Abe\u0027s Treasure"}],"items_purged_floors":[19,37,46],"is_endless":false,"potions_floor_spawned":[1,7,10,18,25,33,36,38,39,42],"killed_by":"The Heart","ascension_level":0}}