{"host":"facnppb4175fcpe2","time":1612258106,"event":{"mods":["AchievementEnabler","BaseMod","Colored Map","Colored Powertips","Highlight Path","Minty Spire (QoL Compilation)","Quick Restart","Rare Cards Sparkle","Relic Stats","StSLib","SuperFastMode"],"gold_per_floor":[112,125,125,144,144,162,162,181,205,233,233,265,277,312,312,407,407,424,424,349,349,364,364,364,364],"floor_reached":24,"language":"ZHS","playtime":603,"items_purged":["Strike_B"],"score":241,"play_id":"f08476af-baa1-4738-9e97-cebc350222e7","local_time":"20210202172826","is_ascension_mode":false,"campfire_choices":[{"data":"Defend_B","floor":7.0,"key":"SMITH"},{"data":"Defragment","floor":11.0,"key":"SMITH"},{"data":"Defend_B","floor":15.0,"key":"SMITH"},{"data":"Seek","floor":23.0,"key":"SMITH"}],"circlet_count":0,"master_deck":["Strike_B","Strike_B","Defend_B+1","Defend_B","Defend_B+1","Defend_B","Zap","Dualcast","Tempest+1","Defragment+1","Seek+1","FTL"],"relics":["Cracked Core","Centennial Puzzle","Omamori","Ancient Tea Set","Black Star"],"acts_visited":["Exordium","TheCity"],"potions_floor_usage":[],"damage_taken":[{"damage":3.0,"enemies":"Jaw Worm","floor":1.0,"turns":4.0},{"damage":0.0,"enemies":"Cultist","floor":2.0,"turns":4.0},{"damage":0.0,"enemies":"Small Slimes","floor":4.0,"turns":3.0},{"damage":2.0,"enemies":"3 Louse","floor":6.0,"turns":3.0},{"damage":12.0,"enemies":"2 Fungi Beasts","floor":8.0,"turns":3.0},{"damage":37.0,"enemies":"3 Sentries","floor":10.0,"turns":6.0},{"damage":18.0,"enemies":"Gremlin Nob","floor":12.0,"turns":4.0},{"damage":0.0,"enemies":"Exordium Wildlife","floor":13.0,"turns":3.0},{"damage":0.0,"enemies":"Lagavulin","floor":14.0,"turns":7.0},{"damage":19.0,"enemies":"The Guardian","floor":16.0,"turns":11.0},{"damage":26.0,"enemies":"2 Thieves","floor":18.0,"turns":5.0},{"damage":19.0,"enemies":"3 Byrds","floor":22.0,"turns":3.0},{"damage":47,"enemies":"Gremlin Leader","floor":24,"turns":4}],"seed_played":"3944271507445671280","potions_obtained":[{"floor":4.0,"key":"Regen Potion"},{"floor":6.0,"key":"GamblersBrew"},{"floor":10.0,"key":"PowerPotion"},{"floor":13.0,"key":"SpeedPotion"},{"floor":18.0,"key":"Energy Potion"}],"is_trial":false,"path_per_floor":["M","M","?","M","?","M","R","M","T","E","R","E","M","E","R","B",null,"M","?","$","?","M","R","E"],"character_chosen":"DEFECT","items_purchased":[],"campfire_rested":0,"item_purchase_floors":[],"current_hp_per_floor":[79,79,79,79,79,77,77,65,65,28,28,22,22,22,22,3,82,56,56,56,56,37,37,0,0],"gold":364,"neow_bonus":"TEN_PERCENT_HP_BONUS","is_daily":false,"chose_seed":false,"campfire_upgraded":4,"win_rate":0.0,"timestamp":1612258106,"path_taken":["M","M","?","?","?","M","R","M","T","E","R","E","M","E","R","BOSS","M","?","$","?","M","R","E"],"items_purchased_type":[],"build_version":"2020-12-22","purchased_purges":1,"victory":false,"max_hp_per_floor":[82,82,82,82,82,82,82,82,82,82,82,82,82,82,82,82,82,82,82,82,82,82,82,82,82],"relic_stats":{"Centennial Puzzle":[15],"counters":[13,60],"Black Star":0,"obtain_stats":[{"Centennial Puzzle":10,"Omamori":12,"Black Star":17,"Cracked Core":0,"Ancient Tea Set":14},{"Centennial Puzzle":6,"Omamori":7,"Black Star":10,"Cracked Core":0,"Ancient Tea Set":9},{"Centennial Puzzle":23,"Omamori":27,"Black Star":48,"Cracked Core":0,"Ancient Tea Set":37}]},"card_choices":[{"not_picked":["Go for the Eyes","Cold Snap","Reprogram"],"picked":"SKIP","floor":1.0},{"not_picked":["Consume","Barrage","Reinforced Body"],"picked":"SKIP","floor":2.0},{"not_picked":["Melter","Redo"],"picked":"Tempest","floor":4.0},{"not_picked":["White Noise","Rebound","Sweeping Beam"],"picked":"SKIP","floor":6.0},{"not_picked":["Glacier","Gash","Beam Cell"],"picked":"SKIP","floor":8.0},{"not_picked":["Undo","Blizzard"],"picked":"Defragment","floor":10.0},{"not_picked":["Sunder","Skim","Fusion"],"picked":"SKIP","floor":12.0},{"not_picked":["Beam Cell","Reprogram","Compile Driver"],"picked":"SKIP","floor":13.0},{"not_picked":["Rebound","Stack","Leap"],"picked":"SKIP","floor":14.0},{"not_picked":["Machine Learning","Meteor Strike"],"picked":"Seek","floor":16.0},{"not_picked":["Go for the Eyes","Coolheaded+1","Scrape"],"picked":"SKIP","floor":18.0},{"not_picked":["Melter","Coolheaded","Aggregate"],"picked":"SKIP","floor":22.0}],"player_experience":110226,"relics_obtained":[{"floor":10.0,"key":"Centennial Puzzle"},{"floor":12.0,"key":"Omamori"},{"floor":14.0,"key":"Ancient Tea Set"}],"event_choices":[{"cards_removed":["Strike_B"],"damage_healed":0.0,"max_hp_gain":0.0,"max_hp_loss":0.0,"gold_gain":0.0,"event_name":"Purifier","player_choice":"Purged","floor":3.0,"gold_loss":0.0,"damage_taken":0.0},{"damage_healed":0.0,"max_hp_gain":0.0,"max_hp_loss":0.0,"gold_gain":0.0,"event_name":"Living Wall","player_choice":"Grow","floor":5.0,"gold_loss":0.0,"damage_taken":0.0,"cards_upgraded":["Tempest"]},{"damage_healed":0.0,"max_hp_gain":0.0,"max_hp_loss":0.0,"gold_gain":0.0,"event_name":"Ghosts","player_choice":"Ignored","floor":19.0,"gold_loss":0.0,"damage_taken":0.0},{"damage_healed":0.0,"max_hp_gain":0.0,"max_hp_loss":0.0,"gold_gain":0.0,"event_name":"The Library","player_choice":"Read","floor":21.0,"gold_loss":0.0,"damage_taken":0.0,"cards_obtained":["FTL"]}],"is_beta":false,"boss_relics":[{"not_picked":["Ectoplasm","Cursed Key"],"picked":"Black Star"}],"items_purged_floors":[20],"is_endless":false,"potions_floor_spawned":[4,6,10,13,18],"killed_by":"Gremlin Leader","ascension_level":0}}