{"host":"o67iw34xdwlyp80a","time":1612303441,"event":{"mods":["BaseMod","Colored Map","Minty Spire (QoL Compilation)","Relic Stats","StSLib"],"gold_per_floor":[117,292,292,14,14,14,54,7,7,25,63,63,63,81,81,210,210,224,324,61,86,11,45,86,136,159,193,193,236,259,292,292,417,417,435,449,130,143,95,139,139,183,183,0,0,25,34,63,63,63,63],"floor_reached":50,"language":"ENG","playtime":3930,"items_purged":["Doubt","Loop","Decay"],"score":768,"play_id":"06fa0234-46ff-480a-b32c-9adacf7c1f41","local_time":"20210202220401","is_ascension_mode":true,"campfire_choices":[{"data":"Eruption","floor":6,"key":"SMITH"},{"data":"Transmutation","floor":12,"key":"SMITH"},{"data":"PathToVictory","floor":15,"key":"SMITH"},{"data":"Apotheosis","floor":28,"key":"SMITH"},{"data":"Cleave","floor":32,"key":"SMITH"},{"floor":41,"key":"REST"},{"data":"A Thousand Cuts","floor":45,"key":"SMITH"},{"data":"Metallicize","floor":49,"key":"SMITH"}],"circlet_count":0,"master_deck":["Defend_P+1","Defend_P","Defend_P","Eruption+1","Vigilance","ForeignInfluence+1","BowlingBash","CrushJoints","Transmutation+1","PathToVictory+1","Reaper","Hologram+1","Apotheosis+1","Cleave+1","Metallicize+1","Deflect+1","Vault+1","Brilliance+1","LessonLearned+1","Dual Wield+1","ThirdEye","EmptyBody","All For One","A Thousand Cuts+1","Trip","Melter"],"relics":["PureWater","Golden Idol","PrismaticShard","Blood Vial","StrikeDummy","Matryoshka","Cursed Key","Singing Bowl","HornCleat","PreservedInsect","Gremlin Horn","Turnip","MealTicket","Astrolabe","Vajra","Omamori","CeramicFish","Bronze Scales","Question Card","Red Mask"],"acts_visited":["Exordium","TheCity","TheBeyond"],"potions_floor_usage":[11,23,23,31,40,42,50,50],"damage_taken":[{"damage":0,"enemies":"Small Slimes","floor":1,"turns":3},{"damage":26,"enemies":"3 Sentries","floor":7,"turns":10},{"damage":0,"enemies":"Cultist","floor":10,"turns":2},{"damage":0,"enemies":"Lagavulin","floor":11,"turns":2},{"damage":6,"enemies":"Jaw Worm","floor":14,"turns":2},{"damage":0,"enemies":"Slime Boss","floor":16,"turns":6},{"damage":17,"enemies":"2 Thieves","floor":18,"turns":4},{"damage":12,"enemies":"Shell Parasite","floor":21,"turns":5},{"damage":0,"enemies":"Gremlin Leader","floor":23,"turns":3},{"damage":0,"enemies":"Cultist and Chosen","floor":24,"turns":4},{"damage":21,"enemies":"Slavers","floor":27,"turns":2},{"damage":5,"enemies":"Gremlin Leader","floor":29,"turns":3},{"damage":0,"enemies":"Snecko","floor":30,"turns":3},{"damage":5,"enemies":"Book of Stabbing","floor":31,"turns":4},{"damage":52,"enemies":"Automaton","floor":33,"turns":8},{"damage":12,"enemies":"3 Darklings","floor":35,"turns":5},{"damage":4,"enemies":"Orb Walker","floor":36,"turns":3},{"damage":27,"enemies":"Spire Growth","floor":38,"turns":5},{"damage":47,"enemies":"Giant Head","floor":40,"turns":9},{"damage":16,"enemies":"Nemesis","floor":42,"turns":5},{"damage":5,"enemies":"4 Shapes","floor":46,"turns":3},{"damage":1,"enemies":"Writhing Mass","floor":48,"turns":3},{"damage":97,"enemies":"Time Eater","floor":50,"turns":9}],"seed_played":"1222823636374968213","potions_obtained":[{"floor":10,"key":"AttackPotion"},{"floor":11,"key":"Regen Potion"},{"floor":21,"key":"LiquidMemories"},{"floor":30,"key":"ColorlessPotion"},{"floor":33,"key":"Dexterity Potion"},{"floor":38,"key":"Ambrosia"},{"floor":40,"key":"ColorlessPotion"},{"floor":42,"key":"BlessingOfTheForge"},{"floor":46,"key":"SmokeBomb"}],"is_trial":false,"path_per_floor":["M","?","?","$","?","R","E","$","T","M","E","R","?","M","R","B",null,"M","?","$","M","?","E","M","?","T","E","R","E","M","E","R","B",null,"M","M","$","M","$","E","R","E","T","?","R","M","?","M","R","B"],"character_chosen":"WATCHER","items_purchased":["PrismaticShard","CrushJoints","PathToVictory","Apotheosis","Vajra","ThirdEye","EmptyBody"],"campfire_rested":1,"item_purchase_floors":[4,4,8,20,37,37,39],"current_hp_per_floor":[72,72,54,54,54,54,28,28,28,30,32,32,72,66,66,68,72,63,63,63,53,53,66,70,70,70,51,51,60,68,67,67,26,82,82,80,84,59,74,29,54,40,40,40,40,60,60,61,61,0,0],"gold":63,"neow_bonus":"TRANSFORM_CARD","is_daily":false,"chose_seed":false,"campfire_upgraded":7,"win_rate":0.0,"timestamp":1612303441,"path_taken":["M","?","?","$","?","R","E","$","T","?","E","R","?","M","R","BOSS","M","?","$","?","?","E","M","?","T","E","R","E","M","E","R","BOSS","M","?","$","M","$","E","R","E","T","?","R","M","?","M","R","BOSS"],"items_purchased_type":["Relic","Card","Card","Card","Relic","Card","Card"],"build_version":"2020-12-22","purchased_purges":3,"victory":false,"max_hp_per_floor":[72,72,72,72,72,72,72,72,72,72,72,72,72,72,72,72,72,72,72,72,72,72,74,76,76,76,76,76,76,78,80,80,82,82,84,84,84,86,86,86,86,86,86,86,86,88,88,88,88,88,88],"relic_stats":{"Singing Bowl":16,"Gremlin Horn":[9,9],"counters":[23,103],"Golden Idol":156,"Astrolabe":["Vault","Brilliance","LessonLearned"],"CeramicFish":27,"PreservedInsect":300,"Cursed Key":2,"Question Card":3,"Blood Vial":34,"Bronze Scales":[39],"MealTicket":19,"Turnip":[0],"obtain_stats":[{"Singing Bowl":23,"Gremlin Horn":27,"Golden Idol":3,"Astrolabe":34,"CeramicFish":42,"Vajra":37,"PreservedInsect":26,"Omamori":40,"PrismaticShard":4,"Cursed Key":17,"Question Card":43,"Blood Vial":7,"Matryoshka":11,"HornCleat":26,"Bronze Scales":43,"MealTicket":31,"Turnip":29,"Red Mask":44,"PureWater":0,"StrikeDummy":9},{"Singing Bowl":9,"Gremlin Horn":11,"Golden Idol":1,"Astrolabe":15,"CeramicFish":20,"Vajra":17,"PreservedInsect":10,"Omamori":19,"PrismaticShard":1,"Cursed Key":6,"Question Card":20,"Blood Vial":2,"Matryoshka":4,"HornCleat":10,"Bronze Scales":20,"MealTicket":14,"Turnip":12,"Red Mask":20,"PureWater":0,"StrikeDummy":2},{"Singing Bowl":37,"Gremlin Horn":43,"Golden Idol":3,"Astrolabe":61,"CeramicFish":88,"Vajra":69,"PreservedInsect":41,"Omamori":83,"PrismaticShard":3,"Cursed Key":25,"Question Card":88,"Blood Vial":13,"Matryoshka":17,"HornCleat":41,"Bronze Scales":88,"MealTicket":53,"Turnip":46,"Red Mask":88,"PureWater":0,"StrikeDummy":13}]},"card_choices":[{"not_picked":["Collect","EmptyBody"],"picked":"BowlingBash","floor":1},{"not_picked":["PathToVictory","Rampage"],"picked":"Transmutation","floor":7},{"not_picked":["Dark Embrace","Sword Boomerang","Storm"],"picked":"SKIP","floor":10},{"not_picked":["Rupture","Evaluate"],"picked":"Loop","floor":11},{"not_picked":["Clothesline","Steam","PanicButton"],"picked":"SKIP","floor":14},{"not_picked":["Fission","Tools of the Trade"],"picked":"Reaper","floor":16},{"not_picked":["Streamline","Skim"],"picked":"Hologram+1","floor":18},{"not_picked":["Cloak And Dagger","Body Slam+1"],"picked":"Cleave","floor":21},{"not_picked":["Backflip","Meditate+1","Stack"],"picked":"Singing Bowl","floor":23},{"not_picked":["Wallop","Biased Cognition","Bloodletting"],"picked":"Singing Bowl","floor":24},{"not_picked":["Acrobatics","Second Wind+1"],"picked":"Metallicize","floor":27},{"not_picked":["TalkToTheHand","Aggregate+1"],"picked":"Deflect+1","floor":29},{"not_picked":["Outmaneuver","Weave","Whirlwind+1"],"picked":"Singing Bowl","floor":30},{"not_picked":["Protect","Wallop","Go for the Eyes"],"picked":"Singing Bowl","floor":31},{"not_picked":["Transmutation","Blasphemy","Rainbow"],"picked":"Singing Bowl","floor":33},{"not_picked":["CrushJoints","Setup","BootSequence+1"],"picked":"Singing Bowl","floor":35},{"not_picked":["Mind Blast","Rampage"],"picked":"Dual Wield+1","floor":36},{"not_picked":["Acrobatics","FlurryOfBlows+1","Flash of Steel+1"],"picked":"Singing Bowl","floor":38},{"not_picked":["Thunderclap","Gash+1"],"picked":"All For One","floor":40},{"not_picked":["Backstab","Battle Trance"],"picked":"A Thousand Cuts","floor":42},{"not_picked":["Dagger Throw","Turbo+1","Auto Shields","Weave"],"picked":"Singing Bowl","floor":46},{"not_picked":["Mayhem","Dark Shackles","HandOfGreed"],"picked":"Trip","floor":47},{"not_picked":["FollowUp+1","Dagger Throw+1","Quick Slash"],"picked":"Melter","floor":48}],"player_experience":1165050,"relics_obtained":[{"floor":7,"key":"Blood Vial"},{"floor":9,"key":"StrikeDummy"},{"floor":11,"key":"Matryoshka"},{"floor":23,"key":"Singing Bowl"},{"floor":26,"key":"HornCleat"},{"floor":26,"key":"PreservedInsect"},{"floor":27,"key":"Gremlin Horn"},{"floor":29,"key":"Turnip"},{"floor":31,"key":"MealTicket"},{"floor":40,"key":"Omamori"},{"floor":42,"key":"CeramicFish"},{"floor":43,"key":"Bronze Scales"},{"floor":43,"key":"Question Card"}],"event_choices":[{"damage_healed":0,"gold_gain":175,"player_choice":"AGREE","damage_taken":0,"max_hp_gain":0,"max_hp_loss":0,"event_name":"Liars Game","floor":2,"gold_loss":0,"cards_obtained":["Doubt"]},{"damage_healed":0,"gold_gain":0,"player_choice":"Take Damage","damage_taken":18,"relics_obtained":["Golden Idol"],"max_hp_gain":0,"max_hp_loss":0,"event_name":"Golden Idol","floor":3,"gold_loss":0},{"damage_healed":0,"gold_gain":0,"player_choice":"Upgraded","damage_taken":0,"max_hp_gain":0,"max_hp_loss":0,"event_name":"Upgrade Shrine","floor":5,"gold_loss":0,"cards_upgraded":["ForeignInfluence"]},{"damage_healed":40,"gold_gain":0,"player_choice":"Full Heal","damage_taken":0,"max_hp_gain":0,"max_hp_loss":0,"event_name":"Wheel of Change","floor":13,"gold_loss":0},{"damage_healed":0,"gold_gain":100,"player_choice":"Pray","damage_taken":0,"max_hp_gain":0,"max_hp_loss":0,"event_name":"Golden Shrine","floor":19,"gold_loss":0},{"cards_removed":["Strike_P"],"damage_healed":0,"gold_gain":0,"player_choice":"Gave Gold","damage_taken":0,"max_hp_gain":0,"max_hp_loss":0,"event_name":"Beggar","floor":22,"gold_loss":75},{"damage_healed":0,"gold_gain":100,"player_choice":"Bet on Murderer","damage_taken":0,"max_hp_gain":0,"max_hp_loss":0,"event_name":"The Joust","floor":25,"gold_loss":50},{"damage_healed":0,"gold_gain":0,"player_choice":"Paid","damage_taken":0,"relics_obtained":["Red Mask"],"max_hp_gain":0,"max_hp_loss":0,"event_name":"Tomb of Lord Red Mask","floor":44,"gold_loss":183},{"damage_healed":0,"gold_gain":0,"player_choice":"Memory 1","damage_taken":0,"max_hp_gain":0,"max_hp_loss":0,"event_name":"SensoryStone","floor":47,"gold_loss":0}],"is_beta":false,"boss_relics":[{"not_picked":["Runic Pyramid","Runic Dome"],"picked":"Cursed Key"},{"not_picked":["Tiny House","Calling Bell"],"picked":"Astrolabe"}],"items_purged_floors":[4,20,37],"is_endless":false,"potions_floor_spawned":[10,11,21,30,33,38,40,42,46],"killed_by":"Time Eater","ascension_level":1}}