{"host":"8rgpnls124hwjv5t","time":1612302965,"event":{"mods":["BaseMod","Colored Map","Colored Powertips","DeckTracker","Highlight Path","Minty Spire (QoL Compilation)","Permanent Neow","Quick Restart","Relic Stats","Shop Mod","StSLib"],"gold_per_floor":[99,99,99,99,99,99,99,99,99,99,79,79,79,79,79,79,79,79,79,79,79,79,79,79],"floor_reached":23,"language":"ENG","playtime":834,"items_purged":[],"score":526,"play_id":"9bcceeb8-a51c-4e10-abb7-af9462ab2825","local_time":"20210202165605","is_ascension_mode":true,"campfire_choices":[{"data":"Skewer","floor":7,"key":"SMITH"},{"floor":15,"key":"REST"}],"circlet_count":0,"master_deck":["AscendersBane","Strike_G","Strike_G","Strike_G","Strike_G","Strike_G","Defend_G","Defend_G","Defend_G","Defend_G","Defend_G","Survivor","Neutralize","Dagger Throw","Choke","Quick Slash","Dagger Spray","Skewer+1","Leg Sweep","Footwork","Adrenaline","Neutralize","Dodge and Roll","Wraith Form v2","Quick Slash","J.A.X.","Footwork+1"],"relics":["Ectoplasm","Ancient Tea Set","Anchor","MawBank","Dream Catcher","Blood Vial","Philosopher\u0027s Stone"],"acts_visited":["Exordium","TheCity"],"potions_floor_usage":[6,16,16,22],"damage_taken":[{"damage":0,"enemies":"Cultist","floor":1,"turns":4},{"damage":0,"enemies":"2 Louse","floor":3,"turns":3},{"damage":0,"enemies":"Jaw Worm","floor":4,"turns":3},{"damage":1,"enemies":"Exordium Thugs","floor":5,"turns":4},{"damage":10,"enemies":"3 Sentries","floor":6,"turns":4},{"damage":6,"enemies":"Gremlin Nob","floor":8,"turns":3},{"damage":2,"enemies":"Large Slime","floor":10,"turns":5},{"damage":1,"enemies":"Looter","floor":11,"turns":2},{"damage":13,"enemies":"3 Sentries","floor":12,"turns":7},{"damage":0,"enemies":"Slime Boss","floor":16,"turns":6},{"damage":3,"enemies":"Shell Parasite","floor":18,"turns":3},{"damage":14,"enemies":"Spheric Guardian","floor":20,"turns":4},{"damage":4,"enemies":"Snake Plant","floor":22,"turns":4},{"damage":43,"enemies":"Slavers","floor":23,"turns":4}],"seed_played":"4035746659477297607","potions_obtained":[{"floor":4,"key":"ColorlessPotion"},{"floor":5,"key":"GhostInAJar"},{"floor":8,"key":"Block Potion"},{"floor":12,"key":"CunningPotion"},{"floor":20,"key":"FearPotion"}],"is_trial":false,"path_per_floor":["M","$","M","M","M","E","R","E","T","M","M","E","?","?","R","B",null,"M","?","M","?","M","E"],"character_chosen":"THE_SILENT","items_purchased":[],"campfire_rested":1,"item_purchase_floors":[],"current_hp_per_floor":[59,59,59,59,58,48,48,42,42,40,39,26,15,15,34,36,59,58,58,46,28,26,0,0],"gold":79,"neow_bonus":"BOSS_RELIC","is_daily":false,"chose_seed":false,"campfire_upgraded":1,"win_rate":0.0,"timestamp":1612302965,"path_taken":["M","$","?","M","M","E","R","E","T","M","M","E","?","?","R","BOSS","M","?","M","?","M","E"],"items_purchased_type":[],"build_version":"2020-12-22","purchased_purges":0,"victory":false,"max_hp_per_floor":[66,66,66,66,66,66,66,66,66,66,66,66,66,66,66,66,66,66,66,66,71,71,71,71],"relic_stats":{"Blood Vial":10,"Dream Catcher":1,"counters":[14,56],"Ectoplasm":530,"MawBank":0,"obtain_stats":[{"Blood Vial":13,"Anchor":8,"Dream Catcher":12,"Philosopher\u0027s Stone":17,"Ectoplasm":0,"Ancient Tea Set":6,"MawBank":9,"Ring of the Snake":0},{"Blood Vial":9,"Anchor":6,"Dream Catcher":9,"Philosopher\u0027s Stone":10,"Ectoplasm":0,"Ancient Tea Set":5,"MawBank":6,"Ring of the Snake":0},{"Blood Vial":35,"Anchor":21,"Dream Catcher":35,"Philosopher\u0027s Stone":41,"Ectoplasm":0,"Ancient Tea Set":18,"MawBank":21,"Ring of the Snake":0}]},"card_choices":[{"not_picked":["Blade Dance","PiercingWail"],"picked":"Dagger Throw","floor":1},{"not_picked":["Calculated Gamble","Blade Dance"],"picked":"Choke","floor":3},{"not_picked":["Flying Knee","Slice"],"picked":"Quick Slash","floor":4},{"not_picked":["Masterful Stab","Acrobatics"],"picked":"Dagger Spray","floor":5},{"not_picked":["Noxious Fumes","Backflip"],"picked":"Skewer","floor":6},{"not_picked":["Sucker Punch","Blade Dance"],"picked":"Leg Sweep","floor":8},{"not_picked":["Quick Slash","Poisoned Stab","Blade Dance"],"picked":"SKIP","floor":10},{"not_picked":["Backflip","Setup"],"picked":"Footwork","floor":11},{"not_picked":["Escape Plan","Night Terror"],"picked":"Adrenaline","floor":12},{"not_picked":["Cloak And Dagger","Expertise"],"picked":"Dodge and Roll","floor":15},{"not_picked":["Malaise","Burst"],"picked":"Wraith Form v2","floor":16},{"not_picked":["Distraction+1","Deadly Poison"],"picked":"Quick Slash","floor":18},{"not_picked":["Masterful Stab","Sucker Punch"],"picked":"Footwork+1","floor":20},{"not_picked":["Poisoned Stab","Blade Dance","Deadly Poison"],"picked":"SKIP","floor":22}],"player_experience":463213,"relics_obtained":[{"floor":6,"key":"Ancient Tea Set"},{"floor":8,"key":"Anchor"},{"floor":9,"key":"MawBank"},{"floor":12,"key":"Dream Catcher"}],"event_choices":[{"damage_healed":0,"gold_gain":0,"player_choice":"Success","damage_taken":11,"relics_obtained":["Blood Vial"],"max_hp_gain":0,"max_hp_loss":0,"event_name":"Scrap Ooze","floor":13,"gold_loss":0},{"damage_healed":0,"gold_gain":0,"player_choice":"1 cards matched","damage_taken":0,"max_hp_gain":0,"max_hp_loss":0,"event_name":"Match and Keep!","floor":14,"gold_loss":0,"cards_obtained":["Neutralize"]},{"damage_healed":0,"gold_gain":0,"player_choice":"Obtain J.A.X.","damage_taken":0,"max_hp_gain":0,"max_hp_loss":0,"event_name":"Drug Dealer","floor":19,"gold_loss":0,"cards_obtained":["J.A.X."]},{"damage_healed":0,"gold_gain":0,"player_choice":"Shed Blood","damage_taken":23,"max_hp_gain":5,"max_hp_loss":0,"event_name":"Forgotten Altar","floor":21,"gold_loss":0}],"is_beta":false,"boss_relics":[{"not_picked":["SacredBark","Fusion Hammer"],"picked":"Philosopher\u0027s Stone"}],"items_purged_floors":[],"is_endless":false,"potions_floor_spawned":[4,5,8,12,20],"killed_by":"Slavers","ascension_level":20}}