{"host":"uv5ws9rdk87e8i5k","time":1612284104,"event":{"mods":["AchievementEnabler","BaseMod","Colored Map","Minty Spire (QoL Compilation)","Permanent Neow","Quick Restart","StSLib","SuperFastMode","The Necromancer"],"gold_per_floor":[116,134,151,166,166,166,180,210,237,237,237,267,267,285,285,381,381,381],"floor_reached":17,"language":"ENG","playtime":412,"items_purged":[],"score":288,"play_id":"85965621-c91d-4f0d-b091-f2d14e11df58","local_time":"20210202104144","is_ascension_mode":true,"campfire_choices":[{"data":"Glass Knife","floor":6,"key":"SMITH"},{"data":"Adrenaline","floor":13,"key":"SMITH"},{"data":"Die Die Die","floor":15,"key":"SMITH"}],"circlet_count":0,"master_deck":["AscendersBane","Strike_G","Strike_G","Strike_G","Strike_G","Defend_G","Defend_G","Defend_G","Defend_G","Defend_G","Survivor","Neutralize","Glass Knife+1","Backflip","Blade Dance","Prepared","Regret","Blade Dance","Adrenaline+1","Die Die Die+1","Backflip","Dagger Throw","After Image","CurseOfTheBell"],"relics":["Ring of the Snake","Oddly Smooth Stone","Nunchaku","Bronze Scales","Smiling Mask","Calling Bell","MawBank","Toxic Egg 2","TungstenRod"],"acts_visited":["Exordium","TheCity"],"potions_floor_usage":[7,8,8,16],"damage_taken":[{"damage":5,"enemies":"Small Slimes","floor":1,"turns":3},{"damage":0,"enemies":"Cultist","floor":2,"turns":4},{"damage":0,"enemies":"2 Louse","floor":3,"turns":2},{"damage":8,"enemies":"Exordium Wildlife","floor":4,"turns":6},{"damage":1,"enemies":"Gremlin Gang","floor":7,"turns":5},{"damage":2,"enemies":"3 Sentries","floor":8,"turns":5},{"damage":1,"enemies":"Lagavulin","floor":12,"turns":6},{"damage":0,"enemies":"Blue Slaver","floor":14,"turns":1},{"damage":34,"enemies":"Slime Boss","floor":16,"turns":7}],"seed_played":"309702517398293653","potions_obtained":[{"floor":3,"key":"Dexterity Potion"},{"floor":4,"key":"BlessingOfTheForge"},{"floor":7,"key":"Explosive Potion"},{"floor":8,"key":"GamblersBrew"}],"is_trial":false,"path_per_floor":["M","M","M","M","?","R","M","E","T","?","?","E","R","M","R","B",null],"character_chosen":"THE_SILENT","items_purchased":[],"campfire_rested":0,"item_purchase_floors":[],"current_hp_per_floor":[58,58,58,50,50,50,49,47,47,47,47,46,46,46,46,12,56,56],"gold":381,"neow_bonus":"ONE_RANDOM_RARE_CARD","is_daily":false,"chose_seed":false,"campfire_upgraded":3,"win_rate":0.0,"timestamp":1612284104,"path_taken":["M","M","M","M","?","R","M","E","T","?","?","E","R","M","R","BOSS"],"items_purchased_type":[],"build_version":"2020-12-22","purchased_purges":0,"victory":false,"max_hp_per_floor":[70,70,70,70,70,70,70,70,70,70,70,70,70,70,70,70,70,70],"card_choices":[{"not_picked":["Dodge and Roll","Dagger Spray"],"picked":"Backflip","floor":1},{"not_picked":["Caltrops","Heel Hook"],"picked":"Blade Dance","floor":2},{"not_picked":["Skewer","Heel Hook","Distraction"],"picked":"SKIP","floor":3},{"not_picked":["Dagger Spray","Deflect"],"picked":"Prepared","floor":4},{"not_picked":["Underhanded Strike","Dodge and Roll"],"picked":"Blade Dance","floor":7},{"not_picked":["All Out Attack","After Image"],"picked":"Adrenaline","floor":8},{"not_picked":["Eviscerate","Bane"],"picked":"Backflip","floor":12},{"not_picked":["Eviscerate","Slice"],"picked":"Dagger Throw","floor":14},{"not_picked":["Doppelganger","Unload"],"picked":"After Image","floor":16}],"player_experience":336170,"relics_obtained":[{"floor":8,"key":"Nunchaku"},{"floor":9,"key":"Bronze Scales"},{"floor":12,"key":"Smiling Mask"},{"floor":17,"key":"MawBank"},{"floor":17,"key":"Toxic Egg 2"},{"floor":17,"key":"TungstenRod"}],"event_choices":[{"damage_healed":0,"gold_gain":0,"player_choice":"Box","damage_taken":0,"relics_obtained":["Oddly Smooth Stone"],"max_hp_gain":0,"max_hp_loss":0,"event_name":"Big Fish","floor":5,"gold_loss":0,"cards_obtained":["Regret"]},{"damage_healed":0,"gold_gain":0,"player_choice":"Ignored","damage_taken":0,"max_hp_gain":0,"max_hp_loss":0,"event_name":"Liars Game","floor":10,"gold_loss":0},{"damage_healed":0,"gold_gain":0,"cards_transformed":["Strike_G"],"player_choice":"Transformed","damage_taken":0,"max_hp_gain":0,"max_hp_loss":0,"event_name":"Transmorgrifier","floor":11,"gold_loss":0,"cards_obtained":["Die Die Die"]}],"is_beta":false,"boss_relics":[{"not_picked":["Busted Crown","HoveringKite"],"picked":"Calling Bell"}],"items_purged_floors":[],"is_endless":false,"potions_floor_spawned":[3,4,7,8],"ascension_level":10}}