{"host":"c44ey07ufggfw2m8","time":1612266064,"event":{"mods":["2.2 Compatiblity","BaseMod","Colored Map","DeckTracker","Highlight Path","Keyboard Shortcuts","Minty Spire (QoL Compilation)","Permanent Neow","Quick Restart","StSLib","SuperFastMode","UnlockEverythingMod"],"gold_per_floor":[119,132,132,307,324,324,336,368,368,368,381,83,103,119,119,119,119],"floor_reached":16,"language":"KOR","playtime":450,"items_purged":["Doubt"],"score":155,"play_id":"d5bb2bcf-c623-40a5-8ccf-7bf0d2ac10f7","local_time":"20210202204104","is_ascension_mode":true,"campfire_choices":[{"data":"Omniscience","floor":6.0,"key":"SMITH"},{"data":"Eruption","floor":10.0,"key":"SMITH"},{"data":"Ragnarok","floor":15.0,"key":"SMITH"}],"circlet_count":0,"master_deck":["Strike_P","Strike_P+1","Strike_P","Strike_P","Defend_P","Defend_P","Defend_P","Defend_P","Eruption+1","Vigilance","Omniscience+1","CrushJoints+1","CutThroughFate","Perseverance","Meditate","Ragnarok+1","Pray","Perseverance"],"relics":["PureWater","Pen Nib","Centennial Puzzle","MealTicket"],"acts_visited":["Exordium"],"potions_floor_usage":[16],"damage_taken":[{"damage":1.0,"enemies":"Small Slimes","floor":1.0,"turns":3.0},{"damage":12.0,"enemies":"Jaw Worm","floor":2.0,"turns":3.0},{"damage":8.0,"enemies":"2 Louse","floor":5.0,"turns":3.0},{"damage":14.0,"enemies":"Lots of Slimes","floor":7.0,"turns":6.0},{"damage":0.0,"enemies":"Gremlin Nob","floor":8.0,"turns":2.0},{"damage":0.0,"enemies":"Exordium Wildlife","floor":11.0,"turns":2.0},{"damage":0.0,"enemies":"Blue Slaver","floor":13.0,"turns":1.0},{"damage":0.0,"enemies":"Exordium Thugs","floor":14.0,"turns":2.0},{"damage":24,"enemies":"Hexaghost","floor":16,"turns":8}],"seed_played":"-8955093828889330447","potions_obtained":[{"floor":7.0,"key":"SteroidPotion"},{"floor":11.0,"key":"SpeedPotion"},{"floor":13.0,"key":"Swift Potion"}],"is_trial":false,"path_per_floor":["M","M","?","?","M","R","M","E","T","R","M","$","M","M","R","B"],"character_chosen":"WATCHER","items_purchased":["MealTicket","Pray"],"campfire_rested":0,"item_purchase_floors":[12,12],"current_hp_per_floor":[71,59,45,45,37,37,23,23,23,23,23,23,23,23,23,0,0],"gold":119,"neow_bonus":"ONE_RANDOM_RARE_CARD","is_daily":false,"chose_seed":false,"campfire_upgraded":3,"win_rate":0.0,"timestamp":1612266064,"path_taken":["M","M","?","?","M","R","M","E","T","R","M","$","M","M","R","BOSS"],"items_purchased_type":["Relic","Card"],"build_version":"2020-12-22","purchased_purges":1,"victory":false,"max_hp_per_floor":[72,72,72,72,72,72,72,72,72,72,72,72,72,72,72,72,72],"card_choices":[{"not_picked":["Evaluate","Consecrate"],"picked":"CrushJoints","floor":1.0},{"not_picked":["SashWhip","BattleHymn"],"picked":"CutThroughFate","floor":2.0},{"not_picked":["SashWhip","Wireheading"],"picked":"Perseverance","floor":5.0},{"not_picked":["ThirdEye","Perseverance"],"picked":"Meditate","floor":7.0},{"not_picked":["CutThroughFate","EmptyMind"],"picked":"Ragnarok","floor":8.0},{"not_picked":["ClearTheMind","Worship","Meditate"],"picked":"SKIP","floor":11.0},{"not_picked":["BowlingBash","FlurryOfBlows","EmptyFist"],"picked":"SKIP","floor":13.0},{"not_picked":["Crescendo","Consecrate"],"picked":"Perseverance","floor":14.0}],"player_experience":104379,"relics_obtained":[{"floor":8.0,"key":"Pen Nib"},{"floor":9.0,"key":"Centennial Puzzle"}],"event_choices":[{"damage_healed":0.0,"max_hp_gain":0.0,"max_hp_loss":0.0,"gold_gain":0.0,"event_name":"Shining Light","player_choice":"Entered Light","floor":3.0,"gold_loss":0.0,"damage_taken":14.0,"cards_upgraded":["Strike_P","CrushJoints"]},{"damage_healed":0.0,"max_hp_gain":0.0,"max_hp_loss":0.0,"gold_gain":175.0,"event_name":"Liars Game","player_choice":"AGREE","floor":4.0,"gold_loss":0.0,"damage_taken":0.0,"cards_obtained":["Doubt"]}],"is_beta":false,"boss_relics":[],"items_purged_floors":[12],"is_endless":false,"potions_floor_spawned":[7,11,13],"killed_by":"Hexaghost","ascension_level":4}}