{"host":"jrjhmnau3l6mlp7r","time":1612294332,"event":{"mods":["Aspiration","BaseMod","Colored Map","Colored Powertips","DeckTracker","Highlight Path","Hubris","Infinite Spire","Minty Spire (QoL Compilation)","Quick Restart","Random Character Button","Relic Sorter","Replay The Spire","StSLib","SuperFastMode","Synergy Search","The Cursed","The Disciple","The Jungle","The Runesmith"],"gold_per_floor":[113,127,146,166,178,178,198,198,198,229,229,229,229,244,244,348,348,366,366,380,380,380,394,394,22,102,102,119,131,131,142,142,240,240,252,268,25,75,92,112,112,158,210,224,303,313,328,21,21,21,21],"floor_reached":50,"language":"ENG","playtime":2129,"items_purged":[],"score":475,"play_id":"00b51e4e-e833-4ee2-9835-447e93044f7d","local_time":"20210202143212","is_ascension_mode":false,"campfire_choices":[{"floor":6.0,"key":"REST"},{"floor":11.0,"key":"REST"},{"data":"ReplayTheSpireMod:Limb From Limb","floor":13.0,"key":"SMITH"},{"floor":15.0,"key":"DIG"},{"floor":24.0,"key":"REST"},{"data":"Bash","floor":27.0,"key":"SMITH"},{"data":"Berserk","floor":30.0,"key":"SMITH"},{"floor":32.0,"key":"REST"},{"floor":41,"key":"REST"},{"floor":49,"key":"REST"}],"circlet_count":0,"master_deck":["Strike_R","Strike_R","Strike_R","Strike_R+1","Strike_R","Defend_R","Defend_R+1","Defend_R","Defend_R","Bash+1","ReplayTheSpireMod:Limb From Limb+1","Cleave","Cleave","Clothesline","Immolate","Shrug It Off","Berserk+1","ReplayTheSpireMod:Strike From Hell","Barricade","True Grit","Ghostly Armor+1","RitualDagger","infinitespire:OneForAll+1","Metallicize","Reaper","Body Slam","Thunderclap","Juggernaut","Replay:Undeath\u0027s Touch+1","ReplayTheSpireMod:Strike From Hell+1","Rage","Clash+1","Inflame+1","Flex","Anger"],"relics":["Burning Blood","aspiration:Nostalgia","Ring of the Snake","aspiration:AnachronicSnailShell","Tiny Chest","Bronze Scales","hubris:VirtuousBlindfold","Oddly Smooth Stone","infinitespire:Satchel","Strange Spoon","Onion Ring","hubris:HollowSoul","aspiration:HummingbirdHeart","hubris:64BitClover","Strawberry","PreservedInsect","Blue Candle","hubris:ChampionShield","Ancient Tea Set"],"acts_visited":["Exordium","TheCity","TheBeyond"],"potions_floor_usage":[40,50,50,50],"damage_taken":[{"damage":24.0,"enemies":"infinitespire:Voidling","floor":1.0,"turns":4.0},{"damage":0.0,"enemies":"Small Slimes","floor":2.0,"turns":3.0},{"damage":12.0,"enemies":"2 Louse","floor":3.0,"turns":1.0},{"damage":15.0,"enemies":"Exordium Thugs","floor":4.0,"turns":4.0},{"damage":0.0,"enemies":"Large Slime","floor":5.0,"turns":2.0},{"damage":11.0,"enemies":"Exordium Wildlife","floor":7.0,"turns":3.0},{"damage":11.0,"enemies":"Replay:BlueRogue","floor":10.0,"turns":5.0},{"damage":5.0,"enemies":"Blue Slaver","floor":14.0,"turns":3.0},{"damage":21.0,"enemies":"Fading Forest","floor":16.0,"turns":11.0},{"damage":8.0,"enemies":"Spheric Guardian","floor":18.0,"turns":3.0},{"damage":9.0,"enemies":"3 Byrds","floor":20.0,"turns":3.0},{"damage":10.0,"enemies":"Snecko","floor":23.0,"turns":5.0},{"damage":8.0,"enemies":"Cultist and Chosen","floor":28.0,"turns":3.0},{"damage":7.0,"enemies":"Snake Plant","floor":29.0,"turns":4.0},{"damage":15.0,"enemies":"Centurion and Healer","floor":31.0,"turns":6.0},{"damage":52.0,"enemies":"Champ","floor":33.0,"turns":14.0},{"damage":22.0,"enemies":"Orb Walker","floor":35.0,"turns":3.0},{"damage":12.0,"enemies":"3 Shapes","floor":36.0,"turns":2.0},{"damage":0.0,"enemies":"Mind Bloom Boss Battle","floor":38.0,"turns":8.0},{"damage":37,"enemies":"Maw","floor":39,"turns":9},{"damage":16,"enemies":"Transient","floor":40,"turns":5},{"damage":16,"enemies":"Writhing Mass","floor":44,"turns":6},{"damage":13,"enemies":"Jaw Worm Horde","floor":46,"turns":5},{"damage":26,"enemies":"Spire Growth","floor":47,"turns":5},{"damage":25,"enemies":"Awakened One","floor":50,"turns":3}],"seed_played":"9220116413784303698","potions_obtained":[{"floor":1.0,"key":"FearPotion"},{"floor":2.0,"key":"LiquidBronze"},{"floor":7.0,"key":"LiquidBronze"},{"floor":10.0,"key":"Explosive Potion"},{"floor":28.0,"key":"SpeedPotion"},{"floor":29.0,"key":"Dexterity Potion"},{"floor":31.0,"key":"BlessingOfTheForge"},{"floor":36.0,"key":"AttackPotion"},{"floor":39,"key":"Block Potion"},{"floor":46,"key":"Swift Potion"}],"is_trial":false,"path_per_floor":["M","M","M","M","M","R","M","?","T","E","R","?","R","M","R_BF","B",null,"M","?","M","?","T","M","R","$","T","R","M","M","R","M","R","B",null,"M","M","$","?","M","M","R","T","T","M","T","M","M","$","R","B"],"character_chosen":"IRONCLAD","items_purchased":["infinitespire:Satchel","Strange Spoon","Metallicize","aspiration:HummingbirdHeart","hubris:ChampionShield","Ancient Tea Set"],"campfire_rested":6,"item_purchase_floors":[25,25,25,37,48,48],"current_hp_per_floor":[62,68,62,53,59,80,75,59,59,54,78,80,80,80,80,80,80,78,78,75,69,69,65,80,80,80,80,78,77,77,68,80,34,80,64,58,58,64,36,26,50,57,57,54,54,53,40,40,66,0,0],"gold":21,"neow_bonus":"NOSTALGIA","is_daily":false,"chose_seed":false,"campfire_upgraded":3,"win_rate":0.0,"timestamp":1612294332,"path_taken":["M","M","?","M","M","R","M","?","T","E","R","?","R","M","R_BF","BOSS","M","?","M","?","?","M","R","$","T","R","?","M","R","M","R","BOSS","M","M","$","?","M","M","R","?","T","M","?","M","M","$","R","BOSS"],"items_purchased_type":["Relic","Relic","Card","Relic","Relic","Relic"],"build_version":"2020-12-22","purchased_purges":0,"victory":false,"max_hp_per_floor":[80,80,80,80,80,80,80,80,80,80,80,80,80,80,80,80,80,80,80,80,80,80,80,80,80,80,80,80,80,80,80,80,80,80,80,80,80,80,80,80,80,87,87,87,87,87,87,87,87,87,87],"card_choices":[{"not_picked":["Flex","Disarm"],"picked":"ReplayTheSpireMod:Limb From Limb","floor":1.0},{"not_picked":["Disarm","Rupture"],"picked":"Cleave","floor":2.0},{"not_picked":["infinitespire:OneForAll","Run Through"],"picked":"Cleave","floor":3.0},{"not_picked":["Hemokinesis","Replay:Undeath\u0027s Touch"],"picked":"Clothesline","floor":4.0},{"not_picked":["Wild Strike","ReplayTheSpireMod:Strike From Hell"],"picked":"Immolate","floor":5.0},{"not_picked":["Dropkick","Replay:Undeath\u0027s Touch"],"picked":"Shrug It Off","floor":7.0},{"not_picked":["Twin Strike","Infernal Blade"],"picked":"Berserk","floor":10.0},{"not_picked":["Abandon","Defy Death"],"picked":"ReplayTheSpireMod:Strike From Hell","floor":14.0},{"not_picked":["Bludgeon","Replay:Many Hands"],"picked":"Barricade","floor":16.0},{"not_picked":["Anger","Replay:Undeath\u0027s Touch+1"],"picked":"True Grit","floor":18.0},{"not_picked":["Hemokinesis","Headbutt"],"picked":"Ghostly Armor+1","floor":20.0},{"not_picked":["Sword Boomerang","Pummel"],"picked":"infinitespire:OneForAll+1","floor":23.0},{"not_picked":["Pommel Strike","Shrug It Off"],"picked":"Reaper","floor":28.0},{"not_picked":["infinitespire:OneForAll","Wild Strike+1"],"picked":"Body Slam","floor":29.0},{"not_picked":["Feel No Pain","Massacre"],"picked":"Thunderclap","floor":31.0},{"not_picked":["Barricade","Berserk"],"picked":"Juggernaut","floor":33.0},{"not_picked":["Sentinel+1","Clothesline+1"],"picked":"Replay:Undeath\u0027s Touch+1","floor":35.0},{"not_picked":["Cleave","Abandon"],"picked":"ReplayTheSpireMod:Strike From Hell+1","floor":36.0},{"not_picked":["Pommel Strike+1","ReplayTheSpireMod:Muscle Training"],"picked":"Rage","floor":38.0},{"not_picked":["Warcry","hubris:SharpeningStone"],"picked":"Clash+1","floor":39},{"not_picked":["ReplayTheSpireMod:Strike From Hell+1","Iron Wave"],"picked":"Inflame+1","floor":40},{"not_picked":["hubris:SharpeningStone","Shrug It Off+1"],"picked":"Flex","floor":44},{"not_picked":["ReplayTheSpireMod:Strike From Hell+1","Replay:Undeath\u0027s Touch","Cleave"],"picked":"SKIP","floor":46},{"not_picked":["ReplayTheSpireMod:Strike From Hell+1","Hemokinesis+1"],"picked":"Anger","floor":47}],"player_experience":46035,"relics_obtained":[{"floor":9.0,"key":"aspiration:AnachronicSnailShell"},{"floor":10.0,"key":"Tiny Chest"},{"floor":15.0,"key":"Bronze Scales"},{"floor":22.0,"key":"Oddly Smooth Stone"},{"floor":26.0,"key":"Onion Ring"},{"floor":38.0,"key":"hubris:64BitClover"},{"floor":42,"key":"Strawberry"},{"floor":43,"key":"PreservedInsect"},{"floor":45,"key":"Blue Candle"}],"event_choices":[{"damage_healed":0.0,"max_hp_gain":0.0,"max_hp_loss":0.0,"gold_gain":0.0,"event_name":"Shining Light","player_choice":"Entered Light","floor":8.0,"gold_loss":0.0,"damage_taken":16.0,"cards_upgraded":["Defend_R","Strike_R"]},{"damage_healed":2.0,"max_hp_gain":0.0,"max_hp_loss":0.0,"gold_gain":0.0,"event_name":"Wheel of Change","player_choice":"Full Heal","floor":12.0,"gold_loss":0.0,"damage_taken":0.0},{"damage_healed":0.0,"max_hp_gain":0.0,"max_hp_loss":0.0,"gold_gain":0.0,"event_name":"Nest","player_choice":"Joined the Cult","floor":21.0,"gold_loss":0.0,"damage_taken":6.0,"cards_obtained":["RitualDagger"]},{"damage_healed":0.0,"max_hp_gain":0.0,"max_hp_loss":0.0,"gold_gain":0.0,"event_name":"MindBloom","player_choice":"Fight","floor":38.0,"gold_loss":0.0,"damage_taken":0.0}],"is_beta":false,"boss_relics":[{"not_picked":["Calling Bell","Replay:Grab Bag"],"picked":"hubris:VirtuousBlindfold"},{"not_picked":["Kintsugi","hubris:BlackHole"],"picked":"hubris:HollowSoul"}],"items_purged_floors":[],"is_endless":false,"potions_floor_spawned":[1,2,7,10,28,29,31,36,39,46],"killed_by":"Awakened One","ascension_level":0}}