{"host":"e3jr8cs0hrgde9ri","time":1612233534,"event":{"mods":["2.2 Compatiblity","BaseMod","Highlight Path","Minty Spire (QoL Compilation)","Permanent Neow","Quick Restart","SuperFastMode"],"gold_per_floor":[118,132,132,150,164,197,208,233,233,246,246,271,271,296,296,367,367,367,347,262,262,262,262,262,262,262,262,262,262,262,262,262,262,262],"floor_reached":33,"language":"ENG","playtime":4844,"items_purged":[],"score":780,"play_id":"c032b058-b669-4afb-af65-77a29d9c7e48","local_time":"20210201183854","is_ascension_mode":true,"campfire_choices":[{"floor":11.0,"key":"REST"},{"data":"Armaments","floor":13.0,"key":"SMITH"},{"data":"Bash","floor":15.0,"key":"SMITH"},{"data":"Shockwave","floor":23.0,"key":"SMITH"},{"data":"Disarm","floor":25.0,"key":"SMITH"},{"data":"Battle Trance","floor":27.0,"key":"SMITH"},{"data":"Corruption","floor":29,"key":"SMITH"},{"floor":32,"key":"REST"}],"circlet_count":0,"master_deck":["AscendersBane","Strike_R+1","Strike_R+1","Defend_R+1","Defend_R+1","Defend_R+1","Bash+1","Offering+1","Clothesline+1","Infernal Blade+1","Armaments+1","Bludgeon+1","Battle Trance+1","Corruption+1","Fiend Fire+1","Shockwave+1","Disarm+1","RitualDagger+1","Immolate+1"],"relics":["Astrolabe","Mummified Hand","Molten Egg 2","Question Card","Bag of Marbles","Magic Flower","Ectoplasm","Eternal Feather","Old Coin","Incense Burner","Darkstone Periapt"],"acts_visited":["Exordium","TheCity"],"potions_floor_usage":[],"damage_taken":[{"damage":0.0,"enemies":"Cultist","floor":1.0,"turns":3.0},{"damage":9.0,"enemies":"Small Slimes","floor":2.0,"turns":2.0},{"damage":6.0,"enemies":"Jaw Worm","floor":4.0,"turns":4.0},{"damage":6.0,"enemies":"Large Slime","floor":5.0,"turns":3.0},{"damage":26.0,"enemies":"Lagavulin","floor":6.0,"turns":6.0},{"damage":7.0,"enemies":"Exordium Wildlife","floor":7.0,"turns":3.0},{"damage":22.0,"enemies":"3 Sentries","floor":8.0,"turns":10.0},{"damage":0.0,"enemies":"Looter","floor":10.0,"turns":1.0},{"damage":6.0,"enemies":"Lagavulin","floor":12.0,"turns":3.0},{"damage":6.0,"enemies":"Gremlin Nob","floor":14.0,"turns":2.0},{"damage":14.0,"enemies":"The Guardian","floor":16.0,"turns":11.0},{"damage":6.0,"enemies":"Spheric Guardian","floor":18.0,"turns":1.0},{"damage":12.0,"enemies":"2 Thieves","floor":19.0,"turns":2.0},{"damage":8.0,"enemies":"Snake Plant","floor":21.0,"turns":2.0},{"damage":6.0,"enemies":"Gremlin Leader","floor":24.0,"turns":3.0},{"damage":8,"enemies":"Book of Stabbing","floor":30,"turns":3},{"damage":12,"enemies":"Centurion and Healer","floor":31,"turns":2},{"damage":91,"enemies":"Champ","floor":33,"turns":12}],"seed_played":"-2880141682685409915","potions_obtained":[{"floor":2.0,"key":"ColorlessPotion"},{"floor":4.0,"key":"GamblersBrew"},{"floor":5.0,"key":"Regen Potion"},{"floor":8.0,"key":"Dexterity Potion"},{"floor":18.0,"key":"Regen Potion"}],"is_trial":false,"path_per_floor":["M","M","?","M","M","E","M","E","T","M","R","E","R","E","R","B",null,"M","M","?","M","?","R","E","R","T","R","?","R","E","M","R","B"],"character_chosen":"IRONCLAD","items_purchased":[],"campfire_rested":2,"item_purchase_floors":[],"current_hp_per_floor":[68,59,59,53,47,21,14,7,7,7,29,23,23,17,17,3,57,51,39,39,31,31,40,34,43,43,52,46,55,47,35,66,0,0],"gold":262,"neow_bonus":"BOSS_RELIC","is_daily":false,"chose_seed":false,"campfire_upgraded":6,"win_rate":0.0,"timestamp":1612233534,"path_taken":["M","?","?","?","M","E","M","E","T","?","R","E","R","E","R","BOSS","M","M","?","M","?","R","E","R","T","R","?","R","E","M","R","BOSS"],"items_purchased_type":[],"build_version":"2020-12-22","purchased_purges":0,"victory":false,"max_hp_per_floor":[75,75,75,75,75,75,75,75,75,75,75,75,75,75,75,75,75,75,75,75,75,75,75,75,75,75,75,75,75,75,75,75,75,75],"card_choices":[{"not_picked":["Havoc","Sever Soul","Searing Blow"],"picked":"SKIP","floor":1.0},{"not_picked":["Body Slam","Clothesline","Ghostly Armor"],"picked":"SKIP","floor":2.0},{"not_picked":["Dark Embrace","Body Slam","Heavy Blade"],"picked":"SKIP","floor":4.0},{"not_picked":["Twin Strike","Bloodletting","Cleave"],"picked":"SKIP","floor":5.0},{"not_picked":["Headbutt","Dark Embrace"],"picked":"Armaments","floor":6.0},{"not_picked":["Havoc","Limit Break","Headbutt"],"picked":"SKIP","floor":7.0},{"not_picked":["Reckless Charge+1","Burning Pact"],"picked":"Bludgeon+1","floor":8.0},{"not_picked":["Havoc","Sentinel","Iron Wave+1","Second Wind"],"picked":"SKIP","floor":10.0},{"not_picked":["Combust","Dual Wield","Sever Soul+1"],"picked":"Battle Trance","floor":12.0},{"not_picked":["Anger+1","Heavy Blade+1","Havoc"],"picked":"Corruption","floor":14.0},{"not_picked":["Double Tap","Limit Break","Bludgeon+1"],"picked":"Fiend Fire+1","floor":16.0},{"not_picked":["Havoc","Cleave+1","Warcry","Thunderclap+1"],"picked":"SKIP","floor":18.0},{"not_picked":["Heavy Blade+1","Twin Strike+1","Combust"],"picked":"Shockwave","floor":19.0},{"not_picked":["Battle Trance","Sever Soul+1","Clothesline+1"],"picked":"Disarm","floor":21.0},{"not_picked":["Dual Wield","Armaments","Wild Strike+1","Second Wind+1"],"picked":"SKIP","floor":24.0},{"not_picked":["Sword Boomerang+1","Blood for Blood+1","Clash+1"],"picked":"Immolate+1","floor":30},{"not_picked":["Battle Trance","Perfected Strike+1","Iron Wave+1","Heavy Blade+1"],"picked":"SKIP","floor":31}],"player_experience":1798813,"relics_obtained":[{"floor":6.0,"key":"Mummified Hand"},{"floor":8.0,"key":"Molten Egg 2"},{"floor":9.0,"key":"Question Card"},{"floor":12.0,"key":"Bag of Marbles"},{"floor":14.0,"key":"Magic Flower"},{"floor":24.0,"key":"Old Coin"},{"floor":26.0,"key":"Incense Burner"},{"floor":30,"key":"Darkstone Periapt"}],"event_choices":[{"cards_removed":["Strike_R"],"damage_healed":0.0,"max_hp_gain":0.0,"max_hp_loss":0.0,"gold_gain":0.0,"event_name":"Purifier","player_choice":"Purged","floor":3.0,"gold_loss":0.0,"damage_taken":0.0},{"damage_healed":0.0,"max_hp_gain":0.0,"max_hp_loss":0.0,"gold_gain":0.0,"event_name":"Addict","player_choice":"Obtained Relic","floor":20.0,"gold_loss":85.0,"damage_taken":0.0,"relics_obtained":["Eternal Feather"]},{"damage_healed":0.0,"max_hp_gain":0.0,"max_hp_loss":0.0,"gold_gain":0.0,"event_name":"Back to Basics","player_choice":"Simplicity","floor":22.0,"gold_loss":0.0,"damage_taken":0.0,"cards_upgraded":["Strike_R","Strike_R","Defend_R","Defend_R","Defend_R"]},{"damage_healed":0,"gold_gain":0,"player_choice":"Joined the Cult","damage_taken":6,"max_hp_gain":0,"max_hp_loss":0,"event_name":"Nest","floor":28,"gold_loss":0,"cards_obtained":["RitualDagger"]}],"is_beta":false,"boss_relics":[{"not_picked":["Pandora\u0027s Box","Tiny House"],"picked":"Ectoplasm"}],"items_purged_floors":[],"is_endless":false,"potions_floor_spawned":[2,4,5,8,18,19],"killed_by":"Champ","ascension_level":20}}