{"host":"o67iw34xdwlyp80a","time":1612304533,"event":{"mods":["BaseMod","Colored Map","Minty Spire (QoL Compilation)","Relic Stats","StSLib"],"gold_per_floor":[114,132,57,69,69,95,95,14,14,14,49,60,60,0,0,72,72,82,18,18,38,49,49,49,49],"floor_reached":24,"language":"ENG","playtime":1050,"items_purged":["Strike_B"],"score":377,"play_id":"0d3d90b0-4370-4152-843b-88b9e9899fd6","local_time":"20210202222213","is_ascension_mode":true,"campfire_choices":[{"data":"Zap","floor":7,"key":"SMITH"},{"floor":10,"key":"REST"},{"data":"Defragment","floor":15,"key":"SMITH"},{"floor":23,"key":"REST"}],"circlet_count":0,"master_deck":["AscendersBane","Strike_B","Strike_B","Strike_B","Defend_B","Defend_B","Defend_B","Defend_B","Zap+1","Dualcast","Static Discharge","Steam","Ball Lightning","Defragment","Ball Lightning","Defragment+1","Creative AI","Conserve Battery"],"relics":["Runic Pyramid","Mummified Hand","Omamori","Symbiotic Virus","Anchor","Inserter","Lantern"],"acts_visited":["Exordium","TheCity"],"potions_floor_usage":[6],"damage_taken":[{"damage":1,"enemies":"Cultist","floor":1,"turns":3},{"damage":10,"enemies":"Small Slimes","floor":2,"turns":4},{"damage":0,"enemies":"2 Louse","floor":4,"turns":2},{"damage":31,"enemies":"Gremlin Nob","floor":6,"turns":4},{"damage":5,"enemies":"Lagavulin","floor":11,"turns":6},{"damage":3,"enemies":"2 Fungi Beasts","floor":12,"turns":3},{"damage":5,"enemies":"The Guardian","floor":16,"turns":7},{"damage":22,"enemies":"Spheric Guardian","floor":18,"turns":4},{"damage":23,"enemies":"2 Thieves","floor":21,"turns":4},{"damage":33,"enemies":"Sentry and Sphere","floor":22,"turns":5},{"damage":26,"enemies":"Slavers","floor":24,"turns":2}],"seed_played":"9065754334137486046","potions_obtained":[{"floor":2,"key":"Strength Potion"},{"floor":11,"key":"FairyPotion"},{"floor":12,"key":"Ancient Potion"}],"is_trial":false,"path_per_floor":["M","M","$","M","?","E","R","$","T","R","E","M","?","?","R","B",null,"M","?","$","M","M","R","E"],"character_chosen":"DEFECT","items_purchased":["Defragment"],"campfire_rested":2,"item_purchase_floors":[8],"current_hp_per_floor":[63,53,53,53,48,17,17,17,17,38,33,30,30,30,30,25,60,38,38,38,15,4,25,0,0],"gold":49,"neow_bonus":"BOSS_RELIC","is_daily":false,"chose_seed":false,"campfire_upgraded":2,"win_rate":0.0,"timestamp":1612304533,"path_taken":["M","?","$","M","?","E","R","$","T","R","E","M","?","?","R","BOSS","M","?","$","?","M","R","E"],"items_purchased_type":["Card"],"build_version":"2020-12-22","purchased_purges":1,"victory":false,"max_hp_per_floor":[71,71,71,71,71,71,71,71,71,71,71,71,71,71,71,71,71,71,71,71,71,71,71,71,71],"relic_stats":{"Inserter":[7],"counters":[11,44],"Mummified Hand":[30],"obtain_stats":[{"Anchor":11,"Lantern":19,"Inserter":17,"Mummified Hand":5,"Omamori":6,"Cracked Core":0,"Symbiotic Virus":9,"Runic Pyramid":0},{"Anchor":5,"Lantern":8,"Inserter":7,"Mummified Hand":3,"Omamori":4,"Cracked Core":0,"Symbiotic Virus":4,"Runic Pyramid":0},{"Anchor":19,"Lantern":33,"Inserter":29,"Mummified Hand":9,"Omamori":13,"Cracked Core":0,"Symbiotic Virus":13,"Runic Pyramid":0}]},"card_choices":[{"not_picked":["Coolheaded","Barrage"],"picked":"Static Discharge","floor":1},{"not_picked":["Recycle","Sweeping Beam"],"picked":"Steam","floor":2},{"not_picked":["Compile Driver","Conserve Battery"],"picked":"Ball Lightning","floor":4},{"not_picked":["Buffer","Force Field","Redo"],"picked":"SKIP","floor":6},{"not_picked":["Go for the Eyes","Undo"],"picked":"Ball Lightning","floor":11},{"not_picked":["Reinforced Body","Sweeping Beam"],"picked":"Defragment","floor":12},{"not_picked":["Machine Learning","All For One"],"picked":"Creative AI","floor":16},{"not_picked":["Tempest","Blizzard","Gash"],"picked":"SKIP","floor":18},{"not_picked":["Beam Cell","Redo+1","Barrage"],"picked":"SKIP","floor":21},{"not_picked":["Gash","Turbo"],"picked":"Conserve Battery","floor":22}],"player_experience":1168980,"relics_obtained":[{"floor":6,"key":"Omamori"},{"floor":9,"key":"Symbiotic Virus"},{"floor":11,"key":"Anchor"}],"event_choices":[{"damage_healed":0,"gold_gain":0,"player_choice":"Success","damage_taken":5,"relics_obtained":["Mummified Hand"],"max_hp_gain":0,"max_hp_loss":0,"event_name":"Scrap Ooze","floor":5,"gold_loss":0},{"damage_healed":0,"gold_gain":0,"player_choice":"Ignored","damage_taken":0,"max_hp_gain":0,"max_hp_loss":0,"event_name":"Shining Light","floor":13,"gold_loss":0},{"damage_healed":0,"gold_gain":0,"player_choice":"Left Gold","damage_taken":0,"max_hp_gain":0,"max_hp_loss":0,"event_name":"World of Goop","floor":14,"gold_loss":60},{"damage_healed":0,"gold_gain":0,"player_choice":"Paid Gold","damage_taken":0,"relics_obtained":["Lantern"],"max_hp_gain":0,"max_hp_loss":0,"event_name":"WeMeetAgain","floor":19,"gold_loss":64}],"is_beta":false,"boss_relics":[{"not_picked":["Calling Bell","Black Star"],"picked":"Inserter"}],"items_purged_floors":[3],"is_endless":false,"potions_floor_spawned":[2,11,12],"killed_by":"Slavers","ascension_level":17}}