{"host":"grwexcir7mx5yvgg","time":1612254931,"event":{"mods":["AchievementEnabler","Arknights","Ascension Reborn","Aspiration","BaseMod","Better Vampires","Colored Powertips","Custom Start","Downfall","Energized Spire","Googly Eyes","Lobotomy","Marisa（F雨　魔理沙）","Minty Spire (QoL Compilation)","Reliquary","Remilia（蕾米莉亚）","Replay The Spire","RumiaBox-露米娅的神秘盒子","Shop Mod","Spicy Shops","StSLib","SuperFastMode","Td1madao Mod","TestMod","UnlockEverythingMod","WarShipGirlsR/战舰少女R mod","Yakumo Yukari mod","Yuyuko","[IsaacMod]以撒尖塔","【功能Mod】聪明的最终Boss","【遗物卡牌】REMEMod","篝火指南"],"gold_per_floor":[99,99,99,99,150,164,187,87,101,86,101,119,142,176,223,320,320,120,133,133,133,148,148,148,148,167,167,167,167,167,178,197,197,197,197],"floor_reached":33,"language":"ZHS","playtime":1188,"items_purged":[],"score":245,"play_id":"7a2a5711-c6fc-4074-a229-49d8e1b6261e","local_time":"20210202163531","is_ascension_mode":true,"campfire_choices":[{"floor":1,"key":"RECALL"},{"data":"Slimebound:DuplicatedForm","floor":8,"key":"SMITH"},{"data":"Slimebound:OozeBath","floor":18,"key":"SMITH"},{"data":"Slimebound:Repurpose","floor":27,"key":"SMITH"},{"data":"Slimebound:PrepareCrush","floor":30,"key":"SMITH"}],"circlet_count":0,"master_deck":["Slimebound:Strike_Slimebound","Slimebound:Strike_Slimebound","Slimebound:Strike_Slimebound","Slimebound:Tackle","Slimebound:Defend_Slimebound","Slimebound:Defend_Slimebound","Slimebound:Defend_Slimebound","Slimebound:Defend_Slimebound","Slimebound:Split","Slimebound:CorrosiveSpit","BloodyBrimstone+1","Slimebound:SplitAcid","Slimebound:DuplicatedForm+1","Slimebound:SplitBruiser","Slimebound:GoopSpray","Slimebound:Repurpose+1","Slimebound:SpikyOuterGoop","Slimebound:AcidTongue","Slimebound:HauntingLick","Slimebound:Gluttony","Slimebound:OozeBath+1","Slimebound:SlimeBrawl+1","Slimebound:Prepare","Slimebound:PrepareCrush+1","Slimebound:Equalize+1","Slimebound:HauntingLick","Slimebound:PressTheAttack"],"relics":["Slimebound:AbsorbEndCombat","testmod-TestBox","HushsDoor","REME_ComplimentaryCards","downfall:HeartsMalice","testmod-CasingShield","Leech","downfall:HeartBlessingRed","Bronze Scales","energizedSpire:DeadBattery","downfall:HeartBlessingGreen","downfall:HeartBlessingBlue","testmod-TurbochargingSystem","Replay:Bottled Steam"],"acts_visited":["Exordium","TheCity"],"potions_floor_usage":[11,11,15],"damage_taken":[{"damage":0,"enemies":"Cultist","floor":2,"turns":1},{"damage":0,"enemies":"Small Slimes","floor":3,"turns":1},{"damage":0,"enemies":"Jaw Worm","floor":4,"turns":1},{"damage":0,"enemies":"2 Fungi Beasts","floor":6,"turns":1},{"damage":15,"enemies":"Exordium Thugs","floor":9,"turns":3},{"damage":15,"enemies":"downfall:FleeingMerchant","floor":10,"turns":4},{"damage":7,"enemies":"Blue Slaver","floor":11,"turns":3},{"damage":3,"enemies":"3 Louse","floor":12,"turns":3},{"damage":19,"enemies":"Lagavulin","floor":14,"turns":5},{"damage":0,"enemies":"Lots of Slimes","floor":15,"turns":1},{"damage":17,"enemies":"IC_STATUS_ARCHETYPE","floor":16,"turns":4},{"damage":18,"enemies":"Shell Parasite","floor":19,"turns":3},{"damage":19,"enemies":"Shelled Parasite and Fungi","floor":22,"turns":2},{"damage":18,"enemies":"Centurion and Healer","floor":26,"turns":4},{"damage":4,"enemies":"Chosen and Byrds","floor":31,"turns":3},{"damage":28,"enemies":"Shelled Parasite and Fungi","floor":32,"turns":3},{"damage":42,"enemies":"SI_MIRROR_ARCHETYPE","floor":33,"turns":4}],"seed_played":"-2170947378439329211","potions_obtained":[{"floor":6,"key":"AttackPotion"},{"floor":9,"key":"Regen Potion"},{"floor":14,"key":"REME_GoldPotion"},{"floor":15,"key":"Slimebound:ThreeZeroPotion"},{"floor":16,"key":"Energy Potion"},{"floor":29,"key":"Death Potion"}],"is_trial":false,"path_per_floor":["R","M","M","M","?","M","T","R","M","$","M","M","T","E","M","B",null,"R","M","?","?","M","?","T","?","M","R","T","?","R","M","M","B"],"character_chosen":"SLIMEBOUND","items_purchased":[],"campfire_rested":0,"item_purchase_floors":[],"current_hp_per_floor":[65,65,65,65,50,50,50,50,39,49,58,59,59,54,54,44,53,63,45,45,45,44,49,49,49,36,36,36,36,36,38,31,0,0,0],"gold":197,"neow_bonus":"THREE_ENEMY_KILL","is_daily":false,"chose_seed":false,"campfire_upgraded":4,"win_rate":0.0,"timestamp":1612254931,"path_taken":["R","M","M","M","?","M","T","R","M","?","M","M","?","E","M","BOSS","R","M","?","?","?","?","T","?","M","R","?","?","R","M","M","BOSS"],"items_purchased_type":[],"build_version":"2020-12-22","purchased_purges":0,"victory":false,"max_hp_per_floor":[65,65,65,65,65,62,62,62,59,59,59,59,59,59,56,53,53,63,60,60,60,54,54,54,54,51,51,51,51,51,48,45,42,42,42],"card_choices":[{"not_picked":[],"picked":"BloodyBrimstone","floor":0},{"not_picked":["Slimebound:GoopTackle","Slimebound:FinishingTackle"],"picked":"Slimebound:SplitAcid","floor":2},{"not_picked":["Bomb","Slimebound:LeechingTouch"],"picked":"Slimebound:DuplicatedForm","floor":3},{"not_picked":["Slimebound:DisruptingSlam","Slimebound:ComboTackle"],"picked":"Slimebound:SplitBruiser","floor":4},{"not_picked":["Slimebound:Replication","Slimebound:SlimeSpikes"],"picked":"Slimebound:GoopSpray","floor":6},{"not_picked":["Slimebound:ViciousTackle","Slimebound:SplitLeeching"],"picked":"Slimebound:Repurpose","floor":9},{"not_picked":["Slimebound:BestDefense","Slimebound:LeechingTouch"],"picked":"Slimebound:SpikyOuterGoop","floor":10},{"not_picked":["Slimebound:PressTheAttack","Slimebound:GoopSpray"],"picked":"Bomb","floor":11},{"not_picked":["Slimebound:LeechingTouch","Slimebound:Chomp"],"picked":"Slimebound:AcidTongue","floor":12},{"not_picked":["Slimebound:GoopTackle","Slimebound:ComboTackle"],"picked":"Slimebound:HauntingLick","floor":14},{"not_picked":["Slimebound:ItLooksTasty","Slimebound:ViciousTackle"],"picked":"Slimebound:Gluttony","floor":15},{"not_picked":["Slimebound:PrepareCrush","Slimebound:WasteNot"],"picked":"Slimebound:OozeBath","floor":16},{"not_picked":["Slimebound:SplitAcid","Slimebound:ComboTackle"],"picked":"Slimebound:SlimeBrawl+1","floor":19},{"not_picked":["Slimebound:RollThrough","Slimebound:SplitBruiser"],"picked":"Slimebound:Prepare","floor":22},{"not_picked":["Slimebound:Gluttony","Slimebound:Schlurp"],"picked":"Slimebound:Equalize+1","floor":26},{"not_picked":["Slimebound:MegaLick","Slimebound:SplitAcid"],"picked":"Slimebound:HauntingLick","floor":31},{"not_picked":["Slimebound:Schlurp","Slimebound:Chomp"],"picked":"Slimebound:PressTheAttack","floor":32}],"player_experience":103814,"relics_obtained":[{"floor":13,"key":"Bronze Scales"},{"floor":14,"key":"reliquary:SilkGlove"},{"floor":24,"key":"testmod-TurbochargingSystem"},{"floor":28,"key":"Replay:Bottled Steam"}],"event_choices":[{"damage_healed":0,"gold_gain":0,"player_choice":"Got Potions","damage_taken":0,"max_hp_gain":0,"max_hp_loss":0,"event_name":"Lab","floor":29,"gold_loss":0}],"is_beta":false,"boss_relics":[{"not_picked":["testmod-SaigiyounoYou","Pandora\u0027s Box"],"picked":"energizedSpire:DeadBattery"},{"not_picked":[]}],"items_purged_floors":[],"is_endless":false,"potions_floor_spawned":[6,9,14,15,16,19,26],"killed_by":"SI_MIRROR_ARCHETYPE","ascension_level":0}}