{"host":"vt6dr1xq3iy14a3e","time":1612229799,"event":{"mods":["AchievementEnabler","BaseMod","Colored Map","DeckTracker","Minty Spire (QoL Compilation)","StSLib","SuperFastMode"],"gold_per_floor":[109,119,294,304,80,115,115,144,144,144,144,144,144],"floor_reached":12,"language":"KOR","playtime":449,"items_purged":["Doubt"],"score":116,"play_id":"fa09f462-c7a0-43ee-ba1d-0968a2ad2343","local_time":"20210202103639","is_ascension_mode":true,"campfire_choices":[{"data":"Eruption","floor":7.0,"key":"SMITH"},{"floor":11.0,"key":"REST"}],"circlet_count":0,"master_deck":["Strike_P","Strike_P","Strike_P","Strike_P","Defend_P","Defend_P","Defend_P","Defend_P","Eruption+1","Vigilance","Consecrate","FlyingSleeves","DeceiveReality"],"relics":["SacredBark","Mummified Hand","Darkstone Periapt","Matryoshka","Golden Idol"],"acts_visited":["Exordium"],"potions_floor_usage":[],"damage_taken":[{"damage":1.0,"enemies":"Small Slimes","floor":1.0,"turns":3.0},{"damage":0.0,"enemies":"Jaw Worm","floor":2.0,"turns":5.0},{"damage":0.0,"enemies":"Cultist","floor":4.0,"turns":3.0},{"damage":20.0,"enemies":"3 Sentries","floor":6.0,"turns":4.0},{"damage":50.0,"enemies":"Lagavulin","floor":8.0,"turns":6.0},{"damage":60,"enemies":"Gremlin Nob","floor":12,"turns":4}],"seed_played":"8557633293144299873","potions_obtained":[{"floor":6.0,"key":"StancePotion"},{"floor":8.0,"key":"Fruit Juice"}],"is_trial":false,"path_per_floor":["M","M","?","M","$","E","R","E","T","?","R","E"],"character_chosen":"WATCHER","items_purchased":["Fruit Juice","Block Potion"],"campfire_rested":1,"item_purchase_floors":[5,5],"current_hp_per_floor":[64,64,64,64,74,54,54,14,14,14,39,0,0],"gold":144,"neow_bonus":"BOSS_RELIC","is_daily":false,"chose_seed":false,"campfire_upgraded":1,"win_rate":0.0,"timestamp":1612229799,"path_taken":["M","M","?","M","$","E","R","E","T","?","R","E"],"items_purchased_type":["Potion","Potion"],"build_version":"2020-12-22","purchased_purges":1,"victory":false,"max_hp_per_floor":[72,72,72,72,82,82,82,92,92,85,85,85,85],"card_choices":[{"not_picked":["BowlingBash","EmptyBody"],"picked":"Consecrate","floor":1.0},{"not_picked":["BowlingBash","Wireheading"],"picked":"FlyingSleeves","floor":2.0},{"not_picked":["Crescendo","Wireheading","Evaluate"],"picked":"SKIP","floor":4.0},{"not_picked":["Indignation","Protect","SpiritShield"],"picked":"SKIP","floor":6.0},{"not_picked":["Indignation","EmptyFist"],"picked":"DeceiveReality","floor":8.0}],"player_experience":1022379,"relics_obtained":[{"floor":6.0,"key":"Mummified Hand"},{"floor":8.0,"key":"Darkstone Periapt"},{"floor":9.0,"key":"Matryoshka"}],"event_choices":[{"damage_healed":0.0,"max_hp_gain":0.0,"max_hp_loss":0.0,"gold_gain":175.0,"event_name":"Liars Game","player_choice":"AGREE","floor":3.0,"gold_loss":0.0,"damage_taken":0.0,"cards_obtained":["Doubt"]},{"damage_healed":0.0,"max_hp_gain":0.0,"max_hp_loss":7.0,"gold_gain":0.0,"event_name":"Golden Idol","player_choice":"Lose Max HP","floor":10.0,"gold_loss":0.0,"damage_taken":0.0,"relics_obtained":["Golden Idol"]}],"is_beta":false,"boss_relics":[],"items_purged_floors":[5],"is_endless":false,"potions_floor_spawned":[6,8],"killed_by":"Gremlin Nob","ascension_level":7}}