{"host":"n8m0so6y44v0klfv","time":1612280030,"event":{"mods":["BaseMod","Colored Map","Downfall","Minty Spire (QoL Compilation)","StSLib"],"gold_per_floor":[99,109,109,121,66,82,105,5,20,49,34,61,78,94,108,206,256,156,170,189,189,209,209,209,209,241,266,266,266,266],"floor_reached":28,"language":"ENG","playtime":1825,"items_purged":[],"score":265,"play_id":"e877ac57-6e75-4c2e-9ca7-01b6a7572be7","local_time":"20210202103350","is_ascension_mode":false,"campfire_choices":[{"floor":1,"key":"RECALL"},{"floor":8,"key":"REST"},{"data":"bronze:AlphaBuild","floor":18,"key":"SMITH"},{"data":"bronze:Goto","floor":23,"key":"SMITH"}],"circlet_count":0,"master_deck":["bronze:Strike","bronze:Strike","bronze:Strike","bronze:Strike","bronze:Defend","bronze:Defend","bronze:Replicate","bronze:Goto+1","Deep Breath","bronze:Iterate","bronze:Spike","bronze:Library+1","bronze:BronzeArmor","bronze:Overload","bronze:Boost","bronze:Virus","bronze:Constructor","bronze:Repair","bronze:InfiniteBeams","bronze:AlphaBuild+1","bronze:BuggyMess","bronze:Separator","bronze:Fortify","bronze:DelayedGuard","bronze:BronzeOrb","bronze:Philosophize+1","bronze:GetLatest+1"],"relics":["bronze:BronzeCore","downfall:HeartBlessingRed","Odd Mushroom","StrikeDummy","Tiny House","downfall:HeartBlessingBlue","Frozen Egg 2","Ornamental Fan","Red Mask"],"acts_visited":["Exordium","TheCity"],"potions_floor_usage":[5,16,19,28,28],"damage_taken":[{"damage":0,"enemies":"Cultist","floor":2,"turns":3},{"damage":30,"enemies":"Cultist","floor":3,"turns":7},{"damage":1,"enemies":"2 Louse","floor":4,"turns":2},{"damage":5,"enemies":"downfall:FleeingMerchant","floor":5,"turns":4},{"damage":3,"enemies":"Jaw Worm","floor":6,"turns":3},{"damage":3,"enemies":"Red Slaver","floor":9,"turns":4},{"damage":18,"enemies":"The Mushroom Lair","floor":10,"turns":4},{"damage":0,"enemies":"downfall:FleeingMerchant","floor":11,"turns":4},{"damage":16,"enemies":"3 Sentries","floor":12,"turns":6},{"damage":7,"enemies":"2 Fungi Beasts","floor":13,"turns":3},{"damage":0,"enemies":"Blue Slaver","floor":14,"turns":2},{"damage":2,"enemies":"Exordium Wildlife","floor":15,"turns":3},{"damage":39,"enemies":"WA_ARCHETYPE_RETAIN","floor":16,"turns":7},{"damage":7,"enemies":"Spheric Guardian","floor":19,"turns":4},{"damage":29,"enemies":"Sentry and Sphere","floor":20,"turns":7},{"damage":30,"enemies":"Centurion and Healer","floor":22,"turns":4},{"damage":22,"enemies":"Book of Stabbing","floor":26,"turns":5},{"damage":6,"enemies":"Masked Bandits","floor":27,"turns":3},{"damage":32,"enemies":"Slavers","floor":28,"turns":3}],"seed_played":"1448600829529948746","potions_obtained":[{"floor":2,"key":"FearPotion"},{"floor":4,"key":"Weak Potion"},{"floor":9,"key":"sneckomod:MuddlingPotion"},{"floor":14,"key":"Explosive Potion"},{"floor":15,"key":"FairyPotion"},{"floor":16,"key":"ColorlessPotion"},{"floor":17,"key":"Swift Potion"},{"floor":19,"key":"Swift Potion"},{"floor":22,"key":"bronze:BuildAFunctionPotion"},{"floor":26,"key":"CultistPotion"}],"is_trial":false,"path_per_floor":["R","M","?","M","$","M","T","R","M","?","$","E","M","M","M","B",null,"R","M","M","?","M","R","T","?","E","?","E"],"character_chosen":"THE_AUTOMATON","items_purchased":["bronze:Overload"],"campfire_rested":1,"item_purchase_floors":[5],"current_hp_per_floor":[70,70,40,39,34,31,31,52,49,31,31,15,8,8,13,5,75,85,78,56,85,55,55,55,55,33,27,0,0,0],"gold":266,"neow_bonus":"RANDOM_COLORLESS","is_daily":false,"chose_seed":false,"campfire_upgraded":2,"win_rate":0.0,"timestamp":1612280030,"path_taken":["R","?","?","M","$","M","T","R","M","?","$","E","M","?","M","BOSS","R","M","M","?","?","R","T","?","E","?","E"],"items_purchased_type":["Card"],"build_version":"2020-12-22","purchased_purges":0,"victory":false,"max_hp_per_floor":[70,70,70,70,70,70,70,70,70,70,70,70,70,70,70,70,75,85,85,85,85,85,85,85,85,85,85,85,85,85],"card_choices":[{"not_picked":["Bandage Up","PanicButton"],"picked":"Deep Breath","floor":0},{"not_picked":["bronze:WildBeam","bronze:BugBarrage"],"picked":"bronze:Iterate","floor":2},{"not_picked":[],"picked":"bronze:Spike","floor":3},{"not_picked":["bronze:Turbo","bronze:BuggyMess"],"picked":"bronze:Library","floor":3},{"not_picked":["bronze:Turbo","bronze:DelayedGuard"],"picked":"bronze:BronzeArmor","floor":4},{"not_picked":["bronze:Invalidate","bronze:OilSpill","bronze:ForLoop"],"picked":"SKIP","floor":5},{"not_picked":["bronze:ForLoop","bronze:WildBeam","bronze:DigitalCarnage"],"picked":"SKIP","floor":6},{"not_picked":["bronze:Fortify","bronze:Branch"],"picked":"bronze:Boost","floor":9},{"not_picked":["bronze:BuggyMess","bronze:Philosophize","bronze:FineTuning"],"picked":"SKIP","floor":11},{"not_picked":["bronze:WhirlingStrike","bronze:Turbo"],"picked":"bronze:Virus","floor":12},{"not_picked":["bronze:ClassDefault","bronze:Branch"],"picked":"bronze:Constructor","floor":13},{"not_picked":["bronze:Allocate","bronze:Invalidate"],"picked":"bronze:Repair","floor":14},{"not_picked":["bronze:Deprecate","bronze:WhirlingStrike"],"picked":"bronze:InfiniteBeams","floor":15},{"not_picked":["bronze:ThunderWave","bronze:ShipIt"],"picked":"bronze:AlphaBuild","floor":16},{"not_picked":["bronze:DigitalCarnage","bronze:OilSpill"],"picked":"bronze:BuggyMess","floor":17},{"not_picked":["bronze:Overload","bronze:Philosophize","bronze:DigitalCarnage"],"picked":"SKIP","floor":19},{"not_picked":["bronze:Branch","bronze:DelayedGuard"],"picked":"bronze:Separator","floor":20},{"not_picked":["bronze:DelayedSlice","bronze:WhirlingStrike+1"],"picked":"bronze:Fortify","floor":22},{"not_picked":["bronze:Branch","bronze:BitShift"],"picked":"bronze:Philosophize+1","floor":26},{"not_picked":["bronze:ThunderWave","bronze:Repair"],"picked":"bronze:GetLatest+1","floor":27}],"player_experience":522277,"relics_obtained":[{"floor":10,"key":"Odd Mushroom"},{"floor":12,"key":"StrikeDummy"},{"floor":24,"key":"Frozen Egg 2"},{"floor":26,"key":"Ornamental Fan"},{"floor":27,"key":"Red Mask"}],"event_choices":[{"damage_healed":0,"gold_gain":0,"player_choice":"Fought Mushrooms","damage_taken":0,"max_hp_gain":0,"max_hp_loss":0,"event_name":"Mushrooms","floor":10,"gold_loss":0},{"damage_healed":29,"gold_gain":0,"player_choice":"Full Heal","damage_taken":0,"max_hp_gain":0,"max_hp_loss":0,"event_name":"Wheel of Change","floor":21,"gold_loss":0},{"damage_healed":0,"gold_gain":0,"cards_transformed":["bronze:Defend","bronze:Defend"],"player_choice":"Became Test Subject","damage_taken":0,"max_hp_gain":0,"max_hp_loss":0,"event_name":"Drug Dealer","floor":25,"gold_loss":0,"cards_obtained":["bronze:DelayedGuard","bronze:BronzeOrb"]},{"damage_healed":0,"gold_gain":0,"player_choice":"Fought Bandits","damage_taken":0,"max_hp_gain":0,"max_hp_loss":0,"event_name":"Masked Bandits","floor":27,"gold_loss":0}],"is_beta":false,"boss_relics":[{"not_picked":["Sozu","Astrolabe"],"picked":"Tiny House"}],"items_purged_floors":[],"is_endless":false,"potions_floor_spawned":[2,4,9,14,15,16,19,22,26],"killed_by":"Slavers","ascension_level":0}}