{"host":"b9sas8jv6tsy9swm","time":1612231682,"event":{"mods":["AchievementEnabler","BaseMod","Minty Spire (QoL Compilation)","Permanent Neow","Quick Restart","Replay The Spire","StSLib"],"gold_per_floor":[19,37,37,56,74,108,108,134,161,171,171,189,189,144,144,144,144],"floor_reached":16,"language":"ZHS","playtime":675,"items_purged":[],"score":151,"play_id":"6d386627-bc39-4b36-ab7f-25a27ea87a1d","local_time":"20210202100802","is_ascension_mode":true,"campfire_choices":[{"floor":11,"key":"REST"},{"data":"Dash","floor":15,"key":"SMITH"}],"circlet_count":0,"master_deck":["Strike_G","Strike_G","Strike_G","Strike_G","Defend_G","Defend_G","Defend_G","Defend_G","Survivor","Neutralize","Dash+1","ReplayTheSpireMod:Speed Training","Eviscerate","Reflex","Pot Of Greed","Pot Of Greed","Tactician"],"relics":["Ring of the Snake","Gremlin Horn","Pen Nib","Centennial Puzzle","Grinning Jar","Golden Idol"],"acts_visited":["Exordium"],"potions_floor_usage":[6,8],"damage_taken":[{"damage":0.0,"enemies":"Small Slimes","floor":1.0,"turns":4.0},{"damage":0.0,"enemies":"Cultist","floor":2.0,"turns":5.0},{"damage":0.0,"enemies":"Jaw Worm","floor":4.0,"turns":4.0},{"damage":0.0,"enemies":"2 Fungi Beasts","floor":5.0,"turns":4.0},{"damage":25,"enemies":"Lagavulin","floor":6,"turns":6},{"damage":35,"enemies":"3 Sentries","floor":8,"turns":8},{"damage":2,"enemies":"Red Slaver","floor":10,"turns":3},{"damage":0,"enemies":"Gremlin Gang","floor":12,"turns":5},{"damage":25,"enemies":"Slime Boss","floor":16,"turns":8}],"seed_played":"-5992003489702980991","potions_obtained":[{"floor":2.0,"key":"BlessingOfTheForge"},{"floor":3.0,"key":"SneckoOil"},{"floor":3.0,"key":"Elixir"},{"floor":6,"key":"LiquidBronze"}],"is_trial":false,"path_per_floor":["M","M","?","M","M","E","?","E","T","M","R","M","?","?","R","B"],"character_chosen":"THE_SILENT","items_purchased":[],"campfire_rested":1,"item_purchase_floors":[],"current_hp_per_floor":[63,63,63,63,63,38,38,3,3,1,22,22,22,22,22,0,0],"gold":144,"neow_bonus":"REMOVE_TWO","is_daily":false,"chose_seed":false,"campfire_upgraded":1,"win_rate":0.0,"timestamp":1612231682,"path_taken":["M","M","?","?","M","E","?","E","T","?","R","M","?","?","R","BOSS"],"items_purchased_type":[],"build_version":"2020-12-22","purchased_purges":0,"victory":false,"max_hp_per_floor":[70,70,70,70,70,70,70,70,70,70,70,70,65,65,65,65,65],"card_choices":[{"not_picked":["Backflip","Outmaneuver","Sucker Punch"],"picked":"SKIP","floor":1.0},{"not_picked":["Hidden Blade","Blur"],"picked":"Dash","floor":2.0},{"not_picked":["Backflip","Infinite Blades"],"picked":"ReplayTheSpireMod:Speed Training","floor":4.0},{"not_picked":["Poisoned Stab","Deadly Poison"],"picked":"Eviscerate","floor":5.0},{"not_picked":["Finisher","Backflip","Toxin Wave"],"picked":"SKIP","floor":6},{"not_picked":["Quick Slash","Toxin Wave"],"picked":"Reflex","floor":8},{"not_picked":["Slice","Outmaneuver","Draining Mist"],"picked":"SKIP","floor":10},{"not_picked":["Draining Mist","PiercingWail"],"picked":"Tactician","floor":12}],"player_experience":426784,"relics_obtained":[{"floor":6,"key":"Gremlin Horn"},{"floor":8,"key":"Centennial Puzzle"},{"floor":9,"key":"Grinning Jar"}],"event_choices":[{"damage_healed":0.0,"max_hp_gain":0.0,"max_hp_loss":0.0,"gold_gain":0.0,"event_name":"Lab","player_choice":"Got Potions","floor":3.0,"gold_loss":0.0,"damage_taken":0.0},{"damage_healed":0,"gold_gain":0,"player_choice":"Gave Potion","damage_taken":0,"relics_obtained":["Pen Nib"],"max_hp_gain":0,"max_hp_loss":0,"event_name":"WeMeetAgain","floor":7,"gold_loss":0},{"damage_healed":0,"gold_gain":0,"player_choice":"Lose Max HP","damage_taken":0,"relics_obtained":["Golden Idol"],"max_hp_gain":0,"max_hp_loss":5,"event_name":"Golden Idol","floor":13,"gold_loss":0},{"damage_healed":0,"gold_gain":0,"player_choice":"Left Gold","damage_taken":0,"max_hp_gain":0,"max_hp_loss":0,"event_name":"World of Goop","floor":14,"gold_loss":45}],"is_beta":false,"boss_relics":[],"items_purged_floors":[],"is_endless":false,"potions_floor_spawned":[2,4,5,6],"killed_by":"Slime Boss","ascension_level":7}}