{"host":"l1bfbgeb3oxa8ieg","time":1612262463,"event":{"mods":["AlwaysNeverKeys","Aspiration","BaseMod","Beaked The Cultist","Better Match","Better Note","Better Third Choice","BetterRewards","Colored Powertips","Conspire","Energized Spire","Fiend Mod","Friendly Minions","Halation","Infinite Spire","Minty Spire (QoL Compilation)","Permanent Neow","Quick Restart","Replay The Spire","Shop Mod","Spicy Shops","Spikes Relics","StSLib","TestMod","The Blackbeard","The Mystic","The Necromancer","Uncapped","UnlockEverythingMod"],"gold_per_floor":[116,126,201,201,213,213,244,255,334,354,128,128,142,142,142,242,242,167,167,178,7,7,7,7],"floor_reached":23,"language":"ENG","playtime":2029,"items_purged":["Skeleton_Dragon"],"score":239,"play_id":"ffb5b34e-d8a3-4202-8b02-bcd43bab75b3","local_time":"20210202114103","is_ascension_mode":false,"campfire_choices":[{"data":"Bone_Shift","floor":6,"key":"SMITH"},{"data":"Summon_Death_Knight","floor":12,"key":"SMITH"},{"data":"Bones_to_Steel","floor":15,"key":"SMITH"}],"circlet_count":0,"master_deck":["Strike_W","Strike_W","Strike_W","Defend_W","Defend_W","Defend_W","Defend_W","Negative_Energy_Arrows","Bone_Wall","Bones_to_Steel+1","Consume_Illness","Bone_Shift+1","Spectral_Armor","Bone_Bullets","Summon_Death_Knight+1","Summon_Undead_Army","Siphon_Strength","Bone_Armory","Stop_Heart","Bone_Armory"],"relics":["Vampire_Amulet","testmod-TestBox","Blue Candle","Pantograph","Lantern","Coffee Dripper"],"acts_visited":["Exordium","TheCity"],"potions_floor_usage":[1,10,18,23],"damage_taken":[{"damage":5,"enemies":"Jaw Worm","floor":1,"turns":4},{"damage":13,"enemies":"infinitespire:Voidling","floor":2,"turns":5},{"damage":2,"enemies":"Small Slimes","floor":5,"turns":4},{"damage":2,"enemies":"Replay:BlueRogue","floor":7,"turns":13},{"damage":3,"enemies":"2 Fungi Beasts","floor":8,"turns":7},{"damage":23,"enemies":"Large Slime","floor":10,"turns":15},{"damage":22,"enemies":"Exordium Wildlife","floor":13,"turns":7},{"damage":0,"enemies":"The Guardian","floor":16,"turns":14},{"damage":33,"enemies":"2 Thieves","floor":18,"turns":5},{"damage":27,"enemies":"conspire:FuzzyDice","floor":20,"turns":8},{"damage":37,"enemies":"Gremlin Leader","floor":23,"turns":5}],"seed_played":"-7055706888050271537","potions_obtained":[{"floor":1,"key":"Fruit Juice"},{"floor":2,"key":"Weak Potion"},{"floor":7,"key":"PowerPotion"},{"floor":13,"key":"Swift Potion"}],"is_trial":true,"path_per_floor":["M","M","?","?","M","R","E","M","T","M","$","R","M","?","R","B",null,"M","?","M","$","?","E"],"character_chosen":"NECROMANCER","items_purchased":["Summon_Undead_Army","Lantern","Stop_Heart"],"campfire_rested":0,"item_purchase_floors":[11,11,21],"current_hp_per_floor":[77,70,59,59,64,64,64,68,68,73,73,73,55,55,55,80,80,47,47,27,27,27,0,0],"gold":7,"neow_bonus":"","is_daily":false,"chose_seed":false,"campfire_upgraded":3,"win_rate":0.0,"timestamp":1612262463,"path_taken":["M","M","?","?","?","R","E","?","T","M","$","R","M","?","R","BOSS","M","?","M","$","?","E"],"items_purchased_type":["Card","Relic","Card"],"build_version":"2020-12-22","purchased_purges":1,"victory":false,"max_hp_per_floor":[80,80,80,80,80,80,80,80,80,80,80,80,80,80,80,80,80,80,80,80,80,80,80,80],"card_choices":[{"not_picked":["Life_Drain","Uncharnel"],"picked":"Bones_to_Steel","floor":1},{"not_picked":["Death_Knell","Exploit"],"picked":"Consume_Illness","floor":2},{"not_picked":["Spectral_Armor","Life_Tap"],"picked":"Bone_Shift","floor":5},{"not_picked":["Blood_Shield","Flesh_Made_Foul"],"picked":"Spectral_Armor","floor":7},{"not_picked":["Bone_Spikes","Death_Coil"],"picked":"Bone_Bullets","floor":8},{"not_picked":["Slay_Living","Shackles_Of_Pain"],"picked":"Summon_Death_Knight","floor":10},{"not_picked":["Finger_Of_Death","Bone_Spikes"],"picked":"Siphon_Strength","floor":13},{"not_picked":["Negative_Energy_Bomb","Detonate_Bones"],"picked":"Skeleton_Dragon","floor":16},{"not_picked":["Consume_Illness+1","Negative_Energy_Mist","Death_March_Dance"],"picked":"SKIP","floor":18},{"not_picked":["Consume_Illness+1","Negative_Energy_Mist"],"picked":"Bone_Armory","floor":20}],"player_experience":199812,"relics_obtained":[{"floor":7,"key":"Blue Candle"},{"floor":9,"key":"Pantograph"}],"event_choices":[{"damage_healed":0,"gold_gain":75,"player_choice":"Gold","damage_taken":11,"max_hp_gain":0,"max_hp_loss":0,"event_name":"betterThird:BetterGoop","floor":3,"gold_loss":0},{"damage_healed":0,"gold_gain":0,"player_choice":"Ignored","damage_taken":0,"max_hp_gain":0,"max_hp_loss":0,"event_name":"Box For Yourself","floor":4,"gold_loss":0},{"cards_removed":["Strike_W"],"damage_healed":0,"gold_gain":0,"player_choice":"Purged","damage_taken":0,"max_hp_gain":0,"max_hp_loss":0,"event_name":"Purifier","floor":19,"gold_loss":0},{"damage_healed":0,"gold_gain":0,"player_choice":"Copied","damage_taken":0,"max_hp_gain":0,"max_hp_loss":0,"event_name":"Duplicator","floor":22,"gold_loss":0,"cards_obtained":["Bone_Armory"]}],"is_beta":false,"boss_relics":[{"not_picked":["Snecko Eye","Kintsugi"],"picked":"Coffee Dripper"}],"items_purged_floors":[21],"is_endless":false,"potions_floor_spawned":[1,2,7,13],"killed_by":"Gremlin Leader","ascension_level":0}}