{"host":"o26sfx8ce29lcfco","time":1612250163,"event":{"mods":["2.2 Compatiblity","Bard","BaseMod","Colored Map","Dark Map","Downfall","GifTheSpireLib","Hermit","Hubris","Jorbs\u0027s Wanderer Trilogy","Marisa????????","Minty Spire (QoL Compilation)","Permanent Neow","Quick Restart","Random Character Mod","Rare Cards Sparkle","Replay The Spire","Shop Mod","StSLib","The Bug Knight","The Disciple","The Jungle","The Poker Player","The Runesmith","The Servant 0.9.4"],"gold_per_floor":[111,111,111,25,42,42,75,75,75,75,0,15,45,61,61,161,161,179,179,199,210,221,256,256,295,363,400,400,428,449,449,449,555,555,577,577,577,577],"floor_reached":36,"language":"ENG","playtime":5155,"items_purged":["hexamod:Defend"],"score":690,"play_id":"cb239c7b-a107-42cc-85e0-59129bbf94f7","local_time":"20210202071603","is_ascension_mode":true,"campfire_choices":[{"data":"Deep Breath","floor":6,"key":"SMITH"},{"data":"hexamod:FastForward","floor":8,"key":"SMITH"},{"data":"hexamod:ChargedBarrage","floor":10,"key":"SMITH"},{"data":"hexamod:GhostflameBarrier","floor":15,"key":"SMITH"},{"floor":24,"key":"REST"},{"data":"hexamod:CatchUp","floor":28,"key":"SMITH"},{"floor":32,"key":"REST"}],"circlet_count":0,"master_deck":["hexamod:Strike","hexamod:Strike","hexamod:Strike","hexamod:Defend","hexamod:Defend","hexamod:Defend","hexamod:Float+1","hexamod:FastForward+1","Deep Breath+1","hexamod:ChargedBarrage+1","hexamod:Hexaguard","hexamod:GhostflameBarrier+1","hexamod:TimeWarp+1","hexamod:DynamicBlow+1","hexamod:ExtraCrispy","hexamod:DynamicBlow+1","hexamod:ChargedBarrage","hexamod:CatchUp+1","hexamod:ExtraCrispy","hexamod:TimeWarp","hexamod:GhostShield","hexamod:HexaLevel","hexamod:Hexaguard+1"],"relics":["hexamod:SpiritBrand","hubris:Towel","Bronze Scales","hubris:BottledRain","Runesmith:Nanobots","Whetstone","CeramicFish","Sundial","hubris:GlazedTorus","hubris:MysteriousPyramids","Cursed Key"],"acts_visited":["TheCity","TheBeyond"],"potions_floor_usage":[21,27,29,33,36],"damage_taken":[{"damage":0,"enemies":"2 Louse","floor":1,"turns":3},{"damage":0,"enemies":"Jaw Worm","floor":5,"turns":4},{"damage":0,"enemies":"HollowMod:MossKnight","floor":7,"turns":6},{"damage":0,"enemies":"Cultist","floor":12,"turns":3},{"damage":0,"enemies":"Replay:BlueRogue","floor":13,"turns":3},{"damage":2,"enemies":"Gremlin Gang","floor":14,"turns":4},{"damage":16,"enemies":"Slime Boss","floor":16,"turns":11},{"damage":0,"enemies":"3 Byrds","floor":18,"turns":3},{"damage":8,"enemies":"2 Thieves","floor":20,"turns":4},{"damage":11,"enemies":"Centurion and Healer","floor":21,"turns":4},{"damage":9,"enemies":"Snake Plant","floor":22,"turns":4},{"damage":11,"enemies":"Replay:Snechameleon","floor":23,"turns":6},{"damage":10,"enemies":"HollowMod:Nosk","floor":25,"turns":4},{"damage":7,"enemies":"Book of Stabbing","floor":27,"turns":5},{"damage":17,"enemies":"Snecko","floor":29,"turns":5},{"damage":11,"enemies":"3 Cultists","floor":30,"turns":6},{"damage":15,"enemies":"Champ","floor":33,"turns":7},{"damage":11,"enemies":"3 Shapes","floor":35,"turns":4},{"damage":83,"enemies":"Orin","floor":36,"turns":7}],"seed_played":"-6232652602606704499","potions_obtained":[{"floor":7,"key":"GamblersBrew"},{"floor":14,"key":"SteroidPotion"},{"floor":16,"key":"FearPotion"},{"floor":18,"key":"hexamod:SoulburnPotion"},{"floor":25,"key":"Ancient Potion"},{"floor":27,"key":"Guardian:BlockOnCardUsePotion"},{"floor":30,"key":"Venom Potion"},{"floor":35,"key":"FairyPotion"}],"is_trial":false,"path_per_floor":["M","?","?","$","M","R","E","R","T","R","$","M","E","M","R_BF","B",null,"M","?","M","M","M","E","R","E","T","E","R","M","M","T","R","B",null,"M","?"],"character_chosen":"THE_SPIRIT","items_purchased":["Deep Breath"],"campfire_rested":2,"item_purchase_floors":[4],"current_hp_per_floor":[70,70,70,70,70,70,70,70,70,70,70,70,70,68,68,52,70,70,70,62,51,42,31,52,42,42,35,35,18,7,7,28,13,70,59,0,0,0],"gold":577,"neow_bonus":"UPGRADE_CARD","is_daily":false,"chose_seed":false,"campfire_upgraded":5,"win_rate":0.0,"timestamp":1612250163,"path_taken":["M","?","?","?","?","R","E","R","T","R","$","M","E","M","R_BF","BOSS","M","?","?","M","M","E","R","E","T","E","R","M","M","?","R","BOSS","M","?"],"items_purchased_type":["Card"],"build_version":"2020-12-22","purchased_purges":1,"victory":false,"max_hp_per_floor":[70,70,70,70,70,70,70,70,70,70,70,70,70,70,70,70,70,70,70,70,70,70,70,70,70,70,70,70,70,70,70,70,70,70,70,70,70,70],"card_choices":[{"not_picked":["hexamod:GhostShield","hexamod:HeatMetal"],"picked":"hexamod:FastForward","floor":1},{"not_picked":["hexamod:HeatMetal","hexamod:NightmareStrike"],"picked":"hexamod:ChargedBarrage","floor":5},{"not_picked":["hexamod:Firestarter","hexamod:RainOfEmbers"],"picked":"hexamod:Hexaguard","floor":7},{"not_picked":["hexamod:ThermalTransfer","hexamod:HeatMetal","hexamod:TurnItUp"],"picked":"SKIP","floor":12},{"not_picked":["hexamod:FirstSeal","hexamod:TurnItUp"],"picked":"hexamod:GhostflameBarrier","floor":13},{"not_picked":["hexamod:GhostLash","hexamod:GhostOfSpirePast","hexamod:FourthSeal"],"picked":"SKIP","floor":14},{"not_picked":["hexamod:GhostOfSpirePresent","hexamod:TimeOfNeed"],"picked":"hexamod:TimeWarp","floor":16},{"not_picked":["hexamod:NightmareStrike+1","hexamod:SwordOfDarkness"],"picked":"hexamod:DynamicBlow","floor":18},{"not_picked":["hexamod:FourthSeal","hexamod:UnleashSpirits","hexamod:GhostLash"],"picked":"SKIP","floor":20},{"not_picked":["hexamod:GhostLash+1","hexamod:SwordOfDarkness"],"picked":"hexamod:ExtraCrispy","floor":21},{"not_picked":["hexamod:BurningTouch","hexamod:RecurringNightmare+1"],"picked":"hexamod:DynamicBlow+1","floor":22},{"not_picked":["hexamod:ShieldOfDarkness","hexamod:FifthSeal"],"picked":"hexamod:ChargedBarrage","floor":23},{"not_picked":["hexamod:HauntingEcho","hexamod:HeatMetal"],"picked":"hexamod:CatchUp","floor":25},{"not_picked":["hexamod:HeatCrush","hexamod:PhantomFireball"],"picked":"hexamod:ExtraCrispy","floor":27},{"not_picked":["hexamod:HeatCrush","hexamod:FlamesFromBeyond"],"picked":"hexamod:TimeWarp","floor":29},{"not_picked":["hexamod:SecondSeal","hexamod:FlamesFromBeyond"],"picked":"hexamod:GhostShield","floor":30},{"not_picked":["hexamod:SixthSeal","hexamod:ParanormalForm"],"picked":"hexamod:HexaLevel","floor":33},{"not_picked":["hexamod:BacktrackSmack","hexamod:GhostLash+1"],"picked":"hexamod:Hexaguard+1","floor":35}],"player_experience":306161,"relics_obtained":[{"floor":7,"key":"Bronze Scales"},{"floor":9,"key":"hubris:BottledRain"},{"floor":13,"key":"Runesmith:Nanobots"},{"floor":23,"key":"Whetstone"},{"floor":25,"key":"CeramicFish"},{"floor":26,"key":"Sundial"},{"floor":27,"key":"hubris:GlazedTorus"},{"floor":31,"key":"hubris:MysteriousPyramids"}],"event_choices":[{"cards_removed":["hexamod:Sear"],"damage_healed":0,"gold_gain":0,"player_choice":"Forget","damage_taken":0,"max_hp_gain":0,"max_hp_loss":0,"event_name":"Living Wall","floor":2,"gold_loss":0},{"cards_removed":["hexamod:Strike"],"damage_healed":0,"gold_gain":0,"player_choice":"Offered Basic","damage_taken":0,"max_hp_gain":0,"max_hp_loss":0,"event_name":"Bonfire Elementals","floor":19,"gold_loss":0},{"damage_healed":0,"gold_gain":0,"player_choice":"Fight","damage_taken":0,"max_hp_gain":0,"max_hp_loss":0,"event_name":"OrinTheCat","floor":36,"gold_loss":0}],"is_beta":false,"boss_relics":[{"not_picked":["Runesmith:UraniumAnvil","Replay:Fungal Core","bronze:MakeshiftBattery"]},{"not_picked":["Replay:Drink Me","Calling Bell"],"picked":"Cursed Key"}],"items_purged_floors":[11],"is_endless":false,"potions_floor_spawned":[7,14,16,18,25,27,30,35],"killed_by":"Orin","ascension_level":1}}