{"host":"o5or1zybx7au40zl","time":1612281271,"event":{"mods":["Act Like it!","Aspiration","BaseMod","Better Third Choice","Conspire","Dota2Spire","GungeonMod","Halation","Hubris","Infinite Spire","Minty Spire (QoL Compilation)","Replay The Spire","Robot Space Explorer","StSLib","The Jungle","Yuri Mod"],"gold_per_floor":[110,110,122,122,122,122,150,173,238,266,278,290,53,67,67,165,165,183,197,210,210,220,255,255,255],"floor_reached":24,"language":"ENG","playtime":731,"items_purged":[],"score":268,"play_id":"45c3c399-c808-4ca5-ac19-a3290a78fbb7","local_time":"20210202165431","is_ascension_mode":false,"campfire_choices":[{"floor":6,"key":"RECALL"},{"data":"Demon Form","floor":11,"key":"SMITH"},{"data":"Bash","floor":15,"key":"SMITH"}],"circlet_count":0,"master_deck":["DemoMod:Defend_Huntress","Strike_R","Strike_R","Strike_R","Strike_R","Strike_R","Defend_R","Defend_R","Defend_R","Defend_R","Bash+1","Clothesline","Spreading Infection","Dropkick","Demon Form+1","Carnage","conspire:ExplosiveBarrier","Glass Knife","ReplayTheSpireMod:Limb From Limb+1","Barricade","ReplayReversal+1","Injury"],"relics":["Burning Blood","aspiration:Nostalgia","Replay:M_StaffOfTheSnake","Ring of Panic","ReplayTheSpireMod:Ring of Addiction","Potion Belt","White Beast Statue","hubris:Icosahedron","hubris:OldNail","MawBank","aspiration:ChemicalBlood","hubris:Towel","hubris:IronBody","Mark of Pain","infinitespire:FocusingShard","halation:PromiseList"],"acts_visited":["Exordium","TheCity"],"potions_floor_usage":[3,7,8,10,16,16,19,20,22,23,23,24,24,24,24,24],"damage_taken":[{"damage":2,"enemies":"Small Slimes","floor":1,"turns":4},{"damage":6,"enemies":"conspire:RoseBush","floor":3,"turns":1},{"damage":24,"enemies":"3 Sentries","floor":7,"turns":9},{"damage":0,"enemies":"2 Louse","floor":8,"turns":1},{"damage":0,"enemies":"Large Slime","floor":10,"turns":2},{"damage":4,"enemies":"Looter","floor":14,"turns":3},{"damage":0,"enemies":"Fading Forest","floor":16,"turns":11},{"damage":0,"enemies":"conspire:FuzzyDice","floor":18,"turns":4},{"damage":10,"enemies":"Chosen","floor":19,"turns":3},{"damage":0,"enemies":"Snake Plant","floor":20,"turns":3},{"damage":17,"enemies":"Sentry and Sphere","floor":22,"turns":4},{"damage":17,"enemies":"Gremlin Leader","floor":23,"turns":5},{"damage":56,"enemies":"3 Cultists","floor":24,"turns":5}],"seed_played":"-3552952440064171698","potions_obtained":[{"floor":1,"key":"Flashbang"},{"floor":2,"key":"LiquidMemories"},{"floor":2,"key":"SkillPotion"},{"floor":2,"key":"SteroidPotion"},{"floor":3,"key":"FearPotion"},{"floor":7,"key":"Ancient Potion"},{"floor":8,"key":"Explosive Potion"},{"floor":10,"key":"DistilledChaos"},{"floor":14,"key":"infinitespire:BlackPotion"},{"floor":16,"key":"Flashbang"},{"floor":18,"key":"SpeedPotion"},{"floor":19,"key":"Fire Potion"},{"floor":20,"key":"Strength Potion"},{"floor":22,"key":"CultistPotion"},{"floor":23,"key":"Ancient Potion"}],"is_trial":false,"path_per_floor":["M","?","M","?","?","R","E","M","T","M","R","?","$","M","R","B",null,"M","M","M","?","M","E","M"],"character_chosen":"IRONCLAD","items_purchased":["hubris:IronBody"],"campfire_rested":0,"item_purchase_floors":[13],"current_hp_per_floor":[80,80,80,80,80,80,60,66,66,72,72,72,72,74,74,76,76,76,72,76,76,65,54,0,0],"gold":255,"neow_bonus":"NOSTALGIA","is_daily":false,"chose_seed":false,"campfire_upgraded":2,"win_rate":0.0,"timestamp":1612281271,"path_taken":["M","?","M","?","?","R","E","M","T","M","R","?","?","M","R","BOSS","M","M","M","?","M","E","M"],"items_purchased_type":["Relic"],"build_version":"2020-12-22","purchased_purges":0,"victory":false,"max_hp_per_floor":[80,80,80,80,80,80,78,78,78,78,78,78,78,76,76,76,76,76,76,76,76,76,76,76,76],"card_choices":[{"not_picked":["Twin Strike","Warcry"],"picked":"Clothesline","floor":1},{"not_picked":["Anger","Heavy Blade"],"picked":"Dropkick","floor":3},{"not_picked":["Dark Embrace","Replay:Undeath\u0027s Touch"],"picked":"Demon Form","floor":7},{"not_picked":["Second Wind","Wild Strike"],"picked":"Carnage","floor":8},{"not_picked":["Wild Strike","Armaments"],"picked":"conspire:ExplosiveBarrier","floor":10},{"not_picked":["InnerPeace","Iron Wave","Thunderclap"],"picked":"SKIP","floor":14},{"not_picked":["Exhume","Reaper"],"picked":"Glass Knife","floor":16},{"not_picked":["Havoc+1","Warcry"],"picked":"ReplayTheSpireMod:Limb From Limb+1","floor":18},{"not_picked":["Warcry","ReplayTheSpireMod:Strike From Hell"],"picked":"Barricade","floor":19},{"not_picked":["Cleave","Metallicize+1"],"picked":"ReplayReversal+1","floor":20},{"not_picked":["Anger+1","Dark Embrace+1","hubris:ReadiedAction"],"picked":"SKIP","floor":22},{"not_picked":["True Grit+1","ReplayTheSpireMod:Strike From Hell","Headbutt"],"picked":"SKIP","floor":23},{"not_picked":["True Grit+1","ReplayTheSpireMod:Strike From Hell","Headbutt"],"picked":"SKIP","floor":23}],"player_experience":987675,"relics_obtained":[{"floor":2,"key":"Ring of Panic"},{"floor":2,"key":"ReplayTheSpireMod:Ring of Addiction"},{"floor":2,"key":"Potion Belt"},{"floor":2,"key":"White Beast Statue"},{"floor":5,"key":"hubris:OldNail"},{"floor":7,"key":"MawBank"},{"floor":9,"key":"aspiration:ChemicalBlood"},{"floor":23,"key":"halation:PromiseList"}],"event_choices":[],"is_beta":false,"boss_relics":[{"not_picked":["Tiny House","Kintsugi"],"picked":"Mark of Pain"}],"items_purged_floors":[],"is_endless":false,"potions_floor_spawned":[1,3,7,8,10,14,16,18,19,20,22,23],"killed_by":"3 Cultists","ascension_level":0}}