{"host":"y0avvqzsetgmdwfn","time":1612241091,"event":{"mods":["AchievementEnabler","BaseMod","Better Third Choice","Downfall","Minty Spire (QoL Compilation)","Red Circlet Mod","Reliquary","Replay The Spire","Spicy Shops","StSLib"],"gold_per_floor":[99,116,132,132,147,177,230,230,262,281,307,320,90,109,124,221,221,311,321,331,331,347,372,372,387,287,287,316,316,316,316],"floor_reached":29,"language":"ENG","playtime":1897,"items_purged":["bronze:Strike","bronze:Defend"],"score":431,"play_id":"b2a6df71-a4ee-4c56-af44-ac44d5a6b2f9","local_time":"20210202124451","is_ascension_mode":true,"campfire_choices":[{"data":"bronze:Replicate","floor":1.0,"key":"SMITH"},{"floor":26,"key":"RECALL"}],"circlet_count":0,"master_deck":["bronze:Strike","bronze:Defend","bronze:Defend","bronze:Replicate+1","bronze:Goto","bronze:Overheat","bronze:Separator","bronze:BronzeOrb","bronze:RecursiveStrike","bronze:InfiniteBeams+1","bronze:Turbo","bronze:Boost","bronze:FineTuning","bronze:GetLatest","bronze:Assembly","bronze:Frontload","bronze:Frontload","bronze:Boost","bronze:Flail","bronze:SpaghettiCode","bronze:BugBarrage","bronze:Terminator","bronze:Constructor","bronze:Repair+1","bronze:Fortify"],"relics":["ReplayTheSpireMod:DimensionalGlitch","Happy Flower","reliquary:ExpiredCoupon","Replay:PocketPolymizer","ReplayTheSpireMod:TigerMarble","expansioncontent:StudyCardRelic","reliquary:NewFriend","downfall:HeartBlessingBlue","FossilizedHelix"],"acts_visited":["Exordium","TheCity"],"potions_floor_usage":[23,28],"damage_taken":[{"damage":0.0,"enemies":"2 Louse","floor":2.0,"turns":2.0},{"damage":5.0,"enemies":"Small Slimes","floor":3.0,"turns":4.0},{"damage":1.0,"enemies":"Jaw Worm","floor":5.0,"turns":3.0},{"damage":21.0,"enemies":"Lagavulin","floor":6.0,"turns":5.0},{"damage":0.0,"enemies":"Replay:BlueRogue","floor":9.0,"turns":4.0},{"damage":0.0,"enemies":"Blue Slaver","floor":10.0,"turns":1.0},{"damage":0.0,"enemies":"Gremlin Nob","floor":11.0,"turns":2.0},{"damage":0.0,"enemies":"3 Louse","floor":12.0,"turns":1.0},{"damage":0.0,"enemies":"downfall:FleeingMerchant","floor":13.0,"turns":4.0},{"damage":0.0,"enemies":"Exordium Thugs","floor":14.0,"turns":3.0},{"damage":0.0,"enemies":"Large Slime","floor":15.0,"turns":3.0},{"damage":0.0,"enemies":"WA_ARCHETYPE_RETAIN","floor":16.0,"turns":5.0},{"damage":0.0,"enemies":"Spheric Guardian","floor":19.0,"turns":3.0},{"damage":3,"enemies":"Snecko","floor":20,"turns":4},{"damage":0,"enemies":"Cultist and Chosen","floor":22,"turns":3},{"damage":21,"enemies":"Slavers","floor":23,"turns":4},{"damage":2,"enemies":"Centurion and Healer","floor":25,"turns":5},{"damage":16,"enemies":"Gremlin Leader","floor":28,"turns":4},{"damage":34,"enemies":"Snake Plant","floor":29,"turns":4}],"seed_played":"2364354480531697964","potions_obtained":[{"floor":3.0,"key":"PowerPotion"},{"floor":6.0,"key":"Strength Potion"},{"floor":9.0,"key":"Reflective Coating"},{"floor":10.0,"key":"Weak Potion"},{"floor":11.0,"key":"CultistPotion"},{"floor":15.0,"key":"Block Potion"},{"floor":20,"key":"Fire Potion"},{"floor":28,"key":"Explosive Potion"}],"is_trial":false,"path_per_floor":["R","M","M","?","M","E","T","?","E","M","E","M","$","M","M","B",null,"R","M","M","?","M","E","T","M","R","?","E","M"],"character_chosen":"THE_AUTOMATON","items_purchased":["bronze:Frontload"],"campfire_rested":0,"item_purchase_floors":[13],"current_hp_per_floor":[70,70,65,65,64,43,43,43,43,43,43,43,43,43,43,43,70,70,70,67,67,67,46,46,49,59,44,28,0,0,0],"gold":316,"neow_bonus":"BOSS_RELIC","is_daily":false,"chose_seed":false,"campfire_upgraded":1,"win_rate":0.0,"timestamp":1612241091,"path_taken":["R","M","M","?","M","E","T","?","E","M","E","M","$","M","M","BOSS","R","M","M","?","M","E","T","M","R","?","E","M"],"items_purchased_type":["Card"],"build_version":"2020-12-22","purchased_purges":2,"victory":false,"max_hp_per_floor":[70,70,70,70,70,70,70,70,70,70,70,70,70,70,70,70,70,70,70,70,70,70,70,70,70,80,85,85,85,85,85],"card_choices":[{"not_picked":["bronze:Iterate","bronze:BitShift"],"picked":"bronze:Overheat","floor":2.0},{"not_picked":["bronze:Invalidate","bronze:BugBarrage"],"picked":"bronze:Separator","floor":3.0},{"not_picked":["bronze:Frontload","bronze:Terminator"],"picked":"bronze:BronzeOrb","floor":5.0},{"not_picked":["bronze:BuggyMess","bronze:Shield"],"picked":"bronze:RecursiveStrike","floor":6.0},{"not_picked":["bronze:BuggyMess","bronze:Deprecate"],"picked":"bronze:Turbo","floor":9.0},{"not_picked":["bronze:WhirlingStrike","bronze:DelayedSlice"],"picked":"bronze:Boost","floor":10.0},{"not_picked":["bronze:Constructor","bronze:Iterate"],"picked":"bronze:FineTuning","floor":11.0},{"not_picked":["bronze:ForceShield","bronze:DelayedGuard"],"picked":"bronze:GetLatest","floor":12.0},{"not_picked":["bronze:Deprecate","bronze:Turbo"],"picked":"bronze:Assembly","floor":13.0},{"not_picked":["bronze:Shell","bronze:Frontload"],"picked":"bronze:Boost","floor":14.0},{"not_picked":["bronze:Invalidate","bronze:BugBarrage"],"picked":"bronze:Flail","floor":15.0},{"not_picked":["bronze:BurnOut","bronze:Mutator"],"picked":"bronze:SpaghettiCode","floor":16.0},{"not_picked":["bronze:Frontload","bronze:Allocate","bronze:DelayedGuard"],"picked":"SKIP","floor":19.0},{"not_picked":["bronze:Return","bronze:BitShift"],"picked":"bronze:Terminator","floor":20},{"not_picked":["bronze:MaxOutput","bronze:Boost"],"picked":"bronze:Constructor","floor":22},{"not_picked":["bronze:Optimize","bronze:FineTuning"],"picked":"bronze:Repair+1","floor":23},{"not_picked":["bronze:BugBarrage","bronze:Frontload"],"picked":"bronze:Fortify","floor":25},{"not_picked":["bronze:Shield","bronze:WhirlingStrike","bronze:WildBeam"],"picked":"SKIP","floor":28}],"player_experience":2023960,"relics_obtained":[{"floor":6.0,"key":"Happy Flower"},{"floor":7.0,"key":"reliquary:ExpiredCoupon"},{"floor":9.0,"key":"Replay:PocketPolymizer"},{"floor":11.0,"key":"ReplayTheSpireMod:TigerMarble"},{"floor":23,"key":"reliquary:NewFriend"},{"floor":28,"key":"FossilizedHelix"}],"event_choices":[],"is_beta":false,"boss_relics":[{"not_picked":["Astrolabe","reliquary:Craggleroot"],"picked":"expansioncontent:StudyCardRelic"}],"items_purged_floors":[13,13],"is_endless":false,"potions_floor_spawned":[3,6,9,10,11,15,20,28],"killed_by":"Snake Plant","ascension_level":1}}