{"host":"i8x3uekhioq8aaet","time":1612273251,"event":{"mods":["AchievementEnabler","BaseMod","Colored Map","Colored Powertips","DeckTracker","Minty Spire (QoL Compilation)","Relic Sorter","StSLib"],"gold_per_floor":[113,113,127,127,138,138,152,3,3,18,18,18,99,112,112,112,112],"floor_reached":16,"language":"ZHT","playtime":4888,"items_purged":[],"score":120,"play_id":"25337a4a-1ff9-4b07-9a98-7bd22b54a965","local_time":"20210202214051","is_ascension_mode":true,"campfire_choices":[{"floor":6,"key":"REST"},{"floor":11,"key":"REST"},{"floor":15,"key":"REST"}],"circlet_count":0,"master_deck":["Strike_B","Strike_B","Strike_B","Defend_B","Defend_B","Defend_B","Defend_B","Zap+1","Dualcast","Rip and Tear","Static Discharge","Streamline","Chill","Conserve Battery","Doom and Gloom","White Noise"],"relics":["Cracked Core","Turnip","Bottled Lightning"],"acts_visited":["Exordium"],"potions_floor_usage":[10,10,16],"damage_taken":[{"damage":6,"enemies":"Cultist","floor":1,"turns":3},{"damage":9,"enemies":"Small Slimes","floor":3,"turns":2},{"damage":2,"enemies":"2 Louse","floor":5,"turns":2},{"damage":7,"enemies":"Exordium Wildlife","floor":7,"turns":3},{"damage":39,"enemies":"Gremlin Gang","floor":10,"turns":4},{"damage":0,"enemies":"2 Fungi Beasts","floor":14,"turns":1},{"damage":37,"enemies":"Hexaghost","floor":16,"turns":6}],"seed_played":"2052716179005162894","potions_obtained":[{"floor":3,"key":"Dexterity Potion"},{"floor":14,"key":"Swift Potion"}],"is_trial":false,"path_per_floor":["M","?","M","?","M","R","M","$","T","M","R","?","T","M","R","B"],"character_chosen":"DEFECT","items_purchased":["PowerPotion","PowerPotion","Conserve Battery"],"campfire_rested":3,"item_purchase_floors":[8,8,8],"current_hp_per_floor":[62,62,53,58,56,80,73,73,73,34,58,58,58,58,80,43,43],"gold":112,"neow_bonus":"TRANSFORM_CARD","is_daily":false,"chose_seed":false,"campfire_upgraded":0,"win_rate":0.0,"timestamp":1612273251,"path_taken":["M","?","M","?","M","R","M","$","T","M","R","?","?","?","R","BOSS"],"items_purchased_type":["Potion","Potion","Card"],"build_version":"2020-12-22","purchased_purges":0,"victory":false,"max_hp_per_floor":[75,75,75,80,80,80,80,80,80,80,80,80,80,80,80,80,80],"card_choices":[{"not_picked":["Sweeping Beam","Barrage"],"picked":"Static Discharge","floor":1},{"not_picked":["Fusion","Rebound"],"picked":"Streamline","floor":3},{"not_picked":["Skim","Redo"],"picked":"Chill","floor":5},{"not_picked":["Steam","Stack","Compile Driver"],"picked":"SKIP","floor":7},{"not_picked":["Stack","Melter"],"picked":"Doom and Gloom","floor":10},{"not_picked":["Stack","Beam Cell"],"picked":"White Noise","floor":14}],"player_experience":317456,"relics_obtained":[{"floor":9,"key":"Turnip"},{"floor":13,"key":"Bottled Lightning"}],"event_choices":[{"damage_healed":0,"gold_gain":0,"player_choice":"Ignored","damage_taken":0,"max_hp_gain":0,"max_hp_loss":0,"event_name":"Golden Idol","floor":2,"gold_loss":0},{"damage_healed":0,"gold_gain":0,"player_choice":"Donut","damage_taken":0,"max_hp_gain":5,"max_hp_loss":0,"event_name":"Big Fish","floor":4,"gold_loss":0},{"damage_healed":0,"gold_gain":0,"player_choice":"Grow","damage_taken":0,"max_hp_gain":0,"max_hp_loss":0,"event_name":"Living Wall","floor":12,"gold_loss":0,"cards_upgraded":["Zap"]}],"is_beta":false,"boss_relics":[],"items_purged_floors":[],"is_endless":false,"potions_floor_spawned":[3,14],"killed_by":"Hexaghost","ascension_level":6}}