{"host":"vucub2jtaeo9vgh1","time":1612276219,"event":{"mods":["BaseMod","BetterRewards","Minty Spire (QoL Compilation)","Quick Restart","Rare Cards Sparkle","Replay The Spire","StSLib","Td1madao Mod"],"gold_per_floor":[112,112,112,62,62,96,107,138,138,153,172,188,188,188,188,290,290,300,300,282,293,233,260,260,274,274,286,286,286],"floor_reached":28,"language":"ENG","playtime":964,"items_purged":[],"score":250,"play_id":"d0f94c9b-3c40-461a-b114-b1ef8d16831f","local_time":"20210202153019","is_ascension_mode":false,"campfire_choices":[{"floor":13,"key":"REST"},{"floor":15,"key":"REST"},{"data":"Preparedness","floor":24,"key":"SMITH"}],"circlet_count":0,"master_deck":["Strike_C","Strike_C+1","Strike_C","Defend_C","Defend_C","Defend_C","Defend_C","Knight Kick","Chip","De Ware Chip","Preparedness+1","Floating Swing Kick","Defend System","Cooling Song","Floating Swing Kick","Cursed Blade","Bursts","Bugfix","Optimization","Pod Laser","Cooling Song+1","Lunge"],"relics":["Foreshadowing","Juzu Bracelet","Bottled Lightning","Funny","Shuriken","Philosopher\u0027s Stone","Nloth\u0027s Gift","Cola","Matryoshka"],"acts_visited":["Exordium","TheCity"],"potions_floor_usage":[8,16,27],"damage_taken":[{"damage":2,"enemies":"2 Louse","floor":1,"turns":3},{"damage":47,"enemies":"Gremlin Nob","floor":6,"turns":5},{"damage":0,"enemies":"Small Slimes","floor":7,"turns":3},{"damage":1,"enemies":"3 Sentries","floor":8,"turns":6},{"damage":0,"enemies":"Cultist","floor":10,"turns":3},{"damage":7,"enemies":"3 Louse","floor":11,"turns":3},{"damage":2,"enemies":"Blue Slaver","floor":12,"turns":3},{"damage":15,"enemies":"The Guardian","floor":16,"turns":6},{"damage":6,"enemies":"Chosen","floor":18,"turns":4},{"damage":15,"enemies":"2 Thieves","floor":20,"turns":4},{"damage":3,"enemies":"Snake Plant","floor":21,"turns":5},{"damage":22,"enemies":"Slavers","floor":23,"turns":5},{"damage":0,"enemies":"Sentry and Sphere","floor":25,"turns":3},{"damage":0,"enemies":"Centurion and Healer","floor":27,"turns":3},{"damage":32,"enemies":"Replay:Snechameleon","floor":28,"turns":5}],"seed_played":"-6466285934757993281","potions_obtained":[{"floor":7,"key":"Adrenaline Potion"},{"floor":11,"key":"PowerPotion"},{"floor":16,"key":"Milkshake"},{"floor":25,"key":"Explosive Potion"},{"floor":27,"key":"LiquidBronze"}],"is_trial":false,"path_per_floor":["M","?","?","?","T","E","M","E","T","M","M","M","R","?","R","B",null,"M","?","M","M","?","E","R","M","T","M","E"],"character_chosen":"TD1MADAO_CLASS","items_purchased":[],"campfire_rested":2,"item_purchase_floors":[],"current_hp_per_floor":[68,68,68,68,68,21,21,20,20,20,13,11,32,25,46,31,70,64,64,49,46,46,24,24,24,24,24,0,0],"gold":286,"neow_bonus":"BOSS_RELIC","is_daily":false,"chose_seed":false,"campfire_upgraded":1,"win_rate":0.0,"timestamp":1612276219,"path_taken":["M","?","?","?","?","E","M","E","T","M","M","M","R","?","R","BOSS","M","?","M","M","?","E","R","M","T","M","E"],"items_purchased_type":[],"build_version":"2020-12-22","purchased_purges":0,"victory":false,"max_hp_per_floor":[70,70,70,70,70,70,70,70,70,70,70,70,70,70,70,70,70,70,70,70,70,70,70,70,70,70,70,70,70],"card_choices":[{"not_picked":["Floating Swing Kick","Provocative"],"picked":"De Ware Chip","floor":1},{"not_picked":["Reflection Mechanism","Pod Fire"],"picked":"Preparedness","floor":6},{"not_picked":["Afterwards","Here Defend Chip"],"picked":"Floating Swing Kick","floor":7},{"not_picked":["Three Hit","Oblique Hack"],"picked":"Defend System","floor":8},{"not_picked":["Afterwards","Reflection Mechanism"],"picked":"Cooling Song","floor":10},{"not_picked":["Paralysis","Black Spear"],"picked":"Floating Swing Kick","floor":11},{"not_picked":["Money Cant Rescue","Rupture"],"picked":"Cursed Blade","floor":12},{"not_picked":["Black Warm Hole","Backup"],"picked":"Bursts","floor":16},{"not_picked":["Rupture","Fire Up"],"picked":"Bugfix","floor":18},{"not_picked":["Rupture+1","Here Defend Chip+1"],"picked":"Optimization","floor":20},{"not_picked":["Preloading","Ruin Defend"],"picked":"Pod Laser","floor":21},{"not_picked":["Machining","Moon Tear","Trader"],"picked":"SKIP","floor":23},{"not_picked":["Black Shadow","Money Cant Rescue"],"picked":"Cooling Song+1","floor":25},{"not_picked":["Fixing+1","Money Cant Rescue"],"picked":"Lunge","floor":27}],"player_experience":294944,"relics_obtained":[{"floor":5,"key":"Garlic"},{"floor":6,"key":"Juzu Bracelet"},{"floor":8,"key":"Bottled Lightning"},{"floor":9,"key":"Funny"},{"floor":23,"key":"Cola"},{"floor":26,"key":"Matryoshka"}],"event_choices":[{"cards_removed":["Strike_C"],"damage_healed":0,"gold_gain":0,"player_choice":"Card Removal","damage_taken":0,"max_hp_gain":0,"max_hp_loss":0,"event_name":"The Cleric","floor":4,"gold_loss":50},{"damage_healed":0,"gold_gain":0,"player_choice":"Success","damage_taken":7,"relics_obtained":["Shuriken"],"max_hp_gain":0,"max_hp_loss":0,"event_name":"Scrap Ooze","floor":14,"gold_loss":0},{"damage_healed":0,"gold_gain":0,"player_choice":"Traded Relic","damage_taken":0,"relics_obtained":["Nloth\u0027s Gift"],"max_hp_gain":0,"max_hp_loss":0,"event_name":"N\u0027loth","floor":19,"relics_lost":["Garlic"],"gold_loss":0}],"is_beta":false,"boss_relics":[{"not_picked":["Astrolabe","Tiny House"],"picked":"Philosopher\u0027s Stone"}],"items_purged_floors":[],"is_endless":false,"potions_floor_spawned":[7,11,16,25,27],"killed_by":"Replay:Snechameleon","ascension_level":0}}