{"host":"o3b7ow6d1xe49css","time":1612255935,"event":{"mods":["Act Like it!","Aspiration","BaseMod","Bestiary","Better Altar","Better Match","Better Note","Better Sensory Stone","Better Skull","Better Third Choice","Colored Powertips","Conspire","Energized Spire","Force Act Four","GifTheSpireLib","Halation","Hermit","Hubris","Infinite Spire","Lobotomy","Minty Spire (QoL Compilation)","Quick Restart","Rare Cards Sparkle","Relic Filter Mod","Reliquary","Replay The Spire","Spicy Shops","Spikes Relics","Spire Arcade","StSLib","Stuff the Spire","The Blue Laboratory","Wandering Minibosses"],"gold_per_floor":[110,121,132,132,144,144,144,169,169,200,5,5,38,38,38,138,138,154,173,183,183,183,213,241,275,348,381,1,27,27,52,52,147,147,158,58,68,68,68,68,68,68,68,68,68,68,68,68,68,68,68,68,68,68,68],"floor_reached":56,"language":"ENG","playtime":2575,"items_purged":["Strike_G","Strike_G","Defend_G","Neutralize"],"score":2035,"play_id":"b54a6ee6-2b52-4a1f-a1e9-406d10199ec3","local_time":"20210201235215","daily_mods":["Heirloom","Flight","Elite Swarm"],"is_ascension_mode":true,"campfire_choices":[{"data":"Riddle With Holes","floor":6,"key":"SMITH"},{"data":"Terror","floor":7,"key":"SMITH"},{"data":"Venomology","floor":12,"key":"SMITH"},{"data":"Adrenaline","floor":15,"key":"SMITH"},{"floor":30,"key":"RECALL"},{"data":"Wraith Form v2","floor":32,"key":"SMITH"},{"data":"Envenom","floor":41,"key":"SMITH"},{"data":"infinitespire:NeuralNetwork","floor":49,"key":"SMITH"},{"data":"Storm of Steel","floor":52,"key":"SMITH"}],"circlet_count":0,"master_deck":["Strike_G","Strike_G","Defend_G","Defend_G","Defend_G","Defend_G","Survivor","Riddle With Holes+1","Calculated Gamble","UniverseFragment","Terror+1","Venomology+1","Corpse Explosion","Backstab","Adrenaline+1","After Image","GreedKing","Quick Slash","Burst","Malaise","Storm of Steel","Wraith Form v2+1","Blade Dance","Envenom+1","Storm of Steel+1","Bullet Time","infinitespire:NeuralNetwork+1"],"relics":["Ring of the Snake","Ring of Chaos","Ice Cream","CogitoBucket","halation:SwordOfLegend","Garlic","StuffTheSpire:Nightcore","Frozen Eye","aspiration:FetidBarrel","StuffTheSpire:Kangaroo","BehaviorAdjustment","hubris:PeanutButter","halation:OrihimeAndHikoboshiSamaAndTears","StuffTheSpire:Tea","Gremlin Horn","aspiration:HiddenCompartment","halation:PromiseList","TwistedFunnel","Mango","Onion Ring","conspire:SeveredTorchhead","Ectoplasm","Snake Skull","ReplayTheSpireMod:Lightbulb","Replay:Accelerometer","StuffTheSpire:PointBlank","Gambling Chip","Vajra","Incense Burner","Girya","aspiration:RunicSpoon","Ring of Chaos","StuffTheSpire:OldFever"],"acts_visited":["Exordium","TheCity","TheBeyond","Exordium","TheEnding"],"potions_floor_usage":[10,16,18,20,24,24,27,33,35,40,45,55,55,55],"damage_taken":[{"damage":0,"enemies":"Cultist","floor":1,"turns":4},{"damage":0,"enemies":"Jaw Worm","floor":2,"turns":3},{"damage":0,"enemies":"Small Slimes","floor":3,"turns":4},{"damage":4,"enemies":"Blue Slaver","floor":5,"turns":5},{"damage":16,"enemies":"Gremlin Nob","floor":8,"turns":3},{"damage":22,"enemies":"3 Sentries","floor":10,"turns":12},{"damage":0,"enemies":"Gremlin Nob","floor":13,"turns":2},{"damage":4,"enemies":"Hexaghost","floor":16,"turns":8},{"damage":0,"enemies":"Chosen","floor":18,"turns":4},{"damage":0,"enemies":"3 Byrds","floor":19,"turns":2},{"damage":4,"enemies":"3 Cultists","floor":20,"turns":3},{"damage":0,"enemies":"Gremlin Leader","floor":23,"turns":3},{"damage":4,"enemies":"Book of Stabbing","floor":24,"turns":4},{"damage":0,"enemies":"Gremlin Leader","floor":25,"turns":3},{"damage":0,"enemies":"Nightmare","floor":27,"turns":5},{"damage":0,"enemies":"Gremlin Leader","floor":29,"turns":2},{"damage":0,"enemies":"Slavers","floor":31,"turns":1},{"damage":0,"enemies":"Collector","floor":33,"turns":2},{"damage":0,"enemies":"3 Darklings","floor":35,"turns":2},{"damage":0,"enemies":"Orb Walker","floor":37,"turns":1},{"damage":0,"enemies":"Giant Head","floor":40,"turns":3},{"damage":0,"enemies":"R_Hoarder","floor":42,"turns":2},{"damage":0,"enemies":"Giant Head","floor":45,"turns":3},{"damage":0,"enemies":"R_Hoarder","floor":46,"turns":2},{"damage":0,"enemies":"Giant Head","floor":47,"turns":3},{"damage":0,"enemies":"Nightmare","floor":48,"turns":2},{"damage":0,"enemies":"Replay:Hell Engine","floor":50,"turns":2},{"damage":0,"enemies":"Shield and Spear","floor":54,"turns":1},{"damage":9,"enemies":"The Heart","floor":55,"turns":4}],"seed_played":"-3192746223065112870","potions_obtained":[{"floor":10,"key":"blueLaboratory:NullPotion"},{"floor":13,"key":"Milkshake"},{"floor":16,"key":"DuplicationPotion"},{"floor":20,"key":"blueLaboratory:PyrophylliteBrew"},{"floor":21,"key":"Weak Potion"},{"floor":23,"key":"Regen Potion"},{"floor":35,"key":"Poison Potion"},{"floor":42,"key":"blueLaboratory:EnragingPotion"},{"floor":46,"key":"BlessingOfTheForge"}],"is_trial":true,"path_per_floor":["M","M","M","$","M","R","R","E","T","E","$","R","E","?","R","B",null,"M","M","M","?","AVR","E","E","E","T","NM","$","E","R","E","R","B",null,"M","$","M","?","HB","E","R","E","T","AVR","E","E","E","NM","R","B",null,"R","$","E","B",null],"character_chosen":"THE_SILENT","items_purchased":["Frozen Eye","Backstab","blueLaboratory:HorrorPotion","halation:PromiseList","TwistedFunnel"],"campfire_rested":0,"item_purchase_floors":[11,11,11,28,28],"current_hp_per_floor":[70,70,70,70,66,66,66,50,50,28,28,31,31,34,37,33,63,63,63,59,59,59,59,70,70,70,70,70,84,87,87,87,87,87,87,87,87,87,87,87,87,87,87,87,87,87,87,87,87,87,87,87,87,87,78],"gold":68,"neow_bonus":"","is_daily":false,"chose_seed":false,"campfire_upgraded":8,"win_rate":0.0,"timestamp":1612255935,"path_taken":["M","M","M","$","M","R","R","E","T","E","$","R","E","?","R","BOSS","M","M","M","?","AVR","E","E","E","T","NM","$","E","R","E","R","BOSS","M","$","M","?","HB","E","R","E","T","AVR","E","E","E","NM","R","BOSS","R","$","E","BOSS"],"items_purchased_type":["Relic","Card","Potion","Relic","Relic"],"build_version":"2020-12-22","purchased_purges":4,"victory":true,"max_hp_per_floor":[70,70,70,70,70,70,70,70,70,70,70,70,70,73,73,73,73,73,73,73,73,73,73,73,73,73,73,73,87,87,87,87,87,87,87,87,87,87,87,87,87,87,87,87,87,87,87,87,87,87,87,87,87,87,87],"card_choices":[{"not_picked":["BeautyBeast","BlackSwan","OldLady"],"picked":"Singing Bowl","floor":1},{"not_picked":["Deadly Poison","StuffTheSpire:ClusterCrunch"],"picked":"Riddle With Holes","floor":1},{"not_picked":["VoidDream","Scarecrow","MeatLantern"],"picked":"Singing Bowl","floor":2},{"not_picked":["Heel Hook","StuffTheSpire:BrimstoneBlast"],"picked":"Calculated Gamble","floor":2},{"not_picked":["MHz","SnowQueen"],"picked":"UniverseFragment","floor":3},{"not_picked":["Dagger Spray","hubris:Sniper","StuffTheSpire:Injection"],"picked":"SKIP","floor":3},{"not_picked":["SpiderBud","MeatLantern","WallGazer"],"picked":"Singing Bowl","floor":5},{"not_picked":["Outmaneuver","Leg Sweep"],"picked":"Terror","floor":5},{"not_picked":["BeautyBeast","QueenBee","FairyFestival"],"picked":"Singing Bowl","floor":8},{"not_picked":["A Thousand Cuts","infinitespire:Neurotoxin"],"picked":"Venomology","floor":8},{"not_picked":["Porccubus","BlackSwan","Bloodbath"],"picked":"Singing Bowl","floor":10},{"not_picked":["Grand Finale","Envenom"],"picked":"Corpse Explosion","floor":10},{"not_picked":["Funeral","ShyLook","QueenOfHatred"],"picked":"Singing Bowl","floor":13},{"not_picked":["Glass Knife","Envenom"],"picked":"Adrenaline","floor":13},{"not_picked":["Unload","ReplayTheSpireMod:Necrosis"],"picked":"After Image","floor":16},{"not_picked":["Freischutz","PunishingBird","LittleHelper"],"picked":"Singing Bowl","floor":16},{"not_picked":["LittleHelper","PunishingBird"],"picked":"GreedKing","floor":18},{"not_picked":["StuffTheSpire:Python","Dagger Throw"],"picked":"Quick Slash","floor":18},{"not_picked":["CherryBlossoms","Woodsman","Yin"],"picked":"Singing Bowl","floor":19},{"not_picked":["Setup","Underhanded Strike+1","StuffTheSpire:Python"],"picked":"SKIP","floor":19},{"not_picked":["LittlePrince","Wellcheers","SilentOrchestra"],"picked":"Singing Bowl","floor":20},{"not_picked":["Flying Knee","Concentrate","Dodge and Roll"],"picked":"SKIP","floor":20},{"not_picked":["Alriune","CrumblingArmor","PunishingBird"],"picked":"Singing Bowl","floor":23},{"not_picked":["Grand Finale","Glass Knife"],"picked":"Burst","floor":23},{"not_picked":["Scorched","Freischutz","OSAHOGD"],"picked":"Singing Bowl","floor":24},{"not_picked":["Bullet Time","Phantasmal Killer"],"picked":"Malaise","floor":24},{"not_picked":["StuffTheSpire:FinalStruggle","Phantasmal Killer"],"picked":"Storm of Steel","floor":25},{"not_picked":["SpiderBud","SnowQueen","Variant"],"picked":"Singing Bowl","floor":27},{"not_picked":["Night Terror","ReplayTheSpireMod:Necrosis","Malaise"],"picked":"SKIP","floor":27},{"not_picked":["Glass Knife","Grand Finale"],"picked":"Wraith Form v2","floor":29},{"not_picked":["DespairKnight","MHz","GalaxyChild"],"picked":"Singing Bowl","floor":31},{"not_picked":["Phantasmal Killer","Malaise","Burst"],"picked":"SKIP","floor":31},{"not_picked":["Dagger Throw+1","Deflect+1","Sucker Punch+1"],"picked":"SKIP","floor":35},{"not_picked":["Poison Darts","Concentrate+1"],"picked":"Blade Dance","floor":37},{"not_picked":["Tools of the Trade","Malaise"],"picked":"Envenom","floor":40},{"not_picked":["Die Die Die","Venomology"],"picked":"Storm of Steel","floor":42},{"not_picked":["Replay:Bag of Tricks","Corpse Explosion"],"picked":"Bullet Time","floor":45},{"not_picked":["A Thousand Cuts","aspiration:Lunge","Envenom"],"picked":"SKIP","floor":46},{"not_picked":["Phantasmal Killer","Envenom","StuffTheSpire:FinalStruggle"],"picked":"SKIP","floor":47},{"not_picked":["infinitespire:Punishment","infinitespire:SevenWalls"],"picked":"infinitespire:NeuralNetwork","floor":48},{"not_picked":["Glass Knife","Poison Darts","Storm of Steel"],"picked":"SKIP","floor":48},{"not_picked":["Night Terror","Unload","Envenom"],"picked":"SKIP","floor":54},{"not_picked":["Night Terror","Unload","Envenom"],"picked":"SKIP","floor":54}],"player_experience":1271442,"relics_obtained":[{"floor":8,"key":"halation:SwordOfLegend"},{"floor":9,"key":"Garlic"},{"floor":10,"key":"StuffTheSpire:Nightcore"},{"floor":13,"key":"aspiration:FetidBarrel"},{"floor":23,"key":"halation:OrihimeAndHikoboshiSamaAndTears"},{"floor":24,"key":"StuffTheSpire:Tea"},{"floor":25,"key":"Gremlin Horn"},{"floor":27,"key":"aspiration:HiddenCompartment"},{"floor":29,"key":"Mango"},{"floor":31,"key":"Onion Ring"},{"floor":40,"key":"Snake Skull"},{"floor":42,"key":"ReplayTheSpireMod:Lightbulb"},{"floor":43,"key":"Replay:Accelerometer"},{"floor":45,"key":"Gambling Chip"},{"floor":46,"key":"Vajra"},{"floor":47,"key":"Incense Burner"},{"floor":48,"key":"Girya"},{"floor":54,"key":"StuffTheSpire:OldFever"}],"event_choices":[{"damage_healed":0,"gold_gain":0,"player_choice":"Got Potions","damage_taken":0,"max_hp_gain":0,"max_hp_loss":0,"event_name":"Lab","floor":21,"gold_loss":0},{"damage_healed":0,"gold_gain":0,"player_choice":"Ignored","damage_taken":0,"max_hp_gain":0,"max_hp_loss":0,"event_name":"betterNote:BetterNote","floor":38,"gold_loss":0,"cards_obtained":["Strike_R"]}],"is_beta":false,"boss_relics":[{"not_picked":["Tiny House","aspiration:FutureDiary"],"picked":"StuffTheSpire:Kangaroo"},{"not_picked":["infinitespire:Cupcake","halation:LoveArrow"],"picked":"conspire:SeveredTorchhead"},{"not_picked":["Calling Bell","ChewingGum"],"picked":"aspiration:RunicSpoon"}],"items_purged_floors":[22,28,36,44],"is_endless":true,"potions_floor_spawned":[10,13,16,18,20,23,29,35,42,45,46,54],"ascension_level":5}}