{"host":"bg0cyinkrjnqf173","time":1612304518,"event":{"mods":["2.2 Compatiblity","Aspiration","BaseMod","Beaked The Cultist","Better Third Choice","BetterRewards","Colored Map","Conspire","Curses Come First","Defuse TimeMaze Blight","Displayed Cursed Tome","Googly Eyes","Halation","Hubris","Infinite Spire","Jedi Mod","Minty Spire (QoL Compilation)","Permanent Neow","Quick Restart","Rare Cards Sparkle","Relic Sorter","Replay The Spire","Shop Mod","Spicy Shops","Spikes Relics","StSLib","The Bladedancer","The Construct","The Valiant"],"gold_per_floor":[109,109,109,109,127,161,161,192,192,203,55,55,55,86,86,189,189,205,205,224,256,273,273,300,203,203,223,223,253,213,213,213,310,310,329,329,345,356,376,402,402,429,429,429,447,447,447,497,497,600,600,611,611],"floor_reached":52,"language":"ENG","playtime":2924,"items_purged":["beaked:Strike_Y"],"score":483,"play_id":"535bc520-532a-403c-ad84-1b6a45039b6d","local_time":"20210202172158","is_ascension_mode":true,"campfire_choices":[{"data":"beaked:Pecker","floor":7,"key":"SMITH"},{"data":"beaked:CrazyRituals","floor":12,"key":"SMITH"},{"data":"beaked:Ceremony","floor":15,"key":"SMITH"},{"data":"beaked:Recite","floor":23,"key":"SMITH"},{"data":"beaked:SacrificialDive","floor":28,"key":"SMITH"},{"data":"beaked:Ceremony","floor":32,"key":"SMITH"},{"data":"Replay:Fractal Strike","floor":41,"key":"SMITH"},{"data":"beaked:MachineEssence","floor":49,"key":"SMITH"}],"circlet_count":0,"master_deck":["beaked:Strike_Y","beaked:Strike_Y","beaked:Strike_Y+1","beaked:Strike_Y","beaked:Strike_Y","beaked:Defend_Y","beaked:Defend_Y","beaked:Defend_Y","beaked:Ceremony+1","beaked:Ceremony+1","beaked:Ceremony+1","beaked:Daydream","beaked:Pecker+1","beaked:Tweet","beaked:CrazyRituals+1","Parasite","beaked:AwakenedForm+1","beaked:Recite+1","beaked:SacrificialDive+1","beaked:Poke","beaked:Insight","beaked:Foresight","beaked:MachineEssence+1","Replay:Fractal Strike+1","beaked:Struggle+1","beaked:MaddeningMurmurs+1","ReplayTheSpireMod:??????????????????????","beaked:MimicMachine+1","beaked:Recite+1","beaked:MimicMachine+1","beaked:KnowThyFoe"],"relics":["beaked:MendingPlumage","construct:ClawGrip","aspiration:SecretTechniqueScroll","Juzu Bracelet","Chameleon Ring","Replay:M_StaffOfTheSnake","infinitespire:CursedDice","aspiration:HatOfInfinitePower","beaked:SacredNecklace","Pet Ghost","aspiration:EmptySkull","MerchantsRug","halation:SelfBoilingWater","hubris:TenFootPole","beaked:RitualPlumage","halation:PinkAlligatorPlush","construct:WeddingRing","construct:RocketBooster","Boot","halation:RedSoulGem","Replay:Byrd Feeder","Sandwich"],"acts_visited":["Exordium","TheCity","TheBeyond","Exordium"],"potions_floor_usage":[20,27],"damage_taken":[{"damage":9,"enemies":"conspire:RoseBush","floor":1,"turns":4},{"damage":11,"enemies":"Small Slimes","floor":5,"turns":4},{"damage":44,"enemies":"3 Sentries","floor":6,"turns":7},{"damage":21,"enemies":"Lagavulin","floor":8,"turns":6},{"damage":1,"enemies":"Cultist","floor":10,"turns":4},{"damage":13,"enemies":"Replay:BlueRogue","floor":14,"turns":6},{"damage":35,"enemies":"Hexaghost","floor":16,"turns":7},{"damage":45,"enemies":"Shell Parasite","floor":18,"turns":7},{"damage":25,"enemies":"3 Byrds","floor":20,"turns":7},{"damage":34,"enemies":"conspire:MimicChest","floor":21,"turns":6},{"damage":20,"enemies":"Centurion and Healer","floor":22,"turns":7},{"damage":36,"enemies":"Gremlin Leader","floor":24,"turns":5},{"damage":36,"enemies":"Snake Plant","floor":27,"turns":5},{"damage":23,"enemies":"conspire:Head Lice","floor":29,"turns":5},{"damage":2,"enemies":"Automaton","floor":33,"turns":1},{"damage":47,"enemies":"3 Darklings","floor":35,"turns":4},{"damage":28,"enemies":"Orb Walker","floor":37,"turns":4},{"damage":37,"enemies":"Spire Growth","floor":38,"turns":4},{"damage":24,"enemies":"Transient","floor":39,"turns":5},{"damage":30,"enemies":"Nightmare","floor":40,"turns":4},{"damage":80,"enemies":"4 Shapes","floor":45,"turns":3},{"damage":32,"enemies":"Mind Bloom Boss Battle","floor":48,"turns":5},{"damage":29,"enemies":"Replay:Hell Engine","floor":50,"turns":9},{"damage":0,"enemies":"Cultist","floor":52,"turns":2}],"seed_played":"7111008839358789912","potions_obtained":[{"floor":1,"key":"FearPotion"},{"floor":5,"key":"infinitespire:BlackPotion"},{"floor":22,"key":"SkillPotion"},{"floor":24,"key":"SpeedPotion"},{"floor":29,"key":"FearPotion"}],"is_trial":false,"path_per_floor":["M","$","?","?","M","E","R","E","T","M","$","R","?","E","R","B",null,"M","?","M","?","M","R","E","$","T","M","R","E","?","AVR","R","B",null,"M","?","M","M","M","NM","R","T","T","?","M","?","?","?","R","B",null,"M"],"character_chosen":"BEAKED_THE_CULTIST","items_purchased":["aspiration:Nostalgia","MerchantsRug","beaked:Insight"],"campfire_rested":0,"item_purchase_floors":[11,25,25],"current_hp_per_floor":[48,48,48,50,50,29,29,20,20,35,35,35,47,50,50,47,50,29,29,40,50,46,46,32,32,32,44,44,50,50,50,50,49,50,43,37,50,50,50,50,50,50,50,50,50,50,50,46,46,50,50,50,50],"gold":611,"neow_bonus":"DOUBLE_BOSS_RELIC","is_daily":false,"chose_seed":false,"campfire_upgraded":8,"win_rate":0.0,"timestamp":1612304518,"path_taken":["M","$","?","?","?","E","R","E","T","M","$","R","?","E","R","BOSS","M","?","M","?","M","R","E","$","T","M","R","E","?","AVR","R","BOSS","M","?","M","M","M","NM","R","?","T","?","M","?","?","?","R","BOSS","M"],"items_purchased_type":["Relic","Relic","Card"],"build_version":"2020-12-22","purchased_purges":1,"victory":false,"max_hp_per_floor":[50,50,50,50,50,50,50,50,50,50,50,50,50,50,50,50,50,50,50,50,50,50,50,50,50,50,50,50,50,50,50,50,50,50,50,50,50,50,50,50,50,50,50,50,50,50,50,50,50,50,50,50,50],"card_choices":[{"not_picked":["beaked:Foresight","beaked:Mantra"],"picked":"beaked:Daydream","floor":1},{"not_picked":["beaked:Tradeoff","beaked:SacrificialAttack","beaked:FeelMyPain"],"picked":"SKIP","floor":5},{"not_picked":["beaked:TuckingFeathers","beaked:Poke"],"picked":"beaked:Pecker","floor":6},{"not_picked":["beaked:MachineSpirit","beaked:BloodRitual"],"picked":"beaked:Tweet","floor":8},{"not_picked":["beaked:ScreechingChant","beaked:TuckingFeathers"],"picked":"beaked:CrazyRituals","floor":10},{"not_picked":["beaked:Resilience","beaked:Tweet","beaked:DigDeep"],"picked":"SKIP","floor":14},{"not_picked":["Establishment","beaked:MachineEssence"],"picked":"beaked:AwakenedForm","floor":16},{"not_picked":["beaked:Cower","beaked:Tradeoff+1"],"picked":"beaked:Recite","floor":18},{"not_picked":["beaked:HuntressSpirit","beaked:WarriorSpirit"],"picked":"beaked:SacrificialDive","floor":20},{"not_picked":["beaked:Flinch","beaked:Redirect+1"],"picked":"beaked:Poke","floor":22},{"not_picked":["beaked:WarriorEssence","beaked:BarbedWire","beaked:SacrificialAttack"],"picked":"SKIP","floor":24},{"not_picked":["beaked:SacrificialAttack","beaked:DigDeep"],"picked":"beaked:Foresight","floor":27},{"not_picked":["beaked:BarbedWire","beaked:Resilience","beaked:Poke+1"],"picked":"SKIP","floor":29},{"not_picked":["beaked:SacrificialScars","beaked:FakeOut"],"picked":"beaked:MachineEssence","floor":33},{"not_picked":["beaked:Flinch+1","beaked:WarriorSpirit","beaked:FeelMyPain"],"picked":"SKIP","floor":35},{"not_picked":["infinitespire:Execution","ReplayTheSpireMod:Chaos Vortex"],"picked":"Replay:Fractal Strike","floor":36},{"not_picked":["beaked:BraceForImpact+1","beaked:Molting+1"],"picked":"beaked:Struggle+1","floor":37},{"not_picked":["beaked:Cower+1","beaked:FeelMyPain"],"picked":"beaked:MaddeningMurmurs+1","floor":38},{"not_picked":["beaked:DigDeep","beaked:MachineSpirit+1","beaked:Cower+1"],"picked":"SKIP","floor":39},{"not_picked":["infinitespire:FutureSight","infinitespire:Starlight"],"picked":"ReplayTheSpireMod:??????????????????????","floor":40},{"not_picked":["beaked:Roost+1","beaked:Insight+1"],"picked":"beaked:MimicMachine+1","floor":40},{"not_picked":["beaked:Poke","beaked:Cower+1"],"picked":"beaked:Recite+1","floor":45},{"not_picked":["beaked:VigorBurst+1","beaked:Cower+1"],"picked":"beaked:MimicMachine+1","floor":48},{"not_picked":["beaked:WildInstinct","beaked:ScreechingChant"],"picked":"beaked:KnowThyFoe","floor":50}],"player_experience":771673,"relics_obtained":[{"floor":6,"key":"halation:KoshaPiece"},{"floor":8,"key":"Juzu Bracelet"},{"floor":9,"key":"Chameleon Ring"},{"floor":14,"key":"infinitespire:CursedDice"},{"floor":21,"key":"Pet Ghost"},{"floor":24,"key":"aspiration:EmptySkull"},{"floor":26,"key":"halation:SelfBoilingWater"},{"floor":29,"key":"hubris:TenFootPole"},{"floor":40,"key":"construct:RocketBooster"},{"floor":42,"key":"Boot"},{"floor":48,"key":"Replay:Byrd Feeder"}],"event_choices":[{"damage_healed":48,"gold_gain":0,"player_choice":"Embrace Burn","damage_taken":0,"max_hp_gain":0,"max_hp_loss":50,"event_name":"betterThird:BetterShining","floor":3,"gold_loss":0},{"cards_removed":["Burn"],"damage_healed":5,"gold_gain":0,"player_choice":"Offered Common","damage_taken":0,"max_hp_gain":0,"max_hp_loss":0,"event_name":"Bonfire Elementals","floor":4,"gold_loss":0},{"cards_removed":["Burn"],"damage_healed":5,"gold_gain":0,"player_choice":"Offered Special","damage_taken":0,"max_hp_gain":0,"max_hp_loss":0,"event_name":"Bonfire Elementals","floor":4,"gold_loss":0},{"damage_healed":12,"gold_gain":0,"player_choice":"Healed and dodged fight","damage_taken":0,"max_hp_gain":0,"max_hp_loss":0,"event_name":"Mushrooms","floor":13,"gold_loss":0,"cards_obtained":["Parasite"]},{"damage_healed":0,"gold_gain":0,"player_choice":"Upgraded Two","damage_taken":0,"max_hp_gain":0,"max_hp_loss":0,"event_name":"Designer","floor":30,"gold_loss":40,"cards_upgraded":["beaked:Strike_Y","beaked:Ceremony"]},{"cards_removed":["beaked:Defend_Y"],"damage_healed":0,"gold_gain":0,"player_choice":"Removed Skill","damage_taken":0,"max_hp_gain":0,"max_hp_loss":0,"event_name":"Falling","floor":44,"gold_loss":0},{"damage_healed":0,"gold_gain":0,"player_choice":"Ignored","damage_taken":0,"max_hp_gain":0,"max_hp_loss":0,"event_name":"Tomb of Lord Red Mask","floor":46,"gold_loss":0},{"damage_healed":0,"gold_gain":0,"player_choice":"Fight","damage_taken":0,"max_hp_gain":0,"max_hp_loss":0,"event_name":"MindBloom","floor":48,"gold_loss":0}],"is_beta":false,"boss_relics":[{"not_picked":["halation:PlatinumPhoenix","Busted Crown"],"picked":"hubris:Backtick"},{"not_picked":["hubris:GrandSneckoEye","Runic Pyramid"],"picked":"construct:WeddingRing"},{"not_picked":["Velvet Choker","Runic Dome"],"picked":"Sandwich"}],"items_purged_floors":[31],"is_endless":true,"potions_floor_spawned":[1,5,22,24,29,37,38,45,48,52],"killed_by":"Cultist","ascension_level":1}}