{"host":"0cnpp25a4xqhnyrs","time":1612251404,"event":{"mods":["BaseMod","BetterRewards","DeckTracker","Downfall","Minty Spire (QoL Compilation)","Quick Restart","StSLib","Transform Curses"],"gold_per_floor":[117,117,136,151,37,37,70,86,113,125,125,140,140,158,158,261,261,280,280,131,131,145,145,179,104,104,123,133,133,133,133],"floor_reached":30,"language":"ENG","playtime":1535,"items_purged":["Noxious Fumes"],"score":252,"play_id":"77ff7c5c-c780-4810-8c20-196e266e9e88","local_time":"20210202013644","is_ascension_mode":false,"campfire_choices":[{"data":"Accuracy","floor":6.0,"key":"SMITH"},{"floor":13,"key":"REST"},{"floor":15,"key":"REST"},{"floor":23,"key":"REST"}],"circlet_count":0,"master_deck":["Strike_G","Strike_G","Strike_G","Strike_G+1","Strike_G","Defend_G","Defend_G","Defend_G","Defend_G","Defend_G","Survivor","Neutralize","Accuracy+1","Terror","Finisher+1","Slice","Blade Dance","Deadly Poison","Adrenaline","Slice","Deadly Poison+1","Noxious Fumes+1","Concentrate+1","Phantasmal Killer"],"relics":["Sozu","Whetstone","Centennial Puzzle","Happy Flower","Snake Skull","Gremlin Horn"],"acts_visited":["Exordium","TheCity"],"potions_floor_usage":[],"damage_taken":[{"damage":0.0,"enemies":"Cultist","floor":1.0,"turns":5.0},{"damage":0.0,"enemies":"Jaw Worm","floor":3.0,"turns":6.0},{"damage":4.0,"enemies":"2 Louse","floor":4.0,"turns":4.0},{"damage":19.0,"enemies":"Gremlin Nob","floor":7.0,"turns":5.0},{"damage":4.0,"enemies":"Exordium Thugs","floor":8.0,"turns":3.0},{"damage":24.0,"enemies":"Gremlin Gang","floor":10.0,"turns":5.0},{"damage":1,"enemies":"Lots of Slimes","floor":12,"turns":5},{"damage":3,"enemies":"Red Slaver","floor":14,"turns":2},{"damage":29,"enemies":"The Guardian","floor":16,"turns":10},{"damage":20,"enemies":"Chosen","floor":18,"turns":5},{"damage":10,"enemies":"Shell Parasite","floor":22,"turns":3},{"damage":39,"enemies":"Slavers","floor":24,"turns":5},{"damage":10,"enemies":"Snecko","floor":27,"turns":3},{"damage":13,"enemies":"Chosen and Byrds","floor":28,"turns":5},{"damage":6,"enemies":"Shelled Parasite and Fungi","floor":30,"turns":1}],"seed_played":"-6790788932660686412","potions_obtained":[],"is_trial":false,"path_per_floor":["M","?","M","M","$","R","E","M","T","M","?","M","R","M","R","B",null,"M","?","$","?","M","R","E","$","T","M","M","?","M"],"character_chosen":"THE_SILENT","items_purchased":["Noxious Fumes","Slice","Happy Flower"],"campfire_rested":3,"item_purchase_floors":[5,5,20],"current_hp_per_floor":[70,70,70,66,66,66,47,43,43,19,19,18,39,36,57,28,70,50,50,50,55,45,66,27,27,27,17,4,4,0,0],"gold":133,"neow_bonus":"BOSS_RELIC","is_daily":false,"chose_seed":false,"campfire_upgraded":1,"win_rate":0.0,"timestamp":1612251404,"path_taken":["M","?","M","M","$","R","E","M","T","M","?","M","R","M","R","BOSS","M","?","$","?","?","R","E","?","T","M","?","?","M"],"items_purchased_type":["Card","Card","Relic"],"build_version":"2020-12-22","purchased_purges":1,"victory":false,"max_hp_per_floor":[70,70,70,70,70,70,70,70,70,70,70,70,70,70,70,70,70,70,70,70,70,70,70,70,70,70,70,70,70,70,70],"card_choices":[{"not_picked":["Acrobatics","Dodge and Roll"],"picked":"Accuracy","floor":1.0},{"not_picked":["Outmaneuver","Escape Plan"],"picked":"Terror","floor":3.0},{"not_picked":["Deadly Poison","Cloak And Dagger"],"picked":"Finisher","floor":4.0},{"not_picked":["Prepared","Adrenaline","Blade Dance"],"picked":"SKIP","floor":7.0},{"not_picked":["Predator","Calculated Gamble","Outmaneuver"],"picked":"SKIP","floor":8.0},{"not_picked":["Endless Agony","Caltrops"],"picked":"Blade Dance","floor":10},{"not_picked":["Bouncing Flask","Deflect"],"picked":"Deadly Poison","floor":12},{"not_picked":["Prepared","Cloak And Dagger"],"picked":"Bane","floor":14},{"not_picked":["Doppelganger","After Image"],"picked":"Adrenaline","floor":16},{"not_picked":["Underhanded Strike","Bane"],"picked":"Slice","floor":18},{"not_picked":["Finisher","Acrobatics"],"picked":"Deadly Poison+1","floor":22},{"not_picked":["Skewer","Outmaneuver"],"picked":"Noxious Fumes+1","floor":24},{"not_picked":["Poisoned Stab","Backstab"],"picked":"Concentrate+1","floor":27},{"not_picked":["Flechettes","Outmaneuver+1"],"picked":"Phantasmal Killer","floor":28}],"player_experience":88046,"relics_obtained":[{"floor":7.0,"key":"Whetstone"},{"floor":9.0,"key":"Centennial Puzzle"},{"floor":24,"key":"Snake Skull"},{"floor":26,"key":"Gremlin Horn"}],"event_choices":[{"damage_healed":0.0,"max_hp_gain":0.0,"max_hp_loss":0.0,"gold_gain":0.0,"event_name":"Golden Wing","player_choice":"Ignored","floor":2.0,"gold_loss":0.0,"damage_taken":0.0},{"damage_healed":0,"gold_gain":0,"player_choice":"Fled","damage_taken":0,"max_hp_gain":0,"max_hp_loss":0,"event_name":"Scrap Ooze","floor":11,"gold_loss":0},{"damage_healed":0,"gold_gain":0,"player_choice":"Ignored","damage_taken":0,"max_hp_gain":0,"max_hp_loss":0,"event_name":"Vampires","floor":19,"gold_loss":0},{"cards_removed":["Bane"],"damage_healed":5,"gold_gain":0,"player_choice":"Offered Common","damage_taken":0,"max_hp_gain":0,"max_hp_loss":0,"event_name":"Bonfire Elementals","floor":21,"gold_loss":0},{"cards_removed":["Bane"],"damage_healed":5,"gold_gain":0,"player_choice":"Offered Special","damage_taken":0,"max_hp_gain":0,"max_hp_loss":0,"event_name":"Bonfire Elementals","floor":21,"gold_loss":0},{"damage_healed":0,"gold_gain":0,"player_choice":"Ignored","damage_taken":0,"max_hp_gain":0,"max_hp_loss":0,"event_name":"The Mausoleum","floor":29,"gold_loss":0}],"is_beta":false,"boss_relics":[{"not_picked":["bronze:MakeshiftBattery","Ectoplasm","Cursed Key"]}],"items_purged_floors":[25],"is_endless":false,"potions_floor_spawned":[1,8,12,14,27,28],"killed_by":"Shelled Parasite and Fungi","ascension_level":0}}