{"host":"9vk21r6l9dtkpvh9","time":1612285512,"event":{"mods":["100% Spire Juice","2.2 Compatiblity","AchievementEnabler","Act Like it!","Astrologer","Bartender","BaseMod","Better Altar","Better Match","Better Note","Better Sensory Stone","Better Skull","Better Third Choice","BetterRewards","CapriCore","CatGirl Mod","Colored Map","Colored Powertips","Conspire","DeckTracker","Downfall","Energized Spire","Gensokyo","GifTheSpireLib","Hermit","Hubris","Infinite Spire","Jorbs\u0027s Wanderer Trilogy","Koishi","LagranYue(???·?)","Luminous","Mad Scientist","Marisa????????","Mimic Mod","Minty Spire (QoL Compilation)","Potionbrewer","Rare Cards Sparkle","Relic Stats","Replay The Spire","SOS???????","Shade Mod","Spicy Shops","StSLib","SuperFastMode","Td1madao Mod","The Animator","The Forsaken","The Gatherer","The Hierophant","The Immortal","The Jungle","The Marked","The Mystic","The Necromancer","The Runesmith","The Senshi","The Servant 0.9.4","The Valiant","The Wild Card","TheBandit","TheSwordswoman","TheWitcher","WarShipGirlsR/????R mod","???Mod??????Boss"],"gold_per_floor":[113,128,228,240,250,283,283,283,283],"floor_reached":8,"language":"ENG","playtime":429,"items_purged":[],"score":70,"play_id":"95b907c6-9241-43e1-b554-2a7862f1bc2a","local_time":"20210202120511","is_ascension_mode":true,"campfire_choices":[{"data":"MentalFortress","floor":7,"key":"SMITH"}],"circlet_count":0,"master_deck":["Strike_P","Strike_P","Strike_P","Strike_P","Defend_P","Defend_P","Defend_P","Defend_P","Eruption","Vigilance","Protect","FlurryOfBlows","Replay:DivineShield","MentalFortress+1","Adaptation"],"relics":["LagranYue:RandomDrawCardRelic","energizedSpire:OgreHead","Orichalcum"],"acts_visited":["Exordium"],"potions_floor_usage":[6,6],"damage_taken":[{"damage":4,"enemies":"Small Slimes","floor":1,"turns":3},{"damage":3,"enemies":"Cultist","floor":2,"turns":4},{"damage":0,"enemies":"2 Louse","floor":4,"turns":3},{"damage":11,"enemies":"Gremlin Gang","floor":5,"turns":6},{"damage":8,"enemies":"Gremlin Nob","floor":6,"turns":3},{"damage":51,"enemies":"Lagavulin","floor":8,"turns":4}],"seed_played":"-7140297655292424071","potions_obtained":[{"floor":1,"key":"FearPotion"},{"floor":2,"key":"Fire Potion"},{"floor":6,"key":"BottledMiracle"}],"is_trial":false,"path_per_floor":["M","M","?","M","M","E","R","E"],"character_chosen":"WATCHER","items_purchased":[],"campfire_rested":0,"item_purchase_floors":[],"current_hp_per_floor":[68,65,65,65,54,46,46,0,0],"gold":283,"neow_bonus":"BOSS_RELIC","is_daily":false,"chose_seed":false,"campfire_upgraded":1,"win_rate":0.0,"timestamp":1612285511,"path_taken":["M","M","?","?","?","E","R","E"],"items_purchased_type":[],"build_version":"2020-12-22","purchased_purges":0,"victory":false,"max_hp_per_floor":[72,72,72,72,72,72,72,72,72],"relic_stats":{"counters":[6,23],"Orichalcum":[12],"obtain_stats":[{"LagranYue:RandomDrawCardRelic":0,"energizedSpire:OgreHead":0,"PureWater":0,"Orichalcum":6},{"LagranYue:RandomDrawCardRelic":0,"energizedSpire:OgreHead":0,"PureWater":0,"Orichalcum":5},{"LagranYue:RandomDrawCardRelic":0,"energizedSpire:OgreHead":0,"PureWater":0,"Orichalcum":19}]},"card_choices":[{"not_picked":["Replay:AtTheReady","Swivel"],"picked":"Protect","floor":1},{"not_picked":["Replay:BluntJabs","Replay:AtTheReady"],"picked":"FlurryOfBlows","floor":2},{"not_picked":["FlyingSleeves","WheelKick"],"picked":"Replay:DivineShield","floor":4},{"not_picked":["BowlingBash","ForeignInfluence"],"picked":"MentalFortress","floor":5},{"not_picked":["FlyingSleeves","Protect"],"picked":"Adaptation","floor":6}],"player_experience":680982,"relics_obtained":[{"floor":6,"key":"Orichalcum"}],"event_choices":[{"damage_healed":0,"gold_gain":100,"player_choice":"Pray","damage_taken":0,"max_hp_gain":0,"max_hp_loss":0,"event_name":"Golden Shrine","floor":3,"gold_loss":0}],"is_beta":false,"boss_relics":[],"items_purged_floors":[],"is_endless":false,"potions_floor_spawned":[1,2,6],"killed_by":"Lagavulin","ascension_level":4}}