{"host":"skr63qsdfgeey3it","time":1612256843,"event":{"mods":["BaseMod","Colored Map","Hubris","Minty Spire (QoL Compilation)","Monster B Gone","Reliquary","Replay The Spire","Spicy Shops","StSLib"],"gold_per_floor":[110,12,187,187,207,235,235,235,235,235,252,268,268,303,303,380,380,395,35,52,65,80,80,105,105,105],"floor_reached":25,"language":"ENG","playtime":736,"items_purged":["Doubt"],"score":376,"play_id":"5aa08c22-cbec-4743-bfd5-cf6dbb9b2985","local_time":"20210202030723","is_ascension_mode":true,"campfire_choices":[{"data":"Inflame","floor":8,"key":"SMITH"},{"data":"Disarm","floor":8,"key":"SMITH"},{"data":"Infernal Blade","floor":10,"key":"SMITH"},{"data":"Bash","floor":10,"key":"SMITH"},{"data":"Intimidate","floor":13,"key":"SMITH"},{"data":"Cleave","floor":13,"key":"SMITH"},{"data":"Spot Weakness","floor":15,"key":"SMITH"},{"data":"Shrug It Off","floor":15,"key":"SMITH"},{"data":"Armaments","floor":23,"key":"SMITH"},{"data":"Berserk","floor":23,"key":"SMITH"}],"circlet_count":0,"master_deck":["AscendersBane","Strike_R","Strike_R","Defend_R","Defend_R","Defend_R","Bash+1","Infernal Blade+1","Cleave+1","Cleave","ReplayTheSpireMod:Strike From Hell","Inflame+1","Disarm+1","Intimidate+1","Shrug It Off+1","Spot Weakness+1","Berserk+1","Headbutt+1","Searing Blow+1","Dropkick+1","Metallicize","Immolate","Armaments+1","Iron Wave+1"],"relics":["Burning Blood","NeowsBlessing","Medical Kit","Replay:Arrowhead","reliquary:ExpiredCoupon","Astrolabe","Kunai","Regal Pillow"],"acts_visited":["Exordium","TheCity"],"potions_floor_usage":[12,14,21,22,22],"damage_taken":[{"damage":0,"enemies":"Cultist","floor":1,"turns":1},{"damage":0,"enemies":"2 Louse","floor":5,"turns":1},{"damage":0,"enemies":"Lagavulin","floor":6,"turns":1},{"damage":2,"enemies":"Small Slimes","floor":11,"turns":3},{"damage":4,"enemies":"Red Slaver","floor":12,"turns":2},{"damage":15,"enemies":"Gremlin Gang","floor":14,"turns":3},{"damage":50,"enemies":"Hexaghost","floor":16,"turns":8},{"damage":24,"enemies":"3 Byrds","floor":18,"turns":5},{"damage":5,"enemies":"Chosen","floor":20,"turns":3},{"damage":24,"enemies":"Shelled Parasite and Fungi","floor":21,"turns":5},{"damage":24,"enemies":"Snake Plant","floor":22,"turns":3},{"damage":14,"enemies":"Book of Stabbing","floor":25,"turns":1}],"seed_played":"4633716583672332593","potions_obtained":[{"floor":1,"key":"Fire Potion"},{"floor":5,"key":"ColorlessPotion"},{"floor":16,"key":"Elixir"},{"floor":18,"key":"FearPotion"},{"floor":21,"key":"DuplicationPotion"},{"floor":22,"key":"SpeedPotion"}],"is_trial":false,"path_per_floor":["M","$","?","?","M","E","?","R","T","R","M","M","R","M","R","B",null,"M","$","M","M","M","R","T","E"],"character_chosen":"IRONCLAD","items_purchased":["Cleave","Medical Kit","Immolate","Kunai"],"campfire_rested":0,"item_purchase_floors":[2,2,19,19],"current_hp_per_floor":[78,78,78,78,80,80,80,80,80,80,80,80,80,71,71,27,67,49,49,50,32,14,14,14,0,0],"gold":105,"neow_bonus":"THREE_ENEMY_KILL","is_daily":false,"chose_seed":false,"campfire_upgraded":10,"win_rate":0.0,"timestamp":1612256843,"path_taken":["M","$","?","?","?","E","?","R","T","R","M","?","R","?","R","BOSS","M","$","M","?","M","R","?","E"],"items_purchased_type":["Card","Relic","Card","Relic"],"build_version":"2020-12-22","purchased_purges":1,"victory":false,"max_hp_per_floor":[80,80,80,80,80,80,80,80,80,80,80,80,80,80,80,80,80,80,80,80,80,80,80,80,80,80],"card_choices":[{"not_picked":["Pommel Strike","Run Through"],"picked":"Infernal Blade","floor":1},{"not_picked":["Havoc","Dual Wield"],"picked":"Inflame","floor":5},{"not_picked":["Sever Soul","Feel No Pain"],"picked":"Disarm","floor":6},{"not_picked":["Dark Embrace","Sword Boomerang"],"picked":"Intimidate","floor":11},{"not_picked":["Armaments","Dark Embrace"],"picked":"Shrug It Off","floor":12},{"not_picked":["Pommel Strike","Run Through"],"picked":"Spot Weakness","floor":14},{"not_picked":["hubris:StunningStrike","Offering"],"picked":"Berserk","floor":16},{"not_picked":["Clothesline+1","Battle Trance"],"picked":"Metallicize","floor":18},{"not_picked":["Shrug It Off+1","Rupture"],"picked":"Armaments","floor":20},{"not_picked":["Hemokinesis","Body Slam","Defy Death"],"picked":"SKIP","floor":21},{"not_picked":["Havoc","Metallicize"],"picked":"Iron Wave+1","floor":22}],"player_experience":858655,"relics_obtained":[{"floor":6,"key":"Replay:Arrowhead"},{"floor":9,"key":"reliquary:ExpiredCoupon"},{"floor":24,"key":"Regal Pillow"}],"event_choices":[{"damage_healed":0,"gold_gain":175,"player_choice":"AGREE","damage_taken":0,"max_hp_gain":0,"max_hp_loss":0,"event_name":"Liars Game","floor":3,"gold_loss":0,"cards_obtained":["Doubt"]},{"damage_healed":0,"gold_gain":0,"cards_transformed":["Strike_R"],"player_choice":"Transformed","damage_taken":0,"max_hp_gain":0,"max_hp_loss":0,"event_name":"Transmorgrifier","floor":4,"gold_loss":0,"cards_obtained":["ReplayTheSpireMod:Strike From Hell"]},{"cards_removed":["Decay"],"damage_healed":0,"gold_gain":0,"player_choice":"Purged","damage_taken":0,"max_hp_gain":0,"max_hp_loss":0,"event_name":"Purifier","floor":7,"gold_loss":0}],"is_beta":false,"boss_relics":[{"not_picked":["Velvet Choker","Cursed Key"],"picked":"Astrolabe"}],"items_purged_floors":[19],"is_endless":false,"potions_floor_spawned":[1,5,16,18,21,22],"killed_by":"Book of Stabbing","ascension_level":13}}