{"host":"f0gpob8hq9vgebej","time":1612234967,"event":{"mods":["AchievementEnabler","BaseMod","Minty Spire (QoL Compilation)","Quick Restart","SuperFastMode"],"gold_per_floor":[113,113,63,74,74,101,101,115,115,145,164,198,198,242,242,325,325,345,363,347,347,347],"floor_reached":21,"language":"KOR","playtime":507,"items_purged":[],"score":383,"play_id":"9c0ded8c-fdcf-46c9-9453-e2d958d909b0","local_time":"20210202120247","is_ascension_mode":true,"campfire_choices":[{"data":"Hologram","floor":7,"key":"SMITH"},{"floor":13,"key":"REST"},{"data":"Defragment","floor":15,"key":"SMITH"}],"circlet_count":0,"master_deck":["AscendersBane","Strike_B","Strike_B","Defend_B","Defend_B","Zap","Dualcast","Ball Lightning","Hologram+1","Barrage","Turbo","Leap","Defragment+1","Consume","Cold Snap","Creative AI","Heatsinks","Tempest","Go for the Eyes"],"relics":["Cracked Core","NeowsBlessing","InkBottle","Centennial Puzzle","MealTicket","Juzu Bracelet","Letter Opener","CeramicFish","Inserter"],"acts_visited":["Exordium","TheCity"],"potions_floor_usage":[12,14,16,20],"damage_taken":[{"damage":0,"enemies":"2 Louse","floor":1,"turns":1},{"damage":0,"enemies":"Small Slimes","floor":4,"turns":1},{"damage":0,"enemies":"Lagavulin","floor":6,"turns":1},{"damage":4,"enemies":"Jaw Worm","floor":8,"turns":3},{"damage":18,"enemies":"Gremlin Nob","floor":10,"turns":3},{"damage":1,"enemies":"Looter","floor":11,"turns":3},{"damage":16,"enemies":"Lagavulin","floor":12,"turns":5},{"damage":15,"enemies":"3 Sentries","floor":14,"turns":5},{"damage":7,"enemies":"The Guardian","floor":16,"turns":9},{"damage":27,"enemies":"Shell Parasite","floor":18,"turns":6},{"damage":18,"enemies":"2 Thieves","floor":20,"turns":4},{"damage":20,"enemies":"Centurion and Healer","floor":21,"turns":2}],"seed_played":"6391601532501642309","potions_obtained":[{"floor":10,"key":"Swift Potion"},{"floor":11,"key":"ColorlessPotion"},{"floor":12,"key":"PotionOfCapacity"},{"floor":16,"key":"Strength Potion"},{"floor":18,"key":"Explosive Potion"}],"is_trial":false,"path_per_floor":["M","?","?","M","?","E","R","M","T","E","M","E","R","E","R","B",null,"M","?","M","M"],"character_chosen":"DEFECT","items_purchased":[],"campfire_rested":1,"item_purchase_floors":[],"current_hp_per_floor":[68,65,65,65,58,58,58,54,54,36,35,19,41,26,26,19,61,34,34,16,0,0],"gold":347,"neow_bonus":"THREE_ENEMY_KILL","is_daily":false,"chose_seed":false,"campfire_upgraded":2,"win_rate":0.0,"timestamp":1612234967,"path_taken":["M","?","?","M","?","E","R","M","T","E","M","E","R","E","R","BOSS","M","?","M","M"],"items_purchased_type":[],"build_version":"2020-12-22","purchased_purges":0,"victory":false,"max_hp_per_floor":[75,75,75,75,75,75,75,75,75,75,75,75,75,75,75,75,75,75,75,75,75,75],"card_choices":[{"not_picked":["Turbo","Sunder"],"picked":"Ball Lightning","floor":1},{"not_picked":["Melter","Double Energy"],"picked":"Hologram","floor":4},{"not_picked":["Recycle","Steam"],"picked":"Barrage","floor":6},{"not_picked":["Hologram","Tempest"],"picked":"Turbo","floor":8},{"not_picked":["Scrape","Beam Cell"],"picked":"Leap","floor":10},{"not_picked":["White Noise","Buffer"],"picked":"Defragment","floor":11},{"not_picked":["Meteor Strike","Steam Power"],"picked":"Consume","floor":12},{"not_picked":["Go for the Eyes","Steam"],"picked":"Cold Snap","floor":14},{"not_picked":["Hyperbeam","Buffer"],"picked":"Creative AI","floor":16},{"not_picked":["Skim+1","Chaos"],"picked":"Heatsinks","floor":18},{"not_picked":["Sunder","Fusion","Go for the Eyes"],"picked":"SKIP","floor":20}],"player_experience":357514,"relics_obtained":[{"floor":6,"key":"Centennial Puzzle"},{"floor":9,"key":"MealTicket"},{"floor":10,"key":"Juzu Bracelet"},{"floor":12,"key":"Letter Opener"},{"floor":14,"key":"CeramicFish"}],"event_choices":[{"damage_healed":0,"gold_gain":0,"player_choice":"Success","damage_taken":3,"relics_obtained":["InkBottle"],"max_hp_gain":0,"max_hp_loss":0,"event_name":"Scrap Ooze","floor":2,"gold_loss":0},{"cards_removed":["Strike_B"],"damage_healed":0,"gold_gain":0,"player_choice":"Card Removal","damage_taken":0,"max_hp_gain":0,"max_hp_loss":0,"event_name":"The Cleric","floor":3,"gold_loss":50},{"cards_removed":["Defend_B"],"damage_healed":0,"gold_gain":0,"player_choice":"Card Removal","damage_taken":7,"max_hp_gain":0,"max_hp_loss":0,"event_name":"Golden Wing","floor":5,"gold_loss":0},{"damage_healed":0,"gold_gain":0,"cards_transformed":["Strike_B","Defend_B"],"player_choice":"Became Test Subject","damage_taken":0,"max_hp_gain":0,"max_hp_loss":0,"event_name":"Drug Dealer","floor":19,"gold_loss":0,"cards_obtained":["Tempest","Go for the Eyes"]}],"is_beta":false,"boss_relics":[{"not_picked":["Philosopher\u0027s Stone","Nuclear Battery"],"picked":"Inserter"}],"items_purged_floors":[],"is_endless":false,"potions_floor_spawned":[10,11,12,16,18],"killed_by":"Centurion and Healer","ascension_level":13}}