{"host":"c2vrdknshfutmcsq","time":1612277224,"event":{"mods":["BaseMod","Minty Spire (QoL Compilation)"],"gold_per_floor":[109,119,139,153,153,192,192,192,266,266,281,356,391,409,409,409,409],"floor_reached":16,"language":"ENG","playtime":716,"items_purged":[],"score":199,"play_id":"361abf74-daff-49f2-b718-ff9612caf399","local_time":"20210202154704","is_ascension_mode":true,"campfire_choices":[{"data":"Dualcast","floor":7.0,"key":"SMITH"},{"floor":10.0,"key":"REST"},{"floor":15,"key":"REST"}],"circlet_count":0,"master_deck":["AscendersBane","Strike_B","Strike_B","Strike_B","Strike_B","Defend_B","Defend_B","Defend_B","Defend_B","Zap","Dualcast+1","Sunder+1","Beam Cell","Genetic Algorithm","Genetic Algorithm","Injury","Barrage","Stack","Leap","Leap"],"relics":["Cracked Core","NeowsBlessing","Golden Idol","WingedGreaves","Question Card","Odd Mushroom"],"acts_visited":["Exordium"],"potions_floor_usage":[11],"damage_taken":[{"damage":0.0,"enemies":"Cultist","floor":1.0,"turns":1.0},{"damage":0.0,"enemies":"Jaw Worm","floor":2.0,"turns":1.0},{"damage":0.0,"enemies":"2 Louse","floor":3.0,"turns":1.0},{"damage":0.0,"enemies":"Large Slime","floor":4.0,"turns":4.0},{"damage":54.0,"enemies":"3 Sentries","floor":6.0,"turns":11.0},{"damage":6,"enemies":"3 Louse","floor":11,"turns":4},{"damage":11,"enemies":"The Mushroom Lair","floor":13,"turns":4},{"damage":5,"enemies":"Looter","floor":14,"turns":2},{"damage":22,"enemies":"Hexaghost","floor":16,"turns":9}],"seed_played":"-4498069064644327246","potions_obtained":[{"floor":3.0,"key":"Fruit Juice"},{"floor":6.0,"key":"ColorlessPotion"}],"is_trial":false,"path_per_floor":["M","M","M","M","?","E","R","?","T","R","M","?","?","M","R","B"],"character_chosen":"DEFECT","items_purchased":[],"campfire_rested":2,"item_purchase_floors":[],"current_hp_per_floor":[64,64,69,69,69,15,15,15,15,37,31,20,9,4,26,4,4],"gold":409,"neow_bonus":"THREE_ENEMY_KILL","is_daily":false,"chose_seed":false,"campfire_upgraded":1,"win_rate":0.0,"timestamp":1612277224,"path_taken":["M","M","M","?","?","E","R","?","T","R","M","?","?","M","R","BOSS"],"items_purchased_type":[],"build_version":"2020-12-22","purchased_purges":0,"victory":false,"max_hp_per_floor":[71,71,76,76,76,76,76,76,76,76,76,76,76,76,76,76,76],"card_choices":[{"not_picked":["Go for the Eyes","Steam Power"],"picked":"Sunder","floor":1.0},{"not_picked":["Coolheaded","Streamline"],"picked":"Beam Cell","floor":2.0},{"not_picked":["Self Repair","Beam Cell"],"picked":"Genetic Algorithm","floor":3.0},{"not_picked":["White Noise","Reprogram"],"picked":"Genetic Algorithm","floor":4.0},{"not_picked":["Gash","Redo"],"picked":"Barrage","floor":6.0},{"not_picked":["Static Discharge","Heatsinks","Sweeping Beam"],"picked":"Stack","floor":11},{"not_picked":["Hyperbeam","Force Field","Chill"],"picked":"Leap","floor":13},{"not_picked":["Blizzard","Chaos","Turbo"],"picked":"Leap","floor":14}],"player_experience":1335819,"relics_obtained":[{"floor":6.0,"key":"WingedGreaves"},{"floor":9.0,"key":"Question Card"},{"floor":13,"key":"Odd Mushroom"}],"event_choices":[{"damage_healed":0.0,"max_hp_gain":0.0,"max_hp_loss":0.0,"gold_gain":0.0,"event_name":"Golden Idol","player_choice":"Take Wound","floor":5.0,"gold_loss":0.0,"damage_taken":0.0,"relics_obtained":["Golden Idol"],"cards_obtained":["Injury"]},{"damage_healed":0.0,"max_hp_gain":0.0,"max_hp_loss":0.0,"gold_gain":0.0,"event_name":"Living Wall","player_choice":"Grow","floor":8.0,"gold_loss":0.0,"damage_taken":0.0,"cards_upgraded":["Sunder"]},{"damage_healed":0,"gold_gain":75,"player_choice":"Gather Gold","damage_taken":11,"max_hp_gain":0,"max_hp_loss":0,"event_name":"World of Goop","floor":12,"gold_loss":0},{"damage_healed":0,"gold_gain":0,"player_choice":"Fought Mushrooms","damage_taken":0,"max_hp_gain":0,"max_hp_loss":0,"event_name":"Mushrooms","floor":13,"gold_loss":0}],"is_beta":false,"boss_relics":[],"items_purged_floors":[],"is_endless":false,"potions_floor_spawned":[3,6],"killed_by":"Hexaghost","ascension_level":19}}