{"host":"p445zcfxld9bg8mp","time":1612296839,"event":{"mods":["2.2 Compatiblity","AchievementEnabler","BaseMod","BetterRewards","Colored Map","Colored Powertips","DeckTracker","Downfall","Highlight Path","Infinite Spire","Minty Spire (QoL Compilation)","Quick Restart","Random Character Button","Rare Cards Sparkle","StSLib"],"gold_per_floor":[114,114,9,19,19,36,36,71,71,71,90,115,115,194,194,295,295,315,332,385,385,236,236,247,259,259,308,308,325,325,327,327,448,448,482,392,405,405,423,462,462,462,488,71,71,94,94,118,118,148,148],"floor_reached":50,"language":"POL","playtime":4772,"items_purged":[],"score":698,"play_id":"c5919c3b-c9bf-47b2-acf0-9140a56bf2f8","local_time":"20210202211359","is_ascension_mode":false,"campfire_choices":[{"data":"Armaments","floor":7,"key":"SMITH"},{"floor":10,"key":"REST"},{"floor":15,"key":"REST"},{"data":"Shockwave","floor":30,"key":"SMITH"},{"data":"Rage","floor":32,"key":"SMITH"},{"floor":41,"key":"REST"},{"floor":47,"key":"REST"},{"data":"Infernal Blade","floor":49,"key":"SMITH"}],"circlet_count":0,"master_deck":["Defend_R","Defend_R","Defend_R","Bash","Wild Strike+1","Armaments+1","Cleave+1","Shrug It Off","Headbutt","Shrug It Off","Rampage","Dropkick","Bludgeon","Heavy Blade","Thunderclap","Bite","Bite","Bite","Bite","Twin Strike+1","Anger","Rage+1","Shockwave+1","RitualDagger","Feed","True Grit+1","Perfected Strike+1","Iron Wave","Carnage","Infernal Blade+1","Twin Strike","Decay","Searing Blow+1"],"relics":["Burning Blood","Lizard Tail","Shuriken","Happy Flower","infinitespire:CursedDice","Darkstone Periapt","Paper Frog","Black Star","Smiling Mask","Champion Belt","Orichalcum","infinitespire:Midas Blood","Bag of Marbles","Blood Vial","Lee\u0027s Waffle","Velvet Choker","InkBottle","infinitespire:Lucky Rock","Nunchaku","Sundial"],"acts_visited":["Exordium","TheCity","TheBeyond"],"potions_floor_usage":[12,25,29,29,33,50,50],"damage_taken":[{"damage":1,"enemies":"Jaw Worm","floor":1,"turns":4},{"damage":0,"enemies":"Cultist","floor":4,"turns":2},{"damage":2,"enemies":"Small Slimes","floor":6,"turns":2},{"damage":54,"enemies":"Gremlin Nob","floor":8,"turns":6},{"damage":0,"enemies":"Blue Slaver","floor":11,"turns":4},{"damage":10,"enemies":"3 Sentries","floor":12,"turns":5},{"damage":84,"enemies":"Hexaghost","floor":16,"turns":16},{"damage":24,"enemies":"3 Byrds","floor":18,"turns":7},{"damage":22,"enemies":"Spheric Guardian","floor":19,"turns":4},{"damage":10,"enemies":"3 Cultists","floor":24,"turns":4},{"damage":5,"enemies":"Snecko","floor":25,"turns":4},{"damage":52,"enemies":"Book of Stabbing","floor":27,"turns":7},{"damage":0,"enemies":"Chosen and Byrds","floor":29,"turns":3},{"damage":61,"enemies":"Collector","floor":33,"turns":8},{"damage":33,"enemies":"3 Darklings","floor":35,"turns":6},{"damage":1,"enemies":"Orb Walker","floor":37,"turns":3},{"damage":41,"enemies":"Maw","floor":39,"turns":7},{"damage":55,"enemies":"Reptomancer","floor":40,"turns":5},{"damage":21,"enemies":"Transient","floor":46,"turns":5},{"damage":4,"enemies":"Sphere and 2 Shapes","floor":48,"turns":3},{"damage":96,"enemies":"infinitespire:MassOfShapes","floor":50,"turns":10}],"seed_played":"-4272948186365740789","potions_obtained":[{"floor":1,"key":"Energy Potion"},{"floor":11,"key":"sneckomod:MuddlingPotion"},{"floor":19,"key":"SkillPotion"},{"floor":24,"key":"Block Potion"},{"floor":29,"key":"Fruit Juice"},{"floor":35,"key":"Block Potion"},{"floor":37,"key":"sneckomod:MuddlingPotion"}],"is_trial":false,"path_per_floor":["M","?","$","M","$","M","R","E","T","R","M","E","?","T","R","B",null,"M","M","T","?","$","?","M","M","T","E","AVR","M","R","?","R","B",null,"M","?","M","$","M","E","R","?","T","$","?","M","R","M","R","B"],"character_chosen":"IRONCLAD","items_purchased":["Molten Egg 2","Wild Strike+1","Armaments","Cleave","Orichalcum","Sundial","Carnage","Infernal Blade","Twin Strike"],"campfire_rested":4,"item_purchase_floors":[0,0,3,3,22,44,44,44,44],"current_hp_per_floor":[60,65,65,71,71,75,75,27,27,51,57,53,53,53,77,66,80,62,46,46,46,46,46,50,56,56,18,63,68,68,62,62,19,68,50,50,59,59,38,30,50,50,50,50,56,45,67,74,74,0,0],"gold":148,"neow_bonus":"","is_daily":false,"chose_seed":false,"campfire_upgraded":4,"win_rate":0.0,"timestamp":1612296839,"path_taken":["M","?","$","?","?","M","R","E","T","R","M","E","?","?","R","BOSS","M","M","?","?","$","?","?","M","T","E","AVR","M","R","?","R","BOSS","M","?","M","?","M","E","R","?","T","$","?","M","R","?","R","BOSS"],"items_purchased_type":["Relic","Card","Card","Card","Relic","Relic","Card","Card","Card"],"build_version":"2020-12-22","purchased_purges":0,"victory":false,"max_hp_per_floor":[80,80,80,80,80,80,80,80,80,80,80,80,80,80,80,80,80,80,80,80,80,80,56,56,56,56,56,63,68,68,68,68,68,68,68,68,68,68,68,68,68,68,68,68,74,74,74,74,74,74,74],"card_choices":[{"not_picked":["Sentinel","Reckless Charge"],"picked":"Perfected Strike","floor":1},{"not_picked":["Pommel Strike","Headbutt"],"picked":"Shrug It Off","floor":4},{"not_picked":["Havoc","Shrug It Off"],"picked":"Headbutt","floor":6},{"not_picked":["Combust","Havoc"],"picked":"Shrug It Off","floor":8},{"not_picked":["Warcry","Wild Strike"],"picked":"Rampage","floor":11},{"not_picked":["Armaments","Offering"],"picked":"Dropkick","floor":12},{"not_picked":["Demon Form","Offering"],"picked":"Bludgeon","floor":16},{"not_picked":["Havoc+1","Flex"],"picked":"Heavy Blade","floor":18},{"not_picked":["Rampage","Carnage+1"],"picked":"Thunderclap","floor":19},{"not_picked":["Burning Pact+1","Clothesline"],"picked":"Twin Strike+1","floor":24},{"not_picked":["Headbutt","Shrug It Off"],"picked":"Anger","floor":25},{"not_picked":["Havoc+1","Anger"],"picked":"Rage","floor":27},{"not_picked":["Thunderclap","Fire Breathing+1"],"picked":"Shockwave","floor":29},{"not_picked":["Demon Form","Berserk"],"picked":"Feed","floor":33},{"not_picked":["Pommel Strike+1","Rage+1"],"picked":"True Grit+1","floor":35},{"not_picked":["Pommel Strike","Havoc"],"picked":"Perfected Strike+1","floor":37},{"not_picked":["True Grit","Searing Blow"],"picked":"Iron Wave","floor":39},{"not_picked":["Shrug It Off+1","Berserk","Fire Breathing"],"picked":"SKIP","floor":40},{"not_picked":["Entrench","Pommel Strike"],"picked":"Searing Blow+1","floor":46},{"not_picked":["Body Slam","Armaments+1","Combust+1"],"picked":"SKIP","floor":48}],"player_experience":43207,"relics_obtained":[{"floor":8,"key":"Shuriken"},{"floor":9,"key":"Happy Flower"},{"floor":12,"key":"infinitespire:CursedDice"},{"floor":13,"key":"Darkstone Periapt"},{"floor":14,"key":"Paper Frog"},{"floor":20,"key":"Smiling Mask"},{"floor":26,"key":"infinitespire:Midas Blood"},{"floor":27,"key":"Bag of Marbles"},{"floor":27,"key":"Blood Vial"},{"floor":40,"key":"InkBottle"},{"floor":40,"key":"infinitespire:Lucky Rock"},{"floor":43,"key":"Nunchaku"}],"event_choices":[{"cards_removed":["Perfected Strike"],"damage_healed":5,"gold_gain":0,"player_choice":"Offered Common","damage_taken":0,"max_hp_gain":0,"max_hp_loss":0,"event_name":"Bonfire Elementals","floor":2,"gold_loss":0},{"cards_removed":["Perfected Strike"],"damage_healed":5,"gold_gain":0,"player_choice":"Offered Special","damage_taken":0,"max_hp_gain":0,"max_hp_loss":0,"event_name":"Bonfire Elementals","floor":2,"gold_loss":0},{"damage_healed":0,"gold_gain":0,"player_choice":"Opened","damage_taken":0,"relics_obtained":["Champion Belt"],"max_hp_gain":0,"max_hp_loss":0,"event_name":"The Mausoleum","floor":21,"gold_loss":0},{"damage_healed":0,"gold_gain":0,"player_choice":"Became a vampire","damage_taken":0,"max_hp_gain":0,"max_hp_loss":24,"event_name":"Vampires","floor":23,"gold_loss":0,"cards_obtained":["Bite","Bite","Bite","Bite","Bite"]},{"damage_healed":0,"gold_gain":0,"player_choice":"Joined the Cult","damage_taken":6,"max_hp_gain":0,"max_hp_loss":0,"event_name":"Nest","floor":31,"gold_loss":0,"cards_obtained":["RitualDagger"]},{"cards_removed":["Defend_R"],"damage_healed":0,"gold_gain":0,"player_choice":"Upgrade and Remove","damage_taken":0,"max_hp_gain":0,"max_hp_loss":0,"event_name":"Designer","floor":36,"gold_loss":90,"cards_upgraded":["Cleave"]},{"cards_removed":["Bite"],"damage_healed":0,"gold_gain":0,"player_choice":"Removed Attack","damage_taken":0,"max_hp_gain":0,"max_hp_loss":0,"event_name":"Falling","floor":42,"gold_loss":0},{"damage_healed":0,"gold_gain":0,"player_choice":"Cursed","damage_taken":0,"max_hp_gain":0,"max_hp_loss":0,"event_name":"Wheel of Change","floor":45,"gold_loss":0,"cards_obtained":["Decay"]}],"is_beta":false,"boss_relics":[{"not_picked":["infinitespire:Cupcake","Fusion Hammer"],"picked":"Black Star"},{"not_picked":["Astrolabe","Runic Cube"],"picked":"Velvet Choker"}],"items_purged_floors":[],"is_endless":false,"potions_floor_spawned":[1,11,19,24,29,35,37],"killed_by":"infinitespire:MassOfShapes","ascension_level":0}}