{"host":"roto7j7840a50pxh","time":1612259697,"event":{"mods":["Act Like it!","BaseMod","Better Altar","Better Note","Better Sensory Stone","Better Skull","Better Third Choice","BetterRewards","Colored Map","Colored Powertips","Downfall","Hermit","Highlight Path","Hubris","Infinite Spire","Minty Spire (QoL Compilation)","Replay The Spire","Shade Mod","Spicy Shops","StSLib","The Construct","The Hierophant","The Necromancer"],"gold_per_floor":[431,444,454,454,466,182,182,210,248,280,292,322,362,374,400,516,578,590,620,650,662,691,722,758,770,809,840,867,296,296,314,329,425,425,425,440,455,505,505,56,56,70,88,88,88,88,88,117,17,17],"floor_reached":51,"language":"ENG","playtime":6109,"items_purged":["bronze:Strike"],"score":937,"play_id":"173452fa-2163-42cc-a93b-76febfcc102a","local_time":"20210202045457","is_ascension_mode":true,"campfire_choices":[{"floor":11.0,"key":"REST"},{"data":"bronze:Library","floor":18.0,"key":"SMITH"},{"data":"bronze:FollowUp","floor":25.0,"key":"SMITH"},{"data":"expansioncontent:StudyTheSpire","floor":30.0,"key":"SMITH"},{"data":"bronze:Verify","floor":35.0,"key":"SMITH"},{"floor":46.0,"key":"REST"},{"data":"hubris:EnhanceAbility","floor":49,"key":"SMITH"}],"circlet_count":0,"master_deck":["bronze:Strike","bronze:Strike","bronze:Strike","bronze:Defend","bronze:Defend","bronze:Defend","bronze:Defend","bronze:Replicate","bronze:Goto","bronze:DigitalCarnage","bronze:DelayedSlice+1","bronze:WildBeam","bronze:DelayedSlice","bronze:Overheat+1","bronze:Overheat","bronze:Boost","bronze:FollowUp+1","bronze:Branch","bronze:InfiniteBeams","bronze:Flail","bronze:Branch","bronze:Return","bronze:DelayedSlice","bronze:Library+1","bronze:FineTuning","bronze:Deprecate+1","bronze:Separator","bronze:DelayedSlice","bronze:Frontload+1","bronze:BugBarrage","bronze:Shield","bronze:Overheat","bronze:Allocate+1","bronze:BurnOut","bronze:MaxOutput","expansioncontent:StudyTheSpire+1","bronze:Flail","bronze:BugBarrage","bronze:Verify+1","bronze:Shield+1","bronze:Repair+1","bronze:FineTuning+1","bronze:Invalidate","bronze:BuggyMess","bronze:MaxOutput","bronze:BitShift+1","bronze:Philosophize+1","hubris:EnhanceAbility+1","Dark Shackles"],"relics":["bronze:BronzeCore","infinitespire:Beetle Shell","MawBank","hubris:SlimyHat","Incense Burner","Tiny House","Gambling Chip","Replay:Bronze Core","ReplayFunnel","construct:FoamFinger","Lee\u0027s Waffle","construct:WeddingRing","Replay:Towering Pillar of Hats","BargainBundle","White Beast Statue","Strawberry","hubris:Spice","Pocketwatch","hubris:Icosahedron","Pantograph","downfall:HeartBlessingGreen"],"acts_visited":["Exordium","TheCity","TheBeyond"],"potions_floor_usage":[48,48,50,50,50],"damage_taken":[{"damage":0.0,"enemies":"2 Louse","floor":2.0,"turns":3.0},{"damage":3.0,"enemies":"Jaw Worm","floor":3.0,"turns":4.0},{"damage":0.0,"enemies":"Cultist","floor":5.0,"turns":2.0},{"damage":5.0,"enemies":"downfall:FleeingMerchant","floor":6.0,"turns":4.0},{"damage":7.0,"enemies":"Exordium Thugs","floor":8.0,"turns":3.0},{"damage":0.0,"enemies":"Replay:BlueRogue","floor":9.0,"turns":4.0},{"damage":0.0,"enemies":"2 Fungi Beasts","floor":10.0,"turns":3.0},{"damage":9.0,"enemies":"Blue Slaver","floor":12.0,"turns":2.0},{"damage":0.0,"enemies":"3 Sentries","floor":13.0,"turns":3.0},{"damage":0.0,"enemies":"Lots of Slimes","floor":15.0,"turns":2.0},{"damage":18.0,"enemies":"SI_SHIV_ARCHETYPE","floor":16.0,"turns":8.0},{"damage":0.0,"enemies":"Spheric Guardian","floor":19.0,"turns":3.0},{"damage":6.0,"enemies":"Shell Parasite","floor":20.0,"turns":5.0},{"damage":15.0,"enemies":"Snecko","floor":22.0,"turns":5.0},{"damage":6.0,"enemies":"Shelled Parasite and Fungi","floor":23.0,"turns":3.0},{"damage":0.0,"enemies":"Replay:Snechameleon","floor":26.0,"turns":3.0},{"damage":1.0,"enemies":"Centurion and Healer","floor":27.0,"turns":4.0},{"damage":4.0,"enemies":"Cultist and Chosen","floor":28.0,"turns":6.0},{"damage":0.0,"enemies":"downfall:FleeingMerchant","floor":29.0,"turns":5.0},{"damage":0.0,"enemies":"Snecko","floor":31.0,"turns":3.0},{"damage":0.0,"enemies":"Shelled Parasite and Fungi","floor":32.0,"turns":2.0},{"damage":9.0,"enemies":"WA_ARCHETYPE_CALM","floor":33.0,"turns":9.0},{"damage":0.0,"enemies":"Orb Walker","floor":36.0,"turns":3.0},{"damage":35.0,"enemies":"3 Darklings","floor":37.0,"turns":4.0},{"damage":15.0,"enemies":"3 Darklings","floor":38.0,"turns":5.0},{"damage":0.0,"enemies":"downfall:FleeingMerchant","floor":40.0,"turns":3.0},{"damage":25.0,"enemies":"Spire Growth","floor":42.0,"turns":4.0},{"damage":0.0,"enemies":"Jaw Worm Horde","floor":43.0,"turns":4.0},{"damage":6,"enemies":"Nemesis","floor":48,"turns":7},{"damage":47,"enemies":"IC_BLOCK_ARCHETYPE","floor":50,"turns":8}],"seed_played":"-7414072240391706279","potions_obtained":[{"floor":3.0,"key":"EssenceOfSteel"},{"floor":9.0,"key":"Adrenaline Potion"},{"floor":10.0,"key":"GamblersBrew"},{"floor":12.0,"key":"LiquidBronze"},{"floor":15.0,"key":"Toxic Potion"},{"floor":17.0,"key":"GamblersBrew"},{"floor":20.0,"key":"SpeedPotion"},{"floor":27.0,"key":"champ:CounterPotion"},{"floor":28.0,"key":"hexamod:SoulburnPotion"},{"floor":31.0,"key":"Dexterity Potion"},{"floor":48,"key":"PowerPotion"}],"is_trial":false,"path_per_floor":["R_BF","M","M","?","M","$","T","M","E","M","R","M","E","?","M","B",null,"R","M","M","AVR","M","M","T","R","E","M","M","$","R","M","M","B",null,"R","M","M","?","?","$","T","M","M","T","?","R","?","E","R","B",null],"character_chosen":"THE_AUTOMATON","items_purchased":["infinitespire:Beetle Shell","bronze:Overheat","bronze:Boost","bronze:FollowUp","Lee\u0027s Waffle","bronze:BurnOut","bronze:MaxOutput","expansioncontent:StudyTheSpire","BargainBundle","bronze:BuggyMess","bronze:MaxOutput","White Beast Statue","Strawberry","PowerPotion","Dexterity Potion","hubris:Spice"],"campfire_rested":2,"item_purchase_floors":[6,6,6,6,29,29,29,29,40,40,40,40,40,40,40,40],"current_hp_per_floor":[49,49,46,46,46,41,41,34,34,34,55,46,46,46,46,28,75,75,75,69,69,54,48,48,48,48,47,43,82,82,82,82,73,82,82,82,47,40,40,55,55,40,50,58,58,89,89,83,83,58],"gold":17,"neow_bonus":"TWO_FIFTY_GOLD","is_daily":false,"chose_seed":false,"campfire_upgraded":5,"win_rate":0.0,"timestamp":1612259697,"path_taken":["R_BF","M","M","?","M","$","T","M","E","M","R","M","E","?","M","BOSS","R","M","M","AVR","M","M","T","R","E","M","M","$","R","M","M","BOSS","R","M","M","?","?","$","T","?","M","?","?","R","?","E","R","BOSS"],"items_purchased_type":["Relic","Card","Card","Card","Relic","Card","Card","Card","Relic","Card","Card","Relic","Relic","Potion","Potion","Relic"],"build_version":"2020-12-22","purchased_purges":1,"victory":true,"max_hp_per_floor":[70,70,70,70,70,70,70,70,70,70,70,70,70,70,70,70,75,75,75,75,75,75,75,75,75,75,75,75,82,82,82,82,82,82,82,82,82,82,82,97,97,97,97,105,105,105,105,105,105,105],"card_choices":[{"not_picked":["bronze:Return","bronze:DelayedSlice"],"picked":"bronze:DigitalCarnage","floor":2.0},{"not_picked":["bronze:Verify","bronze:BronzeOrb"],"picked":"bronze:DelayedSlice","floor":3.0},{"not_picked":["bronze:Separator","bronze:Iterate"],"picked":"bronze:WildBeam","floor":5.0},{"not_picked":["bronze:DigitalCarnage","bronze:ThunderWave"],"picked":"bronze:DelayedSlice","floor":6.0},{"not_picked":["bronze:BuggyMess","bronze:Safeguard"],"picked":"bronze:Branch","floor":8.0},{"not_picked":["bronze:WildBeam","bronze:Format"],"picked":"bronze:InfiniteBeams","floor":9.0},{"not_picked":["bronze:Overheat","bronze:OilSpill"],"picked":"bronze:Flail","floor":10.0},{"not_picked":["bronze:Philosophize","bronze:MaxOutput"],"picked":"bronze:Branch","floor":12.0},{"not_picked":["bronze:DelayedSlice","bronze:ThunderWave"],"picked":"bronze:Return","floor":13.0},{"not_picked":["bronze:Philosophize","bronze:Repulsor"],"picked":"bronze:DelayedSlice","floor":15.0},{"not_picked":["bronze:FindAndReplace","bronze:AlphaBuild"],"picked":"bronze:Library","floor":16.0},{"not_picked":["bronze:Overheat","bronze:Branch"],"picked":"bronze:FineTuning","floor":17.0},{"not_picked":["bronze:Overload+1","bronze:Turbo"],"picked":"bronze:Deprecate+1","floor":19.0},{"not_picked":["bronze:Overload","bronze:Constructor+1"],"picked":"bronze:Separator","floor":20.0},{"not_picked":["bronze:GetLatest+1","bronze:Constructor+1"],"picked":"bronze:DelayedSlice","floor":22.0},{"not_picked":["bronze:FindAndReplace","bronze:DelayedSlice"],"picked":"bronze:Frontload+1","floor":23.0},{"not_picked":["bronze:Deprecate","bronze:Separator"],"picked":"bronze:BugBarrage","floor":26.0},{"not_picked":["bronze:GetLatest","bronze:Overheat"],"picked":"bronze:Shield","floor":27.0},{"not_picked":["bronze:Safeguard","bronze:Turbo"],"picked":"bronze:Overheat","floor":28.0},{"not_picked":["bronze:Philosophize","bronze:Shell"],"picked":"bronze:Allocate+1","floor":29.0},{"not_picked":["bronze:BuggyMess","bronze:Iterate"],"picked":"bronze:Flail","floor":31.0},{"not_picked":["bronze:CutThrough","bronze:Separator"],"picked":"bronze:BugBarrage","floor":32.0},{"not_picked":["bronze:TinkerersToolbox","bronze:HyperBeam"],"picked":"bronze:Verify","floor":33.0},{"not_picked":["bronze:Refactor+1","bronze:GetLatest+1"],"picked":"bronze:Shield+1","floor":36.0},{"not_picked":["bronze:Constructor","bronze:ClassDefault"],"picked":"bronze:Repair","floor":37.0},{"not_picked":["bronze:OilSpill","bronze:BugBarrage"],"picked":"bronze:FineTuning+1","floor":38.0},{"not_picked":["bronze:Frontload+1","bronze:Deprecate"],"picked":"bronze:Invalidate","floor":40.0},{"not_picked":["bronze:BronzeOrb","bronze:Frontload"],"picked":"bronze:BitShift+1","floor":42.0},{"not_picked":["bronze:Separator","bronze:OilSpill+1"],"picked":"bronze:Philosophize+1","floor":43.0},{"not_picked":["Flash of Steel","Thinking Ahead"],"picked":"hubris:EnhanceAbility","floor":47.0},{"not_picked":["ReplayTheSpireMod:Trickstab","Trip"],"picked":"Dark Shackles","floor":47.0},{"not_picked":["bronze:WildBeam","bronze:Branch","bronze:DigitalCarnage"],"picked":"SKIP","floor":48}],"player_experience":1521143,"relics_obtained":[{"floor":7.0,"key":"MawBank"},{"floor":9.0,"key":"hubris:SlimyHat"},{"floor":13.0,"key":"Incense Burner"},{"floor":24.0,"key":"ReplayFunnel"},{"floor":26.0,"key":"construct:FoamFinger"},{"floor":38.0,"key":"Replay:Towering Pillar of Hats"},{"floor":41.0,"key":"Pocketwatch"},{"floor":44.0,"key":"hubris:Spice"},{"floor":48,"key":"Pantograph"}],"event_choices":[{"damage_healed":0.0,"max_hp_gain":0.0,"max_hp_loss":0.0,"gold_gain":0.0,"event_name":"betterThird:BetterScrap","player_choice":"LEAVE","floor":14.0,"gold_loss":0.0,"damage_taken":0.0,"cards_obtained":["Expertise"]},{"damage_healed":0.0,"max_hp_gain":0.0,"max_hp_loss":0.0,"gold_gain":3.0,"event_name":"betterStone:BetterStone","player_choice":"1","floor":47.0,"gold_loss":0.0,"damage_taken":0.0}],"is_beta":false,"boss_relics":[{"not_picked":["Replay:Wanted Poster","hubris:TerracottaHorce"],"picked":"Tiny House"},{"not_picked":["Busted Crown","Painkiller Herb"],"picked":"construct:WeddingRing"}],"items_purged_floors":[40],"is_endless":false,"potions_floor_spawned":[3,9,10,12,15,20,27,28,31,36,42,43,48],"ascension_level":2}}