{"host":"22ezjknwheybwqtz","time":1612249620,"event":{"mods":["BaseMod","Minty Spire (QoL Compilation)","Replay The Spire","Shop Mod","StSLib","The Cursed"],"gold_per_floor":[114,129,144,159,9,9,39,54,54,54,54,69,84,84,84,209,209,228,327,85,104,104,104,104,104],"floor_reached":24,"language":"ENG","playtime":842,"items_purged":["Defend_G"],"score":198,"play_id":"6689e913-c48f-4022-b90e-759bd1e59e3b","local_time":"20210202150700","daily_mods":["Chimera","Blue Cards","Binary"],"is_ascension_mode":false,"campfire_choices":[{"data":"Rip and Tear","floor":6,"key":"SMITH"},{"data":"Sweeping Beam","floor":10,"key":"SMITH"},{"data":"Thunderclap","floor":15,"key":"SMITH"},{"floor":23,"key":"REST"}],"circlet_count":0,"master_deck":["Bash","Survivor","Zap","Eruption","Strike_R","Strike_G","Strike_B","Defend_R","Defend_P","Thunderclap+1","Shrug It Off","Sweeping Beam+1","Rip and Tear+1","Leap","ReplayTheSpireMod:Stacked","Melter","Havoc","Injury","Reaper","Midas Touch","Shrug It Off"],"relics":["Burning Blood","Happy Flower","Bottled Flame","Ornamental Fan","Bloody Idol","SlaversCollar"],"acts_visited":["Exordium","TheCity"],"potions_floor_usage":[16],"damage_taken":[{"damage":2,"enemies":"Cultist","floor":1,"turns":4},{"damage":10,"enemies":"Small Slimes","floor":2,"turns":3},{"damage":14,"enemies":"2 Louse","floor":3,"turns":3},{"damage":16,"enemies":"Blue Slaver","floor":4,"turns":5},{"damage":17,"enemies":"Lagavulin","floor":7,"turns":6},{"damage":5,"enemies":"Looter","floor":8,"turns":3},{"damage":0,"enemies":"Exordium Thugs","floor":12,"turns":4},{"damage":7,"enemies":"Exordium Wildlife","floor":13,"turns":3},{"damage":45,"enemies":"Hexaghost","floor":16,"turns":8},{"damage":49,"enemies":"Shell Parasite","floor":18,"turns":6},{"damage":24,"enemies":"3 Byrds","floor":21,"turns":3},{"damage":81,"enemies":"Snecko","floor":24,"turns":4}],"seed_played":"-9070903199233054170","potions_obtained":[{"floor":1,"key":"Reflective Coating"},{"floor":7,"key":"SpeedPotion"},{"floor":18,"key":"Fire Potion"}],"is_trial":false,"path_per_floor":["M","M","M","M","$","R","E","M","T","R","$","M","M","?","R","B",null,"M","?","$","M","?","R","M"],"character_chosen":"IRONCLAD","items_purchased":["Happy Flower","Midas Touch"],"campfire_rested":1,"item_purchase_floors":[5,20],"current_hp_per_floor":[80,76,68,58,58,58,47,48,48,48,48,54,53,53,53,14,80,37,37,37,19,19,43,0,0],"gold":104,"neow_bonus":"","is_daily":true,"chose_seed":false,"campfire_upgraded":3,"win_rate":0.0,"timestamp":1612249620,"path_taken":["M","M","?","M","$","R","E","M","T","R","$","M","M","?","R","BOSS","M","?","$","M","?","R","M"],"items_purchased_type":["Relic","Card"],"build_version":"2020-12-22","purchased_purges":1,"victory":false,"max_hp_per_floor":[80,80,80,80,80,80,80,80,80,80,80,80,80,80,80,80,80,80,80,80,80,80,80,80,80],"card_choices":[{"not_picked":["Pummel"],"picked":"Thunderclap","floor":1},{"not_picked":["Headbutt"],"picked":"Shrug It Off","floor":2},{"not_picked":["Heavy Blade"],"picked":"Sweeping Beam","floor":3},{"not_picked":["Clothesline"],"picked":"Rip and Tear","floor":4},{"not_picked":["Stack"],"picked":"Leap","floor":7},{"not_picked":["ReplayTheSpireMod:GoodbyeWorld"],"picked":"ReplayTheSpireMod:Stacked","floor":8},{"not_picked":["Auto Shields"],"picked":"Melter","floor":12},{"not_picked":["Iron Wave"],"picked":"Havoc","floor":13},{"not_picked":["Bludgeon"],"picked":"Reaper","floor":16},{"not_picked":["Flex","BasicCrystalCard"],"picked":"SKIP","floor":18},{"not_picked":["Panic Button"],"picked":"Shrug It Off","floor":21}],"player_experience":78596,"relics_obtained":[{"floor":7,"key":"Bottled Flame"},{"floor":9,"key":"Ornamental Fan"}],"event_choices":[{"damage_healed":0,"gold_gain":0,"player_choice":"Take Wound","damage_taken":0,"relics_obtained":["Golden Idol"],"max_hp_gain":0,"max_hp_loss":0,"event_name":"Golden Idol","floor":14,"gold_loss":0,"cards_obtained":["Injury"]},{"damage_healed":0,"gold_gain":99,"player_choice":"Stole From Cult","damage_taken":0,"max_hp_gain":0,"max_hp_loss":0,"event_name":"Nest","floor":19,"gold_loss":0},{"damage_healed":0,"gold_gain":0,"player_choice":"Gave Idol","damage_taken":0,"relics_obtained":["Bloody Idol"],"max_hp_gain":0,"max_hp_loss":0,"event_name":"Forgotten Altar","floor":22,"relics_lost":["Golden Idol"],"gold_loss":0}],"is_beta":false,"boss_relics":[{"not_picked":["Sozu","Runic Cube"],"picked":"SlaversCollar"}],"items_purged_floors":[20],"is_endless":false,"potions_floor_spawned":[1,7,18],"killed_by":"Snecko","ascension_level":0}}