{"host":"8lno9xwgef3sjccz","time":1612299690,"event":{"mods":["AchievementEnabler","BaseMod","Minty Spire (QoL Compilation)","Relic Stats"],"gold_per_floor":[115,128,3,22,22,68,50,90,128,140,186,208,246,277,289,404,466,489,515,540,68,68,68,103,103,103,28,43,43,43,43,43],"floor_reached":31,"language":"ENG","playtime":1673,"items_purged":["Strike_R","Strike_R"],"score":435,"play_id":"4de17dce-5b6e-4715-8a3d-7ec16cea2e6f","local_time":"20210202160130","is_ascension_mode":true,"campfire_choices":[{"data":"Juggernaut","floor":10,"key":"SMITH"},{"data":"Feed","floor":15,"key":"SMITH"},{"floor":23,"key":"REST"},{"data":"Armaments","floor":25,"key":"SMITH"},{"data":"Shrug It Off","floor":29,"key":"SMITH"}],"circlet_count":0,"master_deck":["Strike_R+1","Defend_R","Defend_R","Defend_R","Defend_R","Bash","Sword Boomerang+1","Juggernaut+1","Shrug It Off+1","Iron Wave","Shrug It Off","Cleave+1","Iron Wave","Rage","Spot Weakness","Feed+1","True Grit","Reaper","Armaments+1","Battle Trance","True Grit+1","Combust","Inflame","Entrench+1"],"relics":["Burning Blood","MawBank","Art of War","Whetstone","Vajra","Regal Pillow","Strawberry","Tiny House","Pear","Mummified Hand","Blood Vial","Gremlin Horn"],"acts_visited":["Exordium","TheCity"],"potions_floor_usage":[7,13,13,18,20,20,31],"damage_taken":[{"damage":1,"enemies":"Cultist","floor":1,"turns":3},{"damage":6,"enemies":"2 Louse","floor":2,"turns":3},{"damage":7,"enemies":"Small Slimes","floor":4,"turns":4},{"damage":28,"enemies":"Gremlin Nob","floor":6,"turns":5},{"damage":3,"enemies":"Looter","floor":7,"turns":4},{"damage":14,"enemies":"Lagavulin","floor":8,"turns":7},{"damage":14,"enemies":"Gremlin Nob","floor":11,"turns":4},{"damage":9,"enemies":"Red Slaver","floor":12,"turns":3},{"damage":0,"enemies":"3 Sentries","floor":13,"turns":5},{"damage":8,"enemies":"Blue Slaver","floor":14,"turns":5},{"damage":25,"enemies":"Slime Boss","floor":16,"turns":9},{"damage":18,"enemies":"3 Byrds","floor":18,"turns":5},{"damage":52,"enemies":"Spheric Guardian","floor":19,"turns":8},{"damage":33,"enemies":"Snake Plant","floor":20,"turns":5},{"damage":54,"enemies":"Slavers","floor":24,"turns":5},{"damage":31,"enemies":"Chosen and Byrds","floor":28,"turns":6},{"damage":47,"enemies":"Gremlin Leader","floor":31,"turns":4}],"seed_played":"-8241917462868245916","potions_obtained":[{"floor":4,"key":"SneckoOil"},{"floor":6,"key":"SpeedPotion"},{"floor":8,"key":"BlessingOfTheForge"},{"floor":12,"key":"SkillPotion"},{"floor":14,"key":"AttackPotion"},{"floor":17,"key":"Fruit Juice"},{"floor":18,"key":"Strength Potion"},{"floor":20,"key":"SmokeBomb"}],"is_trial":false,"path_per_floor":["M","M","$","M","?","E","M","E","T","R","E","M","E","M","R","B",null,"M","M","M","$","?","R","E","R","T","?","M","R","?","E"],"character_chosen":"IRONCLAD","items_purchased":["Shrug It Off","Pear","Combust","GamblersBrew"],"campfire_rested":1,"item_purchase_floors":[3,21,21,21],"current_hp_per_floor":[88,88,88,87,75,53,56,48,48,48,40,37,50,51,51,36,91,94,52,30,40,40,94,61,61,61,61,45,45,45,0,0],"gold":43,"neow_bonus":"TEN_PERCENT_HP_BONUS","is_daily":false,"chose_seed":false,"campfire_upgraded":4,"win_rate":0.0,"timestamp":1612299690,"path_taken":["M","M","$","M","?","E","M","E","T","R","E","M","E","M","R","BOSS","M","M","M","$","?","R","E","R","T","?","M","R","?","E"],"items_purchased_type":["Card","Relic","Card","Potion"],"build_version":"2020-12-22","purchased_purges":2,"victory":false,"max_hp_per_floor":[88,88,88,88,88,88,88,88,88,88,88,88,95,98,98,102,107,116,120,120,130,130,130,130,130,130,130,130,130,130,130,130],"relic_stats":{"Blood Vial":4,"Regal Pillow":15,"Gremlin Horn":[3,3],"counters":[17,85],"Mummified Hand":[6],"Art of War":[14],"Whetstone":["Strike_R","Sword Boomerang"],"MawBank":192,"obtain_stats":[{"Blood Vial":24,"Regal Pillow":11,"Tiny House":17,"Pear":21,"Gremlin Horn":26,"Mummified Hand":22,"Strawberry":13,"Vajra":9,"Art of War":6,"Whetstone":8,"MawBank":5,"Burning Blood":0},{"Blood Vial":15,"Regal Pillow":7,"Tiny House":11,"Pear":14,"Gremlin Horn":15,"Mummified Hand":14,"Strawberry":9,"Vajra":6,"Art of War":4,"Whetstone":6,"MawBank":3,"Burning Blood":0},{"Blood Vial":75,"Regal Pillow":30,"Tiny House":52,"Pear":70,"Gremlin Horn":75,"Mummified Hand":70,"Strawberry":38,"Vajra":26,"Art of War":15,"Whetstone":26,"MawBank":10,"Burning Blood":0}],"Burning Blood":91},"card_choices":[{"not_picked":["Perfected Strike","Twin Strike"],"picked":"Sword Boomerang","floor":1},{"not_picked":["Pommel Strike","Bloodletting"],"picked":"Juggernaut","floor":2},{"not_picked":["Wild Strike","Sever Soul"],"picked":"Iron Wave","floor":4},{"not_picked":["Flex","Wild Strike"],"picked":"Shrug It Off","floor":6},{"not_picked":["Hemokinesis","Bloodletting"],"picked":"Cleave","floor":7},{"not_picked":["Whirlwind","Seeing Red"],"picked":"Iron Wave","floor":8},{"not_picked":["Dropkick","Sword Boomerang"],"picked":"Rage","floor":11},{"not_picked":["Intimidate","Pummel"],"picked":"Spot Weakness","floor":12},{"not_picked":["Evolve","Anger"],"picked":"Feed","floor":13},{"not_picked":["Pummel","Headbutt"],"picked":"True Grit","floor":14},{"not_picked":["Demon Form","Berserk"],"picked":"Reaper","floor":16},{"not_picked":["Flame Barrier","Wild Strike"],"picked":"Armaments","floor":18},{"not_picked":["Hemokinesis+1","Sword Boomerang"],"picked":"Battle Trance","floor":19},{"not_picked":["Rage","Warcry"],"picked":"True Grit+1","floor":20},{"not_picked":["Rampage","Flex"],"picked":"Inflame","floor":24},{"not_picked":["Feel No Pain+1","Shockwave+1"],"picked":"Entrench+1","floor":28}],"player_experience":95591,"relics_obtained":[{"floor":6,"key":"Art of War"},{"floor":8,"key":"Whetstone"},{"floor":9,"key":"Vajra"},{"floor":11,"key":"Regal Pillow"},{"floor":13,"key":"Strawberry"},{"floor":24,"key":"Blood Vial"},{"floor":26,"key":"Gremlin Horn"}],"event_choices":[{"damage_healed":0,"gold_gain":0,"player_choice":"Success","damage_taken":12,"relics_obtained":["MawBank"],"max_hp_gain":0,"max_hp_loss":0,"event_name":"Scrap Ooze","floor":5,"gold_loss":0},{"damage_healed":0,"gold_gain":0,"player_choice":"Opened","damage_taken":0,"relics_obtained":["Mummified Hand"],"max_hp_gain":0,"max_hp_loss":0,"event_name":"The Mausoleum","floor":22,"gold_loss":0},{"cards_removed":["Strike_R"],"damage_healed":0,"gold_gain":0,"player_choice":"Gave Gold","damage_taken":0,"max_hp_gain":0,"max_hp_loss":0,"event_name":"Beggar","floor":27,"gold_loss":75},{"cards_removed":["Strike_R"],"damage_healed":0,"gold_gain":0,"player_choice":"Offered Basic","damage_taken":0,"max_hp_gain":0,"max_hp_loss":0,"event_name":"Bonfire Elementals","floor":30,"gold_loss":0}],"is_beta":false,"boss_relics":[{"not_picked":["SlaversCollar","Mark of Pain"],"picked":"Tiny House"}],"items_purged_floors":[3,21],"is_endless":false,"potions_floor_spawned":[4,6,8,12,14,18,20],"killed_by":"Gremlin Leader","ascension_level":5}}