{"host":"4qkvkh7pd9qr2mca","time":1612300408,"event":{"mods":["AchievementEnabler","Act Like it!","BaseMod","Colored Map","Colored Powertips","Highlight Path","Minty Spire (QoL Compilation)","Pale of the Ancients","Permanent Neow","Quick Restart","Relic Stats","StSLib","SuperFastMode"],"gold_per_floor":[112,130,130,148,163,163,195,195,222,253,20,48,64,339,339,416,416,435,17,17,35,35,35,53,53,129,129,129,158,158,158],"floor_reached":30,"language":"ENG","playtime":1095,"items_purged":["Zap","Regret"],"score":532,"play_id":"d4195b63-99f4-4eef-8148-16584d01ea7d","local_time":"20210202221328","is_ascension_mode":true,"campfire_choices":[{"data":"Sunder","floor":6.0,"key":"SMITH"},{"floor":15.0,"key":"REST"},{"floor":23,"key":"REST"},{"data":"Buffer","floor":27,"key":"SMITH"}],"circlet_count":0,"master_deck":["AscendersBane","Reboot","Leap","Reprogram+1","Ball Lightning","Sunder+1","Reprogram","All For One","Beam Cell","Buffer+1","Lockon","Compile Driver","Self Repair","Leap","Hyperbeam","Conserve Battery","Machine Learning","Beam Cell","Sweeping Beam","Writhe","Turbo","Buffer","Chaos"],"relics":["Cracked Core","Oddly Smooth Stone","Tiny Chest","War Paint","Happy Flower","Darkstone Periapt","Pandora\u0027s Box","Membership Card","Torii","Bronze Scales","Shovel","Cables","Regal Pillow"],"acts_visited":["Exordium","TheCity"],"potions_floor_usage":[16,21,24,29],"damage_taken":[{"damage":9.0,"enemies":"Jaw Worm","floor":1.0,"turns":4.0},{"damage":1.0,"enemies":"2 Louse","floor":2.0,"turns":2.0},{"damage":0.0,"enemies":"Small Slimes","floor":4.0,"turns":3.0},{"damage":7.0,"enemies":"3 Louse","floor":5.0,"turns":3.0},{"damage":23.0,"enemies":"3 Sentries","floor":7.0,"turns":7.0},{"damage":8.0,"enemies":"Gremlin Nob","floor":10.0,"turns":3.0},{"damage":1.0,"enemies":"3 Sentries","floor":12.0,"turns":6.0},{"damage":0.0,"enemies":"Looter","floor":13.0,"turns":3.0},{"damage":40,"enemies":"Hexaghost","floor":16,"turns":13},{"damage":34,"enemies":"Spheric Guardian","floor":18,"turns":7},{"damage":8,"enemies":"2 Thieves","floor":21,"turns":4},{"damage":18,"enemies":"Snake Plant","floor":24,"turns":4},{"damage":39,"enemies":"Slavers","floor":29,"turns":5},{"damage":24,"enemies":"Cultist and Chosen","floor":30,"turns":7}],"seed_played":"6283123448584141696","potions_obtained":[{"floor":1.0,"key":"Fire Potion"},{"floor":4.0,"key":"SpeedPotion"},{"floor":5.0,"key":"BlessingOfTheForge"},{"floor":13.0,"key":"GamblersBrew"},{"floor":21,"key":"ColorlessPotion"},{"floor":24,"key":"DistilledChaos"}],"is_trial":false,"path_per_floor":["M","M","?","M","M","R","E","?","T","E","$","E","M","?","R","B",null,"M","$","?","M","$","R","M","T","T","R","?","E","M"],"character_chosen":"DEFECT","items_purchased":["Happy Flower","Membership Card","Torii","Beam Cell","Sweeping Beam"],"campfire_rested":2,"item_purchase_floors":[11,19,19,19,19],"current_hp_per_floor":[55,54,59,59,52,52,29,29,29,21,21,20,20,26,48,8,58,31,31,37,36,36,60,49,49,49,49,49,17,0,0],"gold":158,"neow_bonus":"THREE_RARE_CARDS","is_daily":false,"chose_seed":false,"campfire_upgraded":2,"win_rate":0.0,"timestamp":1612300408,"path_taken":["M","M","?","M","M","R","E","?","T","E","$","E","M","?","R","BOSS","M","?","?","M","$","R","M","?","T","R","?","E","M"],"items_purchased_type":["Relic","Relic","Relic","Card","Card"],"build_version":"2020-12-22","purchased_purges":2,"victory":false,"max_hp_per_floor":[64,64,69,69,69,69,69,69,69,69,69,69,69,75,75,75,75,75,75,81,81,81,81,81,81,81,81,81,81,81,81],"relic_stats":{"Darkstone Periapt":12,"Regal Pillow":0,"Shovel":0,"Happy Flower":[16],"Torii":3,"counters":[14,71],"Bronze Scales":[66],"Tiny Chest":1,"Pandora\u0027s Box":["Lockon","Compile Driver","Loop","Self Repair","Leap","Hyperbeam","Conserve Battery","Machine Learning"],"War Paint":["Reprogram","Defend_B"],"obtain_stats":[{"Darkstone Periapt":12,"Regal Pillow":29,"Happy Flower":11,"Torii":19,"Oddly Smooth Stone":7,"War Paint":10,"Cables":26,"Shovel":25,"Bronze Scales":20,"Tiny Chest":9,"Pandora\u0027s Box":17,"Membership Card":19,"Cracked Core":0},{"Darkstone Periapt":7,"Regal Pillow":13,"Happy Flower":6,"Torii":10,"Oddly Smooth Stone":5,"War Paint":6,"Cables":12,"Shovel":12,"Bronze Scales":10,"Tiny Chest":5,"Pandora\u0027s Box":9,"Membership Card":10,"Cracked Core":0},{"Darkstone Periapt":28,"Regal Pillow":64,"Happy Flower":22,"Torii":51,"Oddly Smooth Stone":19,"War Paint":22,"Cables":59,"Shovel":59,"Bronze Scales":51,"Tiny Chest":19,"Pandora\u0027s Box":44,"Membership Card":51,"Cracked Core":0}],"Cables":[11,11,0,0,0]},"card_choices":[{"not_picked":["Meteor Strike","Core Surge"],"picked":"Reboot","floor":0.0},{"not_picked":["Streamline","Rebound"],"picked":"Leap","floor":1.0},{"not_picked":["Auto Shields","Steam"],"picked":"Reprogram","floor":2.0},{"not_picked":["Compile Driver","Heatsinks"],"picked":"Ball Lightning","floor":4.0},{"not_picked":["Gash","Conserve Battery"],"picked":"Sunder","floor":5.0},{"not_picked":["Darkness","Cold Snap"],"picked":"Reprogram","floor":7.0},{"not_picked":["Chaos","Stack","Fusion"],"picked":"SKIP","floor":10.0},{"not_picked":["Double Energy","Chaos"],"picked":"All For One","floor":12.0},{"not_picked":["Double Energy","Rebound"],"picked":"Beam Cell","floor":13.0},{"not_picked":["Electrodynamics","Meteor Strike"],"picked":"Buffer","floor":16},{"not_picked":["Coolheaded","Darkness","Ball Lightning"],"picked":"SKIP","floor":18},{"not_picked":["Barrage","Ball Lightning"],"picked":"Turbo","floor":21},{"not_picked":["Redo","Coolheaded","Tempest+1"],"picked":"SKIP","floor":24},{"not_picked":["Compile Driver","Redo","Rip and Tear"],"picked":"SKIP","floor":29}],"player_experience":614982,"relics_obtained":[{"floor":7.0,"key":"Oddly Smooth Stone"},{"floor":9.0,"key":"Tiny Chest"},{"floor":10.0,"key":"War Paint"},{"floor":12.0,"key":"Darkstone Periapt"},{"floor":25,"key":"Shovel"},{"floor":26,"key":"Cables"},{"floor":29,"key":"Regal Pillow"}],"event_choices":[{"damage_healed":0.0,"max_hp_gain":5.0,"max_hp_loss":0.0,"gold_gain":0.0,"event_name":"Big Fish","player_choice":"Donut","floor":3.0,"gold_loss":0.0,"damage_taken":0.0},{"damage_healed":0.0,"max_hp_gain":0.0,"max_hp_loss":0.0,"gold_gain":0.0,"event_name":"Liars Game","player_choice":"Ignored","floor":8.0,"gold_loss":0.0,"damage_taken":0.0},{"damage_healed":0.0,"max_hp_gain":0.0,"max_hp_loss":0.0,"gold_gain":275.0,"event_name":"Golden Shrine","player_choice":"Desecrate","floor":14.0,"gold_loss":0.0,"damage_taken":0.0,"cards_obtained":["Regret"]},{"damage_healed":0,"gold_gain":0,"player_choice":"Opened","damage_taken":0,"relics_obtained":["Bronze Scales"],"max_hp_gain":0,"max_hp_loss":0,"event_name":"The Mausoleum","floor":20,"gold_loss":0,"cards_obtained":["Writhe"]},{"damage_healed":0,"gold_gain":0,"cards_transformed":["Dualcast","Loop"],"player_choice":"Became Test Subject","damage_taken":0,"max_hp_gain":0,"max_hp_loss":0,"event_name":"Drug Dealer","floor":28,"gold_loss":0,"cards_obtained":["Buffer","Chaos"]}],"is_beta":false,"boss_relics":[{"not_picked":["Runic Pyramid","Astrolabe"],"picked":"Pandora\u0027s Box"}],"items_purged_floors":[11,19],"is_endless":false,"potions_floor_spawned":[1,4,5,13,21,24],"killed_by":"Cultist and Chosen","ascension_level":20}}