{"host":"11728qvdvolffudn","time":1612264532,"event":{"mods":["BaseMod","Block Reminder","Colored Powertips","Curses Come First","Custom Start","Displayed Cursed Tome","Highlight Path","Minty Spire (QoL Compilation)","Permanent Neow","Quick Restart","Rare Cards Sparkle","Relic Stats","StSLib"],"gold_per_floor":[117,117,133,54,65,65,93,93,164,182,152,177,194,223,223,319,319,289,289,289],"floor_reached":19,"language":"ENG","playtime":635,"items_purged":[],"score":195,"play_id":"cd982e11-823c-4466-a5f5-094e529e10fb","local_time":"20210202111532","is_ascension_mode":true,"campfire_choices":[{"data":"Flex","floor":6,"key":"SMITH"},{"data":"Feed","floor":8,"key":"SMITH"},{"data":"Rampage","floor":15,"key":"SMITH"}],"circlet_count":0,"master_deck":["Strike_R","Strike_R","Strike_R+1","Strike_R","Strike_R","Defend_R+1","Defend_R","Defend_R","Defend_R","Bash+1","Cleave","Flex+1","Rampage+1","Flex","Feed+1","Shrug It Off"],"relics":["Burning Blood","Whetstone","Lantern","Meat on the Bone","Bottled Flame","Odd Mushroom"],"acts_visited":["Exordium","TheCity"],"potions_floor_usage":[12,14,16],"damage_taken":[{"damage":0,"enemies":"Small Slimes","floor":1,"turns":3},{"damage":0,"enemies":"Jaw Worm","floor":3,"turns":3},{"damage":0,"enemies":"Cultist","floor":5,"turns":3},{"damage":23,"enemies":"Gremlin Nob","floor":7,"turns":4},{"damage":9,"enemies":"2 Fungi Beasts","floor":10,"turns":3},{"damage":24,"enemies":"Lagavulin","floor":12,"turns":6},{"damage":10,"enemies":"Large Slime","floor":13,"turns":2},{"damage":4,"enemies":"The Mushroom Lair","floor":14,"turns":2},{"damage":41,"enemies":"Hexaghost","floor":16,"turns":9},{"damage":31,"enemies":"2 Thieves","floor":18,"turns":5},{"damage":0,"enemies":"3 Byrds","floor":19,"turns":2}],"seed_played":"8118289521714333179","potions_obtained":[{"floor":5,"key":"SteroidPotion"},{"floor":11,"key":"Explosive Potion"},{"floor":11,"key":"EssenceOfSteel"},{"floor":12,"key":"SkillPotion"},{"floor":14,"key":"SneckoOil"}],"is_trial":false,"path_per_floor":["M","?","M","$","M","R","E","R","T","M","?","E","M","?","R","B",null,"M","M"],"character_chosen":"IRONCLAD","items_purchased":["Rampage"],"campfire_rested":0,"item_purchase_floors":[4],"current_hp_per_floor":[80,80,80,80,80,80,63,63,63,64,64,58,54,60,60,37,88,67,67,67],"gold":289,"neow_bonus":"RANDOM_COMMON_RELIC","is_daily":false,"chose_seed":false,"campfire_upgraded":3,"win_rate":0.0,"timestamp":1612264532,"path_taken":["M","?","M","$","M","R","E","R","T","M","?","E","?","?","R","BOSS","M","M"],"items_purchased_type":["Card"],"build_version":"2020-12-22","purchased_purges":0,"victory":false,"max_hp_per_floor":[80,80,80,80,80,80,80,80,80,84,84,84,84,88,88,88,88,92,92,92],"relic_stats":{"counters":[11,42],"Whetstone":["Strike_R","Bash"],"obtain_stats":[{"Lantern":7,"Bottled Flame":12,"Whetstone":0,"Odd Mushroom":14,"Burning Blood":0,"Meat on the Bone":9},{"Lantern":4,"Bottled Flame":6,"Whetstone":0,"Odd Mushroom":8,"Burning Blood":0,"Meat on the Bone":4},{"Lantern":13,"Bottled Flame":22,"Whetstone":0,"Odd Mushroom":26,"Burning Blood":0,"Meat on the Bone":13}],"Burning Blood":42,"Meat on the Bone":24},"card_choices":[{"not_picked":["Headbutt","Heavy Blade"],"picked":"Cleave","floor":1},{"not_picked":["Reckless Charge","Sword Boomerang"],"picked":"Flex","floor":3},{"not_picked":["Warcry","Sentinel"],"picked":"Flex","floor":5},{"not_picked":["Burning Pact","Barricade"],"picked":"Feed","floor":7},{"not_picked":["Metallicize","Warcry"],"picked":"Shrug It Off","floor":10},{"not_picked":["Sentinel","Shockwave","Power Through"],"picked":"SKIP","floor":12},{"not_picked":["Heavy Blade","Headbutt","Iron Wave"],"picked":"SKIP","floor":13},{"not_picked":["True Grit","Thunderclap","Clothesline"],"picked":"SKIP","floor":18}],"player_experience":170020,"relics_obtained":[{"floor":7,"key":"Lantern"},{"floor":9,"key":"Meat on the Bone"},{"floor":12,"key":"Bottled Flame"},{"floor":14,"key":"Odd Mushroom"}],"event_choices":[{"damage_healed":0,"gold_gain":0,"player_choice":"Grow","damage_taken":0,"max_hp_gain":0,"max_hp_loss":0,"event_name":"Living Wall","floor":2,"gold_loss":0,"cards_upgraded":["Defend_R"]},{"damage_healed":0,"gold_gain":0,"player_choice":"Bought 2 Potions","damage_taken":0,"max_hp_gain":0,"max_hp_loss":0,"event_name":"The Woman in Blue","floor":11,"gold_loss":0},{"damage_healed":0,"gold_gain":0,"player_choice":"Fought Mushrooms","damage_taken":0,"max_hp_gain":0,"max_hp_loss":0,"event_name":"Mushrooms","floor":14,"gold_loss":0}],"is_beta":false,"boss_relics":[{"not_picked":["Mark of Pain","Ectoplasm","Sozu"]}],"items_purged_floors":[],"is_endless":false,"potions_floor_spawned":[5,12,14],"killed_by":"3 Byrds","ascension_level":2}}