{"host":"z5bn7jsck728mmiq","time":1612225286,"event":{"mods":["BaseMod","Bestiary","DeckTracker","Minty Spire (QoL Compilation)","StSLib"],"gold_per_floor":[115,130,130,95,115,115,28,28,28,28,28,49,49,72,72,193,193,206,206,57,75,75,75,75,115,139,169,169,192,221,61,61,61,61],"floor_reached":33,"language":"ENG","playtime":1805,"items_purged":["Defend_P"],"score":255,"play_id":"19741e44-d9f5-4ff4-86a8-3201d6d081b2","local_time":"20210201162126","is_ascension_mode":false,"campfire_choices":[{"data":"Eruption","floor":6,"key":"SMITH"},{"data":"Sanctity","floor":8,"key":"SMITH"},{"data":"Halt","floor":13,"key":"SMITH"},{"floor":15,"key":"REST"},{"data":"BattleHymn","floor":28,"key":"SMITH"},{"floor":32,"key":"REST"}],"circlet_count":0,"master_deck":["Strike_P","Strike_P","Strike_P","Defend_P","Defend_P","Defend_P","Eruption+1","Vigilance","Halt+1","EmptyFist","Evaluate","Sanctity+1","FlurryOfBlows","BattleHymn+1","Protect+1","Omniscience+1","TalkToTheHand+1","DeceiveReality+1","Swivel+1","Vengeance+1","Swivel+1","InnerPeace+1","SignatureMove+1","EmptyFist","Halt+1"],"relics":["PureWater","Golden Idol","Toxic Egg 2","Boot","Shuriken","Sozu","Tiny Chest","Ice Cream","CeramicFish","Strange Spoon"],"acts_visited":["Exordium","TheCity"],"potions_floor_usage":[16,16],"damage_taken":[{"damage":14,"enemies":"Small Slimes","floor":1,"turns":3},{"damage":12,"enemies":"2 Louse","floor":2,"turns":3},{"damage":0,"enemies":"Jaw Worm","floor":5,"turns":3},{"damage":3,"enemies":"Large Slime","floor":12,"turns":6},{"damage":6,"enemies":"Looter","floor":14,"turns":3},{"damage":52,"enemies":"The Guardian","floor":16,"turns":11},{"damage":0,"enemies":"Spheric Guardian","floor":18,"turns":3},{"damage":0,"enemies":"Shell Parasite","floor":21,"turns":4},{"damage":22,"enemies":"Book of Stabbing","floor":25,"turns":7},{"damage":1,"enemies":"Centurion and Healer","floor":27,"turns":4},{"damage":0,"enemies":"Snecko","floor":29,"turns":4},{"damage":54,"enemies":"Shelled Parasite and Fungi","floor":30,"turns":4},{"damage":113,"enemies":"Automaton","floor":33,"turns":6}],"seed_played":"5112970926560019427","potions_obtained":[{"floor":2,"key":"SteroidPotion"},{"floor":14,"key":"Explosive Potion"}],"is_trial":false,"path_per_floor":["M","M","?","?","M","R","$","R","T","?","T","M","R","M","R","B",null,"M","?","$","M","?","?","T","E","T","M","R","M","M","$","R","B"],"character_chosen":"WATCHER","items_purchased":["Sanctity","FlurryOfBlows","DeceiveReality+1","Halt+1","Strange Spoon"],"campfire_rested":2,"item_purchase_floors":[7,7,20,31,31],"current_hp_per_floor":[65,53,34,53,53,53,53,53,53,50,50,47,47,41,64,12,79,79,79,79,79,79,79,79,57,57,56,56,56,2,2,25,0,0],"gold":61,"neow_bonus":"TEN_PERCENT_HP_BONUS","is_daily":false,"chose_seed":false,"campfire_upgraded":4,"win_rate":0.0,"timestamp":1612225286,"path_taken":["M","M","?","?","M","R","?","R","T","?","?","M","R","M","R","BOSS","M","?","$","M","?","?","?","E","T","M","R","M","?","?","R","BOSS"],"items_purchased_type":["Card","Card","Card","Card","Relic"],"build_version":"2020-12-22","purchased_purges":1,"victory":false,"max_hp_per_floor":[79,79,79,79,79,79,79,79,79,79,79,79,79,79,79,79,79,79,79,79,79,79,79,79,79,79,79,79,79,79,79,79,79,79],"card_choices":[{"not_picked":["JustLucky","CutThroughFate"],"picked":"Halt","floor":1},{"not_picked":["FlyingSleeves","InnerPeace"],"picked":"EmptyFist","floor":2},{"not_picked":["Meditate","Wireheading"],"picked":"Evaluate","floor":5},{"not_picked":["SashWhip","JustLucky"],"picked":"BattleHymn","floor":12},{"not_picked":["Devotion","FollowUp"],"picked":"Protect+1","floor":14},{"not_picked":["Brilliance","MasterReality"],"picked":"Omniscience+1","floor":16},{"not_picked":["ForeignInfluence+1","Crescendo+1"],"picked":"TalkToTheHand+1","floor":18},{"not_picked":["ClearTheMind+1","FollowUp"],"picked":"Swivel+1","floor":21},{"not_picked":["CarveReality","FollowUp"],"picked":"Swivel+1","floor":25},{"not_picked":["Protect+1","JustLucky"],"picked":"InnerPeace+1","floor":27},{"not_picked":["FlurryOfBlows","Halt+1"],"picked":"SignatureMove+1","floor":29},{"not_picked":["Protect+1","CrushJoints+1"],"picked":"EmptyFist","floor":30}],"player_experience":93868,"relics_obtained":[{"floor":9,"key":"Toxic Egg 2"},{"floor":11,"key":"Shuriken"},{"floor":24,"key":"Tiny Chest"},{"floor":25,"key":"Ice Cream"},{"floor":26,"key":"CeramicFish"}],"event_choices":[{"damage_healed":0,"gold_gain":0,"player_choice":"Take Damage","damage_taken":19,"relics_obtained":["Golden Idol"],"max_hp_gain":0,"max_hp_loss":0,"event_name":"Golden Idol","floor":3,"gold_loss":0},{"damage_healed":19,"gold_gain":0,"player_choice":"Healed","damage_taken":0,"max_hp_gain":0,"max_hp_loss":0,"event_name":"The Cleric","floor":4,"gold_loss":35},{"damage_healed":0,"gold_gain":0,"player_choice":"Success","damage_taken":3,"relics_obtained":["Boot"],"max_hp_gain":0,"max_hp_loss":0,"event_name":"Scrap Ooze","floor":10,"gold_loss":0},{"cards_removed":["Strike_P"],"damage_healed":0,"gold_gain":0,"player_choice":"Elegance","damage_taken":0,"max_hp_gain":0,"max_hp_loss":0,"event_name":"Back to Basics","floor":19,"gold_loss":0},{"damage_healed":0,"gold_gain":0,"player_choice":"Read","damage_taken":0,"max_hp_gain":0,"max_hp_loss":0,"event_name":"The Library","floor":22,"gold_loss":0,"cards_obtained":["Vengeance"]},{"damage_healed":0,"gold_gain":0,"player_choice":"Ignored","damage_taken":0,"max_hp_gain":0,"max_hp_loss":0,"event_name":"Ghosts","floor":23,"gold_loss":0}],"is_beta":false,"boss_relics":[{"not_picked":["Fusion Hammer","Tiny House"],"picked":"Sozu"}],"items_purged_floors":[20],"is_endless":false,"potions_floor_spawned":[2,14,21,27],"killed_by":"Automaton","ascension_level":0}}