{"host":"c3lc60y5x60jlt1y","time":1612263299,"event":{"mods":["AchievementEnabler","BaseMod","Bestiary","Colored Map","Minty Spire (QoL Compilation)","Quick Restart","StSLib","ojb\u0027s Info Mod"],"gold_per_floor":[109,109,109,129,143,183,183,208,233,233,308,308,344,364,364,457,457,471,489,55,73,30,64,78,78,78,78,78],"floor_reached":27,"language":"ENG","playtime":14249,"items_purged":["Defend_P"],"score":536,"play_id":"50248e52-681c-4c64-abbc-ec85c78aa979","local_time":"20210202125459","is_ascension_mode":true,"campfire_choices":[{"floor":7,"key":"REST"},{"floor":15,"key":"RECALL"},{"floor":25,"key":"REST"}],"circlet_count":0,"master_deck":["AscendersBane","Strike_P","Strike_P","Strike_P","Defend_P","Defend_P","Eruption+1","Vigilance","FlyingSleeves","Adaptation","BowlingBash","CrushJoints","BattleHymn","FlurryOfBlows","Meditate","Vault","JustLucky+1","Wireheading","Apotheosis","InnerPeace","Dramatic Entrance","Scrawl","Weave","TalkToTheHand"],"relics":["Fusion Hammer","Golden Idol","Nunchaku","Oddly Smooth Stone","Strawberry","Dead Branch","Empty Cage","Regal Pillow","Bottled Flame"],"acts_visited":["Exordium","TheCity"],"potions_floor_usage":[16,24,27],"damage_taken":[{"damage":0.0,"enemies":"2 Louse","floor":1.0,"turns":5.0},{"damage":0,"enemies":"Small Slimes","floor":4,"turns":2},{"damage":0,"enemies":"Cultist","floor":5,"turns":4},{"damage":16,"enemies":"Gremlin Nob","floor":6,"turns":3},{"damage":6,"enemies":"Lots of Slimes","floor":8,"turns":4},{"damage":7,"enemies":"Lagavulin","floor":13,"turns":7},{"damage":0,"enemies":"Blue Slaver","floor":14,"turns":3},{"damage":42,"enemies":"Hexaghost","floor":16,"turns":8},{"damage":16,"enemies":"2 Thieves","floor":18,"turns":3},{"damage":19,"enemies":"Shell Parasite","floor":19,"turns":4},{"damage":8,"enemies":"Snecko","floor":21,"turns":3},{"damage":0,"enemies":"Gremlin Leader","floor":23,"turns":4},{"damage":0,"enemies":"Sentry and Sphere","floor":24,"turns":2},{"damage":49,"enemies":"Slavers","floor":27,"turns":4}],"seed_played":"6845632238473033725","potions_obtained":[{"floor":5,"key":"DistilledChaos"},{"floor":6,"key":"SneckoOil"},{"floor":8,"key":"Ambrosia"},{"floor":16,"key":"Weak Potion"},{"floor":19,"key":"LiquidBronze"}],"is_trial":false,"path_per_floor":["M","?","?","M","M","E","R","M","T","?","?","?","E","M","R","B",null,"M","M","$","M","$","E","M","R","T","E"],"character_chosen":"WATCHER","items_purchased":["Apotheosis","InnerPeace","Dramatic Entrance","Weave"],"campfire_rested":2,"item_purchase_floors":[20,20,20,22],"current_hp_per_floor":[61,61,61,61,61,45,62,56,56,63,52,52,45,45,45,3,53,37,18,18,10,10,10,10,45,45,0,0],"gold":78,"neow_bonus":"BOSS_RELIC","is_daily":false,"chose_seed":false,"campfire_upgraded":0,"win_rate":0.0,"timestamp":1612263299,"path_taken":["M","?","?","M","M","E","R","M","T","?","?","?","E","M","R","BOSS","M","?","$","M","$","E","M","R","T","E"],"items_purchased_type":["Card","Card","Card","Card"],"build_version":"2020-12-22","purchased_purges":1,"victory":false,"max_hp_per_floor":[68,62,62,62,62,62,62,62,62,69,69,69,69,69,69,69,69,69,69,69,69,69,69,69,69,69,69,69],"card_choices":[{"not_picked":["ThirdEye","Worship"],"picked":"FlyingSleeves","floor":1.0},{"not_picked":["ClearTheMind","ThirdEye"],"picked":"Adaptation","floor":4},{"not_picked":["CutThroughFate","PathToVictory"],"picked":"BowlingBash","floor":5},{"not_picked":["SandsOfTime","FlyingSleeves"],"picked":"CrushJoints","floor":6},{"not_picked":["Crescendo","EmptyBody"],"picked":"BattleHymn","floor":8},{"not_picked":["Brilliance","Protect"],"picked":"FlurryOfBlows","floor":13},{"not_picked":["Wallop","InnerPeace"],"picked":"Meditate","floor":14},{"not_picked":["Omniscience","Alpha"],"picked":"Vault","floor":16},{"not_picked":["ThirdEye","CrushJoints"],"picked":"JustLucky+1","floor":18},{"not_picked":["FlyingSleeves","Crescendo"],"picked":"Wireheading","floor":19},{"not_picked":["Prostrate","FlurryOfBlows"],"picked":"Scrawl","floor":21},{"not_picked":["FearNoEvil","Weave"],"picked":"TalkToTheHand","floor":23},{"not_picked":["CrushJoints","ThirdEye","BowlingBash"],"picked":"SKIP","floor":24}],"player_experience":8909488,"relics_obtained":[{"floor":6,"key":"Nunchaku"},{"floor":9,"key":"Oddly Smooth Stone"},{"floor":13,"key":"Dead Branch"},{"floor":23,"key":"Regal Pillow"},{"floor":26,"key":"Bottled Flame"}],"event_choices":[{"damage_healed":0.0,"max_hp_gain":0.0,"max_hp_loss":6.0,"gold_gain":0.0,"event_name":"Golden Idol","player_choice":"Lose Max HP","floor":2.0,"gold_loss":0.0,"damage_taken":0.0,"relics_obtained":["Golden Idol"]},{"damage_healed":0.0,"max_hp_gain":0.0,"max_hp_loss":0.0,"gold_gain":0.0,"event_name":"Liars Game","player_choice":"Ignored","floor":3.0,"gold_loss":0.0,"damage_taken":0.0},{"damage_healed":0,"gold_gain":0,"player_choice":"Searched \u00271\u0027 times","damage_taken":0,"relics_obtained":["Strawberry"],"max_hp_gain":0,"max_hp_loss":0,"event_name":"Dead Adventurer","floor":10,"gold_loss":0},{"damage_healed":0,"gold_gain":75,"player_choice":"Gather Gold","damage_taken":11,"max_hp_gain":0,"max_hp_loss":0,"event_name":"World of Goop","floor":11,"gold_loss":0},{"damage_healed":0,"gold_gain":0,"player_choice":"Upgraded","damage_taken":0,"max_hp_gain":0,"max_hp_loss":0,"event_name":"Upgrade Shrine","floor":12,"gold_loss":0,"cards_upgraded":["Eruption"]}],"is_beta":false,"boss_relics":[{"not_picked":["Sozu","Runic Pyramid"],"picked":"Empty Cage"}],"items_purged_floors":[20],"is_endless":false,"potions_floor_spawned":[5,6,8,16,19,23],"killed_by":"Slavers","ascension_level":20}}