{"host":"bf5upntvbdompq33","time":1612227282,"event":{"mods":["BaseMod","Colored Map","Colored Powertips","Curses Come First","Minty Spire (QoL Compilation)","StSLib"],"gold_per_floor":[113,123,134,153,170,205,235,247,247],"floor_reached":8,"language":"ENG","playtime":484,"items_purged":[],"score":105,"play_id":"788211f9-6fbe-41e9-9201-df986fef445d","local_time":"20210201175442","is_ascension_mode":true,"campfire_choices":[],"circlet_count":0,"master_deck":["AscendersBane","Strike_R","Strike_R","Strike_R","Strike_R","Strike_R","Defend_R","Defend_R","Defend_R","Defend_R","Bash","Power Through","Iron Wave","Shrug It Off","Fiend Fire","Inflame","Bloodletting","Wild Strike"],"relics":["Burning Blood","NeowsBlessing","MawBank"],"acts_visited":["Exordium"],"potions_floor_usage":[4,6],"damage_taken":[{"damage":0,"enemies":"Cultist","floor":1,"turns":1},{"damage":0,"enemies":"2 Louse","floor":2,"turns":1},{"damage":0,"enemies":"Jaw Worm","floor":3,"turns":1},{"damage":13,"enemies":"3 Louse","floor":4,"turns":6},{"damage":14,"enemies":"Large Slime","floor":5,"turns":7},{"damage":22,"enemies":"Lagavulin","floor":6,"turns":6},{"damage":30,"enemies":"Lots of Slimes","floor":7,"turns":6},{"damage":23,"enemies":"3 Sentries","floor":8,"turns":2}],"seed_played":"3504293684517226093","potions_obtained":[{"floor":1,"key":"Fire Potion"},{"floor":4,"key":"Ancient Potion"},{"floor":5,"key":"CultistPotion"},{"floor":7,"key":"Energy Potion"}],"is_trial":false,"path_per_floor":["M","M","M","M","M","E","M","E"],"character_chosen":"IRONCLAD","items_purchased":[],"campfire_rested":0,"item_purchase_floors":[],"current_hp_per_floor":[74,75,75,68,60,44,20,0,0],"gold":247,"neow_bonus":"THREE_ENEMY_KILL","is_daily":false,"chose_seed":false,"campfire_upgraded":0,"win_rate":0.0,"timestamp":1612227282,"path_taken":["M","M","M","M","M","E","M","E"],"items_purchased_type":[],"build_version":"2020-12-22","purchased_purges":0,"victory":false,"max_hp_per_floor":[75,75,75,75,75,75,75,75,75],"card_choices":[{"not_picked":["Heavy Blade","Rampage"],"picked":"Power Through","floor":1},{"not_picked":["Searing Blow","Pummel"],"picked":"Iron Wave","floor":2},{"not_picked":["Fire Breathing","Flex"],"picked":"Shrug It Off","floor":3},{"not_picked":["Sword Boomerang","Thunderclap"],"picked":"Fiend Fire","floor":4},{"not_picked":["Searing Blow","Sword Boomerang"],"picked":"Inflame","floor":5},{"not_picked":["Havoc","Exhume"],"picked":"Bloodletting","floor":6},{"not_picked":["Body Slam","Searing Blow"],"picked":"Wild Strike","floor":7}],"player_experience":1315526,"relics_obtained":[{"floor":6,"key":"MawBank"}],"event_choices":[],"is_beta":false,"boss_relics":[],"items_purged_floors":[],"is_endless":false,"potions_floor_spawned":[1,4,5,7],"killed_by":"3 Sentries","ascension_level":14}}