{"host":"e1hsr9gtjq2d74pi","time":1612255792,"event":{"mods":["Act Like it!","BaseMod","Beaked The Cultist","Bestiary","BetterRewards","Clockwork Mod","Conspire","Downfall","Duelist Mod","Hermit","Hero for Fun","Hubris","Jorbs\u0027s Wanderer Trilogy","Marisa????????","Minty Spire (QoL Compilation)","Robot Space Explorer","Shop Mod","Spicy Shops","Spire Arcade","StSLib","The Animator","The Bug Knight","The Construct","The Cursed","The Poker Player","The Runesmith","The Saiyan","The Servant 0.9.4","UnlockEverythingMod"],"gold_per_floor":[116,39,58,58,58,92,111,111,135,155,155,175,175,194,194,295,295,265,34,34,34,34,34,34,34,34,34,34,34,34,34,34,34,34,34,34,34,34,34,34,34,34,34,34,34,34,34,34,34,34,34],"floor_reached":50,"language":"ENG","playtime":3197,"items_purged":["stsjorbsmod:Strike_Wanderer"],"score":677,"play_id":"fde219c8-c602-414f-9fa8-84159928c633","local_time":"20210202004952","is_ascension_mode":false,"campfire_choices":[{"data":"stsjorbsmod:TrueStrike","floor":8,"key":"SMITH"},{"data":"stsjorbsmod:FreshAdventure","floor":11,"key":"SMITH"},{"data":"stsjorbsmod:Stalwart","floor":13,"key":"SMITH"},{"data":"stsjorbsmod:Banish","floor":15,"key":"SMITH"},{"data":"stsjorbsmod:IvoryTower","floor":23,"key":"SMITH"},{"data":"stsjorbsmod:MagicMirror","floor":28,"key":"SMITH"},{"data":"stsjorbsmod:FaerieFire","floor":32,"key":"SMITH"},{"data":"stsjorbsmod:ScorchingRay","floor":40,"key":"SMITH"},{"data":"stsjorbsmod:Inferno","floor":49,"key":"SMITH"}],"circlet_count":0,"master_deck":["stsjorbsmod:ForbiddenGrimoire+1","stsjorbsmod:Strike_Wanderer","stsjorbsmod:Strike_Wanderer+1","stsjorbsmod:Strike_Wanderer","stsjorbsmod:Defend_Wanderer","stsjorbsmod:Defend_Wanderer","stsjorbsmod:Defend_Wanderer","stsjorbsmod:FreshAdventure+1","stsjorbsmod:EyeOfTheStorm","stsjorbsmod:Rest","stsjorbsmod:TrueStrike+1","stsjorbsmod:DisguiseSelf","stsjorbsmod:RayOfFrost","stsjorbsmod:SmithingStrike","stsjorbsmod:Stalwart+1","stsjorbsmod:Banish+1","stsjorbsmod:IvoryTower+1","stsjorbsmod:Mindworm+1","stsjorbsmod:ArcaneForm","stsjorbsmod:TrueStrike","stsjorbsmod:Firebolt","stsjorbsmod:Entangle","conspire:Banana","stsjorbsmod:MagicMirror+1","stsjorbsmod:Trauma","stsjorbsmod:FaerieFire+1","stsjorbsmod:HoldMonster","stsjorbsmod:Inferno+1","stsjorbsmod:ScorchingRay+1","stsjorbsmod:BurningFlask+1","hubris:Compulsion","stsjorbsmod:Mending+1"],"relics":["stsjorbsmod:GrimoireRelic","NeowsBlessing","Bag of Preparation","Toy Ornithopter","Ectoplasm","Blood Vial","Anchor","Meat on the Bone","Cursed Key","Girya","hubris:Towel","Bag of Marbles","Letter Opener"],"acts_visited":["Exordium","TheCity","TheBeyond"],"potions_floor_usage":[27,31,50,50],"damage_taken":[{"damage":0,"enemies":"2 Louse","floor":1,"turns":1},{"damage":0,"enemies":"Small Slimes","floor":3,"turns":1},{"damage":0,"enemies":"Lagavulin","floor":6,"turns":1},{"damage":4,"enemies":"conspire:RoseBush","floor":7,"turns":4},{"damage":9,"enemies":"Gremlin Gang","floor":10,"turns":3},{"damage":6,"enemies":"Exordium Thugs","floor":12,"turns":4},{"damage":12,"enemies":"conspire:2 RoseBushes","floor":14,"turns":3},{"damage":39,"enemies":"Hexaghost","floor":16,"turns":11},{"damage":8,"enemies":"2 Thieves","floor":18,"turns":4},{"damage":9,"enemies":"Snake Plant","floor":20,"turns":4},{"damage":4,"enemies":"Centurion and Healer","floor":21,"turns":6},{"damage":0,"enemies":"theDuelist:KaibaA2","floor":24,"turns":5},{"damage":10,"enemies":"Shelled Parasite and Fungi","floor":25,"turns":5},{"damage":12,"enemies":"Snake Plant","floor":27,"turns":3},{"damage":27,"enemies":"Centurion and Healer","floor":30,"turns":4},{"damage":4,"enemies":"Shelled Parasite and Fungi","floor":31,"turns":5},{"damage":30,"enemies":"hubris:MusketHawk","floor":33,"turns":8},{"damage":15,"enemies":"3 Shapes","floor":35,"turns":3},{"damage":0,"enemies":"Mind Bloom Boss Battle","floor":36,"turns":3},{"damage":15,"enemies":"Orb Walker","floor":37,"turns":3},{"damage":20,"enemies":"3 Darklings","floor":39,"turns":4},{"damage":21,"enemies":"Maw","floor":41,"turns":6},{"damage":6,"enemies":"Jaw Worm Horde","floor":42,"turns":2},{"damage":0,"enemies":"Nemesis","floor":44,"turns":6},{"damage":18,"enemies":"Sphere and 2 Shapes","floor":45,"turns":4},{"damage":5,"enemies":"4 Shapes","floor":47,"turns":6},{"damage":0,"enemies":"Maw","floor":48,"turns":7},{"damage":79,"enemies":"Time Eater","floor":50,"turns":6}],"seed_played":"-3497305972741276808","potions_obtained":[{"floor":3,"key":"SpeedPotion"},{"floor":6,"key":"SkillPotion"},{"floor":7,"key":"SkillPotion"},{"floor":14,"key":"sneckomod:MuddlingPotion"},{"floor":21,"key":"AttackPotion"},{"floor":30,"key":"Explosive Potion"},{"floor":31,"key":"EssenceOfSteel"}],"is_trial":false,"path_per_floor":["M","$","M","?","?","E","M","R","T","M","R","M","R","M","R","B",null,"M","$","M","M","?","R","E","M","T","M","R","T","M","M","R","B",null,"M","?","M","?","M","R","M","M","T","E","M","?","M","M","R","B"],"character_chosen":"WANDERER","items_purchased":["stsjorbsmod:TrueStrike","stsjorbsmod:ArcaneForm"],"campfire_rested":0,"item_purchase_floors":[2,19],"current_hp_per_floor":[68,68,68,68,68,68,65,65,65,56,56,52,52,42,42,3,68,62,62,59,61,61,61,67,64,64,60,60,60,48,57,57,42,74,60,64,52,52,47,47,41,50,50,58,47,47,50,58,58,0,0],"gold":34,"neow_bonus":"THREE_ENEMY_KILL","is_daily":false,"chose_seed":false,"campfire_upgraded":9,"win_rate":0.0,"timestamp":1612255792,"path_taken":["M","$","M","?","?","E","M","R","T","M","R","M","R","M","R","BOSS","M","$","M","M","?","R","E","?","T","M","R","?","M","M","R","BOSS","M","?","M","?","M","R","M","M","T","E","M","?","M","M","R","BOSS"],"items_purchased_type":["Card","Card"],"build_version":"2020-12-22","purchased_purges":1,"victory":false,"max_hp_per_floor":[68,68,68,68,68,68,68,68,68,68,68,68,68,68,68,68,68,68,68,68,68,68,68,69,70,70,71,71,71,72,73,73,74,74,75,76,77,77,78,78,79,80,80,81,82,82,83,84,84,85,85],"card_choices":[{"not_picked":["stsjorbsmod:WeightOfMemory","stsjorbsmod:Will"],"picked":"stsjorbsmod:Rest","floor":1},{"not_picked":["stsjorbsmod:Hibernate","stsjorbsmod:BlackTentacles"],"picked":"stsjorbsmod:DisguiseSelf","floor":3},{"not_picked":["stsjorbsmod:DoubleCheck","stsjorbsmod:FindFamiliar"],"picked":"stsjorbsmod:RayOfFrost","floor":6},{"not_picked":["stsjorbsmod:ParryingBlow","stsjorbsmod:WanderingMind"],"picked":"stsjorbsmod:SmithingStrike","floor":7},{"not_picked":["stsjorbsmod:ColorSpray","stsjorbsmod:SmithingStrike"],"picked":"stsjorbsmod:Stalwart","floor":10},{"not_picked":["stsjorbsmod:BlackTentacles","stsjorbsmod:MageArmor","stsjorbsmod:AnimateObjects"],"picked":"SKIP","floor":12},{"not_picked":["stsjorbsmod:Hibernate","stsjorbsmod:Firebolt"],"picked":"stsjorbsmod:Banish","floor":14},{"not_picked":["stsjorbsmod:Feast","stsjorbsmod:SiphonEnergy"],"picked":"stsjorbsmod:IvoryTower","floor":16},{"not_picked":["stsjorbsmod:Message","stsjorbsmod:SmithingStrike"],"picked":"stsjorbsmod:Mindworm+1","floor":18},{"not_picked":["stsjorbsmod:Mania","stsjorbsmod:BurningFlask"],"picked":"stsjorbsmod:TrueStrike","floor":20},{"not_picked":["stsjorbsmod:ChainLightning","stsjorbsmod:OldPocket+1"],"picked":"stsjorbsmod:Firebolt","floor":21},{"not_picked":["stsjorbsmod:Stalwart+1","stsjorbsmod:ScorchingRay"],"picked":"stsjorbsmod:MagicMirror","floor":24},{"not_picked":["stsjorbsmod:Index","stsjorbsmod:Hibernate"],"picked":"stsjorbsmod:Trauma","floor":25},{"not_picked":["stsjorbsmod:Prestidigitation","stsjorbsmod:MagicMissiles","stsjorbsmod:Hibernate"],"picked":"SKIP","floor":27},{"not_picked":["stsjorbsmod:BurningFlask","stsjorbsmod:BlackTentacles+1"],"picked":"stsjorbsmod:FaerieFire","floor":30},{"not_picked":["stsjorbsmod:OldPocket","stsjorbsmod:ScorchingRay+1","stsjorbsmod:Hurt"],"picked":"SKIP","floor":31},{"not_picked":["stsjorbsmod:Determination","stsjorbsmod:Fireball"],"picked":"stsjorbsmod:HoldMonster","floor":33},{"not_picked":["stsjorbsmod:Prepare+1","stsjorbsmod:HedgeWizard"],"picked":"stsjorbsmod:Inferno","floor":35},{"not_picked":["stsjorbsmod:DoubleCheck+1","stsjorbsmod:Will+1"],"picked":"stsjorbsmod:ScorchingRay","floor":36},{"not_picked":["stsjorbsmod:Prepare","stsjorbsmod:Hurt+1","stsjorbsmod:TollTheDead+1"],"picked":"SKIP","floor":37},{"not_picked":["stsjorbsmod:Will+1","stsjorbsmod:BurningFlask","stsjorbsmod:Banish"],"picked":"SKIP","floor":39},{"not_picked":["stsjorbsmod:Channel","stsjorbsmod:ParryingBlow"],"picked":"stsjorbsmod:BurningFlask+1","floor":41},{"not_picked":["stsjorbsmod:Hibernate","stsjorbsmod:Prestidigitation+1","stsjorbsmod:Stalwart+1"],"picked":"SKIP","floor":42},{"not_picked":["stsjorbsmod:WanderingMind","stsjorbsmod:Prepare","stsjorbsmod:Materialize+1"],"picked":"SKIP","floor":44},{"not_picked":["stsjorbsmod:Materialize+1","stsjorbsmod:BlackTentacles+1"],"picked":"stsjorbsmod:Mending+1","floor":45},{"not_picked":["stsjorbsmod:Prestidigitation+1","stsjorbsmod:BurningFlask","stsjorbsmod:DisguiseSelf+1"],"picked":"SKIP","floor":47},{"not_picked":["stsjorbsmod:WeightOfMemory+1","stsjorbsmod:RayOfFrost","stsjorbsmod:Fear"],"picked":"SKIP","floor":48}],"player_experience":476030,"relics_obtained":[{"floor":6,"key":"Bag of Preparation"},{"floor":9,"key":"Toy Ornithopter"},{"floor":24,"key":"Blood Vial"},{"floor":26,"key":"Anchor"},{"floor":29,"key":"Meat on the Bone"},{"floor":36,"key":"Girya"},{"floor":43,"key":"Bag of Marbles"},{"floor":44,"key":"Letter Opener"}],"event_choices":[{"damage_healed":0,"gold_gain":0,"player_choice":"Ignored","damage_taken":0,"max_hp_gain":0,"max_hp_loss":0,"event_name":"Golden Idol","floor":4,"gold_loss":0},{"damage_healed":0,"gold_gain":0,"player_choice":"Ignored","damage_taken":0,"max_hp_gain":0,"max_hp_loss":0,"event_name":"Liars Game","floor":5,"gold_loss":0},{"damage_healed":0,"gold_gain":0,"player_choice":"2 cards matched","damage_taken":0,"max_hp_gain":0,"max_hp_loss":0,"event_name":"Match and Keep!","floor":22,"gold_loss":0,"cards_obtained":["stsjorbsmod:Entangle","conspire:Banana"]},{"damage_healed":0,"gold_gain":0,"player_choice":"Fight","damage_taken":0,"max_hp_gain":0,"max_hp_loss":0,"event_name":"MindBloom","floor":36,"gold_loss":0},{"cards_removed":["stsjorbsmod:Defend_Wanderer"],"damage_healed":0,"gold_gain":0,"player_choice":"Removed Skill","damage_taken":0,"max_hp_gain":0,"max_hp_loss":0,"event_name":"Falling","floor":46,"gold_loss":0}],"is_beta":false,"boss_relics":[{"not_picked":["hubris:GrandSneckoEye","conspire:RoyalGoblet"],"picked":"Ectoplasm"},{"not_picked":["Pandora\u0027s Box","hubris:RunicObelisk"],"picked":"Cursed Key"}],"items_purged_floors":[19],"is_endless":false,"potions_floor_spawned":[3,6,7,14,21,24,30,31,33,36,37,42,44,47],"killed_by":"Time Eater","ascension_level":0}}