{"host":"m4qpn8a4h7jhbw2f","time":1612238132,"event":{"mods":["BaseMod","Colored Map","Colored Powertips","Highlight Path","Minty Spire (QoL Compilation)","Rare Cards Sparkle","Relic Stats"],"gold_per_floor":[16,34,34,44,57,89,89,109,109,134,134,134,134,152,152,257,257,276,288,288,303,320,320,334,334,384,384,18,18,18],"floor_reached":29,"language":"ENG","playtime":1688,"items_purged":["Strike_R"],"score":273,"play_id":"add227b6-04e9-4664-88ef-6444e21a05f8","local_time":"20210201225532","is_ascension_mode":true,"campfire_choices":[{"data":"Immolate","floor":7,"key":"SMITH"},{"data":"Evolve","floor":12,"key":"SMITH"},{"data":"Rampage","floor":15,"key":"SMITH"},{"floor":23,"key":"REST"},{"floor":25,"key":"REST"},{"data":"Barricade","floor":27,"key":"SMITH"}],"circlet_count":0,"master_deck":["Strike_R","Defend_R","Defend_R","Defend_R","Defend_R","Bash","Immolate+1","Flame Barrier","Clothesline","Headbutt","Carnage","Wild Strike","Metallicize","Evolve+1","Rampage+1","Barricade+1","Metallicize+1","Intimidate+1","Burning Pact+1","Body Slam","Rage"],"relics":["Burning Blood","Bronze Scales","PreservedInsect","Red Skull","Question Card","Astrolabe","Lantern","Bottled Lightning"],"acts_visited":["Exordium","TheCity"],"potions_floor_usage":[16,16,16,29],"damage_taken":[{"damage":13,"enemies":"2 Louse","floor":1,"turns":2},{"damage":3,"enemies":"Jaw Worm","floor":2,"turns":4},{"damage":0,"enemies":"Cultist","floor":4,"turns":3},{"damage":7,"enemies":"Looter","floor":5,"turns":3},{"damage":16,"enemies":"Gremlin Nob","floor":6,"turns":3},{"damage":3,"enemies":"3 Louse","floor":8,"turns":3},{"damage":17,"enemies":"Lagavulin","floor":10,"turns":6},{"damage":0,"enemies":"Exordium Wildlife","floor":14,"turns":3},{"damage":34,"enemies":"The Guardian","floor":16,"turns":12},{"damage":13,"enemies":"Shell Parasite","floor":18,"turns":8},{"damage":6,"enemies":"3 Byrds","floor":19,"turns":3},{"damage":15,"enemies":"Snake Plant","floor":21,"turns":3},{"damage":53,"enemies":"Shelled Parasite and Fungi","floor":22,"turns":7},{"damage":22,"enemies":"Snecko","floor":24,"turns":6},{"damage":52,"enemies":"Slavers","floor":29,"turns":3}],"seed_played":"-2611790880907705206","potions_obtained":[{"floor":1,"key":"Block Potion"},{"floor":2,"key":"Swift Potion"},{"floor":8,"key":"DuplicationPotion"},{"floor":24,"key":"ElixirPotion"}],"is_trial":false,"path_per_floor":["M","M","$","M","M","E","R","M","T","E","?","R","?","M","R","B",null,"M","M","?","M","M","R","M","R","T","R","$","E"],"character_chosen":"IRONCLAD","items_purchased":["Bottled Lightning","SkillPotion"],"campfire_rested":2,"item_purchase_floors":[28,28],"current_hp_per_floor":[73,76,76,80,79,69,69,72,72,61,61,61,54,60,60,32,80,73,73,73,64,17,41,25,49,49,49,49,0,0],"gold":18,"neow_bonus":"THREE_RARE_CARDS","is_daily":false,"chose_seed":false,"campfire_upgraded":4,"win_rate":0.0,"timestamp":1612238132,"path_taken":["M","M","$","M","M","E","R","M","T","E","?","R","?","M","R","BOSS","M","M","?","?","M","R","M","R","T","R","$","E"],"items_purchased_type":["Relic","Potion"],"build_version":"2020-12-22","purchased_purges":1,"victory":false,"max_hp_per_floor":[80,80,80,80,80,80,80,80,80,80,80,80,80,80,80,80,80,80,80,80,80,80,80,80,80,80,80,80,80,80],"relic_stats":{"counters":[15,69],"Bronze Scales":[236],"Astrolabe":["Metallicize","Intimidate","Burning Pact"],"PreservedInsect":67,"Question Card":7,"obtain_stats":[{"Lantern":26,"Bronze Scales":6,"Astrolabe":17,"PreservedInsect":9,"Bottled Lightning":28,"Question Card":11,"Burning Blood":0,"Red Skull":10},{"Lantern":14,"Bronze Scales":5,"Astrolabe":9,"PreservedInsect":6,"Bottled Lightning":14,"Question Card":7,"Burning Blood":0,"Red Skull":7},{"Lantern":66,"Bronze Scales":15,"Astrolabe":39,"PreservedInsect":18,"Bottled Lightning":66,"Question Card":24,"Burning Blood":0,"Red Skull":24}],"Burning Blood":82},"card_choices":[{"not_picked":["Offering","Barricade"],"picked":"Immolate","floor":0},{"not_picked":["Sword Boomerang","Entrench"],"picked":"Flame Barrier","floor":1},{"not_picked":["Body Slam","Pommel Strike"],"picked":"Clothesline","floor":2},{"not_picked":["Perfected Strike","Flex"],"picked":"Headbutt","floor":4},{"not_picked":["Shockwave","Thunderclap"],"picked":"Carnage","floor":5},{"not_picked":["Impervious","Whirlwind"],"picked":"Wild Strike","floor":6},{"not_picked":["True Grit","Sword Boomerang"],"picked":"Metallicize","floor":8},{"not_picked":["Perfected Strike","Shrug It Off"],"picked":"Evolve","floor":10},{"not_picked":["Rage","Sever Soul","Shrug It Off"],"picked":"Rampage","floor":14},{"not_picked":["Bludgeon","Exhume","Feed"],"picked":"Barricade","floor":16},{"not_picked":["Clash","Thunderclap","Shrug It Off"],"picked":"Body Slam","floor":18},{"not_picked":["Shrug It Off+1","Iron Wave","Warcry","Twin Strike"],"picked":"SKIP","floor":19},{"not_picked":["Heavy Blade","Armaments+1","Barricade"],"picked":"Rage","floor":21},{"not_picked":["Armaments","Anger+1","Warcry+1","Twin Strike"],"picked":"SKIP","floor":22},{"not_picked":["Dropkick+1","Blood for Blood","Cleave+1","Shockwave"],"picked":"SKIP","floor":24}],"player_experience":225794,"relics_obtained":[{"floor":6,"key":"Bronze Scales"},{"floor":9,"key":"PreservedInsect"},{"floor":10,"key":"Red Skull"},{"floor":26,"key":"Lantern"}],"event_choices":[{"damage_healed":0,"gold_gain":0,"player_choice":"Box","damage_taken":0,"relics_obtained":["Question Card"],"max_hp_gain":0,"max_hp_loss":0,"event_name":"Big Fish","floor":11,"gold_loss":0,"cards_obtained":["Regret"]},{"cards_removed":["Regret"],"damage_healed":0,"gold_gain":0,"player_choice":"Card Removal","damage_taken":7,"max_hp_gain":0,"max_hp_loss":0,"event_name":"Golden Wing","floor":13,"gold_loss":0},{"damage_healed":0,"gold_gain":0,"player_choice":"0 cards matched","damage_taken":0,"max_hp_gain":0,"max_hp_loss":0,"event_name":"Match and Keep!","floor":20,"gold_loss":0,"cards_obtained":[]}],"is_beta":false,"boss_relics":[{"not_picked":["Sozu","Philosopher\u0027s Stone"],"picked":"Astrolabe"}],"items_purged_floors":[28],"is_endless":false,"potions_floor_spawned":[1,2,8,14,24],"killed_by":"Slavers","ascension_level":3}}