{"host":"ljavmhyz2e552xgo","time":1612302708,"event":{"mods":["BaseMod","Better Third Choice","Friendly Minions","GungeonMod","Minty Spire (QoL Compilation)","Permanent Neow","Spicy Shops","StSLib"],"gold_per_floor":[114,114,124,134,99,131,281,281,281,301,301,313,12,46,46,118,118,133,145,145,165,165,199,199,32,56,56,66,66,83,3,3,3,3,19,37,0,0,0],"floor_reached":38,"language":"ENG","playtime":1692,"items_purged":["Doubt"],"score":788,"play_id":"a37a704b-6f69-4346-94d5-b17342a5785b","local_time":"20210202155148","is_ascension_mode":true,"campfire_choices":[{"data":"Zap","floor":8.0,"key":"SMITH"},{"floor":11.0,"key":"REST"},{"data":"Barrage","floor":15.0,"key":"SMITH"},{"data":"Dualcast","floor":24,"key":"SMITH"},{"data":"Capacitor","floor":27,"key":"SMITH"},{"data":"Chill","floor":29,"key":"SMITH"},{"data":"Coolheaded","floor":32,"key":"SMITH"}],"circlet_count":0,"master_deck":["AscendersBane","Strike_B","Strike_B","Strike_B","Defend_B","Defend_B","Defend_B","Defend_B","Zap+1","Dualcast+1","Cold Snap","Ball Lightning","Barrage+1","Coolheaded+1","Leap","Conserve Battery","Compile Driver","Electrodynamics","Echo Form","Chill+1","Capacitor+1","Double Energy+1","Creative AI","Hologram+1"],"relics":["FrozenCore","Dream Catcher","Thread and Needle","Lizard Tail","Strawberry","Eternal Feather","HandDrill","MealTicket","Juzu Bracelet","Philosopher\u0027s Stone","DemoMod:GlassGuonStoneRelic","Red Mask"],"acts_visited":["TheCity","TheBeyond"],"potions_floor_usage":[23,23,33,38],"damage_taken":[{"damage":5.0,"enemies":"Small Slimes","floor":1.0,"turns":5.0},{"damage":1.0,"enemies":"2 Louse","floor":3.0,"turns":2.0},{"damage":2.0,"enemies":"Jaw Worm","floor":4.0,"turns":3.0},{"damage":28.0,"enemies":"Gremlin Nob","floor":6.0,"turns":4.0},{"damage":11.0,"enemies":"Large Slime","floor":10.0,"turns":7.0},{"damage":5.0,"enemies":"Lots of Slimes","floor":12.0,"turns":4.0},{"damage":16.0,"enemies":"3 Sentries","floor":14.0,"turns":4.0},{"damage":32.0,"enemies":"Hexaghost","floor":16.0,"turns":10.0},{"damage":6,"enemies":"3 Byrds","floor":18,"turns":3},{"damage":0,"enemies":"Spheric Guardian","floor":19,"turns":6},{"damage":6,"enemies":"Centurion and Healer","floor":21,"turns":7},{"damage":16,"enemies":"Gremlin Leader","floor":23,"turns":7},{"damage":4,"enemies":"Snecko","floor":28,"turns":8},{"damage":3,"enemies":"Shelled Parasite and Fungi","floor":30,"turns":4},{"damage":93,"enemies":"Collector","floor":33,"turns":10},{"damage":36,"enemies":"3 Darklings","floor":35,"turns":5},{"damage":12,"enemies":"3 Shapes","floor":36,"turns":6},{"damage":21,"enemies":"Transient","floor":38,"turns":1}],"seed_played":"3448099244815070999","potions_obtained":[{"floor":14.0,"key":"PowerPotion"},{"floor":16.0,"key":"Swift Potion"},{"floor":21,"key":"LiquidMemories"},{"floor":30,"key":"Weak Potion"},{"floor":36,"key":"LiquidBronze"}],"is_trial":false,"path_per_floor":["M","?","M","M","?","E","?","R","T","M","R","M","$","E","R","B",null,"M","M","?","M","?","E","R","$","T","R","M","R","M","$","R","B",null,"M","M","?","M"],"character_chosen":"DEFECT","items_purchased":["Electrodynamics","PowerPotion","HandDrill","Capacitor","Juzu Bracelet"],"campfire_rested":1,"item_purchase_floors":[13,13,25,25,31],"current_hp_per_floor":[59,52,51,49,66,38,38,38,38,27,48,43,43,34,34,2,59,53,53,53,47,47,31,43,43,43,55,51,63,60,75,78,39,68,32,20,20,0,0],"gold":0,"neow_bonus":"RANDOM_COMMON_RELIC","is_daily":false,"chose_seed":false,"campfire_upgraded":6,"win_rate":0.0,"timestamp":1612302708,"path_taken":["M","?","M","M","?","E","?","R","T","M","R","M","$","E","R","BOSS","M","M","?","M","?","E","R","$","T","R","M","R","M","$","R","BOSS","M","M","?","M"],"items_purchased_type":["Card","Potion","Relic","Card","Relic"],"build_version":"2020-12-22","purchased_purges":1,"victory":false,"max_hp_per_floor":[71,71,71,71,71,71,71,71,71,71,71,71,71,78,78,78,78,78,78,78,78,78,78,78,78,78,78,78,78,78,78,78,78,78,78,78,78,78,78],"card_choices":[{"not_picked":["Coolheaded","Hologram"],"picked":"Cold Snap","floor":1.0},{"not_picked":["Sweeping Beam","Steam"],"picked":"Ball Lightning","floor":3.0},{"not_picked":["Coolheaded","Ball Lightning"],"picked":"Barrage","floor":4.0},{"not_picked":["Redo","Melter"],"picked":"Coolheaded","floor":6.0},{"not_picked":["Recycle","Doom and Gloom"],"picked":"Leap","floor":10.0},{"not_picked":["Skim","Beam Cell"],"picked":"Conserve Battery","floor":11.0},{"not_picked":["Fusion","Double Energy"],"picked":"Compile Driver","floor":12.0},{"not_picked":["Hologram","Force Field","Cold Snap"],"picked":"SKIP","floor":14.0},{"not_picked":["Rainbow","Seek"],"picked":"Echo Form","floor":16.0},{"not_picked":["Doom and Gloom+1","Gash","Barrage"],"picked":"SKIP","floor":18},{"not_picked":["Reprogram","Hologram","Rebound"],"picked":"SKIP","floor":19},{"not_picked":["Cold Snap","Stack","Rebound"],"picked":"SKIP","floor":21},{"not_picked":["Hologram","Go for the Eyes"],"picked":"Chill","floor":23},{"not_picked":["Rip and Tear","Sunder+1"],"picked":"Double Energy+1","floor":28},{"not_picked":["Rebound","Consume","Beam Cell"],"picked":"SKIP","floor":30},{"not_picked":["Meteor Strike","Buffer"],"picked":"Creative AI","floor":33},{"not_picked":["Beam Cell","Aggregate","Turbo"],"picked":"SKIP","floor":35},{"not_picked":["Recycle+1","Steam"],"picked":"Hologram+1","floor":36}],"player_experience":1400728,"relics_obtained":[{"floor":6.0,"key":"Thread and Needle"},{"floor":9.0,"key":"Lizard Tail"},{"floor":14.0,"key":"Strawberry"},{"floor":23,"key":"Eternal Feather"},{"floor":26,"key":"MealTicket"}],"event_choices":[{"cards_removed":["Strike_B"],"damage_healed":0.0,"max_hp_gain":0.0,"max_hp_loss":0.0,"gold_gain":0.0,"event_name":"Golden Wing","player_choice":"Card Removal","floor":2.0,"gold_loss":0.0,"damage_taken":7.0},{"damage_healed":17.0,"max_hp_gain":0.0,"max_hp_loss":0.0,"gold_gain":0.0,"event_name":"The Cleric","player_choice":"Healed","floor":5.0,"gold_loss":35.0,"damage_taken":0.0},{"damage_healed":0.0,"max_hp_gain":0.0,"max_hp_loss":0.0,"gold_gain":150.0,"event_name":"Liars Game","player_choice":"AGREE","floor":7.0,"gold_loss":0.0,"damage_taken":0.0,"cards_obtained":["Doubt"]},{"damage_healed":0,"gold_gain":0,"player_choice":"Adaptability","damage_taken":0,"max_hp_gain":0,"max_hp_loss":0,"event_name":"betterThird:BetterWriting","floor":20,"gold_loss":0},{"damage_healed":0,"gold_gain":0,"player_choice":"Ignored","damage_taken":0,"max_hp_gain":0,"max_hp_loss":0,"event_name":"Vampires","floor":22,"gold_loss":0},{"damage_healed":0,"gold_gain":0,"player_choice":"Paid","damage_taken":0,"relics_obtained":["Red Mask"],"max_hp_gain":0,"max_hp_loss":0,"event_name":"Tomb of Lord Red Mask","floor":37,"gold_loss":37}],"is_beta":false,"boss_relics":[{"not_picked":["Sozu","SacredBark"],"picked":"FrozenCore"},{"not_picked":["Empty Cage","Astrolabe"],"picked":"Philosopher\u0027s Stone"}],"items_purged_floors":[13],"is_endless":false,"potions_floor_spawned":[14,16,19,21,30,36],"killed_by":"Transient","ascension_level":19}}