{"host":"1i9jpj392h4nt9ho","time":1612226065,"event":{"mods":["AchievementEnabler","BaseMod","Colored Map","Minty Spire (QoL Compilation)"],"gold_per_floor":[15,32,43,56,66,94,107,107,107,122,122,72,72,86,86,182,182,197,297,307,307,307],"floor_reached":21,"language":"ENG","playtime":1272,"items_purged":[],"score":231,"play_id":"657235d1-a75e-4549-8eae-7a15b4340e58","local_time":"20210202113425","is_ascension_mode":true,"campfire_choices":[{"floor":8,"key":"REST"},{"data":"Bouncing Flask","floor":11,"key":"SMITH"},{"data":"Adrenaline","floor":13,"key":"SMITH"},{"data":"Backflip","floor":15,"key":"SMITH"}],"circlet_count":0,"master_deck":["Survivor","Neutralize","Blade Dance","Skewer","Poisoned Stab","Dodge and Roll","Predator","Prepared","Adrenaline+1","Backflip+1","Bouncing Flask+1","Blade Dance+1","Catalyst+1","Night Terror+1","Dodge and Roll+1","Reflex+1","Grand Finale","A Thousand Cuts","Night Terror+1","Glass Knife","Sucker Punch","Blade Dance+1"],"relics":["Ring of the Snake","Singing Bowl","Toxic Egg 2","Pandora\u0027s Box"],"acts_visited":["Exordium","TheCity"],"potions_floor_usage":[6,6,20],"damage_taken":[{"damage":0,"enemies":"Small Slimes","floor":1,"turns":2},{"damage":1,"enemies":"Jaw Worm","floor":2,"turns":5},{"damage":0,"enemies":"Cultist","floor":3,"turns":3},{"damage":0,"enemies":"2 Fungi Beasts","floor":4,"turns":2},{"damage":9,"enemies":"Red Slaver","floor":5,"turns":6},{"damage":12,"enemies":"Lagavulin","floor":6,"turns":6},{"damage":7,"enemies":"3 Louse","floor":7,"turns":3},{"damage":7,"enemies":"2 Fungi Beasts","floor":10,"turns":3},{"damage":11,"enemies":"Exordium Wildlife","floor":14,"turns":3},{"damage":27,"enemies":"Slime Boss","floor":16,"turns":9},{"damage":23,"enemies":"Spheric Guardian","floor":18,"turns":4},{"damage":25,"enemies":"Shell Parasite","floor":20,"turns":8},{"damage":16,"enemies":"Centurion and Healer","floor":21,"turns":3}],"seed_played":"6470944194103821917","potions_obtained":[{"floor":2,"key":"Poison Potion"},{"floor":4,"key":"Swift Potion"},{"floor":5,"key":"SteroidPotion"},{"floor":16,"key":"EssenceOfSteel"},{"floor":20,"key":"AttackPotion"}],"is_trial":false,"path_per_floor":["M","M","M","M","M","E","M","R","T","M","R","?","R","M","R","B",null,"M","?","M","M"],"character_chosen":"THE_SILENT","items_purchased":[],"campfire_rested":1,"item_purchase_floors":[],"current_hp_per_floor":[70,69,69,69,60,48,41,62,62,55,55,55,55,44,44,17,57,36,36,11,0,0],"gold":307,"neow_bonus":"TRANSFORM_TWO_CARDS","is_daily":false,"chose_seed":false,"campfire_upgraded":3,"win_rate":0.0,"timestamp":1612226065,"path_taken":["M","M","M","M","M","E","M","R","T","M","R","?","R","M","R","BOSS","M","?","?","M"],"items_purchased_type":[],"build_version":"2020-12-22","purchased_purges":0,"victory":false,"max_hp_per_floor":[70,70,70,70,70,70,70,70,70,70,70,70,70,70,70,70,70,72,72,72,72,72],"card_choices":[{"not_picked":["Dodge and Roll","Concentrate"],"picked":"Poisoned Stab","floor":1},{"not_picked":["Flechettes","Bane"],"picked":"Dodge and Roll","floor":2},{"not_picked":["Slice","Outmaneuver"],"picked":"Predator","floor":3},{"not_picked":["Sucker Punch","Blade Dance"],"picked":"Prepared","floor":4},{"not_picked":["Predator","Escape Plan"],"picked":"Adrenaline","floor":5},{"not_picked":["Masterful Stab","Dagger Throw"],"picked":"Backflip","floor":6},{"not_picked":["Prepared","Eviscerate"],"picked":"Bouncing Flask","floor":7},{"not_picked":["Dagger Spray","Heel Hook"],"picked":"Blade Dance+1","floor":10},{"not_picked":["Slice","Acrobatics+1"],"picked":"Catalyst+1","floor":14},{"not_picked":["Adrenaline+1","Envenom"],"picked":"Night Terror+1","floor":16},{"not_picked":["Distraction+1","Backstab","Flying Knee+1"],"picked":"Singing Bowl","floor":18},{"not_picked":["Dagger Throw+1","Endless Agony"],"picked":"Blade Dance+1","floor":20}],"player_experience":582970,"relics_obtained":[{"floor":6,"key":"Singing Bowl"},{"floor":9,"key":"Toxic Egg 2"}],"event_choices":[{"cards_removed":["Strike_G"],"damage_healed":0,"gold_gain":0,"player_choice":"Card Removal","damage_taken":0,"max_hp_gain":0,"max_hp_loss":0,"event_name":"The Cleric","floor":12,"gold_loss":50},{"damage_healed":0,"gold_gain":100,"player_choice":"Pray","damage_taken":0,"max_hp_gain":0,"max_hp_loss":0,"event_name":"Golden Shrine","floor":19,"gold_loss":0}],"is_beta":false,"boss_relics":[{"not_picked":["Calling Bell","Snecko Eye"],"picked":"Pandora\u0027s Box"}],"items_purged_floors":[],"is_endless":false,"potions_floor_spawned":[2,4,5,16,20],"killed_by":"Centurion and Healer","ascension_level":5}}