{"host":"z5bn7jsck728mmiq","time":1612231913,"event":{"mods":["BaseMod","Bestiary","DeckTracker","Minty Spire (QoL Compilation)","StSLib"],"gold_per_floor":[114,129,144,144,144,144,144,144,144,163,182,182,83,121,121,121,121],"floor_reached":16,"language":"ENG","playtime":331,"items_purged":["Defend_R"],"score":110,"play_id":"73ce77c3-f47c-4993-a18c-67d6a2ec88aa","local_time":"20210201181153","daily_mods":["Chimera","Blue Cards","Binary"],"is_ascension_mode":false,"campfire_choices":[{"data":"Flame Barrier","floor":6,"key":"SMITH"},{"floor":8,"key":"REST"},{"floor":15,"key":"REST"}],"circlet_count":0,"master_deck":["Bash","Survivor","Zap","Eruption+1","Strike_R","Strike_G","Strike_B","Defend_G","Defend_P","Flame Barrier+1","Redo","Iron Wave","Dual Wield","Doom and Gloom","Shrug It Off","Seeing Red"],"relics":["Burning Blood","Golden Idol","Matryoshka","Pen Nib","Gambling Chip","Regal Pillow"],"acts_visited":["Exordium"],"potions_floor_usage":[2,7],"damage_taken":[{"damage":12,"enemies":"Cultist","floor":1,"turns":3},{"damage":26,"enemies":"Small Slimes","floor":2,"turns":5},{"damage":2,"enemies":"2 Louse","floor":3,"turns":3},{"damage":28,"enemies":"Lagavulin","floor":7,"turns":3},{"damage":9,"enemies":"Blue Slaver","floor":10,"turns":4},{"damage":12,"enemies":"Looter","floor":11,"turns":4},{"damage":28,"enemies":"3 Sentries","floor":14,"turns":5},{"damage":54,"enemies":"Slime Boss","floor":16,"turns":5}],"seed_played":"-9070903199233054170","potions_obtained":[{"floor":1,"key":"GamblersBrew"},{"floor":2,"key":"SmokeBomb"}],"is_trial":false,"path_per_floor":["M","M","M","?","?","R","E","R","T","M","M","T","$","E","R","B"],"character_chosen":"IRONCLAD","items_purchased":["Shrug It Off"],"campfire_rested":2,"item_purchase_floors":[13],"current_hp_per_floor":[74,54,58,58,58,58,36,58,58,55,49,49,49,27,64,10,10],"gold":121,"neow_bonus":"","is_daily":true,"chose_seed":false,"campfire_upgraded":1,"win_rate":0.0,"timestamp":1612231913,"path_taken":["M","M","?","?","?","R","E","R","T","M","M","?","?","E","R","BOSS"],"items_purchased_type":["Card"],"build_version":"2020-12-22","purchased_purges":1,"victory":false,"max_hp_per_floor":[80,80,80,80,74,74,74,74,74,74,74,74,74,74,74,74,74],"card_choices":[{"not_picked":["Clothesline"],"picked":"Flame Barrier","floor":1},{"not_picked":["Go for the Eyes"],"picked":"Redo","floor":2},{"not_picked":["Coolheaded"],"picked":"Iron Wave","floor":3},{"not_picked":["Cold Snap"],"picked":"Dual Wield","floor":10},{"not_picked":["Stack"],"picked":"Doom and Gloom","floor":11},{"not_picked":["Uppercut"],"picked":"Seeing Red","floor":14}],"player_experience":101736,"relics_obtained":[{"floor":9,"key":"Matryoshka"},{"floor":12,"key":"Pen Nib"},{"floor":12,"key":"Gambling Chip"},{"floor":14,"key":"Regal Pillow"}],"event_choices":[{"damage_healed":0,"gold_gain":0,"player_choice":"Grow","damage_taken":0,"max_hp_gain":0,"max_hp_loss":0,"event_name":"Living Wall","floor":4,"gold_loss":0,"cards_upgraded":["Eruption"]},{"damage_healed":0,"gold_gain":0,"player_choice":"Lose Max HP","damage_taken":0,"relics_obtained":["Golden Idol"],"max_hp_gain":0,"max_hp_loss":6,"event_name":"Golden Idol","floor":5,"gold_loss":0}],"is_beta":false,"boss_relics":[],"items_purged_floors":[13],"is_endless":false,"potions_floor_spawned":[1,2,7],"killed_by":"Slime Boss","ascension_level":0}}