{"host":"fa35vd3kig5td25x","time":1612284545,"event":{"mods":["BaseMod","Colored Powertips","Minty Spire (QoL Compilation)","Relic Stats","Slay the Relics Exporter"],"gold_per_floor":[99,99,99,0,0,0,0,0,0,0,0,0,0,0,0,0,0],"floor_reached":16,"language":"ENG","playtime":1206,"items_purged":[],"score":286,"play_id":"ca8d6cbf-714f-4a06-a1b2-f977a42f26cc","local_time":"20210202174905","is_ascension_mode":true,"campfire_choices":[{"data":"Wireheading","floor":8.0,"key":"SMITH"},{"floor":12.0,"key":"REST"},{"data":"Wireheading","floor":15.0,"key":"SMITH"}],"circlet_count":0,"master_deck":["AscendersBane","Strike_P","Strike_P","Strike_P","Strike_P","Defend_P","Defend_P","Defend_P","Defend_P","Eruption","Vigilance","Wireheading+1","ThirdEye","BowlingBash","Adaptation","Vault","Vault","CarveReality","Conclude","Wireheading+1","MentalFortress"],"relics":["Ectoplasm","Pantograph","Bottled Tornado","Dream Catcher","Bird Faced Urn"],"acts_visited":[],"potions_floor_usage":[],"damage_taken":[{"damage":0.0,"enemies":"2 Louse","floor":1.0,"turns":2.0},{"damage":4.0,"enemies":"Cultist","floor":3.0,"turns":5.0},{"damage":0.0,"enemies":"Jaw Worm","floor":5.0,"turns":3.0},{"damage":18.0,"enemies":"3 Sentries","floor":6.0,"turns":7.0},{"damage":12.0,"enemies":"Gremlin Nob","floor":11.0,"turns":3.0},{"damage":0.0,"enemies":"Lots of Slimes","floor":13.0,"turns":1.0},{"damage":0.0,"enemies":"Lagavulin","floor":14.0,"turns":4.0},{"damage":0,"enemies":"Hexaghost","floor":16,"turns":1}],"seed_played":"8037706088916544101","potions_obtained":[{"floor":1.0,"key":"Weak Potion"},{"floor":3.0,"key":"BottledMiracle"},{"floor":11.0,"key":"StancePotion"}],"is_trial":false,"path_per_floor":["M","?","M","$","M","E","$","R","T","$","E","R","M","E","R","B"],"character_chosen":"WATCHER","items_purchased":["BowlingBash","Adaptation"],"campfire_rested":1,"item_purchase_floors":[4,4],"current_hp_per_floor":[61,61,57,57,57,39,39,39,39,39,27,47,47,47,47,68,68],"gold":0,"neow_bonus":"BOSS_RELIC","is_daily":false,"chose_seed":false,"campfire_upgraded":2,"win_rate":0.0,"timestamp":1612284545,"path_taken":["M","?","M","$","M","E","?","R","T","$","E","R","M","E","R","BOSS"],"items_purchased_type":["Card","Card"],"build_version":"2020-12-22","purchased_purges":0,"victory":false,"max_hp_per_floor":[68,68,68,68,68,68,68,68,68,68,68,68,68,68,68,68,68],"relic_stats":{"Dream Catcher":0,"counters":[1,0],"Pantograph":21,"Bird Faced Urn":[0],"Ectoplasm":0,"obtain_stats":[{"Dream Catcher":0,"Pantograph":0,"Bird Faced Urn":0,"Ectoplasm":0,"Bottled Tornado":0},{"Dream Catcher":0,"Pantograph":0,"Bird Faced Urn":0,"Ectoplasm":0,"Bottled Tornado":0},{"Dream Catcher":0,"Pantograph":0,"Bird Faced Urn":0,"Ectoplasm":0,"Bottled Tornado":0}]},"card_choices":[{"not_picked":["Sanctity","Weave"],"picked":"Wireheading","floor":1.0},{"not_picked":["Protect","JustLucky"],"picked":"ThirdEye","floor":3.0},{"not_picked":["Protect","CrushJoints"],"picked":"Vault","floor":5.0},{"not_picked":["FollowUp","Judgement"],"picked":"Vault","floor":6.0},{"not_picked":["FlyingSleeves","Crescendo"],"picked":"CarveReality","floor":11.0},{"not_picked":["WindmillStrike","Protect"],"picked":"Conclude","floor":12.0},{"not_picked":["Protect","ReachHeaven"],"picked":"Wireheading","floor":13.0},{"not_picked":["ReachHeaven","WindmillStrike"],"picked":"MentalFortress","floor":14.0}],"player_experience":3049439,"relics_obtained":[{"floor":6.0,"key":"Pantograph"},{"floor":9.0,"key":"Bottled Tornado"},{"floor":11.0,"key":"Dream Catcher"},{"floor":14.0,"key":"Bird Faced Urn"}],"event_choices":[{"damage_healed":0.0,"max_hp_gain":0.0,"max_hp_loss":0.0,"gold_gain":0.0,"event_name":"Golden Shrine","player_choice":"Ignored","floor":2.0,"gold_loss":0.0,"damage_taken":0.0}],"is_beta":false,"boss_relics":[],"items_purged_floors":[],"is_endless":false,"potions_floor_spawned":[1,3,11,14],"killed_by":"Hexaghost","ascension_level":20}}