{"host":"p62uqwu04pp7leh9","time":1612231970,"event":{"mods":["BaseMod","Block Reminder","Colored Map","Colored Powertips","Minty Spire (QoL Compilation)","Relic Stats"],"gold_per_floor":[118,293,293,293,308,308,324,353,398,424,424,445,445,461,461,585,585,606,621,621,644,657,657,657],"floor_reached":23,"language":"ENG","playtime":883,"items_purged":[],"score":253,"play_id":"95fa2aa9-4101-4c68-a40a-bfcf1b359902","local_time":"20210201211250","is_ascension_mode":true,"campfire_choices":[{"data":"Carnage","floor":6,"key":"SMITH"},{"data":"Armaments","floor":13,"key":"SMITH"},{"data":"Bash","floor":15,"key":"SMITH"}],"circlet_count":0,"master_deck":["Strike_R","Strike_R","Strike_R","Strike_R","Strike_R","Defend_R","Defend_R","Defend_R","Defend_R","Bash+1","Carnage+1","Rupture","Armaments+1","Metallicize","Offering","Inflame+1","Searing Blow","Bash","Dropkick","Blood for Blood+1"],"relics":["Burning Blood","NeowsBlessing","Bronze Scales","Spirit Poop","Lantern","Boot","Bag of Marbles","Golden Idol","Coffee Dripper"],"acts_visited":["Exordium","TheCity"],"potions_floor_usage":[8,16,16,23,23],"damage_taken":[{"damage":0,"enemies":"2 Louse","floor":1,"turns":1},{"damage":0,"enemies":"Small Slimes","floor":5,"turns":1},{"damage":0,"enemies":"Cultist","floor":7,"turns":1},{"damage":35,"enemies":"3 Sentries","floor":8,"turns":7},{"damage":8,"enemies":"Gremlin Nob","floor":10,"turns":3},{"damage":10,"enemies":"Large Slime","floor":12,"turns":5},{"damage":2,"enemies":"3 Louse","floor":14,"turns":2},{"damage":10,"enemies":"Hexaghost","floor":16,"turns":6},{"damage":29,"enemies":"2 Thieves","floor":18,"turns":3},{"damage":8,"enemies":"Spheric Guardian","floor":19,"turns":3},{"damage":27,"enemies":"Snake Plant","floor":21,"turns":2},{"damage":10,"enemies":"Centurion and Healer","floor":22,"turns":5},{"damage":21,"enemies":"Gremlin Leader","floor":23,"turns":2}],"seed_played":"3015367642603507138","potions_obtained":[{"floor":1,"key":"EssenceOfSteel"},{"floor":5,"key":"PowerPotion"},{"floor":10,"key":"SkillPotion"},{"floor":16,"key":"CultistPotion"},{"floor":21,"key":"BlessingOfTheForge"}],"is_trial":false,"path_per_floor":["M","?","?","?","M","R","M","E","T","E","?","M","R","M","R","B",null,"M","M","?","M","M","E"],"character_chosen":"IRONCLAD","items_purchased":[],"campfire_rested":0,"item_purchase_floors":[],"current_hp_per_floor":[80,80,55,55,61,61,67,38,38,36,16,12,12,16,16,12,63,40,38,38,17,13,0,0],"gold":657,"neow_bonus":"THREE_ENEMY_KILL","is_daily":false,"chose_seed":false,"campfire_upgraded":3,"win_rate":0.0,"timestamp":1612231970,"path_taken":["M","?","?","?","?","R","M","E","T","E","?","M","R","M","R","BOSS","M","M","?","?","M","E"],"items_purchased_type":[],"build_version":"2020-12-22","purchased_purges":0,"victory":false,"max_hp_per_floor":[80,80,80,80,80,80,80,80,80,80,80,80,80,80,80,80,80,80,80,80,80,80,80,80],"relic_stats":{"counters":[13,41],"Golden Idol":47,"Bronze Scales":[84],"Boot":[3],"obtain_stats":[{"Lantern":8,"NeowsBlessing":0,"Golden Idol":11,"Bronze Scales":3,"Spirit Poop":4,"Bag of Marbles":10,"Coffee Dripper":17,"Boot":9,"Burning Blood":0},{"Lantern":4,"NeowsBlessing":0,"Golden Idol":5,"Bronze Scales":1,"Spirit Poop":1,"Bag of Marbles":5,"Coffee Dripper":8,"Boot":4,"Burning Blood":0},{"Lantern":10,"NeowsBlessing":0,"Golden Idol":13,"Bronze Scales":1,"Spirit Poop":1,"Bag of Marbles":13,"Coffee Dripper":26,"Boot":10,"Burning Blood":0}],"Burning Blood":66},"card_choices":[{"not_picked":["Bloodletting","Warcry"],"picked":"Carnage","floor":1},{"not_picked":["Warcry","Thunderclap"],"picked":"Rupture","floor":5},{"not_picked":["Ghostly Armor","True Grit","Headbutt"],"picked":"SKIP","floor":7},{"not_picked":["Shrug It Off","Sword Boomerang","Second Wind"],"picked":"SKIP","floor":8},{"not_picked":["Perfected Strike","Headbutt","Disarm"],"picked":"SKIP","floor":10},{"not_picked":["Clothesline","Clash"],"picked":"Armaments","floor":12},{"not_picked":["Havoc","Bloodletting"],"picked":"Metallicize","floor":14},{"not_picked":["Immolate","Fiend Fire"],"picked":"Offering","floor":16},{"not_picked":["Clothesline+1","Battle Trance"],"picked":"Inflame+1","floor":18},{"not_picked":["Dark Embrace+1","Second Wind"],"picked":"Searing Blow","floor":19},{"not_picked":["Perfected Strike","Warcry"],"picked":"Dropkick","floor":21},{"not_picked":["Inflame","Flex+1"],"picked":"Blood for Blood+1","floor":22}],"player_experience":396655,"relics_obtained":[{"floor":8,"key":"Lantern"},{"floor":9,"key":"Boot"},{"floor":10,"key":"Bag of Marbles"}],"event_choices":[{"damage_healed":0,"gold_gain":175,"player_choice":"AGREE","damage_taken":0,"max_hp_gain":0,"max_hp_loss":0,"event_name":"Liars Game","floor":2,"gold_loss":0,"cards_obtained":["Doubt"]},{"damage_healed":0,"gold_gain":0,"player_choice":"Success","damage_taken":25,"relics_obtained":["Bronze Scales"],"max_hp_gain":0,"max_hp_loss":0,"event_name":"Scrap Ooze","floor":3,"gold_loss":0},{"cards_removed":["Doubt"],"damage_healed":0,"gold_gain":0,"player_choice":"Offered Curse","damage_taken":0,"relics_obtained":["Spirit Poop"],"max_hp_gain":0,"max_hp_loss":0,"event_name":"Bonfire Elementals","floor":4,"gold_loss":0},{"damage_healed":0,"gold_gain":0,"player_choice":"Take Damage","damage_taken":20,"relics_obtained":["Golden Idol"],"max_hp_gain":0,"max_hp_loss":0,"event_name":"Golden Idol","floor":11,"gold_loss":0},{"damage_healed":0,"gold_gain":0,"player_choice":"1 cards matched","damage_taken":0,"max_hp_gain":0,"max_hp_loss":0,"event_name":"Match and Keep!","floor":20,"gold_loss":0,"cards_obtained":["Bash"]}],"is_beta":false,"boss_relics":[{"not_picked":["Black Star","Tiny House"],"picked":"Coffee Dripper"}],"items_purged_floors":[],"is_endless":false,"potions_floor_spawned":[1,5,10,16,21],"killed_by":"Gremlin Leader","ascension_level":5}}