{"host":"spoxbmo2txwgdxt2","time":1612251326,"event":{"mods":["AchievementEnabler","Act Like it!","BaseMod","Colored Powertips","Gensokyo","Hallownest","Lobotomy","LobotomyExtend","Minty Spire (QoL Compilation)","Quick Restart","Shop Mod","StSLib","The Administrix"],"gold_per_floor":[118,7,25,25,25,25,25],"floor_reached":6,"language":"ZHS","playtime":323,"items_purged":["Bloodbath"],"score":36,"play_id":"7fd9622b-9bbc-439f-ba56-3d7c4d771146","local_time":"20210202153526","is_ascension_mode":true,"campfire_choices":[],"circlet_count":0,"master_deck":["AdministrixMod:Strike_Administrix","AdministrixMod:Strike_Administrix","AdministrixMod:Strike_Administrix","AdministrixMod:Strike_Administrix","AdministrixMod:RedCloak","AdministrixMod:Defend_Administrix","AdministrixMod:Defend_Administrix","AdministrixMod:Defend_Administrix","AdministrixMod:Defend_Administrix","AdministrixMod:BlueCloak","AdministrixMod:Overdrive","AdministrixMod:XianArts","PunishingBird","Injury"],"relics":["AdministrixMod:ConductorRitualBaton","CogitoBucket","LetterFromLob","Oddly Smooth Stone"],"acts_visited":["Gensokyo:Gensokyo"],"potions_floor_usage":[],"damage_taken":[{"damage":0,"enemies":"Gensokyo:3_Fairies","floor":1,"turns":3},{"damage":0,"enemies":"Gensokyo:Python","floor":3,"turns":4},{"damage":100,"enemies":"Gensokyo:Aya","floor":6,"turns":1}],"seed_played":"3731982635726273536","potions_obtained":[{"floor":3,"key":"DistilledChaos"}],"is_trial":false,"path_per_floor":["M","$","M","?","?","E"],"character_chosen":"TheAdministrix","items_purchased":["AdministrixMod:XianArts"],"campfire_rested":0,"item_purchase_floors":[2],"current_hp_per_floor":[65,65,65,65,65,0,0],"gold":25,"neow_bonus":"","is_daily":false,"chose_seed":false,"campfire_upgraded":0,"win_rate":0.0,"timestamp":1612251326,"path_taken":["M","$","?","?","?","E"],"items_purchased_type":["Card"],"build_version":"2020-12-22","purchased_purges":1,"victory":false,"max_hp_per_floor":[65,65,65,65,65,65,65],"card_choices":[{"not_picked":["GalaxyChild","MeatLantern"],"picked":"Bloodbath","floor":1},{"not_picked":["AdministrixMod:MixOfMercury","AdministrixMod:BloodBargain"],"picked":"AdministrixMod:Overdrive","floor":1},{"not_picked":["WhitesApple","CrumblingArmor"],"picked":"PunishingBird","floor":3},{"not_picked":["AdministrixMod:PassageOfAges","AdministrixMod:Katabasis","AdministrixMod:PlateOfAntiquity"],"picked":"SKIP","floor":3}],"player_experience":326184,"relics_obtained":[{"floor":1,"key":"LetterFromLob"}],"event_choices":[],"is_beta":false,"boss_relics":[],"items_purged_floors":[2],"is_endless":false,"potions_floor_spawned":[3],"killed_by":"Gensokyo:Aya","ascension_level":1}}