{"host":"yq2wmfr0u0wuvxc0","time":1612240434,"event":{"mods":["Act Like it!","Aspiration","BaseMod","Colored Powertips","Curses Come First","Defuse TimeMaze Blight","Downfall","Friendly Minions","Gensokyo","Gremlin Mod","Hubris","Infinite Spire","Koishi","Marisa????????","Minty Spire (QoL Compilation)","Pale of the Ancients","Quick Restart","Rare Cards Sparkle","Remilia??????","Shop Mod","Smile Girya","Spicy Shops","StSLib","The Jungle","The Servant 0.9.4","Wide Potions","Youmu??????"],"gold_per_floor":[99,117,117,134,149,149,198,275,285,301,201,221,247,7,21,119,119,19,37,48,348,366,378,431,443,455,467,429,341,377,400,427,439,439,439],"floor_reached":33,"language":"ZHS","playtime":1456,"items_purged":["hexamod:Defend"],"score":304,"play_id":"030cad66-2d1c-49e5-8c26-2df6e747cc2c","local_time":"20210201203354","is_ascension_mode":true,"campfire_choices":[{"data":"hexamod:Sear","floor":1,"key":"SMITH"},{"data":"hexamod:GhostflameBarrier","floor":11,"key":"SMITH"},{"floor":18,"key":"RECALL"},{"floor":25,"key":"REST"},{"data":"hexamod:SwordOfDarkness","floor":29,"key":"SMITH"}],"circlet_count":0,"master_deck":["hexamod:Strike+1","hexamod:Strike+1","hexamod:Defend","hexamod:Defend","hexamod:Sear+1","hexamod:Float","hexamod:AdvancingGuard+1","hexamod:FlamesFromBeyond+1","hexamod:BacktrackSmack+1","hexamod:Sear+1","hexamod:GhostflameBarrier+1","hexamod:Hexaguard","hexamod:Haunt","hexamod:FirstSeal","hexamod:HeatMetal","hexamod:Sear+1","hexamod:GhostOfSpirePresent","hexamod:SwordOfDarkness+1","hexamod:PhantomFireball","Greed_TH","hexamod:EtherealExpedition","hexamod:Hexaguard","Necronomicurse","downfall:Bewildered","hexamod:Incineration"],"relics":["Astrolabe","Whetstone","downfall:HeartBlessingBlue","hubris:SphereOfDissonance","DollysMirror","hexamod:IceCube","downfall:HeartBlessingGreen","MawBank","Necronomicon","sneckomod:BabySnecko","downfall:HeartBlessingRed","Art of War"],"acts_visited":["Exordium","TheCity"],"potions_floor_usage":[13,31,33],"damage_taken":[{"damage":0,"enemies":"Cultist","floor":2,"turns":3},{"damage":3,"enemies":"Jaw Worm","floor":4,"turns":3},{"damage":3,"enemies":"2 Louse","floor":5,"turns":3},{"damage":0,"enemies":"Large Slime","floor":9,"turns":5},{"damage":3,"enemies":"3 Louse","floor":10,"turns":4},{"damage":3,"enemies":"Exordium Thugs","floor":12,"turns":4},{"damage":13,"enemies":"3 Sentries","floor":13,"turns":7},{"damage":0,"enemies":"downfall:FleeingMerchant","floor":14,"turns":4},{"damage":0,"enemies":"Blue Slaver","floor":15,"turns":4},{"damage":43,"enemies":"WA_ARCHETYPE_RETAIN","floor":16,"turns":6},{"damage":48,"enemies":"3 Byrds","floor":19,"turns":5},{"damage":12,"enemies":"Shelled Parasite and Fungi","floor":20,"turns":4},{"damage":22,"enemies":"Cultist and Chosen","floor":22,"turns":5},{"damage":4,"enemies":"Snecko","floor":23,"turns":4},{"damage":14,"enemies":"3 Cultists","floor":31,"turns":5},{"damage":3,"enemies":"Snake Plant","floor":32,"turns":3},{"damage":47,"enemies":"DF_ARCHETYPE_CLAW","floor":33,"turns":6}],"seed_played":"-9097566696452242927","potions_obtained":[{"floor":9,"key":"hexamod:EctoCoolerPotion"},{"floor":13,"key":"Fire Potion"},{"floor":15,"key":"BlessingOfTheForge"},{"floor":16,"key":"Fire Potion"},{"floor":19,"key":"AttackPotion"},{"floor":20,"key":"EssenceOfSteel"}],"is_trial":false,"path_per_floor":["R","M","?","M","M","?","T","T","M","M","R","M","E","$","M","B",null,"R","M","M","?","M","M","T","R","?","?","?","R","T","M","M","B"],"character_chosen":"THE_SPIRIT","items_purchased":["DollysMirror"],"campfire_rested":1,"item_purchase_floors":[14],"current_hp_per_floor":[70,70,70,67,64,64,64,64,64,61,71,68,55,62,69,26,80,80,39,34,34,19,22,22,46,30,30,55,50,50,43,40,0,0,0],"gold":439,"neow_bonus":"BOSS_RELIC","is_daily":false,"chose_seed":false,"campfire_upgraded":3,"win_rate":0.0,"timestamp":1612240434,"path_taken":["R","M","?","?","M","?","T","?","?","M","R","M","E","$","M","BOSS","R","M","M","?","M","M","T","R","?","?","?","R","?","M","M","BOSS"],"items_purchased_type":["Relic"],"build_version":"2020-12-22","purchased_purges":1,"victory":false,"max_hp_per_floor":[70,70,70,70,70,70,70,70,70,70,80,80,80,80,80,80,80,80,80,80,80,80,80,80,80,80,80,80,80,80,80,80,80,80,80],"card_choices":[{"not_picked":["hexamod:ThermalTransfer","hexamod:SecondSeal","hexamod:Firestarter"],"picked":"SKIP","floor":2},{"not_picked":["hexamod:BacktrackSmack","hexamod:EtherealExpedition","hexamod:GhostShield"],"picked":"SKIP","floor":4},{"not_picked":["hexamod:FlamesFromBeyond","hexamod:ChargedBarrage"],"picked":"hexamod:GhostflameBarrier","floor":5},{"not_picked":["hexamod:HexaLevel","hexamod:SwordOfDarkness"],"picked":"hexamod:Haunt","floor":9},{"not_picked":["hexamod:SuperheatedStrike","hexamod:Incineration"],"picked":"hexamod:FirstSeal","floor":10},{"not_picked":["hexamod:GhostOfSpireFuture","hexamod:SpectersWail","hexamod:FastForward"],"picked":"SKIP","floor":12},{"not_picked":["hexamod:GhostOfSpireFuture","hexamod:ApocalypticArmor"],"picked":"hexamod:HeatMetal","floor":13},{"not_picked":["hexamod:GhostLash","hexamod:GhostOfSpireFuture","hexamod:ChargedBarrage"],"picked":"SKIP","floor":14},{"not_picked":["hexamod:FastForward","hexamod:InspiringFlames","hexamod:GhostLash"],"picked":"SKIP","floor":15},{"not_picked":["hexamod:FlameSwitch","hexamod:ParanormalForm"],"picked":"hexamod:GhostOfSpirePresent","floor":16},{"not_picked":["hexamod:AdvancingGuard","hexamod:FirstSeal"],"picked":"hexamod:SwordOfDarkness","floor":19},{"not_picked":["hexamod:SpectralSpark","hexamod:ThermalTransfer+1"],"picked":"hexamod:PhantomFireball","floor":20},{"not_picked":["hexamod:StepThrough","hexamod:FourthSeal"],"picked":"hexamod:EtherealExpedition","floor":22},{"not_picked":["hexamod:SpectralAdrenaline","hexamod:StepThrough"],"picked":"hexamod:Hexaguard","floor":23},{"not_picked":["hexamod:HauntingEcho","hexamod:AdvancingGuard","hexamod:HeatMetal"],"picked":"SKIP","floor":31},{"not_picked":["hexamod:TimeWarp","hexamod:RadiantFlame"],"picked":"hexamod:Incineration","floor":32}],"player_experience":308895,"relics_obtained":[{"floor":7,"key":"Whetstone"},{"floor":13,"key":"hubris:SphereOfDissonance"},{"floor":24,"key":"MawBank"},{"floor":26,"key":"Necronomicon"},{"floor":30,"key":"Art of War"}],"event_choices":[],"is_beta":false,"boss_relics":[{"not_picked":["aspiration:PoetsPen_weak","Busted Crown"],"picked":"hexamod:IceCube"}],"items_purged_floors":[14],"is_endless":false,"potions_floor_spawned":[9,13,15,16,19,20,23],"killed_by":"DF_ARCHETYPE_CLAW","ascension_level":2}}