{"host":"9mz6x6ekz95y53i5","time":1612282834,"event":{"mods":["AchievementEnabler","BaseMod","Downfall","Energized Spire","FoggyMod","Minty Spire (QoL Compilation)","Reliquary","Replay The Spire","Spicy Shops","StSLib","The Bug Knight","The Servant 0.9.4","¡¾ÒÅÎï¿¨ÅÆ¡¿REMEMod"],"gold_per_floor":[116,41,41,41,41,71,71,71,105,115,138,138,138,138,148,161,161,234,234,247,247,264,281,281,281,314,314,340,390,390,1,1,1,1,80,80,97,97,113,113,113,113,141,141,141],"floor_reached":44,"language":"ZHS","playtime":2248,"items_purged":["Strike_P","downfall:Bewildered"],"score":1116,"play_id":"d70d6b64-8895-4f72-aef6-d819a847c86b","local_time":"20210203002034","is_ascension_mode":true,"campfire_choices":[{"data":"ForeignInfluence","floor":13.0,"key":"SMITH"},{"data":"ForeignInfluence","floor":17.0,"key":"SMITH"},{"floor":25.0,"key":"REST"},{"floor":30.0,"key":"REST"},{"floor":34.0,"key":"REST"},{"floor":42,"key":"REST"}],"circlet_count":0,"master_deck":["AscendersBane","Strike_P+1","Defend_P+1","Defend_P","Defend_P+1","Defend_P+1","Eruption+1","Vigilance+1","hexamod:SixthSeal","SignatureMove","Replay:Cycle+1","SpiritShield+1","Prostrate+1","Devotion+1","ForeignInfluence+1","ForeignInfluence+1","Consecrate+1","ConjureBlade+1","REME_Repentance+1","BattleHymn+1","ThirdEye","ForeignInfluence+1","REME_PuzzleBox","Sickly","Alpha","Consecrate","Decay","FlyingSleeves","ForeignInfluence"],"relics":["PureWater","REME_ComplimentaryCards","NeowsBlessing","reliquary:PartyBalloon","reliquary:IvoryTrinket","Happy Flower","energizedSpire:DeadBattery","Tiny Chest","sneckomod:BabySnecko","Vajra","HornCleat","Ring of Panic","ReplayTheSpireMod:Ring of Addiction","SacredBark","Chameleon Ring","energizedSpire:NeverEndingSparkler","Garlic","CloakClasp"],"acts_visited":["Exordium","TheCity","TheBeyond"],"potions_floor_usage":[35,35,43,44],"damage_taken":[{"damage":0.0,"enemies":"Jaw Worm","floor":1.0,"turns":2.0},{"damage":0.0,"enemies":"Lagavulin","floor":6.0,"turns":2.0},{"damage":0.0,"enemies":"Gremlin Nob","floor":9.0,"turns":2.0},{"damage":2.0,"enemies":"Small Slimes","floor":10.0,"turns":3.0},{"damage":0.0,"enemies":"Cultist","floor":15.0,"turns":3.0},{"damage":10.0,"enemies":"Lots of Slimes","floor":16.0,"turns":6.0},{"damage":5.0,"enemies":"Fading Forest","floor":18.0,"turns":13.0},{"damage":2.0,"enemies":"Chosen","floor":20.0,"turns":5.0},{"damage":23.0,"enemies":"Shell Parasite","floor":22.0,"turns":3.0},{"damage":14.0,"enemies":"Centurion and Healer","floor":23.0,"turns":6.0},{"damage":40.0,"enemies":"Book of Stabbing","floor":26.0,"turns":5.0},{"damage":5,"enemies":"Collector","floor":35,"turns":6},{"damage":7,"enemies":"Orb Walker","floor":37,"turns":4},{"damage":17,"enemies":"3 Shapes","floor":39,"turns":4},{"damage":21,"enemies":"R_Hoarder","floor":43,"turns":7},{"damage":35,"enemies":"Spire Growth","floor":44,"turns":4}],"seed_played":"6973102472117777838","potions_obtained":[{"floor":9.0,"key":"AttackPotion"},{"floor":10.0,"key":"Reflective Coating"},{"floor":16.0,"key":"FearPotion"},{"floor":18.0,"key":"champ:CounterPotion"},{"floor":22.0,"key":"AttackPotion"},{"floor":33.0,"key":"Block Potion"},{"floor":35,"key":"Dexterity Potion"},{"floor":37,"key":"Elixir"}],"is_trial":false,"path_per_floor":["M","$","?","?","M","E","PTL","PTL","E","M","T","T","R","?","M","M","R","B",null,"M","?","M","M","?","R","E","M","T","?","R","$","T","?","R","B",null,"M","?","M","$","T","R","E","M"],"character_chosen":"WATCHER","items_purchased":["REME_PuzzleBox","Slimebound:ThreeZeroPotion"],"campfire_rested":4,"item_purchase_floors":[31,31],"current_hp_per_floor":[61,61,61,61,61,61,61,61,61,59,59,59,59,59,59,49,49,60,66,64,58,35,21,21,41,1,1,1,1,21,21,21,21,41,36,60,53,53,36,36,36,55,34,0,0],"gold":141,"neow_bonus":"THREE_ENEMY_KILL","is_daily":false,"chose_seed":false,"campfire_upgraded":2,"win_rate":0.0,"timestamp":1612282834,"path_taken":["M","$","?","?","?","E","PTL","PTL","E","?","T","?","R","?","?","?","R","BOSS","M","?","?","?","?","R","E","?","T","?","R","?","?","?","R","BOSS","M","?","?","$","?","R","E","?"],"items_purchased_type":["Card","Potion"],"build_version":"2020-12-22","purchased_purges":2,"victory":false,"max_hp_per_floor":[68,68,68,68,68,68,68,68,68,68,68,68,68,68,68,68,68,68,68,68,68,68,68,68,68,68,68,68,68,68,68,68,68,68,68,68,68,68,66,66,66,64,64,64,64],"card_choices":[{"not_picked":["Study","ClearTheMind"],"picked":"SignatureMove","floor":1.0},{"not_picked":["CrushJoints","Replay:Vibes"],"picked":"Prostrate","floor":6.0},{"not_picked":["SashWhip","Replay:Battleflow"],"picked":"Devotion","floor":9.0},{"not_picked":["EmptyFist","Crescendo"],"picked":"ForeignInfluence","floor":10.0},{"not_picked":["Protect","Collect"],"picked":"ForeignInfluence","floor":15.0},{"not_picked":["SashWhip","ClearTheMind"],"picked":"Consecrate","floor":16.0},{"not_picked":["Replay:AllIn","Omniscience"],"picked":"ConjureBlade","floor":18.0},{"not_picked":["REME_MusicOfDeath+1","Protect"],"picked":"REME_Repentance","floor":20.0},{"not_picked":["JustLucky","Halt"],"picked":"BattleHymn","floor":22.0},{"not_picked":["Evaluate","BattleHymn+1"],"picked":"ThirdEye","floor":23.0},{"not_picked":["Protect","Replay:AtTheReady","FlyingSleeves"],"picked":"SKIP","floor":26.0},{"not_picked":["Scrawl","Devotion"],"picked":"Alpha","floor":35},{"not_picked":["Replay:Cycle","EmptyFist"],"picked":"Consecrate","floor":37},{"not_picked":["FollowUp","Indignation"],"picked":"FlyingSleeves","floor":39},{"not_picked":["Halt","Prostrate+1"],"picked":"ForeignInfluence","floor":43}],"player_experience":204358,"relics_obtained":[{"floor":6.0,"key":"reliquary:PartyBalloon"},{"floor":9.0,"key":"reliquary:IvoryTrinket"},{"floor":11.0,"key":"Happy Flower"},{"floor":26.0,"key":"Tiny Chest"},{"floor":28.0,"key":"Vajra"},{"floor":32.0,"key":"HornCleat"},{"floor":33.0,"key":"Ring of Panic"},{"floor":33.0,"key":"ReplayTheSpireMod:Ring of Addiction"},{"floor":33.0,"key":"SacredBark"},{"floor":33.0,"key":"Chameleon Ring"},{"floor":41,"key":"Garlic"},{"floor":43,"key":"CloakClasp"}],"event_choices":[{"damage_healed":0.0,"max_hp_gain":0.0,"max_hp_loss":0.0,"gold_gain":0.0,"event_name":"Shining Light","player_choice":"Ignored","floor":3.0,"gold_loss":0.0,"damage_taken":0.0},{"damage_healed":0.0,"max_hp_gain":0.0,"max_hp_loss":0.0,"gold_gain":0.0,"event_name":"Match and Keep!","player_choice":"1 cards matched","floor":4.0,"gold_loss":0.0,"damage_taken":0.0,"cards_obtained":["Replay:Cycle"]},{"damage_healed":0.0,"max_hp_gain":0.0,"max_hp_loss":0.0,"gold_gain":0.0,"cards_transformed":["Strike_P"],"event_name":"Transmorgrifier","player_choice":"Transformed","floor":5.0,"gold_loss":0.0,"damage_taken":0.0,"cards_obtained":["SpiritShield"]},{"cards_removed":["Strike_P"],"damage_healed":0.0,"max_hp_gain":0.0,"max_hp_loss":0.0,"gold_gain":0.0,"event_name":"Purifier","player_choice":"Purged","floor":14.0,"gold_loss":0.0,"damage_taken":0.0},{"damage_healed":0.0,"max_hp_gain":0.0,"max_hp_loss":0.0,"gold_gain":0.0,"event_name":"Knowing Skull","player_choice":"","floor":21.0,"potions_obtained":[],"gold_loss":0.0,"damage_taken":6.0,"cards_obtained":[]},{"damage_healed":0.0,"max_hp_gain":0.0,"max_hp_loss":0.0,"gold_gain":0.0,"event_name":"Duplicator","player_choice":"Copied","floor":24.0,"gold_loss":0.0,"damage_taken":0.0,"cards_obtained":["ForeignInfluence"]},{"damage_healed":0.0,"max_hp_gain":0.0,"max_hp_loss":0.0,"gold_gain":50.0,"event_name":"Nest","player_choice":"Stole From Cult","floor":29.0,"gold_loss":0.0,"damage_taken":0.0},{"damage_healed":0,"gold_gain":0,"player_choice":"Cursed","damage_taken":0,"max_hp_gain":0,"max_hp_loss":0,"event_name":"Wheel of Change","floor":38,"gold_loss":0,"cards_obtained":["Decay"]}],"is_beta":false,"boss_relics":[{"not_picked":["SacredBark","Ring of Chaos"],"picked":"energizedSpire:DeadBattery"},{"not_picked":["Replay:Wanted Poster","Replay:Drink Me"],"picked":"energizedSpire:NeverEndingSparkler"}],"items_purged_floors":[2,31],"is_endless":false,"potions_floor_spawned":[9,10,16,18,22,35,37],"killed_by":"Spire Growth","ascension_level":20}}