{"host":"sav7uxregyirlf69","time":1612248131,"event":{"mods":["AchievementEnabler","BaseMod","Colored Map","DeckTracker","Keyboard Shortcuts","Minty Spire (QoL Compilation)","READ ME - Guardian Mod","StSLib","SuperFastMode"],"gold_per_floor":[118,130,130,130,141,141,155,172,172,206,206,216,156,176,176,255,255,272,44,69,69,89,4,4,4,4,4,31,44,75,91,91,91,91],"floor_reached":33,"language":"KOR","playtime":648,"items_purged":["Strike_G","Strike_G"],"score":574,"play_id":"edff1083-1aab-406d-8f0e-f94c3c77af3e","local_time":"20210202154211","is_ascension_mode":true,"campfire_choices":[{"data":"Terror","floor":6,"key":"SMITH"},{"data":"Tactician","floor":11,"key":"SMITH"},{"data":"Blade Dance","floor":15,"key":"SMITH"},{"floor":25,"key":"REST"},{"data":"Finisher","floor":27,"key":"SMITH"},{"data":"Footwork","floor":32,"key":"SMITH"}],"circlet_count":0,"master_deck":["AscendersBane","Strike_G","Strike_G","Defend_G","Defend_G","Defend_G","Defend_G","Defend_G","Survivor","Neutralize","Dagger Throw","Blur","Terror+1","Blade Dance+1","Tactician+1","Dagger Throw","Backflip","Flash of Steel","Finisher+1","Flash of Steel","Footwork+1","Well Laid Plans","PiercingWail"],"relics":["Ring of the Snake","CaptainsWheel","FaceOfCleric","The Courier","Matryoshka","Philosopher\u0027s Stone","Centennial Puzzle","Art of War","Mummified Hand","Boot","PreservedInsect","HornCleat"],"acts_visited":["Exordium","TheCity"],"potions_floor_usage":[10,16,16,28,30],"damage_taken":[{"damage":1,"enemies":"Small Slimes","floor":1,"turns":4},{"damage":2,"enemies":"2 Louse","floor":2,"turns":3},{"damage":0,"enemies":"Cultist","floor":5,"turns":4},{"damage":8,"enemies":"Lots of Slimes","floor":7,"turns":5},{"damage":6,"enemies":"Exordium Wildlife","floor":8,"turns":4},{"damage":8,"enemies":"Gremlin Nob","floor":10,"turns":3},{"damage":12,"enemies":"Exordium Thugs","floor":12,"turns":5},{"damage":3,"enemies":"Large Slime","floor":14,"turns":6},{"damage":14,"enemies":"Slime Boss","floor":16,"turns":10},{"damage":11,"enemies":"Chosen","floor":18,"turns":5},{"damage":3,"enemies":"Shell Parasite","floor":22,"turns":2},{"damage":8,"enemies":"Gremlin Leader","floor":28,"turns":5},{"damage":8,"enemies":"Shelled Parasite and Fungi","floor":29,"turns":3},{"damage":6,"enemies":"Book of Stabbing","floor":30,"turns":4},{"damage":5,"enemies":"Snecko","floor":31,"turns":6},{"damage":25,"enemies":"Automaton","floor":33,"turns":4}],"seed_played":"376665147303203003","potions_obtained":[{"floor":2,"key":"LiquidMemories"},{"floor":8,"key":"LiquidBronze"},{"floor":10,"key":"PowerPotion"},{"floor":14,"key":"Block Potion"},{"floor":16,"key":"Ancient Potion"},{"floor":18,"key":"SpeedPotion"},{"floor":28,"key":"PowerPotion"},{"floor":30,"key":"Block Potion"}],"is_trial":false,"path_per_floor":["M","M","?","?","M","R","M","M","T","E","R","M","$","M","R","B",null,"M","$","T","?","M","?","?","R","T","R","E","M","E","M","R","B"],"character_chosen":"THE_SILENT","items_purchased":["Flash of Steel","Finisher"],"campfire_rested":1,"item_purchase_floors":[19,19],"current_hp_per_floor":[58,56,56,56,57,57,50,45,45,38,38,27,27,25,25,12,53,43,43,43,24,22,22,22,44,44,44,37,30,25,21,21,0,0],"gold":91,"neow_bonus":"ONE_RARE_RELIC","is_daily":false,"chose_seed":false,"campfire_upgraded":5,"win_rate":0.0,"timestamp":1612248131,"path_taken":["M","M","?","?","M","R","?","M","T","E","R","M","$","M","R","BOSS","M","$","?","?","?","?","?","R","T","R","E","?","E","M","R","BOSS"],"items_purchased_type":["Card","Card"],"build_version":"2020-12-22","purchased_purges":2,"victory":false,"max_hp_per_floor":[60,60,60,60,61,61,62,63,63,64,64,65,65,66,66,67,67,68,68,68,73,74,74,74,74,74,74,75,76,77,78,78,78,78],"card_choices":[{"not_picked":["Quick Slash","Deadly Poison"],"picked":"Dagger Throw","floor":1},{"not_picked":["Slice","Predator"],"picked":"Blur","floor":2},{"not_picked":["Dodge and Roll","Deadly Poison"],"picked":"Blade Dance","floor":5},{"not_picked":["Endless Agony","Dagger Spray"],"picked":"Tactician","floor":7},{"not_picked":["Storm of Steel","Deflect"],"picked":"Dagger Throw","floor":8},{"not_picked":["Dagger Throw","Doppelganger","Cloak And Dagger"],"picked":"SKIP","floor":10},{"not_picked":["Concentrate","Sucker Punch"],"picked":"Backflip","floor":12},{"not_picked":["Dodge and Roll","Bane","Outmaneuver"],"picked":"SKIP","floor":14},{"not_picked":["Expertise","Sucker Punch","Tactician"],"picked":"SKIP","floor":18},{"not_picked":["Sucker Punch","Quick Slash","Deflect"],"picked":"SKIP","floor":22},{"not_picked":["Caltrops","Backstab"],"picked":"Footwork","floor":28},{"not_picked":["Setup","Cloak And Dagger"],"picked":"Well Laid Plans","floor":29},{"not_picked":["Choke","Flying Knee","Crippling Poison"],"picked":"SKIP","floor":30},{"not_picked":["Flying Knee","Sucker Punch"],"picked":"PiercingWail","floor":31}],"player_experience":1457936,"relics_obtained":[{"floor":9,"key":"The Courier"},{"floor":10,"key":"Matryoshka"},{"floor":20,"key":"Centennial Puzzle"},{"floor":20,"key":"Art of War"},{"floor":26,"key":"Boot"},{"floor":28,"key":"PreservedInsect"},{"floor":30,"key":"HornCleat"}],"event_choices":[{"damage_healed":0,"gold_gain":0,"cards_transformed":["Strike_G"],"player_choice":"Change","damage_taken":0,"max_hp_gain":0,"max_hp_loss":0,"event_name":"Living Wall","floor":3,"gold_loss":0,"cards_obtained":["Terror"]},{"damage_healed":0,"gold_gain":0,"player_choice":"Trade","damage_taken":0,"relics_obtained":["FaceOfCleric"],"max_hp_gain":0,"max_hp_loss":0,"event_name":"FaceTrader","floor":4,"gold_loss":0},{"damage_healed":0,"gold_gain":0,"player_choice":"Shed Blood","damage_taken":24,"max_hp_gain":5,"max_hp_loss":0,"event_name":"Forgotten Altar","floor":21,"gold_loss":0},{"damage_healed":0,"gold_gain":0,"player_choice":"Obtained Relic","damage_taken":0,"relics_obtained":["Mummified Hand"],"max_hp_gain":0,"max_hp_loss":0,"event_name":"Addict","floor":23,"gold_loss":85},{"damage_healed":0,"gold_gain":0,"player_choice":"Copied","damage_taken":0,"max_hp_gain":0,"max_hp_loss":0,"event_name":"Duplicator","floor":24,"gold_loss":0,"cards_obtained":["Flash of Steel"]}],"is_beta":false,"boss_relics":[{"not_picked":["Ectoplasm","Runic Dome"],"picked":"Philosopher\u0027s Stone"}],"items_purged_floors":[13,19],"is_endless":false,"potions_floor_spawned":[2,8,10,12,14,16,18,28,30],"killed_by":"Automaton","ascension_level":20}}