{"host":"farxtl2u8hmkbdo2","time":1612242732,"event":{"mods":["A Magickal Journey","BaseMod","Better Altar","Better Note","Better Sensory Stone","Better Skull","Better Third Choice","Challenge The Spire","Colored Map","Colored Powertips","Current Relic Mod","Energized Spire","Fox Events","Gremlin Mod","Hermit","Hubris","Mimic Mod","Minty Spire (QoL Compilation)","Quick Restart","READ ME - Guardian Mod","READ ME - Snecko Mod","Rare Cards Sparkle","StSLib","The Bladedancer","The Bug Knight","The Cursed","The Disciple","The Hierophant","The Marked","The Necromancer","The Runesmith","Transform Curses"],"gold_per_floor":[110,110,110,29,29,29,56,56,134,144,175,56,56,56,56,184,184,202,215,234,234,234,261,273,299,366,378,409,452,464,509,521,638,650,691,703,715,55,69,69,100,126,158,170,170,184,250,266,266,266],"floor_reached":51,"language":"SPA","playtime":3637,"items_purged":[],"score":1188,"play_id":"788a591e-354d-400f-981c-a89b44aa1b56","local_time":"20210202021212","is_ascension_mode":true,"campfire_choices":[{"data":"hermit:GoldenBullet","floor":6,"key":"SMITH"},{"data":"hermit:CursedWeapon","floor":8,"key":"SMITH"},{"data":"hermit:HighNoon","floor":13,"key":"SMITH"},{"data":"hermit:TakeCover","floor":15,"key":"SMITH"},{"data":"hermit:Manifest","floor":24,"key":"SMITH"},{"data":"hermit:Determination","floor":32,"key":"SMITH"},{"data":"hermit:DeadOrAlive","floor":40,"key":"SMITH"},{"data":"hermit:Determination","floor":49,"key":"SMITH"}],"circlet_count":0,"master_deck":["hermit:Strike_Hermit","hermit:Strike_Hermit","hermit:Strike_Hermit","hermit:Strike_Hermit","hermit:Defend_Hermit","hermit:Defend_Hermit+1","hermit:Defend_Hermit+1","hermit:Snapshot","hermit:Covet+1","blademaster:WrongfulFootwork","hermit:Ricochet","hermit:GoldenBullet+1","All Out Attack","hermit:CursedWeapon+1","hermit:Horror+1","hermit:FullyLoaded+1","hermit:Reprieve","hermit:Coalescence+1","hermit:Manifest+1","hermit:Determination+1","hermit:Quickdraw+1","hermit:Quickdraw","Writhe","hermit:BodyArmor+1","hermit:Headshot+1","hubris:DuctTapeCard","hermit:PistolWhip","hermit:DeadOrAlive+1","hermit:Coalescence+1","hermit:TakeAim+1","hermit:Midnight","hermit:Determination+1","hermit:LowProfile+1","hermit:LowProfile+1","hermit:Enervate+1","Parasite","hermit:FlashPowder"],"relics":["hermit:Momento","hubris:Towel","Juzu Bracelet","War Paint","HollowMod:StagPassRelic","Kunai","Bloody Idol","Black Star","Blood Vial","FossilizedHelix","MawBank","MealTicket","Matryoshka","Toy Ornithopter","hubris:DuctTape","hubris:BottledHeart","Darkstone Periapt","Boot","hermit:DentedPlate","Shuriken","HandDrill","Bird Faced Urn","hubris:MysteriousPyramids","CaptainsWheel","TungstenRod","Incense Burner","Sundial","Bottled Flame","Orichalcum","Pen Nib"],"acts_visited":["Exordium","TheCity","TheBeyond"],"potions_floor_usage":[16,16,23,25,29,33,41,50,50,50],"damage_taken":[{"damage":0,"enemies":"Jaw Worm","floor":1,"turns":3},{"damage":30,"enemies":"3 Sentries","floor":7,"turns":7},{"damage":6,"enemies":"Small Slimes","floor":10,"turns":2},{"damage":2,"enemies":"HollowMod:MossKnight","floor":11,"turns":5},{"damage":4,"enemies":"Slime Boss","floor":16,"turns":6},{"damage":13,"enemies":"3 Byrds","floor":18,"turns":6},{"damage":8,"enemies":"Spheric Guardian","floor":19,"turns":4},{"damage":23,"enemies":"Centurion and Healer","floor":20,"turns":5},{"damage":48,"enemies":"Slavers","floor":23,"turns":8},{"damage":11,"enemies":"Snake Plant","floor":25,"turns":5},{"damage":24,"enemies":"Sentry and Sphere","floor":28,"turns":8},{"damage":29,"enemies":"Gremlin Leader","floor":29,"turns":9},{"damage":0,"enemies":"Slavers","floor":31,"turns":6},{"damage":0,"enemies":"hubris:MusketHawk","floor":33,"turns":8},{"damage":0,"enemies":"3 Darklings","floor":35,"turns":5},{"damage":0,"enemies":"3 Shapes","floor":39,"turns":3},{"damage":0,"enemies":"Nemesis","floor":41,"turns":7},{"damage":0,"enemies":"Sphere and 2 Shapes","floor":42,"turns":7},{"damage":0,"enemies":"3 Darklings","floor":43,"turns":6},{"damage":0,"enemies":"3 Darklings","floor":44,"turns":4},{"damage":0,"enemies":"Transient","floor":46,"turns":5},{"damage":0,"enemies":"Reptomancer","floor":47,"turns":5},{"damage":0,"enemies":"Writhing Mass","floor":48,"turns":2},{"damage":0,"enemies":"hubris:GrandSnecko","floor":50,"turns":13}],"seed_played":"2293970268078440720","potions_obtained":[{"floor":7,"key":"Fire Potion"},{"floor":11,"key":"Regen Potion"},{"floor":21,"key":"foxEvents:VialedCaress"},{"floor":23,"key":"PowerPotion"},{"floor":25,"key":"Dexterity Potion"},{"floor":31,"key":"hermit:BlackBile"},{"floor":33,"key":"SpeedPotion"},{"floor":35,"key":"LiquidBronze"},{"floor":42,"key":"SpeedPotion"},{"floor":44,"key":"Dexterity Potion"}],"is_trial":false,"path_per_floor":["M","?","?","$","?","R","E","R","T","M","E","$","R","?","R","B",null,"M","M","M","?","?","E","R","M","T","?","M","E","?","E","R","B",null,"M","?","?","$","M","R","E","M","MIM","M","?","M","E","M","R","B",null],"character_chosen":"HERMIT","items_purchased":["hermit:GoldenBullet","hermit:Horror","hermit:FullyLoaded","Shuriken","HandDrill","Bird Faced Urn"],"campfire_rested":0,"item_purchase_floors":[4,12,12,38,38,38],"current_hp_per_floor":[89,89,89,89,75,75,45,45,45,39,37,37,37,37,37,48,82,69,61,38,38,19,12,17,18,28,33,25,12,1,1,1,1,1,1,1,1,1,1,1,1,1,1,1,1,1,1,1,1,1],"gold":266,"neow_bonus":"TWENTY_PERCENT_HP_BONUS","is_daily":false,"chose_seed":false,"campfire_upgraded":8,"win_rate":0.0,"timestamp":1612242732,"path_taken":["M","?","?","$","?","R","E","R","T","M","E","$","R","?","R","BOSS","M","M","M","?","?","E","R","M","T","?","M","E","?","E","R","BOSS","M","?","?","$","M","R","E","M","MIM","M","?","M","E","M","R","BOSS"],"items_purchased_type":["Card","Card","Card","Relic","Relic","Relic"],"build_version":"2020-12-22","purchased_purges":0,"victory":true,"max_hp_per_floor":[89,89,89,89,89,89,89,89,89,89,89,89,89,82,82,82,82,82,82,82,69,69,69,69,69,69,69,69,69,1,1,1,1,1,1,1,1,1,1,1,1,1,1,1,1,1,1,1,1,1],"card_choices":[{"not_picked":["hermit:Roulette","hermit:TrackingShot"],"picked":"hermit:Ricochet","floor":1},{"not_picked":["hermit:BodyArmor","hermit:Combo"],"picked":"hermit:CursedWeapon","floor":7},{"not_picked":["hermit:HoleUp","hermit:Dive"],"picked":"hermit:TakeCover","floor":10},{"not_picked":["hermit:Determination","hermit:Vantage"],"picked":"hermit:HighNoon","floor":11},{"not_picked":["hermit:FinalCanter","hermit:HighNoon"],"picked":"hermit:Reprieve","floor":16},{"not_picked":["hermit:TrackingShot","hermit:Dive"],"picked":"hermit:Coalescence+1","floor":18},{"not_picked":["hermit:Feint","hermit:WideOpen"],"picked":"hermit:Manifest","floor":19},{"not_picked":["hermit:SprayPray","hermit:Midnight"],"picked":"hermit:Determination","floor":20},{"not_picked":["hermit:Roulette","hermit:Enervate"],"picked":"hermit:Quickdraw+1","floor":23},{"not_picked":["hermit:BigShot","hermit:Coalescence"],"picked":"hermit:Quickdraw","floor":25},{"not_picked":["hermit:Desperado","hermit:Feint"],"picked":"hermit:BodyArmor+1","floor":28},{"not_picked":["hermit:Vantage","hermit:FinalCanter"],"picked":"hermit:Headshot+1","floor":29},{"not_picked":["hermit:Feint","hermit:BigShot"],"picked":"hermit:PistolWhip","floor":31},{"not_picked":["hermit:HeroicBravado","hermit:HighNoon"],"picked":"hermit:DeadOrAlive","floor":33},{"not_picked":["hermit:Roulette+1","hermit:Headshot+1"],"picked":"hermit:Coalescence+1","floor":35},{"not_picked":["hermit:TrackingShot+1","hermit:BodyArmor+1"],"picked":"hermit:TakeAim+1","floor":39},{"not_picked":["hermit:SprayPray","hermit:Desperado"],"picked":"hermit:Midnight","floor":41},{"not_picked":["hermit:Coalescence","hermit:LuckOfTheDraw"],"picked":"hermit:Determination","floor":42},{"not_picked":["hermit:Coalescence+1","hermit:HighCaliber+1"],"picked":"hermit:LowProfile+1","floor":43},{"not_picked":["hermit:Vantage","hermit:LuckOfTheDraw","hermit:HighCaliber"],"picked":"SKIP","floor":44},{"not_picked":["hermit:Spite","hermit:Headshot+1"],"picked":"hermit:LowProfile+1","floor":46},{"not_picked":["hermit:BigShot+1","hermit:HoleUp+1"],"picked":"hermit:Enervate+1","floor":47},{"not_picked":["hermit:Malice","hermit:Manifest"],"picked":"hermit:FlashPowder","floor":48}],"player_experience":2013185,"relics_obtained":[{"floor":7,"key":"War Paint"},{"floor":9,"key":"HollowMod:StagPassRelic"},{"floor":11,"key":"Kunai"},{"floor":23,"key":"FossilizedHelix"},{"floor":23,"key":"MawBank"},{"floor":26,"key":"MealTicket"},{"floor":29,"key":"Toy Ornithopter"},{"floor":29,"key":"hubris:DuctTape"},{"floor":31,"key":"Darkstone Periapt"},{"floor":31,"key":"Boot"},{"floor":41,"key":"hubris:MysteriousPyramids"},{"floor":41,"key":"CaptainsWheel"},{"floor":43,"key":"TungstenRod"},{"floor":43,"key":"Incense Burner"},{"floor":43,"key":"Sundial"},{"floor":43,"key":"Bottled Flame"},{"floor":47,"key":"Orichalcum"},{"floor":47,"key":"Pen Nib"}],"event_choices":[{"damage_healed":0,"gold_gain":0,"player_choice":"Lose Max HP","damage_taken":0,"relics_obtained":["Golden Idol"],"max_hp_gain":0,"max_hp_loss":7,"event_name":"Golden Idol","floor":14,"gold_loss":0},{"damage_healed":0,"gold_gain":0,"player_choice":" GoldIdol Vial ","damage_taken":19,"relics_obtained":["Bloody Idol","Blood Vial"],"max_hp_gain":38,"max_hp_loss":19,"event_name":"betterAltar:BetterAltar","floor":22,"potions_obtained":[],"relics_lost":["Golden Idol"],"gold_loss":0},{"damage_healed":0,"gold_gain":0,"player_choice":"Opened","damage_taken":0,"relics_obtained":["Matryoshka"],"max_hp_gain":0,"max_hp_loss":0,"event_name":"The Mausoleum","floor":27,"gold_loss":0,"cards_obtained":["Writhe"]},{"cards_removed":["hermit:Defend_Hermit"],"damage_healed":0,"gold_gain":0,"player_choice":"Purged","damage_taken":0,"max_hp_gain":0,"max_hp_loss":0,"event_name":"Purifier","floor":36,"gold_loss":0},{"damage_healed":0,"gold_gain":0,"player_choice":"Full Heal","damage_taken":0,"max_hp_gain":0,"max_hp_loss":0,"event_name":"Wheel of Change","floor":45,"gold_loss":0}],"is_beta":false,"boss_relics":[{"not_picked":["hubris:RunicObelisk","hubris:VirtuousBlindfold"],"picked":"Black Star"},{"not_picked":["hubris:CrackedHourglass","Fusion Hammer"],"picked":"hermit:DentedPlate"}],"items_purged_floors":[],"is_endless":false,"potions_floor_spawned":[7,11,23,25,31,33,35,42,44,46],"ascension_level":3}}