{"host":"g7mkzn6qfoxkk5sz","time":1612245360,"event":{"mods":["BaseMod","Colored Map","Colored Powertips","Downfall","Minty Spire (QoL Compilation)","StSLib"],"gold_per_floor":[0,19,19,19,4,4,4,19,30,40,72,72,172,200,218,218,218,218],"floor_reached":16,"language":"ENG","playtime":1107,"items_purged":[],"score":110,"play_id":"e1c9c6e9-8662-4140-a669-a19da7866039","local_time":"20210202075600","is_ascension_mode":false,"campfire_choices":[{"data":"Guardian:TwinSlam","floor":1,"key":"SMITH"},{"data":"Guardian:SentryBeam","floor":6,"key":"SMITH"}],"circlet_count":0,"master_deck":["Guardian:Strike_Guardian","Guardian:Defend_Guardian","Guardian:Defend_Guardian","Guardian:Defend_Guardian","Guardian:CurlUp","Guardian:TwinSlam+1","Guardian:SentryBeam+1","Guardian:ChargeCore","Guardian:PiercingHide","Guardian:DonusPower","Guardian:RollAttack","Guardian:Gem_Fragmented","Guardian:Gem_Green","Guardian:Gem_White","Guardian:Gem_Crimson","Guardian:Gem_Yellow","Guardian:Gem_Blue","Guardian:TemporalStrike","Guardian:TemporalShield"],"relics":["Guardian:ModeShifter","Girya","Pocketwatch","Guardian:PickAxe","downfall:CloakOfManyFaces","CultistMask","FaceOfCleric","NlothsMask","GremlinMask","SsserpentHead","Letter Opener"],"acts_visited":["Exordium"],"potions_floor_usage":[11,12,16,16],"damage_taken":[{"damage":1,"enemies":"2 Louse","floor":2,"turns":3},{"damage":0,"enemies":"downfall:FleeingMerchant","floor":5,"turns":4},{"damage":2,"enemies":"Small Slimes","floor":8,"turns":4},{"damage":0,"enemies":"Cultist","floor":9,"turns":3},{"damage":0,"enemies":"Lots of Slimes","floor":10,"turns":3},{"damage":16,"enemies":"Gremlin Nob","floor":11,"turns":4},{"damage":0,"enemies":"Gremlin Nob","floor":12,"turns":2},{"damage":3,"enemies":"downfall:FaceTrader","floor":13,"turns":8},{"damage":12,"enemies":"3 Sentries","floor":14,"turns":8},{"damage":13,"enemies":"Red Slaver","floor":15,"turns":2},{"damage":24,"enemies":"SI_SHIV_ARCHETYPE","floor":16,"turns":5}],"seed_played":"-1502219635731836529","potions_obtained":[{"floor":8,"key":"Explosive Potion"},{"floor":9,"key":"Ancient Potion"},{"floor":11,"key":"FearPotion"},{"floor":13,"key":"Ancient Potion"}],"is_trial":false,"path_per_floor":["R","M","?","?","$","R","T","M","M","M","E","?","?","E","M","B"],"character_chosen":"GUARDIAN","items_purchased":[],"campfire_rested":0,"item_purchase_floors":[],"current_hp_per_floor":[80,79,79,79,79,79,79,77,77,77,61,49,46,35,23,0,0,0],"gold":218,"neow_bonus":"REMOVE_TWO","is_daily":false,"chose_seed":false,"campfire_upgraded":2,"win_rate":0.0,"timestamp":1612245360,"path_taken":["R","M","?","?","$","R","T","M","M","M","E","?","?","E","M","BOSS"],"items_purchased_type":[],"build_version":"2020-12-22","purchased_purges":0,"victory":false,"max_hp_per_floor":[80,80,80,80,80,80,80,80,80,80,80,80,80,81,82,82,82,82],"card_choices":[{"not_picked":["Guardian:Gem_Green","Guardian:RefractedBeam"],"picked":"Guardian:Gem_Red","floor":2},{"not_picked":["Guardian:AncientConstruct","Guardian:Harden"],"picked":"Guardian:SentryBeam","floor":5},{"not_picked":["Guardian:Harden","Guardian:Gem_Blue"],"picked":"Guardian:ChargeCore","floor":8},{"not_picked":["Guardian:TemporalStrike","Guardian:Recover"],"picked":"Guardian:PiercingHide","floor":9},{"not_picked":["Guardian:Reroute","Guardian:PrimingBeam"],"picked":"Guardian:DonusPower","floor":10},{"not_picked":["Guardian:Gem_Green","Guardian:TemporalStrike"],"picked":"Guardian:RollAttack","floor":11},{"not_picked":["Guardian:RefractedBeam","Guardian:Reroute"],"picked":"Guardian:Gem_Blue","floor":13},{"not_picked":["Guardian:FloatingOrbs","Guardian:StasisField"],"picked":"Guardian:TemporalStrike","floor":14},{"not_picked":["Guardian:Gem_Cyan","Guardian:VentSteam"],"picked":"Guardian:TemporalShield","floor":15}],"player_experience":462156,"relics_obtained":[{"floor":7,"key":"Girya"},{"floor":11,"key":"Pocketwatch"},{"floor":13,"key":"downfall:CloakOfManyFaces"},{"floor":14,"key":"Letter Opener"}],"event_choices":[],"is_beta":false,"boss_relics":[],"items_purged_floors":[],"is_endless":false,"potions_floor_spawned":[8,9,11,12,13],"killed_by":"SI_SHIV_ARCHETYPE","ascension_level":0}}