{"host":"ix2a18c4ohfsrslv","time":1612295032,"event":{"mods":["BaseMod","Better Third Choice","Downfall","Hubris","Minty Spire (QoL Compilation)","StSLib"],"gold_per_floor":[199,210,224,48,67,167,190,202,237,15,15,33,46,46,57,154,154,154,179,179,195,195,195,195,195],"floor_reached":23,"language":"ENG","playtime":1619,"items_purged":["hexamod:Strike"],"score":210,"play_id":"5a38ca51-c878-48f6-bd93-a5d7738eb9b9","local_time":"20210202114352","is_ascension_mode":true,"campfire_choices":[{"data":"hexamod:Float","floor":1,"key":"SMITH"},{"data":"hexamod:SoulSteal","floor":11,"key":"SMITH"},{"data":"hexamod:HeatShield","floor":18,"key":"SMITH"}],"circlet_count":0,"master_deck":["hexamod:Strike","hexamod:Strike","hexamod:Strike","hexamod:Defend","hexamod:Defend","hexamod:Defend","hexamod:Defend+1","hexamod:Sear","hexamod:Float+1","hexamod:Hexaguard","hexamod:SoulSteal+1","hexamod:RadiantFlame","hexamod:HeatMetal","hexamod:FirstSeal","hexamod:StepThrough","hexamod:ThermalTransfer+1","hexamod:HeatShield+1","hexamod:GhostShield","hexamod:ExtraCrispy","downfall:Haunted","hexamod:SixthSeal","hexamod:VolcanoVisage+1"],"relics":["hexamod:SpiritBrand","Regal Pillow","Lantern","Happy Flower","hubris:RunicObelisk","Strawberry"],"acts_visited":["Exordium","TheCity"],"potions_floor_usage":[12,16,23,23,23],"damage_taken":[{"damage":2,"enemies":"Jaw Worm","floor":2,"turns":3},{"damage":0,"enemies":"Cultist","floor":3,"turns":3},{"damage":0,"enemies":"downfall:FleeingMerchant","floor":4,"turns":4},{"damage":4,"enemies":"Small Slimes","floor":5,"turns":4},{"damage":6,"enemies":"Red Slaver","floor":8,"turns":3},{"damage":16,"enemies":"Lagavulin","floor":9,"turns":6},{"damage":10,"enemies":"downfall:FleeingMerchant","floor":10,"turns":4},{"damage":3,"enemies":"Blue Slaver","floor":12,"turns":4},{"damage":0,"enemies":"3 Louse","floor":13,"turns":3},{"damage":10,"enemies":"Large Slime","floor":15,"turns":6},{"damage":59,"enemies":"IC_STATUS_ARCHETYPE","floor":16,"turns":9},{"damage":19,"enemies":"3 Byrds","floor":21,"turns":5},{"damage":66,"enemies":"Slavers","floor":23,"turns":5}],"seed_played":"-1934621819146418274","potions_obtained":[{"floor":5,"key":"FearPotion"},{"floor":9,"key":"Swift Potion"},{"floor":12,"key":"GamblersBrew"},{"floor":13,"key":"Guardian:BlockOnCardUsePotion"},{"floor":16,"key":"FearPotion"},{"floor":21,"key":"Block Potion"}],"is_trial":false,"path_per_floor":["R","M","M","$","M","?","T","M","E","$","R","M","M","?","M","B",null,"R","T","?","M","?","E"],"character_chosen":"THE_SPIRIT","items_purchased":["hexamod:HeatMetal","hexamod:FirstSeal","Happy Flower","FearPotion"],"campfire_rested":0,"item_purchase_floors":[4,4,10,10],"current_hp_per_floor":[70,68,68,68,70,70,70,70,61,58,58,62,69,69,66,14,70,70,77,77,65,65,0,0,0],"gold":195,"neow_bonus":"HUNDRED_GOLD","is_daily":false,"chose_seed":false,"campfire_upgraded":3,"win_rate":0.0,"timestamp":1612295032,"path_taken":["R","M","M","$","M","?","T","M","E","$","R","M","M","?","M","BOSS","R","?","?","M","?","E"],"items_purchased_type":["Card","Card","Relic","Potion"],"build_version":"2020-12-22","purchased_purges":1,"victory":false,"max_hp_per_floor":[70,70,70,70,70,70,70,70,70,70,70,70,70,70,70,70,70,70,77,77,77,77,77,77,77],"card_choices":[{"not_picked":["hexamod:SuperheatedStrike","hexamod:ShieldOfDarkness"],"picked":"hexamod:Hexaguard","floor":2},{"not_picked":["hexamod:Again","hexamod:SpectralAdrenaline"],"picked":"hexamod:SoulSteal","floor":3},{"not_picked":["hexamod:ShieldOfDarkness","hexamod:SwordOfDarkness"],"picked":"hexamod:RadiantFlame","floor":4},{"not_picked":["hexamod:InspiringFlames","hexamod:BurningTouch"],"picked":"hexamod:StepThrough","floor":5},{"not_picked":["hexamod:Hexaguard","hexamod:BacktrackSmack"],"picked":"hexamod:ThermalTransfer","floor":8},{"not_picked":["hexamod:FastForward","hexamod:NecessarySacrifice"],"picked":"hexamod:HeatShield","floor":9},{"not_picked":["hexamod:SuperheatedStrike","hexamod:DynamicBlow"],"picked":"hexamod:GhostShield","floor":10},{"not_picked":["hexamod:BacktrackSmack","hexamod:GhostOfSpirePast","hexamod:RecurringNightmare"],"picked":"SKIP","floor":12},{"not_picked":["hexamod:HauntingEcho","hexamod:Incineration"],"picked":"hexamod:ExtraCrispy","floor":13},{"not_picked":["hexamod:GhostOfSpireFuture","hexamod:SpectralSpark"],"picked":"hexamod:VolcanoVisage","floor":15},{"not_picked":["hexamod:BurningTouch","hexamod:SpectersWail","hexamod:Firestarter"],"picked":"SKIP","floor":21}],"player_experience":181135,"relics_obtained":[{"floor":7,"key":"Regal Pillow"},{"floor":9,"key":"Lantern"},{"floor":19,"key":"Strawberry"}],"event_choices":[{"damage_healed":0,"gold_gain":0,"player_choice":"Forge","damage_taken":0,"max_hp_gain":0,"max_hp_loss":0,"event_name":"Accursed Blacksmith","floor":22,"gold_loss":0,"cards_upgraded":["hexamod:ThermalTransfer"]}],"is_beta":false,"boss_relics":[{"not_picked":["Velvet Choker","Runic Pyramid"],"picked":"hubris:RunicObelisk"}],"items_purged_floors":[4],"is_endless":false,"potions_floor_spawned":[5,9,12,13,15,16,21],"killed_by":"Slavers","ascension_level":2}}