{"host":"tm3ghj8mno6gwywm","time":1612228127,"event":{"mods":["2.2 Compatiblity","AchievementEnabler","Bard","BaseMod","Beaked The Cultist","Better Third Choice","Colored Map","Colored Powertips","Conspire","Downfall","Glutton Mod","GungeonMod","Halation","Hermit","Hubris","Infinite Spire","Jorbs\u0027s Wanderer Trilogy","Mad Scientist","Marisa????????","Marked Mod","Mimic Mod","Minty Spire (QoL Compilation)","Potionbrewer","Quick Restart","Replay The Spire","Shade Mod","Shop Mod","Somnambulant","Spicy Shops","StSLib","SuperFastMode","The Bug Knight","The Construct","The Cursed","The Disciple","The Hierophant","The IronCluck","The Judge","The Jungle","The Necromancer","The Runesmith","The Servant 0.9.4","egg"],"gold_per_floor":[399,512,512,422,434,334,334,347,140,155,55,65,65,97,108,211,211,111,131,131,142,160,245,245,345,362,377,82,260,260,280,297,396,396,396,415,206,245,295,295,371,371,384,400,400,40,40,65,76,76,76,107,21,21,21,21],"floor_reached":57,"language":"ENG","playtime":2467,"items_purged":[],"score":1457,"play_id":"8e17995b-5dd9-420e-b39f-1bdbe1c29e23","local_time":"20210201200847","is_ascension_mode":false,"campfire_choices":[{"floor":1,"key":"RECALL"},{"data":"Guardian:TwinSlam","floor":6,"key":"SMITH"},{"floor":11,"key":"REST"},{"data":"Guardian:CurlUp","floor":13,"key":"SMITH"},{"data":"Guardian:Defend_Guardian","floor":18,"key":"SMITH"},{"data":"Guardian:Defend_Guardian","floor":30,"key":"SMITH"},{"data":"Guardian:Defend_Guardian","floor":35,"key":"SMITH"},{"data":"Guardian:Defend_Guardian","floor":40,"key":"SMITH"},{"data":"Guardian:Strike_Guardian","floor":45,"key":"SMITH"},{"floor":54,"key":"REST"}],"circlet_count":0,"master_deck":["Guardian:Strike_Guardian","Guardian:Strike_Guardian","Guardian:Strike_Guardian","Guardian:Strike_Guardian+1","Guardian:Defend_Guardian+1","Guardian:Defend_Guardian+1","Guardian:Defend_Guardian+1","Guardian:Defend_Guardian+1","Guardian:CurlUp+1","Guardian:TwinSlam+1","infinitespire:Gouge+1","Guardian:ChargeCore+1","Guardian:TimeSifter+1","Guardian:Planning+1","Guardian:SentryBeam+1","Guardian:ShieldCharger+1","Guardian:AncientConstruct+1","Guardian:StasisField+1","Guardian:GatlingBeam+1","Guardian:Incinerate+1","Guardian:Incinerate+1","Guardian:Reroute+1","Guardian:ArmoredProtocol+1","Guardian:TimeBomb+1","Guardian:SpikerProtocol+1","Guardian:ChargeUp+1","Guardian:Preprogram+1","Guardian:TimeCapacitor+1","Guardian:ChargeUp+1","Guardian:FastForward+1","Guardian:Suspension+1","Guardian:ChargeUp+1","Guardian:PrismaticBarrier+1","Guardian:CrystalBeam+1","Guardian:TimeCapacitor+1","Guardian:ExploitGems+1","expansioncontent:YouAreMine+1","Guardian:PrimingBeam+1","Guardian:DecasProtection+1"],"relics":["Guardian:ModeShifter","Membership Card","Quantum Egg","Frozen Egg 2","Toxic Egg 2","Molten Egg 2","Black Star","Mummified Hand","Lizard Tail","WingedGreaves","Old Coin","PreservedInsect","halation:AfternoonTea","Potion Belt","downfall:HeartBlessingRed","Guardian:StasisUpgradeRelic","hexamod:BolsterEngine","downfall:HeartBlessingBlue","Mummified Hand","DemoMod:OrangeGuonStone","beaked:SacredDeck","downfall:HeartBlessingGreen","Pocketwatch","White Beast Statue","Lee\u0027s Waffle","infinitespire:BottledMercury","hubris:Potato","Replay:Bronze Core","Bag of Preparation","Boot","HandDrill","infinitespire:Joker Card","Toy Ornithopter","DemoMod:GreenGuonStone","DemoMod:Bottle","Guardian:DefensiveModeMoreBlock","hubris:EmptyBottle","potionbrewer:Torch","War Paint","Du-Vu Doll","DemoMod:GlassGuonStoneRelic","conspire:TopHat","champ:DuelingGlove"],"acts_visited":["Exordium","TheCity","TheBeyond","TheEnding"],"potions_floor_usage":[9,16,33,33,33,55,56,56,56,56,56,56,56],"damage_taken":[{"damage":0,"enemies":"downfall:FleeingMerchant","floor":4,"turns":4},{"damage":2,"enemies":"conspire:RoseBush","floor":5,"turns":3},{"damage":0,"enemies":"Jaw Worm","floor":8,"turns":3},{"damage":0,"enemies":"downfall:FleeingMerchant","floor":9,"turns":4},{"damage":0,"enemies":"Small Slimes","floor":10,"turns":2},{"damage":0,"enemies":"2 Fungi Beasts","floor":12,"turns":2},{"damage":0,"enemies":"Lagavulin","floor":14,"turns":3},{"damage":0,"enemies":"Exordium Wildlife","floor":15,"turns":2},{"damage":0,"enemies":"WA_ARCHETYPE_RETAIN","floor":16,"turns":4},{"damage":1,"enemies":"3 Byrds","floor":19,"turns":4},{"damage":0,"enemies":"conspire:HollyBat","floor":21,"turns":6},{"damage":0,"enemies":"Cultist and Chosen","floor":22,"turns":4},{"damage":0,"enemies":"downfall:LadyInBlue","floor":25,"turns":5},{"damage":15,"enemies":"Snecko","floor":26,"turns":5},{"damage":0,"enemies":"Centurion and Healer","floor":27,"turns":4},{"damage":0,"enemies":"downfall:FleeingMerchant","floor":28,"turns":4},{"damage":0,"enemies":"downfall:FleeingMerchant","floor":29,"turns":1},{"damage":9,"enemies":"Snake Plant","floor":31,"turns":3},{"damage":16,"enemies":"conspire:HollyBat","floor":32,"turns":5},{"damage":6,"enemies":"DF_ARCHETYPE_CLAW","floor":33,"turns":6},{"damage":0,"enemies":"3 Darklings","floor":36,"turns":6},{"damage":0,"enemies":"3 Shapes","floor":38,"turns":6},{"damage":0,"enemies":"3 Shapes","floor":39,"turns":6},{"damage":6,"enemies":"3 Shapes","floor":43,"turns":3},{"damage":8,"enemies":"Maw","floor":44,"turns":6},{"damage":0,"enemies":"HollowMod:StalkingDevout","floor":48,"turns":6},{"damage":1,"enemies":"3 Darklings","floor":49,"turns":4},{"damage":25,"enemies":"IC_BLOCK_ARCHETYPE","floor":50,"turns":9},{"damage":17,"enemies":"downfall:CharBossMerchant","floor":52,"turns":8},{"damage":0,"enemies":"downfall:NeowBoss","floor":55,"turns":14},{"damage":0,"enemies":"downfall:NeowBossFinal","floor":56,"turns":6}],"seed_played":"2660096893979240864","potions_obtained":[{"floor":5,"key":"Toxic Potion"},{"floor":12,"key":"Elixir"},{"floor":14,"key":"construct:ShiftPotion"},{"floor":15,"key":"Swift Potion"},{"floor":20,"key":"CultistPotion"},{"floor":21,"key":"Guardian:StasisDiscoveryPotion"},{"floor":25,"key":"SkillPotion"},{"floor":25,"key":"Dexterity Potion"},{"floor":33,"key":"DemoMod:LeadSkinPotion"},{"floor":36,"key":"DemoMod:LeadSkinPotion"},{"floor":39,"key":"SkillPotion"},{"floor":43,"key":"GamblersBrew"},{"floor":44,"key":"DuplicationPotion"},{"floor":49,"key":"DistilledChaos"},{"floor":52,"key":"ColorlessPotion"}],"is_trial":false,"path_per_floor":["R","?","?","$","M","R","T","M","$","M","R","M","R","E","M","B",null,"R","M","?","M","M","?","T","?","M","M","$","$","R","M","M","B",null,"R","M","$","MIM","?","R","T","?","M","M","R","$","?","E","M","B",null,"E","$","R","B","B",null],"character_chosen":"GUARDIAN","items_purchased":["Potion Belt","Guardian:StasisUpgradeRelic","hexamod:BolsterEngine","Guardian:SentryBeam+1","Lee\u0027s Waffle","Guardian:SpikerProtocol+1","Guardian:ChargeUp+1","infinitespire:BottledMercury","hubris:Potato","Guardian:Gem_Lightblue","PowerPotion","Bag of Preparation","Boot","HandDrill","Guardian:DefensiveModeMoreBlock","Guardian:TimeCapacitor+1","hubris:EmptyBottle","Guardian:Gem_Cyan","Guardian:ExploitGems+1","potionbrewer:Torch","Guardian:PrimingBeam+1","Guardian:DecasProtection+1"],"campfire_rested":2,"item_purchase_floors":[4,9,9,9,28,28,28,28,29,29,37,37,37,37,46,46,46,46,46,46,53,53],"current_hp_per_floor":[80,80,60,60,58,58,58,58,58,58,90,90,90,90,90,90,90,90,89,89,89,89,73,73,73,58,58,97,97,97,88,72,66,97,97,97,97,97,97,97,97,97,91,83,83,83,83,83,82,57,97,80,80,97,97,97],"gold":21,"neow_bonus":"RANDOM_COMMON_RELIC","is_daily":false,"chose_seed":false,"campfire_upgraded":7,"win_rate":0.0,"timestamp":1612228127,"path_taken":["R","?","?","$","M","R","T","M","$","M","R","M","R","E","M","BOSS","R","M","?","M","M","?","T","?","M","M","$","$","R","M","M","BOSS","R","M","$","?","?","R","T","?","M","?","R","$","?","E","M","BOSS","E","$","R","BOSS","BOSS"],"items_purchased_type":["Relic","Relic","Relic","Card","Relic","Card","Card","Relic","Relic","Card","Potion","Relic","Relic","Relic","Relic","Card","Relic","Card","Card","Relic","Card","Card"],"build_version":"2020-12-22","purchased_purges":0,"victory":true,"max_hp_per_floor":[80,80,80,80,80,80,80,80,80,80,90,90,90,90,90,90,90,90,90,90,90,90,90,90,90,90,90,97,97,97,97,97,97,97,97,97,97,97,97,97,97,97,97,97,97,97,97,97,97,97,97,97,97,97,97,97],"card_choices":[{"not_picked":["Guardian:Gem_Cyan","Guardian:Planning+1"],"picked":"Guardian:Gem_Green","floor":2},{"not_picked":["Guardian:CrystalBeam+1","Guardian:VentSteam+1"],"picked":"Guardian:Gem_White","floor":2},{"not_picked":["infinitespire:Menacing","ReplayTheSpireMod:Black Plague"],"picked":"infinitespire:Gouge","floor":3},{"not_picked":["Guardian:ShieldSpikes+1","Guardian:Gem_Lightblue"],"picked":"Guardian:Gem_Blue","floor":4},{"not_picked":["Guardian:VentSteam+1","Guardian:Gem_Red"],"picked":"Guardian:ChargeCore+1","floor":5},{"not_picked":["Guardian:DonusPower+1","Guardian:WalkerClaw+1"],"picked":"Guardian:TimeSifter+1","floor":8},{"not_picked":["Guardian:Suspension+1","Guardian:FloatingOrbs+1"],"picked":"Guardian:Planning+1","floor":9},{"not_picked":["Guardian:VentSteam+1","Guardian:Incinerate+1"],"picked":"Guardian:Gem_Green","floor":10},{"not_picked":["Guardian:PrismaticBeam+1","Guardian:ChargeCore+1"],"picked":"Guardian:ShieldCharger+1","floor":12},{"not_picked":["Guardian:Gem_Yellow","Guardian:Gem_Fragmented"],"picked":"Guardian:AncientConstruct+1","floor":14},{"not_picked":["Guardian:Recover+1","Guardian:Gem_Fragmented"],"picked":"Guardian:StasisField+1","floor":15},{"not_picked":["Guardian:CompilePackage+1","Guardian:FierceBash+1"],"picked":"Guardian:GatlingBeam+1","floor":16},{"not_picked":["Guardian:EvasiveProtocol+1","Guardian:TemporalStrike+1"],"picked":"Guardian:Gem_Cyan","floor":19},{"not_picked":["Guardian:Suspension+1","Guardian:FierceBash+1"],"picked":"Guardian:Gem_Red","floor":21},{"not_picked":["Guardian:Gem_White","Guardian:Gem_Green"],"picked":"Guardian:Incinerate+1","floor":22},{"not_picked":["Guardian:PrimingBeam+1","Guardian:Gem_Cyan"],"picked":"Guardian:Incinerate+1","floor":25},{"not_picked":["Guardian:SentryBeam+1","Guardian:TemporalShield+1"],"picked":"Guardian:Reroute+1","floor":26},{"not_picked":["Guardian:Recover+1","Guardian:DecasProtection+1"],"picked":"Guardian:ArmoredProtocol+1","floor":27},{"not_picked":["Guardian:CrystalBeam+1","Guardian:PolyBeam+1"],"picked":"Guardian:TimeBomb+1","floor":28},{"not_picked":["Guardian:ShieldSpikes+1","Guardian:Incinerate+1"],"picked":"Guardian:Preprogram+1","floor":29},{"not_picked":["Guardian:ShieldCharger+1","Guardian:PrimingBeam+1"],"picked":"Guardian:TimeCapacitor+1","floor":31},{"not_picked":["Guardian:ChargeCore+1","Guardian:Gem_Green"],"picked":"Guardian:ChargeUp+1","floor":32},{"not_picked":["Guardian:Gem_Synthetic","Guardian:GemFire+1"],"picked":"Guardian:FastForward+1","floor":33},{"not_picked":["Guardian:ChargeCore+1","Guardian:Gem_Red"],"picked":"Guardian:Gem_Crimson","floor":36},{"not_picked":["Guardian:Gem_Lightblue","Guardian:Incinerate+1"],"picked":"Guardian:Suspension+1","floor":38},{"not_picked":["Guardian:Gem_Cyan","Guardian:Gem_Lightblue"],"picked":"Guardian:ChargeUp+1","floor":39},{"not_picked":["Guardian:RefractedBeam+1","Guardian:Gem_Lightblue"],"picked":"Guardian:PrismaticBarrier+1","floor":43},{"not_picked":["Guardian:Gem_Cyan","Guardian:MultiBeam+1"],"picked":"Guardian:CrystalBeam+1","floor":44},{"not_picked":["expansioncontent:HyperBeam","expansioncontent:InvincibleStrength"],"picked":"expansioncontent:YouAreMine","floor":47},{"not_picked":["Guardian:VentSteam+1","Guardian:MultiBeam+1","Guardian:Reroute+1"],"picked":"SKIP","floor":48},{"not_picked":["Guardian:PolyBeam+1","Guardian:BodySlam+1"],"picked":"Guardian:Gem_White","floor":49},{"not_picked":["Guardian:ShieldCharger+1","Guardian:Recover+1"],"picked":"Guardian:Gem_Green","floor":52}],"player_experience":857434,"relics_obtained":[{"floor":2,"key":"halation:AfternoonTea"},{"floor":14,"key":"Mummified Hand"},{"floor":14,"key":"DemoMod:OrangeGuonStone"},{"floor":24,"key":"Pocketwatch"},{"floor":25,"key":"White Beast Statue"},{"floor":38,"key":"infinitespire:Joker Card"},{"floor":38,"key":"Toy Ornithopter"},{"floor":39,"key":"DemoMod:GreenGuonStone"},{"floor":41,"key":"DemoMod:Bottle"},{"floor":48,"key":"War Paint"},{"floor":48,"key":"Du-Vu Doll"},{"floor":52,"key":"conspire:TopHat"},{"floor":52,"key":"champ:DuelingGlove"}],"event_choices":[],"is_beta":false,"boss_relics":[{"not_picked":["Cursed Key","hubris:TerracottaHorce"],"picked":"beaked:SacredDeck"},{"not_picked":["ChewingGum","Painkiller Herb"],"picked":"Replay:Bronze Core"}],"items_purged_floors":[],"is_endless":false,"potions_floor_spawned":[5,12,14,15,21,26,27,28,29,31,32,33,36,38,39,43,44,48,49,52],"ascension_level":0}}