{"host":"su878r6uzygfa166","time":1612232575,"event":{"mods":["BaseMod","MarisaÅiñ∂âJÅ@ñÇóùçπÅj","Minty Spire (QoL Compilation)","StSLib"],"gold_per_floor":[115,129,129,144,163,197,197,197,197,210,243,243,274,349,349,349,349],"floor_reached":16,"language":"ZHS","playtime":378,"items_purged":[],"score":298,"play_id":"76672037-8d13-46f8-93cc-0ed7fc0f12c8","local_time":"20210202102255","is_ascension_mode":true,"campfire_choices":[{"data":"BlazingStar","floor":7.0,"key":"SMITH"},{"data":"MeteoricShower","floor":12.0,"key":"SMITH"},{"data":"MasterSpark","floor":15.0,"key":"SMITH"}],"circlet_count":0,"master_deck":["AscendersBane","Strike_MRS","Strike_MRS","Strike_MRS","Strike_MRS","Defend_MRS","Defend_MRS","Defend_MRS","Defend_MRS","MasterSpark+1","UpSweep","SporeBomb","6A","GrandCross","BlazingStar+1","MeteoricShower+1"],"relics":["MiniHakkero","NeowsBlessing","Juzu Bracelet","Bottled Flame","White Beast Statue"],"acts_visited":["Exordium"],"potions_floor_usage":[],"damage_taken":[{"damage":0.0,"enemies":"Jaw Worm","floor":1.0,"turns":1.0},{"damage":0.0,"enemies":"Cultist","floor":2.0,"turns":1.0},{"damage":0.0,"enemies":"2 Louse","floor":4.0,"turns":1.0},{"damage":11.0,"enemies":"Exordium Thugs","floor":5.0,"turns":3.0},{"damage":35.0,"enemies":"3 Sentries","floor":6.0,"turns":7.0},{"damage":11.0,"enemies":"3 Louse","floor":10.0,"turns":3.0},{"damage":0.0,"enemies":"Lagavulin","floor":11.0,"turns":3.0},{"damage":0.0,"enemies":"Gremlin Nob","floor":13.0,"turns":2.0},{"damage":10,"enemies":"Slime Boss","floor":16,"turns":4}],"seed_played":"-6788111594221246300","potions_obtained":[{"floor":3.0,"key":"FairyPotion"},{"floor":3.0,"key":"AttackPotion"},{"floor":6.0,"key":"SkillPotion"},{"floor":11.0,"key":"Swift Potion"}],"is_trial":false,"path_per_floor":["M","M","?","M","M","E","R","?","T","M","E","R","E","?","R","B"],"character_chosen":"MARISA","items_purchased":[],"campfire_rested":0,"item_purchase_floors":[],"current_hp_per_floor":[63,63,63,63,52,17,17,17,17,6,6,6,6,21,21,11,11],"gold":349,"neow_bonus":"THREE_ENEMY_KILL","is_daily":false,"chose_seed":false,"campfire_upgraded":3,"win_rate":0.0,"timestamp":1612232575,"path_taken":["M","M","?","M","M","E","R","?","T","M","E","R","E","?","R","BOSS"],"items_purchased_type":[],"build_version":"2020-12-22","purchased_purges":0,"victory":false,"max_hp_per_floor":[70,70,70,70,70,70,70,70,70,70,70,70,70,70,70,70,70],"card_choices":[{"not_picked":["OortCloud","LuminesStrike"],"picked":"SporeBomb","floor":1.0},{"not_picked":["IllusionStar","DeepEcoloBomb"],"picked":"6A","floor":2.0},{"not_picked":["ChargingUp","BlazeAway"],"picked":"GrandCross","floor":4.0},{"not_picked":["NonDirectionalLaser","AsteroidBelt","GalacticHalo"],"picked":"SKIP","floor":5.0},{"not_picked":["PowerUp","ShootingEcho"],"picked":"BlazingStar","floor":6.0},{"not_picked":["DC","6A","GalacticHalo"],"picked":"SKIP","floor":10.0},{"not_picked":["WitchOfGreed","PropBag"],"picked":"MeteoricShower","floor":11.0},{"not_picked":["WitchOfGreed","ShootingEcho","IllusionStar"],"picked":"SKIP","floor":13.0}],"player_experience":382620,"relics_obtained":[{"floor":6.0,"key":"Juzu Bracelet"},{"floor":11.0,"key":"Bottled Flame"},{"floor":13.0,"key":"White Beast Statue"}],"event_choices":[{"damage_healed":0.0,"max_hp_gain":0.0,"max_hp_loss":0.0,"gold_gain":0.0,"event_name":"Lab","player_choice":"Got Potions","floor":3.0,"gold_loss":0.0,"damage_taken":0.0},{"damage_healed":0.0,"max_hp_gain":0.0,"max_hp_loss":0.0,"gold_gain":0.0,"event_name":"Shining Light","player_choice":"Ignored","floor":8.0,"gold_loss":0.0,"damage_taken":0.0},{"damage_healed":0.0,"max_hp_gain":0.0,"max_hp_loss":0.0,"gold_gain":75.0,"event_name":"World of Goop","player_choice":"Gather Gold","floor":14.0,"gold_loss":0.0,"damage_taken":11.0}],"is_beta":false,"boss_relics":[],"items_purged_floors":[],"is_endless":false,"potions_floor_spawned":[5,6,11],"killed_by":"Slime Boss","ascension_level":15}}