{"host":"p18kkmcwkg7r0lq8","time":1612262928,"event":{"mods":["BaseMod","Custom Start","Minty Spire (QoL Compilation)"],"gold_per_floor":[109,384,0,10,27,54,54,69,69,101,119,154,154,188,188,285,285,301,201,276,293,311,311,345,345,345,345,358,370,385,419,419,514,514,526,545,557,557,1556,1585,1314,1314,1314,1314,1343,1343,494,508,508,508],"floor_reached":51,"language":"ENG","playtime":3094,"items_purged":["Regret","Strike_P","Defend_P","Defend_P"],"score":941,"play_id":"bab5d9af-01a2-4740-bb95-6337fa0d872c","local_time":"20210202044848","is_ascension_mode":true,"campfire_choices":[{"data":"Judgement","floor":7,"key":"SMITH"},{"floor":15,"key":"REST"},{"data":"Eruption","floor":23,"key":"SMITH"},{"data":"Wallop","floor":25,"key":"SMITH"},{"floor":27,"key":"REST"},{"floor":32,"key":"REST"},{"data":"Alpha","floor":42,"key":"SMITH"},{"data":"Scrawl","floor":49,"key":"SMITH"}],"circlet_count":0,"master_deck":["Strike_P+1","Strike_P","Defend_P","Defend_P","Eruption+1","Vigilance","Judgement+1","CrushJoints","InnerPeace","Ragnarok+1","FlyingSleeves","Consecrate","Devotion+1","ConjureBlade","Devotion+1","SashWhip+1","Adaptation+1","JustLucky","Wallop+1","Evaluate","FollowUp","Scrawl+1","Alpha+1","Halt+1","FlurryOfBlows+1","Devotion+1","BattleHymn+1","MentalFortress+1","FlurryOfBlows+1","EmptyFist+1","BattleHymn+1","Evaluate+1"],"relics":["HolyWater","Omamori","HandDrill","Bag of Preparation","Frozen Egg 2","Anchor","PreservedInsect","Sozu","Vajra","Question Card","Centennial Puzzle","Blood Vial","Happy Flower","CaptainsWheel","Ancient Tea Set","Kunai","Orrery","GoldenEye"],"acts_visited":["Exordium","TheCity","TheBeyond"],"potions_floor_usage":[12,16,16],"damage_taken":[{"damage":0,"enemies":"2 Louse","floor":1,"turns":2},{"damage":0,"enemies":"Cultist","floor":4,"turns":2},{"damage":0,"enemies":"Small Slimes","floor":5,"turns":2},{"damage":21,"enemies":"Gremlin Nob","floor":6,"turns":4},{"damage":0,"enemies":"Red Slaver","floor":8,"turns":2},{"damage":14,"enemies":"3 Sentries","floor":10,"turns":5},{"damage":0,"enemies":"Large Slime","floor":11,"turns":2},{"damage":0,"enemies":"Gremlin Nob","floor":12,"turns":2},{"damage":13,"enemies":"3 Sentries","floor":14,"turns":4},{"damage":0,"enemies":"Slime Boss","floor":16,"turns":3},{"damage":16,"enemies":"Spheric Guardian","floor":18,"turns":4},{"damage":0,"enemies":"Chosen","floor":21,"turns":4},{"damage":0,"enemies":"Centurion and Healer","floor":22,"turns":4},{"damage":22,"enemies":"Slavers","floor":24,"turns":3},{"damage":0,"enemies":"Shelled Parasite and Fungi","floor":28,"turns":2},{"damage":0,"enemies":"Snake Plant","floor":29,"turns":2},{"damage":15,"enemies":"Snecko","floor":30,"turns":4},{"damage":19,"enemies":"Gremlin Leader","floor":31,"turns":4},{"damage":13,"enemies":"Collector","floor":33,"turns":6},{"damage":0,"enemies":"Orb Walker","floor":35,"turns":2},{"damage":0,"enemies":"3 Darklings","floor":36,"turns":3},{"damage":5,"enemies":"Spire Growth","floor":37,"turns":3},{"damage":0,"enemies":"Reptomancer","floor":40,"turns":2},{"damage":5,"enemies":"Giant Head","floor":45,"turns":5},{"damage":7,"enemies":"4 Shapes","floor":48,"turns":4},{"damage":32,"enemies":"Donu and Deca","floor":50,"turns":5}],"seed_played":"8125717313101306958","potions_obtained":[{"floor":1,"key":"Fire Potion"},{"floor":4,"key":"Strength Potion"},{"floor":11,"key":"DuplicationPotion"}],"is_trial":false,"path_per_floor":["M","?","$","M","M","E","R","M","T","E","M","E","?","E","R","B",null,"M","$","?","M","M","R","E","R","T","R","M","M","M","E","R","B",null,"M","M","M","?","?","E","$","R","T","?","E","?","$","M","R","B",null],"character_chosen":"WATCHER","items_purchased":["Omamori","HandDrill","Happy Flower","Kunai","Orrery","GoldenEye"],"campfire_rested":3,"item_purchase_floors":[3,3,41,47,47,47],"current_hp_per_floor":[72,72,72,72,72,51,51,51,51,37,37,37,23,10,31,31,72,56,56,49,49,49,49,27,27,27,48,48,48,33,14,35,22,72,72,72,67,67,67,67,67,67,67,67,63,63,63,58,58,28],"gold":508,"neow_bonus":"ONE_RANDOM_RARE_CARD","is_daily":false,"chose_seed":false,"campfire_upgraded":5,"win_rate":0.0,"timestamp":1612262928,"path_taken":["M","?","$","?","M","E","R","?","T","E","M","E","?","E","R","BOSS","M","$","?","M","M","R","E","R","T","R","?","M","M","E","R","BOSS","M","M","M","?","?","E","$","R","T","?","E","?","$","?","R","BOSS"],"items_purchased_type":["Relic","Relic","Relic","Relic","Relic","Relic"],"build_version":"2020-12-22","purchased_purges":4,"victory":true,"max_hp_per_floor":[72,72,72,72,72,72,72,72,72,72,72,72,72,72,72,72,72,72,72,72,72,72,72,72,72,72,72,72,72,72,72,72,72,72,72,72,72,72,72,72,72,72,72,68,68,68,68,68,68,68],"card_choices":[{"not_picked":["Vengeance","FlyingSleeves"],"picked":"CrushJoints","floor":1},{"not_picked":["Evaluate","ClearTheMind"],"picked":"InnerPeace","floor":4},{"not_picked":["CrushJoints","BowlingBash"],"picked":"Ragnarok","floor":5},{"not_picked":["FearNoEvil","InnerPeace"],"picked":"FlyingSleeves","floor":6},{"not_picked":["Collect","DeceiveReality","PathToVictory"],"picked":"SKIP","floor":8},{"not_picked":["Halt","ClearTheMind"],"picked":"Consecrate","floor":10},{"not_picked":["FlurryOfBlows","EmptyBody"],"picked":"Devotion+1","floor":11},{"not_picked":["InnerPeace","EmptyFist","WindmillStrike"],"picked":"SKIP","floor":12},{"not_picked":["FollowUp","ThirdEye"],"picked":"ConjureBlade","floor":14},{"not_picked":["Vault","ConjureBlade"],"picked":"Devotion+1","floor":16},{"not_picked":["ForeignInfluence","CutThroughFate"],"picked":"SashWhip+1","floor":18},{"not_picked":["Protect+1","Prostrate"],"picked":"Adaptation+1","floor":21},{"not_picked":["Nirvana+1","CrushJoints+1"],"picked":"JustLucky","floor":22},{"not_picked":["Adaptation+1","FlurryOfBlows"],"picked":"Wallop","floor":24},{"not_picked":["CrushJoints","FlyingSleeves","Swivel"],"picked":"Evaluate","floor":28},{"not_picked":["InnerPeace","BowlingBash","PathToVictory","SignatureMove"],"picked":"SKIP","floor":29},{"not_picked":["SignatureMove","Collect","CrushJoints"],"picked":"FollowUp","floor":30},{"not_picked":["EmptyFist","Crescendo+1","Study+1"],"picked":"Scrawl","floor":31},{"not_picked":["LessonLearned","Ragnarok","ConjureBlade"],"picked":"Alpha","floor":33},{"not_picked":["FlyingSleeves","Indignation","Study+1","Sanctity"],"picked":"SKIP","floor":35},{"not_picked":["Evaluate+1","Halt","SashWhip","BattleHymn+1"],"picked":"SKIP","floor":36},{"not_picked":["CrushJoints+1","EmptyFist","Prostrate+1"],"picked":"Halt+1","floor":37},{"not_picked":["Adaptation+1","WaveOfTheHand","CutThroughFate+1"],"picked":"FlurryOfBlows+1","floor":40},{"not_picked":["Pray","Swivel+1","Collect"],"picked":"Devotion+1","floor":45},{"not_picked":["EmptyBody","Evaluate+1","Worship+1"],"picked":"BattleHymn+1","floor":47},{"not_picked":["Conclude","Protect","Sanctity+1"],"picked":"MentalFortress+1","floor":47},{"not_picked":["ThirdEye+1","Consecrate+1","FlyingSleeves+1"],"picked":"FlurryOfBlows+1","floor":47},{"not_picked":["WindmillStrike+1","Vengeance+1","BowlingBash+1"],"picked":"EmptyFist+1","floor":47},{"not_picked":["Sanctity","EmptyFist+1","Pray+1"],"picked":"BattleHymn+1","floor":47},{"not_picked":["EmptyFist+1","FollowUp+1","Worship+1"],"picked":"Evaluate+1","floor":48}],"player_experience":118856,"relics_obtained":[{"floor":6,"key":"Bag of Preparation"},{"floor":10,"key":"Frozen Egg 2"},{"floor":12,"key":"Anchor"},{"floor":14,"key":"PreservedInsect"},{"floor":24,"key":"Vajra"},{"floor":26,"key":"Question Card"},{"floor":31,"key":"Centennial Puzzle"},{"floor":40,"key":"Blood Vial"},{"floor":43,"key":"CaptainsWheel"},{"floor":45,"key":"Ancient Tea Set"}],"event_choices":[{"damage_healed":0,"gold_gain":275,"player_choice":"Desecrate","damage_taken":0,"max_hp_gain":0,"max_hp_loss":0,"event_name":"Golden Shrine","floor":2,"gold_loss":0,"cards_obtained":["Regret"]},{"damage_healed":0,"gold_gain":0,"player_choice":"Entered Light","damage_taken":14,"max_hp_gain":0,"max_hp_loss":0,"event_name":"Shining Light","floor":13,"gold_loss":0,"cards_upgraded":["Strike_P","Ragnarok"]},{"damage_healed":0,"gold_gain":75,"player_choice":"Touch","damage_taken":7,"max_hp_gain":0,"max_hp_loss":0,"event_name":"FaceTrader","floor":20,"gold_loss":0},{"damage_healed":0,"gold_gain":0,"player_choice":"Ignored","damage_taken":0,"max_hp_gain":0,"max_hp_loss":0,"event_name":"Tomb of Lord Red Mask","floor":38,"gold_loss":0},{"damage_healed":0,"gold_gain":999,"player_choice":"Gold","damage_taken":0,"max_hp_gain":0,"max_hp_loss":0,"event_name":"MindBloom","floor":39,"gold_loss":0,"cards_obtained":["Normality","Normality"]},{"damage_healed":0,"gold_gain":0,"player_choice":"Max HP","damage_taken":0,"max_hp_gain":0,"max_hp_loss":4,"event_name":"Winding Halls","floor":44,"gold_loss":0},{"cards_removed":["Strike_P"],"damage_healed":0,"gold_gain":0,"player_choice":"Purged","damage_taken":0,"max_hp_gain":0,"max_hp_loss":0,"event_name":"Purifier","floor":46,"gold_loss":0}],"is_beta":false,"boss_relics":[{"not_picked":["Astrolabe","Black Star"],"picked":"Sozu"},{"not_picked":["Philosopher\u0027s Stone","Runic Pyramid"],"picked":"HolyWater"}],"items_purged_floors":[3,19,41,47],"is_endless":false,"potions_floor_spawned":[1,4,11,21,24,28,29,30,45],"ascension_level":1}}