{"host":"6xsbn6ynqlzwllfm","time":1612280077,"event":{"mods":["2.2 Compatiblity","BaseMod","Bestiary","Colored Map","Colored Powertips","Curses Come First","Highlight Path","Keyboard Shortcuts","Minty Spire (QoL Compilation)","Relic Stats","Slay the Relics Exporter","StSLib","SuperFastMode"],"gold_per_floor":[114,133,150,160,180,205,205,239,265,278,278,278,40,40,40,118,118,134,152,152,170,170,170],"floor_reached":22,"language":"ENG","playtime":814,"items_purged":["Strike_B"],"score":396,"play_id":"07f34876-a0c7-42bb-a630-787a7bf764a6","local_time":"20210202103437","is_ascension_mode":true,"campfire_choices":[{"data":"Barrage","floor":7,"key":"SMITH"},{"floor":12,"key":"REST"},{"data":"Defragment","floor":15,"key":"SMITH"}],"circlet_count":0,"master_deck":["AscendersBane","Strike_B","Strike_B","Strike_B","Defend_B","Defend_B","Defend_B","Defend_B","Zap","Dualcast","Chill","Barrage+1","Rip and Tear","Defragment+1","Defragment+1","FTL","Genetic Algorithm","Seek","Beam Cell","Hologram","Ball Lightning"],"relics":["Cracked Core","Ornamental Fan","DataDisk","MealTicket","Frozen Eye","PreservedInsect","Inserter"],"acts_visited":["Exordium","TheCity"],"potions_floor_usage":[5,8,21],"damage_taken":[{"damage":0,"enemies":"2 Louse","floor":1,"turns":3},{"damage":5,"enemies":"Jaw Worm","floor":2,"turns":3},{"damage":1,"enemies":"Cultist","floor":3,"turns":4},{"damage":1,"enemies":"2 Fungi Beasts","floor":4,"turns":3},{"damage":11,"enemies":"Lots of Slimes","floor":5,"turns":4},{"damage":16,"enemies":"3 Sentries","floor":6,"turns":9},{"damage":25,"enemies":"Gremlin Nob","floor":8,"turns":4},{"damage":3,"enemies":"Looter","floor":10,"turns":3},{"damage":17,"enemies":"Hexaghost","floor":16,"turns":8},{"damage":19,"enemies":"Shell Parasite","floor":18,"turns":5},{"damage":12,"enemies":"Spheric Guardian","floor":19,"turns":5},{"damage":17,"enemies":"Snake Plant","floor":21,"turns":6},{"damage":0,"enemies":"Snecko","floor":22,"turns":2}],"seed_played":"3374039138441625000","potions_obtained":[{"floor":0,"key":"CultistPotion"},{"floor":0,"key":"SneckoOil"},{"floor":2,"key":"Swift Potion"},{"floor":3,"key":"Block Potion"},{"floor":18,"key":"DuplicationPotion"},{"floor":19,"key":"Fire Potion"}],"is_trial":false,"path_per_floor":["M","M","M","M","M","E","R","E","T","M","?","R","$","?","R","B",null,"M","M","?","M","M"],"character_chosen":"DEFECT","items_purchased":["Frozen Eye"],"campfire_rested":1,"item_purchase_floors":[13],"current_hp_per_floor":[64,59,58,57,46,30,30,5,5,2,2,23,38,27,27,10,56,37,25,19,2,2,2],"gold":170,"neow_bonus":"THREE_SMALL_POTIONS","is_daily":false,"chose_seed":false,"campfire_upgraded":2,"win_rate":0.0,"timestamp":1612280077,"path_taken":["M","M","M","M","M","E","R","E","T","M","?","R","?","?","R","BOSS","M","M","?","?","M"],"items_purchased_type":["Relic"],"build_version":"2020-12-22","purchased_purges":1,"victory":false,"max_hp_per_floor":[71,71,71,71,71,71,71,71,71,71,71,71,71,71,71,71,71,71,71,71,71,71,71],"relic_stats":{"Inserter":[9],"counters":[13,59],"Ornamental Fan":[24],"MealTicket":15,"PreservedInsect":0,"obtain_stats":[{"Frozen Eye":13,"DataDisk":8,"Inserter":17,"Ornamental Fan":6,"MealTicket":9,"PreservedInsect":14,"Cracked Core":0},{"Frozen Eye":8,"DataDisk":7,"Inserter":9,"Ornamental Fan":6,"MealTicket":7,"PreservedInsect":8,"Cracked Core":0},{"Frozen Eye":33,"DataDisk":30,"Inserter":41,"Ornamental Fan":26,"MealTicket":30,"PreservedInsect":33,"Cracked Core":0}]},"card_choices":[{"not_picked":["Leap","Conserve Battery"],"picked":"Chill","floor":1},{"not_picked":["Coolheaded","Redo"],"picked":"Barrage","floor":2},{"not_picked":["Turbo","Go for the Eyes"],"picked":"Rip and Tear","floor":3},{"not_picked":["Fusion","Reinforced Body"],"picked":"Defragment","floor":4},{"not_picked":["Ball Lightning","Sweeping Beam"],"picked":"Defragment","floor":5},{"not_picked":["Steam Power","Hello World"],"picked":"FTL","floor":6},{"not_picked":["Steam","Thunder Strike"],"picked":"Genetic Algorithm","floor":8},{"not_picked":["Thunder Strike","Rainbow"],"picked":"Seek","floor":16},{"not_picked":["Steam","Streamline"],"picked":"Beam Cell","floor":18},{"not_picked":["Redo+1","Force Field"],"picked":"Hologram","floor":19},{"not_picked":["Beam Cell","Go for the Eyes"],"picked":"Ball Lightning","floor":21}],"player_experience":1374692,"relics_obtained":[{"floor":6,"key":"Ornamental Fan"},{"floor":8,"key":"DataDisk"},{"floor":9,"key":"MealTicket"}],"event_choices":[{"damage_healed":0,"gold_gain":0,"player_choice":"Grow","damage_taken":0,"max_hp_gain":0,"max_hp_loss":0,"event_name":"Living Wall","floor":11,"gold_loss":0,"cards_upgraded":["Defragment"]},{"damage_healed":0,"gold_gain":0,"player_choice":"Success","damage_taken":11,"relics_obtained":["PreservedInsect"],"max_hp_gain":0,"max_hp_loss":0,"event_name":"Scrap Ooze","floor":14,"gold_loss":0},{"damage_healed":0,"gold_gain":0,"player_choice":"","damage_taken":6,"max_hp_gain":0,"max_hp_loss":0,"event_name":"Knowing Skull","floor":20,"potions_obtained":[],"gold_loss":0,"cards_obtained":[]}],"is_beta":false,"boss_relics":[{"not_picked":["SlaversCollar","Runic Dome"],"picked":"Inserter"}],"items_purged_floors":[13],"is_endless":false,"potions_floor_spawned":[2,3,4,18,19],"killed_by":"Snecko","ascension_level":20}}