{"host":"9ahx8fyo8ahtgkt3","time":1612274106,"event":{"mods":["BaseMod","Bestiary","Better Third Choice","BetterRewards","Colored Powertips","Conspire","Curses Come First","Downfall","Evolution","Hubris","Infinite Spire","Minty Spire (QoL Compilation)","Quick Restart","Replay The Spire","Shop Mod","Spicy Shops","StSLib","Synergy Search"],"gold_per_floor":[115,135,153,153,153,188,207,224,224,224,239,259,287,303,303,407,407,423,423,439,439,439,439,453,473,473,120,139,158,158,158,169,22,22,124,124,142,161,9,19,19,31,53,77,157,179,191,203,244,274,286,298],"floor_reached":53,"language":"DEU","playtime":7248,"items_purged":["Rebound","Hello World+1"],"score":834,"play_id":"ee0c38f5-32ad-4728-9634-4a9af2379ba9","local_time":"20210202145506","is_ascension_mode":false,"campfire_choices":[{"data":"Seek","floor":15.0,"key":"SMITH"},{"data":"Replay:Fractal Strike","floor":23.0,"key":"SMITH"},{"data":"ReplayTheSpireMod:Repulse","floor":34.0,"key":"SMITH"},{"data":"Zap","floor":42.0,"key":"SMITH"},{"data":"Steam Power","floor":48,"key":"SMITH"}],"circlet_count":0,"master_deck":["Rebound","Defend_B","Defend_B","Defend_B","Zap+1","Dualcast","Coolheaded","Conserve Battery","FTL","infinitespire:NeuralNetwork","Reinforced Body","Seek+1","Gash","Gash","ReplayGash","All For One","Replay:Fractal Strike+1","Steam","ReplayTheSpireMod:Repulse+1","Gash","Gash","Conserve Battery+1","BootSequence","Fission+1","Steam Power+1","Scrape+1","Parasite","Beam Cell","hubris:TrickCloak+1","Acrobatics+1","Beam Cell"],"relics":["EVO:Axolotl","Replay:Drink Me","hubris:Towel","hubris:MedicalManual","TungstenRod","Bottled Tornado","infinitespire:EmpoweringShard","hubris:Stopwatch","Kunai","hubris:CrystalStatue","Golden Egg","Pet Ghost","conspire:RoyalGoblet","Medical Kit","MawBank","hubris:TinFlute","PrismaticShard","Bag of Preparation"],"acts_visited":["Exordium","TheCity","TheBeyond"],"potions_floor_usage":[52],"damage_taken":[{"damage":0.0,"enemies":"2 Louse","floor":1.0,"turns":2.0},{"damage":8.0,"enemies":"Small Slimes","floor":2.0,"turns":6.0},{"damage":0.0,"enemies":"Jaw Worm","floor":3.0,"turns":6.0},{"damage":0.0,"enemies":"Lagavulin","floor":6.0,"turns":8.0},{"damage":0.0,"enemies":"conspire:2 RoseBushes","floor":7.0,"turns":6.0},{"damage":0.0,"enemies":"Large Slime","floor":8.0,"turns":8.0},{"damage":0.0,"enemies":"Exordium Wildlife","floor":11.0,"turns":6.0},{"damage":3.0,"enemies":"Lots of Slimes","floor":12.0,"turns":3.0},{"damage":0.0,"enemies":"Replay:BlueRogue","floor":13.0,"turns":5.0},{"damage":0.0,"enemies":"conspire:2 RoseBushes","floor":14.0,"turns":4.0},{"damage":4.0,"enemies":"The Guardian","floor":16.0,"turns":8.0},{"damage":1.0,"enemies":"Shell Parasite","floor":18.0,"turns":4.0},{"damage":0.0,"enemies":"3 Byrds","floor":20.0,"turns":4.0},{"damage":9.0,"enemies":"Centurion and Healer","floor":24.0,"turns":4.0},{"damage":9.0,"enemies":"Snecko","floor":25.0,"turns":8.0},{"damage":0.0,"enemies":"Snake Plant","floor":28.0,"turns":3.0},{"damage":0.0,"enemies":"Shelled Parasite and Fungi","floor":29.0,"turns":3.0},{"damage":0.0,"enemies":"Cultist and Chosen","floor":32.0,"turns":3.0},{"damage":0.0,"enemies":"Champ","floor":35.0,"turns":5.0},{"damage":0.0,"enemies":"3 Darklings","floor":37.0,"turns":3.0},{"damage":0.0,"enemies":"3 Shapes","floor":38.0,"turns":3.0},{"damage":0.0,"enemies":"Jaw Worm Horde","floor":40.0,"turns":3.0},{"damage":0,"enemies":"Writhing Mass","floor":43,"turns":4},{"damage":0,"enemies":"Maw","floor":44,"turns":4},{"damage":0,"enemies":"4 Shapes","floor":46,"turns":3},{"damage":0,"enemies":"Giant Head","floor":49,"turns":3},{"damage":0,"enemies":"Jaw Worm Horde","floor":50,"turns":2},{"damage":14,"enemies":"conspire:OrnateMirror","floor":52,"turns":4}],"seed_played":"-8553145470368115224","potions_obtained":[{"floor":6.0,"key":"Regen Potion"},{"floor":7.0,"key":"Elixir"},{"floor":8.0,"key":"hexamod:SoulburnPotion"},{"floor":13.0,"key":"AttackPotion"},{"floor":16.0,"key":"SmokeBomb"},{"floor":24.0,"key":"Energy Potion"},{"floor":25.0,"key":"Milkshake"},{"floor":28.0,"key":"sneckomod:MuddlingPotion"},{"floor":37.0,"key":"Fruit Juice"},{"floor":38.0,"key":"Adrenaline Potion"}],"is_trial":false,"path_per_floor":["M","M","M","?","?","E","M","M","T","T","M","M","E","M","R","B",null,"M","?","M","?","AVR","R","M","M","T","$","M","M","PTL","PTL","M","$","R","B",null,"M","M","$","M","?","R","M","M","T","M","AVR","R","E","M","R","B",null],"character_chosen":"DEFECT","items_purchased":["Gash","Golden Egg","Pet Ghost","Medical Kit","Scrape"],"campfire_rested":0,"item_purchase_floors":[27,27,33,39,39],"current_hp_per_floor":[57,49,49,49,35,35,35,35,35,35,35,32,32,32,32,42,57,56,56,56,56,56,56,47,38,38,38,38,38,38,38,38,38,38,38,57,62,62,62,62,62,62,62,62,62,62,62,62,62,62,62,48],"gold":310,"neow_bonus":"BOSS_RELIC","is_daily":false,"chose_seed":false,"campfire_upgraded":5,"win_rate":0.0,"timestamp":1612274106,"path_taken":["M","M","M","?","?","E","M","M","T","?","?","M","E","M","R","BOSS","M","?","M","?","AVR","R","M","M","T","$","M","M","PTL","PTL","M","$","R","BOSS","M","M","?","?","?","R","M","M","T","?","AVR","R","E","M","R","BOSS"],"items_purchased_type":["Card","Relic","Relic","Relic","Card"],"build_version":"2020-12-22","purchased_purges":2,"victory":true,"max_hp_per_floor":[57,57,57,57,57,57,57,57,57,57,57,57,57,57,57,57,57,57,57,57,57,57,57,57,57,57,57,57,57,57,57,57,57,57,57,57,62,62,62,62,62,62,62,62,62,62,62,62,62,62,62,62],"card_choices":[{"not_picked":["ReplaySort","Hologram"],"picked":"Coolheaded","floor":1.0},{"not_picked":["Streamline","Steam Power"],"picked":"Conserve Battery","floor":2.0},{"not_picked":["Storm","Panic Button"],"picked":"FTL","floor":3.0},{"not_picked":["infinitespire:FinalStrike","infinitespire:Collect"],"picked":"infinitespire:NeuralNetwork","floor":5.0},{"not_picked":["FIFO Queue","Reprogram"],"picked":"Reinforced Body","floor":6.0},{"not_picked":["Leap","Cold Snap"],"picked":"Seek","floor":7.0},{"not_picked":["Barrage","Melter"],"picked":"Gash","floor":8.0},{"not_picked":["Redo","Auto Shields"],"picked":"Gash","floor":11.0},{"not_picked":["BootSequence","Darkness"],"picked":"ReplayGash","floor":12.0},{"not_picked":["Lockon","Crystallizer","hubris:Ukulele"],"picked":"SKIP","floor":13.0},{"not_picked":["Ball Lightning","Rip and Tear","Capacitor"],"picked":"SKIP","floor":14.0},{"not_picked":["Electrodynamics","hubris:SpecializedCircuitry"],"picked":"All For One","floor":16.0},{"not_picked":["BasicCrystalCard","Crystallizer+1"],"picked":"Hello World","floor":18.0},{"not_picked":["Cold Snap","Ball Lightning","Stack"],"picked":"SKIP","floor":20.0},{"not_picked":["hubris:Ukulele","FIFO Queue"],"picked":"Steam","floor":24.0},{"not_picked":["ReplayTheSpireMod:Calculation Training+1","Consume"],"picked":"ReplayTheSpireMod:Repulse","floor":25.0},{"not_picked":["Ball Lightning+1","Coolheaded+1"],"picked":"Conserve Battery+1","floor":28.0},{"not_picked":["Sweeping Beam","BasicCrystalCard"],"picked":"BootSequence","floor":29.0},{"not_picked":["Beam Cell","Compile Driver+1","Hello World"],"picked":"SKIP","floor":32.0},{"not_picked":["All For One","ReplayRNGCard"],"picked":"Fission","floor":35.0},{"not_picked":["ReplayTheSpireMod:Dual Polarity","Streamline+1"],"picked":"Genetic Algorithm","floor":37.0},{"not_picked":["ReplayTheSpireMod:GoodbyeWorld","Redo+1"],"picked":"Steam Power","floor":38.0},{"not_picked":["Redo","ReplayTheSpireMod:Reroute Power","Hello World+1"],"picked":"SKIP","floor":40.0},{"not_picked":["hubris:Ukulele+1","Rebound","Streamline"],"picked":"SKIP","floor":43},{"not_picked":["Redo+1","ReplayTheSpireMod:Dual Polarity"],"picked":"Beam Cell","floor":44},{"not_picked":["Barrage+1","hubris:PowerSurge+1","Leap"],"picked":"SKIP","floor":46},{"not_picked":["Capacitor+1","Coolheaded+1"],"picked":"hubris:TrickCloak+1","floor":49},{"not_picked":["hexamod:AdvancingGuard","champ:ShieldWall+1"],"picked":"Acrobatics+1","floor":50}],"player_experience":20447,"relics_obtained":[{"floor":6.0,"key":"hubris:MedicalManual"},{"floor":9.0,"key":"TungstenRod"},{"floor":10.0,"key":"Bottled Tornado"},{"floor":13.0,"key":"infinitespire:EmpoweringShard"},{"floor":26.0,"key":"hubris:CrystalStatue"},{"floor":45,"key":"hubris:TinFlute"},{"floor":49,"key":"Bag of Preparation"}],"event_choices":[{"damage_healed":0.0,"max_hp_gain":0.0,"max_hp_loss":0.0,"gold_gain":0.0,"event_name":"Ghosts","player_choice":"Ignored","floor":19.0,"gold_loss":0.0,"damage_taken":0.0},{"damage_healed":0.0,"max_hp_gain":0.0,"max_hp_loss":0.0,"gold_gain":0.0,"event_name":"Accursed Blacksmith","player_choice":"Forge","floor":21.0,"gold_loss":0.0,"damage_taken":0.0,"cards_upgraded":["Hello World"]},{"cards_removed":["Genetic Algorithm"],"damage_healed":0.0,"max_hp_gain":0.0,"max_hp_loss":0.0,"gold_gain":0.0,"event_name":"WeMeetAgain","player_choice":"Gave Card","floor":41.0,"gold_loss":0.0,"damage_taken":0.0,"relics_obtained":["MawBank"]}],"is_beta":false,"boss_relics":[{"not_picked":["ChewingGum","hubris:RunicObelisk"],"picked":"hubris:Stopwatch"},{"not_picked":["Replay:Wanted Poster","Astrolabe"],"picked":"conspire:RoyalGoblet"}],"items_purged_floors":[27,47],"is_endless":false,"potions_floor_spawned":[6,7,8,13,16,24,25,28,32,35,37,38,49,50],"ascension_level":0}}