{"host":"hs5g5f0q56ds4vmn","time":1612276894,"event":{"mods":["AchievementEnabler","BaseMod","DeckTracker","Highlight Path","Minty Spire (QoL Compilation)","SuperFastMode","everything is the same but u backflip on backflip"],"gold_per_floor":[15,32,32,207,282,312,312,67,67,84,96,96,196,208,208,208,208],"floor_reached":16,"language":"KOR","playtime":1015,"items_purged":[],"score":140,"play_id":"e5cf69e4-f49e-4fd5-9a3f-baaffa0bf0c5","local_time":"20210202234134","is_ascension_mode":true,"campfire_choices":[{"data":"Mayhem","floor":7.0,"key":"SMITH"},{"data":"Endless Agony","floor":15,"key":"SMITH"}],"circlet_count":0,"master_deck":["Strike_G","Strike_G","Strike_G","Strike_G","Strike_G","Defend_G","Defend_G","Defend_G","Defend_G","Defend_G","Survivor","Neutralize","Mayhem+1","Blur","Tactician","Doubt","Endless Agony+1","Dash","Prepared","Malaise"],"relics":["Ring of the Snake","Bag of Preparation","Mummified Hand","The Courier","Pear"],"acts_visited":[],"potions_floor_usage":[],"damage_taken":[{"damage":0.0,"enemies":"Cultist","floor":1.0,"turns":5.0},{"damage":1.0,"enemies":"Small Slimes","floor":2.0,"turns":4.0},{"damage":44.0,"enemies":"3 Sentries","floor":6.0,"turns":16.0},{"damage":1.0,"enemies":"Jaw Worm","floor":10.0,"turns":5.0},{"damage":12.0,"enemies":"Exordium Thugs","floor":11.0,"turns":6.0},{"damage":2,"enemies":"3 Louse","floor":14,"turns":4},{"damage":38,"enemies":"The Guardian","floor":16,"turns":6}],"seed_played":"5033630394715042685","potions_obtained":[{"floor":2.0,"key":"Poison Potion"},{"floor":6.0,"key":"Fruit Juice"}],"is_trial":false,"path_per_floor":["M","M","$","?","?","E","R","$","T","M","M","T","?","M","R","B"],"character_chosen":"THE_SILENT","items_purchased":["Mummified Hand"],"campfire_rested":0,"item_purchase_floors":[8],"current_hp_per_floor":[70,69,69,69,58,19,19,19,19,18,6,16,16,14,14,0,0],"gold":208,"neow_bonus":"RANDOM_COLORLESS_2","is_daily":false,"chose_seed":false,"campfire_upgraded":2,"win_rate":0.0,"timestamp":1612276894,"path_taken":["M","M","?","?","?","E","R","$","T","?","M","?","?","?","R","BOSS"],"items_purchased_type":["Relic"],"build_version":"2020-12-22","purchased_purges":0,"victory":false,"max_hp_per_floor":[70,70,70,70,70,75,75,75,75,75,75,85,85,85,85,85,85],"card_choices":[{"not_picked":["Magnetism","Sadistic Nature"],"picked":"Mayhem","floor":0.0},{"not_picked":["Dodge and Roll","Backflip"],"picked":"Blur","floor":1.0},{"not_picked":["Prepared","Backflip"],"picked":"Tactician","floor":2.0},{"not_picked":["Infinite Blades","Distraction"],"picked":"Endless Agony","floor":6.0},{"not_picked":["Flechettes","Flying Knee"],"picked":"Dash","floor":10.0},{"not_picked":["Dagger Throw","Dodge and Roll"],"picked":"Prepared","floor":11.0},{"not_picked":["Cloak And Dagger","Acrobatics"],"picked":"Malaise","floor":14}],"player_experience":542628,"relics_obtained":[{"floor":6.0,"key":"Bag of Preparation"},{"floor":9.0,"key":"The Courier"},{"floor":12.0,"key":"Pear"}],"event_choices":[{"damage_healed":0.0,"max_hp_gain":0.0,"max_hp_loss":0.0,"gold_gain":175.0,"event_name":"Liars Game","player_choice":"AGREE","floor":4.0,"gold_loss":0.0,"damage_taken":0.0,"cards_obtained":["Doubt"]},{"damage_healed":0.0,"max_hp_gain":0.0,"max_hp_loss":0.0,"gold_gain":75.0,"event_name":"World of Goop","player_choice":"Gather Gold","floor":5.0,"gold_loss":0.0,"damage_taken":11.0},{"damage_healed":0.0,"max_hp_gain":0.0,"max_hp_loss":0.0,"gold_gain":100.0,"event_name":"Golden Shrine","player_choice":"Pray","floor":13.0,"gold_loss":0.0,"damage_taken":0.0}],"is_beta":false,"boss_relics":[],"items_purged_floors":[],"is_endless":false,"potions_floor_spawned":[2,6],"killed_by":"The Guardian","ascension_level":3}}