{"host":"lv3zv4svf9qrs9uo","time":1612301099,"event":{"mods":["AchievementEnabler","BaseMod","Minty Spire (QoL Compilation)"],"gold_per_floor":[20,20,20,20,39,39,49,49,76,87,101,130,161,161,161,265,265,277,304,34,50,65,65,92,17,43,43,43,58,69,98,98,193,193,211,229,451,505,505,531,531,531,558,591,89,115,115,130,130,130,130],"floor_reached":50,"language":"ENG","playtime":5649,"items_purged":["Strike_G","Strike_G"],"score":641,"play_id":"fc6fa462-9191-476b-8284-856cdcfdfa3c","local_time":"20210202132459","is_ascension_mode":false,"campfire_choices":[{"data":"Neutralize","floor":6.0,"key":"SMITH"},{"data":"Dagger Spray","floor":8.0,"key":"SMITH"},{"data":"Survivor","floor":15.0,"key":"SMITH"},{"data":"Dagger Throw","floor":23.0,"key":"SMITH"},{"data":"Ghostly","floor":28.0,"key":"SMITH"},{"data":"Ghostly","floor":32.0,"key":"SMITH"},{"data":"Ghostly","floor":41,"key":"SMITH"},{"data":"Ghostly","floor":42,"key":"SMITH"},{"data":"Prepared","floor":47,"key":"SMITH"},{"data":"Ghostly","floor":49,"key":"SMITH"}],"circlet_count":0,"master_deck":["Strike_G","Defend_G","Defend_G","Defend_G","Defend_G","Defend_G","Survivor+1","Neutralize+1","Dagger Spray+1","Poisoned Stab","Poisoned Stab","Acrobatics","Bane+1","Dagger Throw+1","PiercingWail","Underhanded Strike","Ghostly+1","Ghostly+1","Ghostly+1","Ghostly+1","Ghostly+1","Dagger Throw+1","Prepared+1","Underhanded Strike+1","Bane+1","Deadly Poison+1"],"relics":["Ring of the Snake","Oddly Smooth Stone","Odd Mushroom","Bag of Marbles","Pantograph","HoveringKite","Red Mask","Anchor","Akabeko","Blood Vial","Tingsha","SlaversCollar","WingedGreaves","Unceasing Top","MealTicket","PreservedInsect","Vajra","Orrery","Singing Bowl"],"acts_visited":["Exordium","TheCity","TheBeyond"],"potions_floor_usage":[38,44,50,50,50],"damage_taken":[{"damage":0.0,"enemies":"Small Slimes","floor":1.0,"turns":3.0},{"damage":0.0,"enemies":"Jaw Worm","floor":5.0,"turns":4.0},{"damage":0.0,"enemies":"2 Louse","floor":7.0,"turns":3.0},{"damage":0.0,"enemies":"Large Slime","floor":10.0,"turns":5.0},{"damage":0.0,"enemies":"Exordium Wildlife","floor":11.0,"turns":1.0},{"damage":3.0,"enemies":"The Mushroom Lair","floor":12.0,"turns":3.0},{"damage":13.0,"enemies":"Gremlin Nob","floor":13.0,"turns":4.0},{"damage":32.0,"enemies":"Hexaghost","floor":16.0,"turns":8.0},{"damage":17.0,"enemies":"Spheric Guardian","floor":18.0,"turns":6.0},{"damage":3.0,"enemies":"Masked Bandits","floor":19.0,"turns":3.0},{"damage":0.0,"enemies":"3 Byrds","floor":21.0,"turns":4.0},{"damage":4.0,"enemies":"Sentry and Sphere","floor":22.0,"turns":6.0},{"damage":20.0,"enemies":"Slavers","floor":24.0,"turns":5.0},{"damage":0.0,"enemies":"Centurion and Healer","floor":29.0,"turns":6.0},{"damage":2.0,"enemies":"Snecko","floor":30.0,"turns":4.0},{"damage":0.0,"enemies":"Book of Stabbing","floor":31.0,"turns":7.0},{"damage":20.0,"enemies":"Automaton","floor":33.0,"turns":14.0},{"damage":0,"enemies":"3 Darklings","floor":35,"turns":3},{"damage":0,"enemies":"Orb Walker","floor":36,"turns":3},{"damage":12,"enemies":"2 Orb Walkers","floor":38,"turns":7},{"damage":0,"enemies":"Nemesis","floor":40,"turns":7},{"damage":20,"enemies":"Reptomancer","floor":44,"turns":11},{"damage":10,"enemies":"Giant Head","floor":46,"turns":7},{"damage":0,"enemies":"Sphere and 2 Shapes","floor":48,"turns":3},{"damage":47,"enemies":"Awakened One","floor":50,"turns":11}],"seed_played":"-8476557182156402196","potions_obtained":[{"floor":5.0,"key":"LiquidMemories"},{"floor":7.0,"key":"AttackPotion"},{"floor":11.0,"key":"Poison Potion"},{"floor":13.0,"key":"DuplicationPotion"},{"floor":21.0,"key":"FearPotion"},{"floor":22.0,"key":"Fire Potion"},{"floor":31.0,"key":"SpeedPotion"},{"floor":33.0,"key":"CunningPotion"},{"floor":38,"key":"Dexterity Potion"}],"is_trial":false,"path_per_floor":["M","?","?","$","M","R","M","R","T","M","M","?","E","?","R","B",null,"M","?","$","M","M","R","E","?","T","?","R","M","M","E","R","B",null,"M","M","?","?","?","E","R","R","T","E","$","E","R","M","R","B"],"character_chosen":"THE_SILENT","items_purchased":["Anchor","Dagger Throw","Vajra","Orrery","Strength Potion","BlessingOfTheForge"],"campfire_rested":0,"item_purchase_floors":[20,20,45,45,45,45],"current_hp_per_floor":[84,84,89,89,89,89,89,89,89,89,89,86,73,73,73,57,89,72,69,69,69,65,65,45,45,45,44,44,44,42,44,44,24,44,44,44,44,32,32,34,34,34,34,16,31,23,23,27,27,0,0],"gold":130,"neow_bonus":"TWENTY_PERCENT_HP_BONUS","is_daily":false,"chose_seed":false,"campfire_upgraded":10,"win_rate":0.0,"timestamp":1612301099,"path_taken":["M","?","?","?","M","R","M","R","T","M","?","?","E","?","R","BOSS","M","?","$","M","M","R","E","?","T","?","R","M","?","E","R","BOSS","M","M","?","?","?","E","R","R","T","E","$","E","R","?","R","BOSS"],"items_purchased_type":["Relic","Card","Relic","Relic","Potion","Potion"],"build_version":"2020-12-22","purchased_purges":2,"victory":false,"max_hp_per_floor":[84,84,89,89,89,89,89,89,89,89,89,89,89,89,89,89,89,89,89,89,89,89,89,89,89,89,44,44,44,44,44,44,44,44,44,44,44,44,44,44,44,44,44,44,44,44,44,46,46,46,46],"card_choices":[{"not_picked":["Underhanded Strike","Choke","Escape Plan"],"picked":"SKIP","floor":1.0},{"not_picked":["Slice","Acrobatics","Backstab"],"picked":"SKIP","floor":5.0},{"not_picked":["Acrobatics","Underhanded Strike"],"picked":"Dagger Spray","floor":7.0},{"not_picked":["Slice","Reflex"],"picked":"Poisoned Stab","floor":10.0},{"not_picked":["Blur","Dodge and Roll"],"picked":"Poisoned Stab","floor":11.0},{"not_picked":["Distraction","Concentrate","Underhanded Strike"],"picked":"SKIP","floor":13.0},{"not_picked":["Infinite Blades","Choke"],"picked":"Acrobatics","floor":18.0},{"not_picked":["Dodge and Roll","Prepared"],"picked":"Bane+1","floor":19.0},{"not_picked":["Sucker Punch+1","Quick Slash"],"picked":"PiercingWail","floor":21.0},{"not_picked":["Sucker Punch","Predator"],"picked":"Underhanded Strike","floor":22.0},{"not_picked":["Flying Knee","Bullet Time","Noxious Fumes"],"picked":"SKIP","floor":24.0},{"not_picked":["Sucker Punch","Cloak And Dagger","PiercingWail"],"picked":"SKIP","floor":29.0},{"not_picked":["Expertise+1","Tactician","Flying Knee"],"picked":"SKIP","floor":30.0},{"not_picked":["Endless Agony","Backflip"],"picked":"Dagger Throw+1","floor":31.0},{"not_picked":["Dodge and Roll+1","Tactician","Well Laid Plans+1"],"picked":"SKIP","floor":35},{"not_picked":["Slice","Heel Hook","Setup+1"],"picked":"SKIP","floor":36},{"not_picked":["Noxious Fumes","Escape Plan+1","Bouncing Flask+1"],"picked":"SKIP","floor":40},{"not_picked":["Dodge and Roll","Backstab+1","Eviscerate+1"],"picked":"SKIP","floor":44},{"not_picked":["Die Die Die","Blade Dance+1"],"picked":"Prepared","floor":45},{"not_picked":["Reflex","Night Terror"],"picked":"Underhanded Strike+1","floor":45},{"not_picked":["Dagger Spray+1","Quick Slash"],"picked":"Bane+1","floor":45},{"not_picked":["Heel Hook","Dash"],"picked":"Deadly Poison+1","floor":46},{"not_picked":["Tactician","Terror+1","Quick Slash+1"],"picked":"Singing Bowl","floor":48}],"player_experience":489704,"relics_obtained":[{"floor":9.0,"key":"Oddly Smooth Stone"},{"floor":12.0,"key":"Odd Mushroom"},{"floor":13.0,"key":"Bag of Marbles"},{"floor":19.0,"key":"Red Mask"},{"floor":24.0,"key":"Akabeko"},{"floor":26.0,"key":"Blood Vial"},{"floor":31.0,"key":"Tingsha"},{"floor":38,"key":"WingedGreaves"},{"floor":40,"key":"Unceasing Top"},{"floor":43,"key":"MealTicket"},{"floor":44,"key":"PreservedInsect"},{"floor":46,"key":"Singing Bowl"}],"event_choices":[{"cards_removed":["Strike_G"],"damage_healed":0.0,"max_hp_gain":0.0,"max_hp_loss":0.0,"gold_gain":0.0,"event_name":"Living Wall","player_choice":"Forget","floor":2.0,"gold_loss":0.0,"damage_taken":0.0},{"damage_healed":0.0,"max_hp_gain":5.0,"max_hp_loss":0.0,"gold_gain":0.0,"event_name":"Big Fish","player_choice":"Donut","floor":3.0,"gold_loss":0.0,"damage_taken":0.0},{"damage_healed":0.0,"max_hp_gain":0.0,"max_hp_loss":0.0,"gold_gain":0.0,"event_name":"Mushrooms","player_choice":"Fought Mushrooms","floor":12.0,"gold_loss":0.0,"damage_taken":0.0},{"damage_healed":0.0,"max_hp_gain":0.0,"max_hp_loss":0.0,"gold_gain":0.0,"event_name":"Dead Adventurer","player_choice":"Searched \u00272\u0027 times","floor":14.0,"gold_loss":0.0,"damage_taken":0.0,"relics_obtained":["Pantograph"]},{"damage_healed":0.0,"max_hp_gain":0.0,"max_hp_loss":0.0,"gold_gain":0.0,"event_name":"Masked Bandits","player_choice":"Fought Bandits","floor":19.0,"gold_loss":0.0,"damage_taken":0.0},{"cards_removed":["Strike_G"],"damage_healed":0.0,"max_hp_gain":0.0,"max_hp_loss":0.0,"gold_gain":0.0,"event_name":"Beggar","player_choice":"Gave Gold","floor":25.0,"gold_loss":75.0,"damage_taken":0.0},{"damage_healed":0.0,"max_hp_gain":0.0,"max_hp_loss":45.0,"gold_gain":0.0,"event_name":"Ghosts","player_choice":"Became a Ghost","floor":27.0,"gold_loss":0.0,"damage_taken":0.0,"cards_obtained":["Ghostly","Ghostly","Ghostly","Ghostly","Ghostly"]},{"damage_healed":0,"gold_gain":222,"player_choice":"Wore Mask","damage_taken":0,"max_hp_gain":0,"max_hp_loss":0,"event_name":"Tomb of Lord Red Mask","floor":37,"gold_loss":0},{"damage_healed":0,"gold_gain":0,"player_choice":"Fight","damage_taken":0,"max_hp_gain":0,"max_hp_loss":0,"event_name":"Mysterious Sphere","floor":38,"gold_loss":0},{"damage_healed":0,"gold_gain":0,"player_choice":"Memory 1","damage_taken":0,"max_hp_gain":0,"max_hp_loss":0,"event_name":"SensoryStone","floor":39,"gold_loss":0}],"is_beta":false,"boss_relics":[{"not_picked":["Velvet Choker","Ectoplasm"],"picked":"HoveringKite"},{"not_picked":["Cursed Key","Calling Bell"],"picked":"SlaversCollar"}],"items_purged_floors":[20,45],"is_endless":false,"potions_floor_spawned":[5,7,11,13,21,22,31,33,36,38,46],"killed_by":"Awakened One","ascension_level":0}}