{"host":"q6r63elxu27obe7v","time":1612243312,"event":{"mods":["2.2 Compatiblity","AchievementEnabler","BaseMod","CapriCore","Colored Map","DeckTracker","Keyboard Shortcuts","Lobotomy","Minty Spire (QoL Compilation)","Permanent Neow","Quick Restart","Replay The Spire","StSLib","SuperFastMode","¡¼?Úª?ø«¡½REMEMod"],"gold_per_floor":[114,30,49,54,67,99,115,143,143,178,56,75,87,97,97,197,197,214,269,269,269,283,309,328,328,328,328,328,342,358,386,386,488,488,504,524,524,524,524,524,71,97,97,97],"floor_reached":43,"language":"KOR","playtime":1666,"items_purged":["Strike_R"],"score":647,"play_id":"494a4025-5772-4689-ab94-eb70b500d120","local_time":"20210202142152","is_ascension_mode":true,"campfire_choices":[{"floor":15.0,"key":"RECALL"},{"data":"Fiend Fire","floor":28,"key":"SMITH"},{"data":"Seeing Red","floor":32,"key":"SMITH"},{"data":"Impervious","floor":40,"key":"SMITH"}],"circlet_count":0,"master_deck":["Strike_R","Strike_R","Strike_R","Strike_R","Defend_R","Defend_R","Defend_R","Defend_R","Bash","Amnesia","Fiend Fire+1","REME_AllRoundStrike+1","Flex","ReplayTheSpireMod:Uncanny Aura","Rage","Parasite","REME_Cut","Impervious+1","Seeing Red+1","Eclipse","True Grit","True Grit+1","Battle Trance","Headbutt+1","Metallicize"],"relics":["Burning Blood","REME_ComplimentaryCards","ReplayTheSpireMod:CursedCoin","Pet Ghost","Iron Hammer","InkBottle","Replay:WaspNest","Mark of Pain","Mummified Hand","Bottled Flame","Singing Bowl","Turnip","White Beast Statue","REME_DuelDisc","Kunai","Pondfish Scales"],"acts_visited":["Exordium","TheCity","TheBeyond","TheEnding"],"potions_floor_usage":[38,38,38,43,43],"damage_taken":[{"damage":0.0,"enemies":"Jaw Worm","floor":1.0,"turns":1.0},{"damage":0.0,"enemies":"2 Louse","floor":3.0,"turns":1.0},{"damage":0.0,"enemies":"Cultist","floor":5.0,"turns":2.0},{"damage":27.0,"enemies":"3 Sentries","floor":6.0,"turns":4.0},{"damage":0.0,"enemies":"Exordium Thugs","floor":7.0,"turns":2.0},{"damage":0.0,"enemies":"Gremlin Nob","floor":8.0,"turns":1.0},{"damage":0.0,"enemies":"Lagavulin","floor":10.0,"turns":2.0},{"damage":0.0,"enemies":"Looter","floor":12.0,"turns":1.0},{"damage":0.0,"enemies":"2 Fungi Beasts","floor":13.0,"turns":1.0},{"damage":0.0,"enemies":"Exordium Thugs","floor":14.0,"turns":1.0},{"damage":23.0,"enemies":"Fading Forest","floor":16.0,"turns":11.0},{"damage":0,"enemies":"2 Thieves","floor":18,"turns":1},{"damage":0,"enemies":"Spheric Guardian","floor":22,"turns":1},{"damage":16,"enemies":"Book of Stabbing","floor":23,"turns":2},{"damage":0,"enemies":"Centurion and Healer","floor":24,"turns":2},{"damage":0,"enemies":"Snake Plant","floor":29,"turns":1},{"damage":0,"enemies":"3 Cultists","floor":30,"turns":2},{"damage":0,"enemies":"Gremlin Leader","floor":31,"turns":2},{"damage":0,"enemies":"Collector","floor":33,"turns":1},{"damage":0,"enemies":"Orb Walker","floor":35,"turns":1},{"damage":40,"enemies":"3 Shapes","floor":36,"turns":2},{"damage":59,"enemies":"Replay:Hell Engine","floor":38,"turns":8},{"damage":74,"enemies":"Shield and Spear","floor":42,"turns":4},{"damage":62,"enemies":"The Heart","floor":43,"turns":2}],"seed_played":"8467677551243428989","potions_obtained":[{"floor":5.0,"key":"FearPotion"},{"floor":6.0,"key":"Swift Potion"},{"floor":8.0,"key":"SmokeBomb"},{"floor":14.0,"key":"EntropicBrew"},{"floor":30,"key":"Regen Potion"},{"floor":42,"key":"Energy Potion"}],"is_trial":false,"path_per_floor":["M","$","M","$","M","E","M","E","T","E","$","M","M","M","R","B",null,"M","?","?","?","M","E","M","$","T","?","R","M","M","E","R","B",null,"M","M","?","B",null,"R","$","E","B"],"character_chosen":"IRONCLAD","items_purchased":["ReplayTheSpireMod:Uncanny Aura","ReplayTheSpireMod:CursedCoin","Pet Ghost","Seeing Red","SteroidPotion","Metallicize","Kunai","SteroidPotion"],"campfire_rested":0,"item_purchase_floors":[2,4,4,11,11,41,41,41],"current_hp_per_floor":[80,80,80,80,80,59,65,71,71,77,77,80,80,80,80,63,80,80,60,80,80,80,70,76,76,76,76,76,82,84,84,84,86,86,88,56,56,82,90,90,90,24,0,0],"gold":97,"neow_bonus":"THREE_RARE_CARDS","is_daily":false,"chose_seed":false,"campfire_upgraded":3,"win_rate":0.0,"timestamp":1612243312,"path_taken":["M","$","M","$","M","E","M","E","T","E","$","M","M","M","R","BOSS","M","?","?","?","M","E","?","?","T","?","R","M","M","E","R","BOSS","M","M","?","BOSS","R","$","E","BOSS"],"items_purchased_type":["Card","Relic","Relic","Card","Potion","Card","Relic","Potion"],"build_version":"2020-12-22","purchased_purges":1,"victory":false,"max_hp_per_floor":[80,80,80,80,80,80,80,80,80,80,80,80,80,80,80,80,80,80,80,80,80,80,80,80,80,80,80,80,82,84,84,84,86,86,88,90,90,90,90,90,90,92,92,92],"card_choices":[{"not_picked":["Bludgeon","Exhume"],"picked":"Fiend Fire","floor":0.0},{"not_picked":["Twin Strike","Pommel Strike"],"picked":"Flex","floor":1.0},{"not_picked":["Disarm","Second Wind"],"picked":"Rage","floor":3.0},{"not_picked":["ReplayTheSpireMod:Limb From Limb","Searing Blow","REME_FearOfPain"],"picked":"SKIP","floor":5.0},{"not_picked":["Iron Wave","Anger","REME_SingleHolding"],"picked":"SKIP","floor":6.0},{"not_picked":["Anger","Disarm","Run Through"],"picked":"SKIP","floor":7.0},{"not_picked":["Perfected Strike","Run Through"],"picked":"REME_Cut","floor":8.0},{"not_picked":["Clothesline","Sword Boomerang"],"picked":"Impervious","floor":10.0},{"not_picked":["Fire Breathing","Evolve","Iron Wave"],"picked":"SKIP","floor":12.0},{"not_picked":["Fire Breathing","Sword Boomerang","Armaments"],"picked":"SKIP","floor":13.0},{"not_picked":["Sword Boomerang","Clothesline","Reaper"],"picked":"SKIP","floor":14.0},{"not_picked":["Brutality","Impervious"],"picked":"Eclipse","floor":16.0},{"not_picked":["Reckless Charge+1","Body Slam","Clothesline"],"picked":"SKIP","floor":18},{"not_picked":["Cleave","Heavy Blade"],"picked":"True Grit","floor":19},{"not_picked":["Headbutt+1","Armaments"],"picked":"True Grit+1","floor":22},{"not_picked":["Combust+1","REME_ACTH"],"picked":"Battle Trance","floor":23},{"not_picked":["Metallicize+1","REME_SingleHolding+1","ReplayReversal"],"picked":"SKIP","floor":24},{"not_picked":["Shrug It Off","Warcry+1","REME_FearOfPain"],"picked":"Singing Bowl","floor":29},{"not_picked":["Thunderclap","REME_SingleHolding","Pummel"],"picked":"Singing Bowl","floor":30},{"not_picked":["Havoc","Burning Pact"],"picked":"Headbutt+1","floor":31},{"not_picked":["Brutality","Demonic Infusion","Immolate"],"picked":"Singing Bowl","floor":33},{"not_picked":["Thunderclap+1","True Grit+1","Headbutt+1"],"picked":"Singing Bowl","floor":35},{"not_picked":["Massacre+1","Pummel","Replay:Undeath\u0027s Touch"],"picked":"Singing Bowl","floor":36},{"not_picked":["Twin Strike+1","Infernal Blade","Wild Strike"],"picked":"Singing Bowl","floor":42}],"player_experience":94264,"relics_obtained":[{"floor":6.0,"key":"Iron Hammer"},{"floor":8.0,"key":"InkBottle"},{"floor":10.0,"key":"Replay:WaspNest"},{"floor":19,"key":"Mummified Hand"},{"floor":23,"key":"Bottled Flame"},{"floor":26,"key":"Singing Bowl"},{"floor":31,"key":"White Beast Statue"},{"floor":42,"key":"Pondfish Scales"}],"event_choices":[{"damage_healed":26,"gold_gain":0,"player_choice":"Heal","damage_taken":0,"max_hp_gain":0,"max_hp_loss":0,"event_name":"The Library","floor":20,"gold_loss":0},{"damage_healed":0,"gold_gain":0,"player_choice":"Upgraded","damage_taken":0,"max_hp_gain":0,"max_hp_loss":0,"event_name":"Upgrade Shrine","floor":21,"gold_loss":0,"cards_upgraded":["REME_AllRoundStrike"]},{"damage_healed":0,"gold_gain":0,"player_choice":"Took Portal","damage_taken":0,"max_hp_gain":0,"max_hp_loss":0,"event_name":"SecretPortal","floor":37,"gold_loss":0}],"is_beta":false,"boss_relics":[{"not_picked":["Fusion Hammer","SlaversCollar"],"picked":"Mark of Pain"},{"not_picked":["Replay:Wanted Poster","Velvet Choker"],"picked":"REME_DuelDisc"}],"items_purged_floors":[41],"is_endless":false,"potions_floor_spawned":[5,6,8,14,23,24,30,33,35,36,42],"killed_by":"The Heart","ascension_level":2}}