{"host":"2tgyrzvaa7l04o2e","time":1612286832,"event":{"mods":["BaseMod","Highlight Path","Minty Spire (QoL Compilation)","Permanent Neow","Relic Stats"],"gold_per_floor":[111,122,139,149,23,52,52,52,52],"floor_reached":8,"language":"ENG","playtime":341,"items_purged":[],"score":102,"play_id":"91033204-129b-487b-96e8-bd512b0223ac","local_time":"20210202182712","is_ascension_mode":true,"campfire_choices":[{"floor":7,"key":"REST"}],"circlet_count":0,"master_deck":["AscendersBane","Strike_B","Strike_B","Strike_B","Strike_B","Defend_B","Defend_B","Defend_B","Defend_B","Zap","Dualcast","Ball Lightning","Coolheaded","Compile Driver","Reinforced Body","Sweeping Beam"],"relics":["Black Star","Gambling Chip","DataDisk"],"acts_visited":["Exordium"],"potions_floor_usage":[6,6],"damage_taken":[{"damage":6,"enemies":"Cultist","floor":1,"turns":4},{"damage":7,"enemies":"Jaw Worm","floor":2,"turns":3},{"damage":6,"enemies":"2 Louse","floor":3,"turns":4},{"damage":27,"enemies":"Exordium Wildlife","floor":4,"turns":5},{"damage":13,"enemies":"3 Sentries","floor":6,"turns":5},{"damage":36,"enemies":"Lagavulin","floor":8,"turns":5}],"seed_played":"-8908207069105148844","potions_obtained":[],"is_trial":false,"path_per_floor":["M","M","M","M","$","E","R","E"],"character_chosen":"DEFECT","items_purchased":["Sweeping Beam","FocusPotion","Explosive Potion"],"campfire_rested":1,"item_purchase_floors":[5,5,5],"current_hp_per_floor":[58,51,45,18,18,5,26,0,0],"gold":52,"neow_bonus":"BOSS_RELIC","is_daily":false,"chose_seed":false,"campfire_upgraded":0,"win_rate":0.0,"timestamp":1612286832,"path_taken":["M","M","?","M","$","E","R","E"],"items_purchased_type":["Card","Potion","Potion"],"build_version":"2020-12-22","purchased_purges":0,"victory":false,"max_hp_per_floor":[71,71,71,71,71,71,71,71,71],"relic_stats":{"counters":[6,26],"Gambling Chip":[3],"Black Star":1,"obtain_stats":[{"DataDisk":6,"Gambling Chip":6,"Black Star":0,"Cracked Core":0},{"DataDisk":5,"Gambling Chip":5,"Black Star":0,"Cracked Core":0},{"DataDisk":21,"Gambling Chip":21,"Black Star":0,"Cracked Core":0}]},"card_choices":[{"not_picked":["Leap","Loop"],"picked":"Ball Lightning","floor":1},{"not_picked":["Fusion","Storm"],"picked":"Coolheaded","floor":2},{"not_picked":["Redo","Reprogram"],"picked":"Compile Driver","floor":3},{"not_picked":["Turbo","Beam Cell"],"picked":"Reinforced Body","floor":4},{"not_picked":["Leap","Rip and Tear","Storm"],"picked":"SKIP","floor":6}],"player_experience":690153,"relics_obtained":[{"floor":6,"key":"Gambling Chip"},{"floor":6,"key":"DataDisk"}],"event_choices":[],"is_beta":false,"boss_relics":[],"items_purged_floors":[],"is_endless":false,"potions_floor_spawned":[],"killed_by":"Lagavulin","ascension_level":15}}