{"host":"2q4w55ev63ot6isg","time":1612299955,"event":{"mods":["Aspiration","BaseMod","Downfall","Hubris","Marisa????????","Minty Spire (QoL Compilation)","Replay The Spire","StSLib","The Cursed","The Jungle","The Servant 0.9.4"],"gold_per_floor":[109,34,54,54,66,66,94,94,94,118,118,131,131,10,10,115,115,142,142,167,167,193,193,1,34,34,34,34,38,38],"floor_reached":29,"language":"ENG","playtime":762,"items_purged":["KidneyShot"],"score":301,"play_id":"e1095baf-39b9-460d-886e-31dd865a8b22","local_time":"20210202130555","is_ascension_mode":true,"campfire_choices":[{"data":"Zap","floor":6,"key":"SMITH"},{"floor":8,"key":"REST"},{"data":"Static Discharge","floor":11,"key":"SMITH"},{"floor":13,"key":"REST"},{"data":"Defragment","floor":15,"key":"SMITH"},{"data":"Shrug It Off","floor":23,"key":"SMITH"},{"data":"Creative AI","floor":27,"key":"SMITH"}],"circlet_count":0,"master_deck":["Strike_B","Strike_B","Strike_B","Strike_B","Defend_B","Defend_B","Defend_B","Defend_B","Zap+1","Dualcast","Panic Button","Streamline","Static Discharge+1","Panic Button","Core Surge","Defragment+1","Conserve Battery","Core Surge","Shrug It Off+1","Mayhem","Creative AI+1"],"relics":["Cracked Core","Bird Faced Urn","Replay:Bandana","hubris:DisguiseKit","Coffee Dripper","Bronze Scales","Nilry\u0027s Codex","Replay:Ringing Soul","Geode"],"acts_visited":["Exordium","TheCity"],"potions_floor_usage":[7,7,16,16,25],"damage_taken":[{"damage":10,"enemies":"Small Slimes","floor":1,"turns":3},{"damage":0,"enemies":"Cultist","floor":3,"turns":2},{"damage":7,"enemies":"Jaw Worm","floor":5,"turns":2},{"damage":30,"enemies":"Gremlin Nob","floor":7,"turns":4},{"damage":10,"enemies":"Gremlin Gang","floor":10,"turns":4},{"damage":17,"enemies":"Lots of Slimes","floor":12,"turns":2},{"damage":39,"enemies":"Fading Forest","floor":16,"turns":11},{"damage":1,"enemies":"Spheric Guardian","floor":18,"turns":3},{"damage":16,"enemies":"2 Thieves","floor":20,"turns":4},{"damage":9,"enemies":"3 Cultists","floor":22,"turns":4},{"damage":24,"enemies":"Book of Stabbing","floor":25,"turns":5},{"damage":23,"enemies":"Centurion and Healer","floor":29,"turns":1}],"seed_played":"3152846202660678305","potions_obtained":[{"floor":3,"key":"bronze:BurnAndBuffPotion"},{"floor":5,"key":"Elixir"},{"floor":10,"key":"hexamod:SoulburnPotion"},{"floor":12,"key":"Fire Potion"},{"floor":20,"key":"Energy Potion"},{"floor":22,"key":"PowerPotion"}],"is_trial":false,"path_per_floor":["M","$","M","?","M","R","E","R","T","M","R","M","R","$","R","B",null,"M","?","M","?","M","R","$","E","T","R","$","M"],"character_chosen":"DEFECT","items_purchased":["Defragment","Conserve Battery","Mayhem"],"campfire_rested":2,"item_purchase_floors":[14,14,24],"current_hp_per_floor":[65,65,65,65,58,58,28,50,50,42,42,27,49,49,49,24,62,63,63,51,35,32,32,32,19,19,19,19,0,0],"gold":38,"neow_bonus":"ONE_RARE_RELIC","is_daily":false,"chose_seed":false,"campfire_upgraded":5,"win_rate":0.0,"timestamp":1612299955,"path_taken":["M","$","M","?","M","R","E","R","T","?","R","M","R","$","R","BOSS","M","?","?","?","M","R","$","E","T","R","$","M"],"items_purchased_type":["Card","Card","Card"],"build_version":"2020-12-22","purchased_purges":1,"victory":false,"max_hp_per_floor":[75,75,75,75,75,75,75,75,75,75,75,75,75,75,75,75,75,75,75,75,75,75,75,75,78,78,78,78,78,78],"card_choices":[{"not_picked":["Sunder","ReplaySort"],"picked":"Panic Button","floor":1},{"not_picked":["Redo","Hologram"],"picked":"Streamline","floor":3},{"not_picked":["BasicCrystalCard","Steam","Turbo"],"picked":"SKIP","floor":5},{"not_picked":["Multi-Cast","Go for the Eyes"],"picked":"Static Discharge","floor":7},{"not_picked":["Rebound","Gash","hubris:SharpeningStone"],"picked":"Panic Button","floor":10},{"not_picked":["Panic Button","Barrage","Inflame"],"picked":"Core Surge","floor":12},{"not_picked":["Multi-Cast","ReplayRNGCard","Offering"],"picked":"Core Surge","floor":16},{"not_picked":["ReplayTheSpireMod:Reroute Power","Turbo","Go for the Eyes","Rage"],"picked":"SKIP","floor":18},{"not_picked":["Panic Button","Sweeping Beam+1","Hologram+1"],"picked":"Shrug It Off","floor":20},{"not_picked":["Panic Button","Compile Driver","BasicCrystalCard","Blood for Blood"],"picked":"SKIP","floor":22},{"not_picked":["ReplayGash","Coolheaded","Armaments"],"picked":"Creative AI","floor":25}],"player_experience":200935,"relics_obtained":[{"floor":7,"key":"Replay:Bandana"},{"floor":9,"key":"hubris:DisguiseKit"},{"floor":21,"key":"Nilry\u0027s Codex"},{"floor":25,"key":"Replay:Ringing Soul"},{"floor":26,"key":"Geode"}],"event_choices":[{"cards_removed":["Guardian:Strike_Guardian"],"damage_healed":0,"gold_gain":0,"player_choice":"Offered Basic","damage_taken":0,"max_hp_gain":0,"max_hp_loss":0,"event_name":"Bonfire Elementals","floor":4,"gold_loss":0},{"damage_healed":0,"gold_gain":0,"player_choice":"Obtained Book","damage_taken":16,"max_hp_gain":0,"max_hp_loss":0,"event_name":"Cursed Tome","floor":21,"gold_loss":0}],"is_beta":false,"boss_relics":[{"not_picked":["Replay:Fungal Core","hubris:HollowSoul"],"picked":"Coffee Dripper"}],"items_purged_floors":[2],"is_endless":false,"potions_floor_spawned":[3,5,10,12,20,22],"killed_by":"Centurion and Healer","ascension_level":5}}