{"host":"q206iib20se9i6w7","time":1612307376,"event":{"mods":["AchievementEnabler","BaseMod","Bestiary","Block Reminder","Colored Map","Colored Powertips","Curses Come First","Highlight Path","Key Reminder","Minty Spire (QoL Compilation)","Quick Restart","Random Character Button","Relic Stats","StSLib","SuperFastMode","Unceasing Turn Reminder"],"gold_per_floor":[368,131,131,151,326,326,356,356,380,399,413,17,17,28,28,128,128,147,147,147,163,182,209,209,84,84,110,127,127,143,162,162,258,258,270,288,288,356,406,439,439,94,94,0,0,25,25,51,51,51],"floor_reached":51,"language":"ENG","playtime":3341,"items_purged":["Strike_P","Doubt","Writhe","Strike_P"],"score":1389,"play_id":"e54108d0-a1d5-4550-b8e2-c69f178007e0","local_time":"20210202170936","is_ascension_mode":true,"campfire_choices":[{"floor":6.0,"key":"REST"},{"floor":8.0,"key":"REST"},{"data":"Tantrum","floor":15.0,"key":"SMITH"},{"floor":24,"key":"REST"},{"floor":32,"key":"REST"},{"floor":41,"key":"REST"},{"floor":45,"key":"REST"},{"floor":47,"key":"REST"},{"floor":49,"key":"REST"}],"circlet_count":0,"master_deck":["AscendersBane","Strike_P+1","Strike_P+1","Defend_P","Defend_P","Defend_P+1","Defend_P+1","Eruption+1","Vigilance","BowlingBash+1","Indignation","Purity","Halt","Tantrum+1","BowlingBash+1","ClearTheMind","EmptyFist","LessonLearned+1","CutThroughFate+1","Ghostly","Ghostly+1","Ghostly","Ghostly","Ghostly+1","SashWhip+1","Study+1","CutThroughFate","Sanctity+1","Perseverance","Adaptation","Blasphemy","Crescendo+1","Meditate","Vengeance"],"relics":["PureWater","Bottled Flame","Akabeko","TungstenRod","Fusion Hammer","MealTicket","Centennial Puzzle","Ornamental Fan","keyreminder:keyreminder","Bottled Tornado","VioletLotus","TeardropLocket","Prayer Wheel","Dead Branch","Happy Flower","Pantograph","Red Mask","Vajra","Singing Bowl"],"acts_visited":["Exordium","TheCity","TheBeyond"],"potions_floor_usage":[22,23,33,50,50],"damage_taken":[{"damage":6.0,"enemies":"2 Louse","floor":1.0,"turns":3.0},{"damage":8.0,"enemies":"Jaw Worm","floor":4.0,"turns":3.0},{"damage":22.0,"enemies":"Lagavulin","floor":7.0,"turns":10.0},{"damage":0.0,"enemies":"Cultist","floor":10.0,"turns":1.0},{"damage":0.0,"enemies":"Exordium Wildlife","floor":11.0,"turns":3.0},{"damage":0.0,"enemies":"3 Louse","floor":14.0,"turns":2.0},{"damage":37.0,"enemies":"Hexaghost","floor":16.0,"turns":9.0},{"damage":0.0,"enemies":"3 Byrds","floor":18.0,"turns":4.0},{"damage":0.0,"enemies":"Shell Parasite","floor":21.0,"turns":1.0},{"damage":0,"enemies":"Centurion and Healer","floor":22,"turns":7},{"damage":33,"enemies":"Slavers","floor":23,"turns":6},{"damage":0,"enemies":"Gremlin Leader","floor":27,"turns":6},{"damage":0,"enemies":"Chosen and Byrds","floor":28,"turns":4},{"damage":0,"enemies":"Snake Plant","floor":30,"turns":5},{"damage":0,"enemies":"Cultist and Chosen","floor":31,"turns":4},{"damage":24,"enemies":"Collector","floor":33,"turns":7},{"damage":0,"enemies":"3 Shapes","floor":35,"turns":3},{"damage":25,"enemies":"3 Darklings","floor":36,"turns":7},{"damage":0,"enemies":"Mind Bloom Boss Battle","floor":39,"turns":3},{"damage":0,"enemies":"Reptomancer","floor":40,"turns":7},{"damage":81,"enemies":"Nemesis","floor":46,"turns":4},{"damage":0,"enemies":"Reptomancer","floor":48,"turns":6},{"damage":19,"enemies":"Awakened One","floor":50,"turns":8}],"seed_played":"4927280324480133449","potions_obtained":[{"floor":4.0,"key":"Swift Potion"},{"floor":11.0,"key":"Fire Potion"},{"floor":14.0,"key":"Dexterity Potion"},{"floor":18.0,"key":"Swift Potion"},{"floor":21,"key":"Swift Potion"},{"floor":23,"key":"SteroidPotion"},{"floor":30,"key":"LiquidBronze"},{"floor":33,"key":"FearPotion"},{"floor":39,"key":"FairyPotion"},{"floor":46,"key":"StancePotion"}],"is_trial":false,"path_per_floor":["M","$","?","M","?","R","E","R","T","M","M","$","?","M","R","B",null,"M","?","?","M","M","E","R","$","T","E","M","?","M","M","R","B",null,"M","M","?","T","?","E","R","$","T","?","R","E","R","E","R","B",null],"character_chosen":"WATCHER","items_purchased":["Indignation","Purity","TungstenRod","Vengeance","Happy Flower"],"campfire_rested":8,"item_purchase_floors":[2,2,12,42,42],"current_hp_per_floor":[41,41,27,19,19,40,18,39,39,39,39,39,44,44,44,7,60,60,38,38,38,38,5,16,31,31,31,31,31,31,31,38,14,32,32,7,7,7,7,7,17,32,32,32,36,10,20,22,33,19],"gold":51,"neow_bonus":"TWO_FIFTY_GOLD","is_daily":false,"chose_seed":false,"campfire_upgraded":1,"win_rate":0.0,"timestamp":1612307376,"path_taken":["M","$","?","M","?","R","E","R","T","M","M","$","?","M","R","BOSS","M","?","?","M","M","E","R","?","T","E","?","?","M","M","R","BOSS","M","M","?","?","?","E","R","$","T","?","R","E","R","E","R","BOSS"],"items_purchased_type":["Card","Card","Relic","Card","Relic"],"build_version":"2020-12-22","purchased_purges":4,"victory":true,"max_hp_per_floor":[72,72,72,72,72,72,72,72,72,72,72,72,77,77,77,77,77,77,38,38,38,38,38,38,38,38,38,38,38,38,38,38,38,38,38,38,36,36,36,36,36,36,36,36,36,36,36,38,38,38],"relic_stats":{"Centennial Puzzle":[12],"Happy Flower":[6],"Singing Bowl":2,"counters":[23,113],"Ornamental Fan":[92],"Dead Branch":[50],"Pantograph":5,"MealTicket":30,"Prayer Wheel":0,"VioletLotus":[16],"obtain_stats":[{"Happy Flower":42,"Singing Bowl":48,"Dead Branch":40,"Vajra":46,"TeardropLocket":38,"Bottled Tornado":27,"Akabeko":9,"keyreminder:keyreminder":27,"Bottled Flame":7,"Centennial Puzzle":23,"Ornamental Fan":26,"Pantograph":43,"MealTicket":20,"Prayer Wheel":39,"Fusion Hammer":17,"VioletLotus":34,"Red Mask":44,"PureWater":0,"TungstenRod":12},{"Happy Flower":20,"Singing Bowl":22,"Dead Branch":20,"Vajra":21,"TeardropLocket":18,"Bottled Tornado":12,"Akabeko":3,"keyreminder:keyreminder":12,"Bottled Flame":3,"Centennial Puzzle":11,"Ornamental Fan":11,"Pantograph":20,"MealTicket":8,"Prayer Wheel":19,"Fusion Hammer":7,"VioletLotus":16,"Red Mask":20,"PureWater":0,"TungstenRod":5},{"Happy Flower":95,"Singing Bowl":105,"Dead Branch":95,"Vajra":99,"TeardropLocket":85,"Bottled Tornado":55,"Akabeko":16,"keyreminder:keyreminder":55,"Bottled Flame":16,"Centennial Puzzle":49,"Ornamental Fan":49,"Pantograph":95,"MealTicket":35,"Prayer Wheel":88,"Fusion Hammer":31,"VioletLotus":75,"Red Mask":95,"PureWater":0,"TungstenRod":20}],"TungstenRod":45},"card_choices":[{"not_picked":["EmptyBody","SandsOfTime"],"picked":"BowlingBash","floor":1.0},{"not_picked":["FollowUp","FlyingSleeves"],"picked":"Halt","floor":4.0},{"not_picked":["Sanctity","DeusExMachina"],"picked":"Tantrum","floor":7.0},{"not_picked":["FlyingSleeves","Prostrate"],"picked":"BowlingBash","floor":10.0},{"not_picked":["PathToVictory","Vengeance"],"picked":"ClearTheMind","floor":11.0},{"not_picked":["Prostrate","JustLucky"],"picked":"EmptyFist","floor":14.0},{"not_picked":["ConjureBlade","Wish"],"picked":"LessonLearned","floor":16.0},{"not_picked":["Halt","FlurryOfBlows"],"picked":"CutThroughFate","floor":18.0},{"not_picked":["JustLucky+1","ThirdEye"],"picked":"SashWhip+1","floor":21},{"not_picked":["FlyingSleeves","Crescendo"],"picked":"Study","floor":22},{"not_picked":["Weave","LikeWater"],"picked":"CutThroughFate","floor":23},{"not_picked":["DeusExMachina","FollowUp","MentalFortress"],"picked":"SKIP","floor":27},{"not_picked":["Weave","Wallop"],"picked":"Sanctity","floor":28},{"not_picked":["Evaluate","LikeWater","JustLucky"],"picked":"SKIP","floor":30},{"not_picked":["Perseverance","FollowUp"],"picked":"Adaptation","floor":31},{"not_picked":["DeusExMachina","Judgement"],"picked":"Blasphemy","floor":33},{"not_picked":["EmptyFist","Fasting2","Nirvana"],"picked":"SKIP","floor":35},{"not_picked":["Evaluate","CrushJoints"],"picked":"Crescendo+1","floor":36},{"not_picked":["EmptyMind","Evaluate"],"picked":"Meditate","floor":40},{"not_picked":["BowlingBash","ForeignInfluence","LessonLearned"],"picked":"SKIP","floor":46},{"not_picked":["Protect","Alpha","Sanctity+1"],"picked":"Singing Bowl","floor":48}],"player_experience":303091,"relics_obtained":[{"floor":7.0,"key":"Bottled Flame"},{"floor":9.0,"key":"Akabeko"},{"floor":23,"key":"Centennial Puzzle"},{"floor":26,"key":"Ornamental Fan"},{"floor":27,"key":"Bottled Tornado"},{"floor":38,"key":"TeardropLocket"},{"floor":39,"key":"Prayer Wheel"},{"floor":40,"key":"Dead Branch"},{"floor":43,"key":"Pantograph"},{"floor":46,"key":"Vajra"},{"floor":48,"key":"Singing Bowl"}],"event_choices":[{"damage_healed":0.0,"max_hp_gain":0.0,"max_hp_loss":0.0,"gold_gain":0.0,"event_name":"Shining Light","player_choice":"Entered Light","floor":3.0,"gold_loss":0.0,"damage_taken":14.0,"cards_upgraded":["Defend_P","Strike_P"]},{"damage_healed":0.0,"max_hp_gain":0.0,"max_hp_loss":0.0,"gold_gain":175.0,"event_name":"Liars Game","player_choice":"AGREE","floor":5.0,"gold_loss":0.0,"damage_taken":0.0,"cards_obtained":["Doubt"]},{"damage_healed":0.0,"max_hp_gain":5.0,"max_hp_loss":0.0,"gold_gain":0.0,"event_name":"Big Fish","player_choice":"Donut","floor":13.0,"gold_loss":0.0,"damage_taken":0.0},{"damage_healed":0.0,"max_hp_gain":0.0,"max_hp_loss":39.0,"gold_gain":0.0,"event_name":"Ghosts","player_choice":"Became a Ghost","floor":19.0,"gold_loss":0.0,"damage_taken":0.0,"cards_obtained":["Ghostly","Ghostly","Ghostly","Ghostly","Ghostly"]},{"damage_healed":0.0,"max_hp_gain":0.0,"max_hp_loss":0.0,"gold_gain":0.0,"event_name":"The Mausoleum","player_choice":"Opened","floor":20.0,"gold_loss":0.0,"damage_taken":0.0,"relics_obtained":["MealTicket"],"cards_obtained":["Writhe"]},{"damage_healed":0,"gold_gain":0,"player_choice":"Read","damage_taken":0,"max_hp_gain":0,"max_hp_loss":0,"event_name":"The Library","floor":29,"gold_loss":0,"cards_obtained":["Perseverance"]},{"damage_healed":0,"gold_gain":0,"player_choice":"Max HP","damage_taken":0,"max_hp_gain":0,"max_hp_loss":2,"event_name":"Winding Halls","floor":37,"gold_loss":0},{"damage_healed":0,"gold_gain":0,"player_choice":"Fight","damage_taken":0,"max_hp_gain":0,"max_hp_loss":0,"event_name":"MindBloom","floor":39,"gold_loss":0},{"damage_healed":0,"gold_gain":0,"player_choice":"Paid","damage_taken":0,"relics_obtained":["Red Mask"],"max_hp_gain":0,"max_hp_loss":0,"event_name":"Tomb of Lord Red Mask","floor":44,"gold_loss":94}],"is_beta":false,"boss_relics":[{"not_picked":["Tiny House","Runic Dome"],"picked":"Fusion Hammer"},{"not_picked":["Runic Pyramid","Velvet Choker"],"picked":"VioletLotus"}],"items_purged_floors":[2,12,25,42],"is_endless":false,"potions_floor_spawned":[4,11,14,18,21,23,30,33,39,40,46],"ascension_level":12}}