{"host":"0uumfqrc8aynrssa","time":1612234847,"event":{"mods":["AchievementEnabler","Act Like it!","Aspiration","Astrologer","BaseMod","Better Altar","Better Match","Better Note","Better Sensory Stone","Better Skull","Better Third Choice","Better Vampires","CapriCore","Colored Map","Colored Powertips","Conspire","Downfall","Energized Spire","Friendly Minions","Gensokyo","GifTheSpireLib","Hallownest","Hermit","Highlight Path","Hubris","Infinite Spire","Koishi","Marisa????????","Marked Mod","Minty Spire (QoL Compilation)","Pale of the Ancients","Permanent Neow","Potionbrewer","Random Character Button","Rare Cards Sparkle","Reimu??????","Relic Sorter","Reliquary","Remilia??????","Robot Space Explorer","Shop Mod","Somnambulant","Spicy Shops","Spikes Relics","Spire Arcade","StSLib","Stuff the Spire","The Animator","The Awakened One except there are too many feathers","The Bug Knight","The Cursed","The Hierophant","The Immortal","The Marked","The Problem Sleuth","The Runesmith","The Servant 0.9.4","TheBandit","TheFirefly","Trackpad","Wandering Minibosses","everything is the same but u backflip on backflip","slay the spire mod where everything is the same but ironclad has a cowboy hat"],"gold_per_floor":[118,43,43,56,131,165,165,179,179,58,175,175,25,138,138,234,234,280,293,23,23,23,23,34,59,82,95,129,129,129,129,129,225,225,235,204,204,237,268,268,268,268,268,281,297,297,297,321,321,321],"floor_reached":51,"language":"ENG","playtime":3729,"items_purged":["Strike_B","Strike_B","Strike_B"],"score":772,"play_id":"b38841a0-027e-4b6a-90e4-9ecef99199af","local_time":"20210201220047","is_ascension_mode":true,"campfire_choices":[{"data":"Creative AI","floor":12.0,"key":"SMITH"},{"data":"Zap","floor":15.0,"key":"SMITH"},{"data":"Apotheosis","floor":23.0,"key":"SMITH"},{"floor":32.0,"key":"REST"},{"data":"StuffTheSpire:Coldhearted","floor":40,"key":"SMITH"},{"data":"Defend_B","floor":42,"key":"SMITH"},{"floor":49,"key":"REST"}],"circlet_count":0,"master_deck":["Defend_B+1","Defend_B","Defend_B","Zap+1","Dualcast+1","hubris:Ukulele","Glacier","Ball Lightning","Self Repair","Creative AI+1","hubris:SpecializedCircuitry","Reinforced Body","Apotheosis+1","StuffTheSpire:Coldhearted+1","infinitespire:SevenWalls","Leap","Loop","Defragment+1"],"relics":["reliquary:Boomerang","Nloth\u0027s Gift","reliquary:WeakTea","potionbrewer:MortarAndPestle","Juzu Bracelet","hubris:ToyBattleship","Runesmith:AutoHammer","theSleuth:MegatonKey","hubris:Icosahedron","Pen Nib"],"acts_visited":["Exordium","TheCity","TheBeyond"],"potions_floor_usage":[],"damage_taken":[{"damage":0.0,"enemies":"Cultist","floor":1.0,"turns":1.0},{"damage":0.0,"enemies":"Jaw Worm","floor":4.0,"turns":1.0},{"damage":0.0,"enemies":"Gremlin Nob","floor":6.0,"turns":1.0},{"damage":3.0,"enemies":"Small Slimes","floor":8.0,"turns":2.0},{"damage":0.0,"enemies":"Blue Slaver","floor":11.0,"turns":2.0},{"damage":0.0,"enemies":"Red Slaver","floor":14.0,"turns":4.0},{"damage":41.0,"enemies":"The Guardian","floor":16.0,"turns":8.0},{"damage":19.0,"enemies":"Shell Parasite","floor":18.0,"turns":5.0},{"damage":19.0,"enemies":"3 Byrds","floor":19.0,"turns":5.0},{"damage":10.0,"enemies":"Snecko","floor":24.0,"turns":7.0},{"damage":13.0,"enemies":"Centurion and Healer","floor":27.0,"turns":6.0},{"damage":68.0,"enemies":"Slavers","floor":28.0,"turns":7.0},{"damage":54.0,"enemies":"Champ","floor":33.0,"turns":10.0},{"damage":14.0,"enemies":"Orb Walker","floor":35.0,"turns":5.0},{"damage":25.0,"enemies":"3 Darklings","floor":36.0,"turns":4.0},{"damage":9.0,"enemies":"conspire:MimicChest","floor":38.0,"turns":9.0},{"damage":11,"enemies":"Writhing Mass","floor":39,"turns":5},{"damage":0,"enemies":"Maw","floor":44,"turns":7},{"damage":11,"enemies":"Sphere and 2 Shapes","floor":45,"turns":8},{"damage":3,"enemies":"3 Darklings","floor":48,"turns":6},{"damage":48,"enemies":"Time Eater","floor":50,"turns":10}],"seed_played":"5911459196705454344","potions_obtained":[{"floor":4.0,"key":"SneckoOil"},{"floor":14.0,"key":"sneckomod:MuddlingPotion"},{"floor":16.0,"key":"ColorlessPotion"},{"floor":19.0,"key":"PowerPotion"},{"floor":27.0,"key":"FairyPotion"},{"floor":36.0,"key":"Fire Potion"},{"floor":39,"key":"LiquidMemories"}],"is_trial":false,"path_per_floor":["M","$","?","M","?","E","?","M","T","$","M","R","$","M","R","B",null,"M","M","$","$","?","R","M","T","T","M","E","AVR","?","?","R","B",null,"M","M","?","?","M","R","?","R","T","M","M","?","?","M","R","B",null],"character_chosen":"DEFECT","items_purchased":["Self Repair","War Paint","Apotheosis"],"campfire_rested":2,"item_purchase_floors":[10,13,20],"current_hp_per_floor":[75,75,75,75,64,64,64,61,61,61,68,68,68,75,75,41,75,56,63,63,63,63,63,60,60,60,54,17,17,17,17,39,50,75,61,43,43,41,42,42,47,47,47,54,50,50,50,54,75,37],"gold":321,"neow_bonus":"THREE_ENEMY_KILL","is_daily":false,"chose_seed":false,"campfire_upgraded":5,"win_rate":0.0,"timestamp":1612234847,"path_taken":["M","$","?","M","?","E","?","M","T","$","M","R","?","M","R","BOSS","M","M","?","$","?","R","M","?","T","M","E","AVR","?","?","R","BOSS","M","M","?","?","M","R","?","R","T","M","M","?","?","M","R","BOSS"],"items_purchased_type":["Card","Relic","Card"],"build_version":"2020-12-22","purchased_purges":3,"victory":true,"max_hp_per_floor":[75,75,75,75,75,75,75,75,75,75,75,75,75,75,75,75,75,75,75,75,75,75,75,75,75,75,75,75,75,75,75,75,75,75,75,75,75,75,75,75,75,75,75,75,75,75,75,75,75,75],"card_choices":[{"not_picked":["Compile Driver","RefreshScreen"],"picked":"hubris:Ukulele","floor":1.0},{"not_picked":["Gash","Steam","Coolheaded"],"picked":"SKIP","floor":4.0},{"not_picked":["conspire:Rain","StuffTheSpire:Rend"],"picked":"Glacier","floor":6.0},{"not_picked":["Doom and Gloom","StuffTheSpire:LoadUp"],"picked":"Ball Lightning","floor":8.0},{"not_picked":["Chill","Defragment"],"picked":"Creative AI","floor":11.0},{"not_picked":["Stack","Barrage","Recycle"],"picked":"SKIP","floor":14.0},{"not_picked":["StuffTheSpire:Purify","Rainbow"],"picked":"hubris:SpecializedCircuitry","floor":16.0},{"not_picked":["Stack","Barrage","Beam Cell"],"picked":"SKIP","floor":18.0},{"not_picked":["Sweeping Beam","Rebound"],"picked":"Reinforced Body","floor":19.0},{"not_picked":["Doom and Gloom+1","Steam","StuffTheSpire:Coldhearted"],"picked":"SKIP","floor":24.0},{"not_picked":["conspire:SharedLibrary","Go for the Eyes","Turbo"],"picked":"SKIP","floor":27.0},{"not_picked":["Sweeping Beam","Ball Lightning"],"picked":"StuffTheSpire:Coldhearted","floor":28.0},{"not_picked":["Beam Cell","StuffTheSpire:Plugnplay","Fusion"],"picked":"SKIP","floor":35.0},{"not_picked":["Reinforced Body","Scrape+1"],"picked":"Leap","floor":36.0},{"not_picked":["Gash+1","Redo"],"picked":"Loop","floor":39},{"not_picked":["Auto Shields","Reinforced Body+1","Capacitor+1"],"picked":"SKIP","floor":44},{"not_picked":["StuffTheSpire:LoadUp+1","Barrage","Sunder"],"picked":"SKIP","floor":45},{"not_picked":["Leap","Chill+1"],"picked":"Defragment+1","floor":48}],"player_experience":973465,"relics_obtained":[{"floor":6.0,"key":"Runesmith:AutoHammer"},{"floor":9.0,"key":"reliquary:Boomerang"},{"floor":25.0,"key":"hubris:ToyBattleship"},{"floor":26.0,"key":"Juzu Bracelet"},{"floor":28.0,"key":"potionbrewer:MortarAndPestle"},{"floor":38.0,"key":"Pen Nib"}],"event_choices":[{"damage_healed":0.0,"max_hp_gain":0.0,"max_hp_loss":0.0,"gold_gain":0.0,"cards_transformed":["Strike_B"],"event_name":"Living Wall","player_choice":"Change","floor":3.0,"gold_loss":0.0,"damage_taken":0.0,"cards_obtained":["Go for the Eyes"]},{"damage_healed":0.0,"max_hp_gain":0.0,"max_hp_loss":0.0,"gold_gain":75.0,"event_name":"betterThird:BetterGoop","player_choice":"Gold","floor":5.0,"gold_loss":0.0,"damage_taken":11.0},{"cards_removed":["Apotheosis"],"damage_healed":0.0,"max_hp_gain":0.0,"max_hp_loss":0.0,"gold_gain":0.0,"event_name":"betterNote:BetterNote","player_choice":"Give","floor":22.0,"gold_loss":0.0,"damage_taken":0.0,"cards_obtained":["Gash"]},{"damage_healed":0.0,"max_hp_gain":0.0,"max_hp_loss":0.0,"gold_gain":0.0,"event_name":"N\u0027loth","player_choice":"Traded Relic","floor":31.0,"relics_lost":["NeowsBlessing"],"gold_loss":0.0,"damage_taken":0.0,"relics_obtained":["Nloth\u0027s Gift"]},{"damage_healed":0.0,"max_hp_gain":0.0,"max_hp_loss":0.0,"gold_gain":0.0,"event_name":"Mysterious Sphere","player_choice":"Ignored","floor":37.0,"gold_loss":0.0,"damage_taken":0.0},{"cards_removed":["Go for the Eyes"],"damage_healed":5,"gold_gain":0,"player_choice":"Offered Common","damage_taken":0,"max_hp_gain":0,"max_hp_loss":0,"event_name":"Bonfire Elementals","floor":41,"gold_loss":0},{"cards_removed":["Go for the Eyes"],"damage_healed":5,"gold_gain":0,"player_choice":"Offered Special","damage_taken":0,"max_hp_gain":0,"max_hp_loss":0,"event_name":"Bonfire Elementals","floor":41,"gold_loss":0},{"cards_removed":["Defend_B"],"damage_healed":0,"gold_gain":0,"player_choice":"Removed Skill","damage_taken":0,"max_hp_gain":0,"max_hp_loss":0,"event_name":"Falling","floor":46,"gold_loss":0}],"is_beta":false,"boss_relics":[{"not_picked":["aspiration:RunicSpoon","energizedSpire:EnergizedDie"],"picked":"FrozenCore"},{"not_picked":["AncientExoskeleton","energizedSpire:NeverEndingSparkler"],"picked":"theSleuth:MegatonKey"}],"items_purged_floors":[2,20,29],"is_endless":false,"potions_floor_spawned":[4,14,16,19,27,36,38,39,45],"ascension_level":1}}