{"host":"ibag","time":1612301822,"event":{"mods":["BaseMod","Colored Powertips","Minty Spire (QoL Compilation)","Quick Restart","StSLib","The Hierophant"],"gold_per_floor":[114,132,132,143,18,30,30,60,60,23,13,13],"floor_reached":11,"language":"EPO","playtime":532,"items_purged":[],"score":73,"play_id":"0ba91766-45ee-40b4-a917-2724ac744f65","local_time":"20210202223702","is_ascension_mode":false,"campfire_choices":[],"circlet_count":0,"master_deck":["hierophant:Strike_Hierophant","hierophant:Strike_Hierophant","hierophant:Strike_Hierophant","hierophant:Strike_Hierophant","hierophant:Punish","hierophant:Defend_Hierophant","hierophant:Defend_Hierophant","hierophant:Defend_Hierophant","hierophant:Defend_Hierophant","hierophant:ChurchCoffers","hierophant:FieryStrike","hierophant:RepressedViolence","hierophant:SealAway","hierophant:FlamingChariot","hierophant:ArchangelShield","hierophant:DisplayOfPower","hierophant:Endure"],"relics":["hierophant:PropheticMaskRelic","NeowsBlessing","Regal Pillow","Question Card","Bag of Marbles"],"acts_visited":["Exordium"],"potions_floor_usage":[],"damage_taken":[{"damage":0,"enemies":"Cultist","floor":1,"turns":1},{"damage":0,"enemies":"Jaw Worm","floor":2,"turns":1},{"damage":0,"enemies":"2 Louse","floor":4,"turns":2},{"damage":14,"enemies":"Blue Slaver","floor":6,"turns":4},{"damage":28,"enemies":"Gremlin Nob","floor":8,"turns":4},{"damage":34,"enemies":"Lagavulin","floor":11,"turns":8}],"seed_played":"787873583923433434","potions_obtained":[{"floor":1,"key":"EssenceOfSteel"}],"is_trial":false,"path_per_floor":["M","M","?","M","$","M","$","E","T","$","E"],"character_chosen":"HIEROPHANT","items_purchased":["hierophant:FlamingChariot","hierophant:ArchangelShield","hierophant:Endure"],"campfire_rested":0,"item_purchase_floors":[5,5,10],"current_hp_per_floor":[75,75,75,75,75,61,61,33,33,33,0,0],"gold":13,"neow_bonus":"THREE_ENEMY_KILL","is_daily":false,"chose_seed":false,"campfire_upgraded":0,"win_rate":0.0,"timestamp":1612301822,"path_taken":["M","?","?","?","$","M","?","E","T","$","E"],"items_purchased_type":["Card","Card","Card"],"build_version":"2020-12-18","purchased_purges":0,"victory":false,"max_hp_per_floor":[75,75,75,75,75,75,75,75,75,75,75,75],"card_choices":[{"not_picked":["hierophant:Charity","hierophant:Exaltation"],"picked":"hierophant:FieryStrike","floor":1},{"not_picked":["hierophant:Shelter","hierophant:Sermon"],"picked":"hierophant:RepressedViolence","floor":2},{"not_picked":["hierophant:CoinFling","hierophant:RecallFunds"],"picked":"hierophant:SealAway","floor":4},{"not_picked":["hierophant:Encroach","hierophant:Determination","hierophant:FlamingChariot"],"picked":"SKIP","floor":6},{"not_picked":["hierophant:FaithHealing","hierophant:Encroach"],"picked":"hierophant:DisplayOfPower","floor":8}],"player_experience":871516,"relics_obtained":[{"floor":8,"key":"Question Card"},{"floor":9,"key":"Bag of Marbles"}],"event_choices":[{"damage_healed":0,"gold_gain":0,"player_choice":"Gave Potion","damage_taken":0,"relics_obtained":["Regal Pillow"],"max_hp_gain":0,"max_hp_loss":0,"event_name":"WeMeetAgain","floor":3,"gold_loss":0}],"is_beta":true,"boss_relics":[],"items_purged_floors":[],"is_endless":false,"potions_floor_spawned":[1],"killed_by":"Lagavulin","ascension_level":0}}