{"host":"7p9x7pjspzs3wva0","time":1612267957,"event":{"mods":["Aspiration","BaseMod","Better Skull","Better Third Choice","BetterRewards","Colored Map","Conspire","Dio Mod","Energized Spire","Infinite Spire","Minty Spire (QoL Compilation)","Replay The Spire","Small Relic Pack","StSLib"],"gold_per_floor":[111,3,3,3,3,3,14,24,24,24,36,36,36,36,36,109,109,127,203,203,203,220,246,246,264,291,302,314,330,330,344,344,421,421,436,453,472,472,472],"floor_reached":38,"language":"ENG","playtime":1954,"items_purged":["Looming Evil"],"score":776,"play_id":"03f13d20-509b-4bd1-8353-fe1366ea02f9","local_time":"20210202141237","is_ascension_mode":true,"campfire_choices":[{"floor":6.0,"key":"REST"},{"floor":10.0,"key":"REST"},{"data":"Bite","floor":12.0,"key":"SMITH"},{"data":"dioMod:BloodShield","floor":15.0,"key":"SMITH"},{"data":"dioMod:Pluck","floor":24.0,"key":"SMITH"},{"data":"relicPack:ZaWorld","floor":32.0,"key":"SMITH"}],"circlet_count":0,"master_deck":["AscendersBane","dioMod:Strike","dioMod:Strike","dioMod:Strike","dioMod:Strike","Bite+1","dioMod:Defend","dioMod:Defend","dioMod:Defend","dioMod:Defend","dioMod:BloodTransfusion","dioMod:BloodShield+1","dioMod:StreetSign","Regret","dioMod:BloodSplash","dioMod:GoodbyeJojo","dioMod:Freeze","dioMod:CutDeep","dioMod:VengefulMuda","dioMod:Refresh","relicPack:ZaWorld+1","dioMod:Pluck+1","dioMod:DoubleTime","dioMod:BlendIn","dioMod:CautiousMuda","Bite+1","AbeCurse","dioMod:Muda+1","dioMod:Hiss","dioMod:Muda"],"relics":["dioMod:VampireBlood","aspiration:Nostalgia","Ring of the Snake","Blood Vial","relicPack:DSword","Ornamental Fan","relicPack:StarArrow","Singing Bowl","relicPack:OneForAll","Coffee Dripper","Pet Ghost","Pet Ghost","Potion Belt","Abe\u0027s Treasure"],"acts_visited":["Exordium","TheCity","TheBeyond"],"potions_floor_usage":[37,38],"damage_taken":[{"damage":23.0,"enemies":"Jaw Worm","floor":1.0,"turns":7.0},{"damage":17.0,"enemies":"2 Louse","floor":7.0,"turns":4.0},{"damage":7.0,"enemies":"conspire:RoseBush","floor":8.0,"turns":4.0},{"damage":9.0,"enemies":"Red Slaver","floor":11.0,"turns":3.0},{"damage":31.0,"enemies":"Hexaghost","floor":16.0,"turns":9.0},{"damage":62.0,"enemies":"Chosen","floor":18.0,"turns":8.0},{"damage":36.0,"enemies":"Shell Parasite","floor":22.0,"turns":6.0},{"damage":37.0,"enemies":"Replay:Snechameleon","floor":23.0,"turns":7.0},{"damage":44.0,"enemies":"Centurion and Healer","floor":25.0,"turns":6.0},{"damage":13.0,"enemies":"Cultist and Chosen","floor":27.0,"turns":7.0},{"damage":27.0,"enemies":"Snecko","floor":28.0,"turns":5.0},{"damage":29.0,"enemies":"Chosen and Byrds","floor":29.0,"turns":8.0},{"damage":14.0,"enemies":"Cultist and Chosen","floor":31.0,"turns":7.0},{"damage":23.0,"enemies":"Champ","floor":33.0,"turns":12.0},{"damage":9.0,"enemies":"Orb Walker","floor":35.0,"turns":5.0},{"damage":67.0,"enemies":"3 Shapes","floor":36.0,"turns":5.0},{"damage":41,"enemies":"Spire Growth","floor":37,"turns":5},{"damage":8,"enemies":"Writhing Mass","floor":38,"turns":2}],"seed_played":"-5754719637335374087","potions_obtained":[{"floor":7.0,"key":"Languid Potion"},{"floor":11.0,"key":"Reflective Coating"},{"floor":16.0,"key":"Regen Potion"},{"floor":23.0,"key":"Fire Potion"},{"floor":27.0,"key":"Milkshake"},{"floor":28.0,"key":"SpeedPotion"},{"floor":33.0,"key":"Dexterity Potion"}],"is_trial":false,"path_per_floor":["M","$","?","?","$","R","M","M","T","R","M","R","?","$","R","B",null,"M","T","?","AVR","M","E","R","M","T","M","M","M","?","M","R","B",null,"M","M","M","M"],"character_chosen":"THE_DEFAULT","items_purchased":["dioMod:BloodShield","dioMod:StreetSign"],"campfire_rested":2,"item_purchase_floors":[2,2],"current_hp_per_floor":[51,51,51,16,16,37,40,52,52,70,65,65,65,65,65,48,65,21,21,21,21,21,58,58,43,43,53,49,41,41,59,59,58,75,77,35,5,0,0],"gold":472,"neow_bonus":"NOSTALGIA","is_daily":false,"chose_seed":false,"campfire_upgraded":4,"win_rate":0.0,"timestamp":1612267957,"path_taken":["M","$","?","?","?","R","M","M","T","R","?","R","?","$","R","BOSS","M","?","?","AVR","M","E","R","M","T","M","M","M","?","M","R","BOSS","M","?","M","M"],"items_purchased_type":["Card","Card"],"build_version":"2020-12-22","purchased_purges":1,"victory":false,"max_hp_per_floor":[70,70,70,70,70,70,70,70,70,70,70,70,70,70,70,70,70,70,70,70,70,70,70,70,72,72,74,76,76,76,78,78,80,80,80,80,80,80,80],"card_choices":[{"not_picked":["dioMod:HeavyLifting","dioMod:StreetSign"],"picked":"dioMod:BloodTransfusion","floor":1.0},{"not_picked":["dioMod:SlashThroughTime","dioMod:TripleThreat"],"picked":"dioMod:BloodSplash","floor":7.0},{"not_picked":["dioMod:HeavyLifting","dioMod:BlendIn"],"picked":"dioMod:GoodbyeJojo","floor":8.0},{"not_picked":["dioMod:Roundabout","dioMod:WRYYY"],"picked":"dioMod:Freeze","floor":11.0},{"not_picked":["dioMod:PhantomBlood","dioMod:RoadRoller"],"picked":"dioMod:Refresh","floor":16.0},{"not_picked":["dioMod:CautiousMuda","dioMod:Hiss"],"picked":"dioMod:Pluck","floor":18.0},{"not_picked":["dioMod:TripleThreat","dioMod:BloodShield"],"picked":"dioMod:DoubleTime","floor":22.0},{"not_picked":["dioMod:ComposedMuda","dioMod:Hiss"],"picked":"dioMod:BlendIn","floor":23.0},{"not_picked":["dioMod:GoodbyeJojo","dioMod:TripleThreat","dioMod:StreetSign"],"picked":"Singing Bowl","floor":25.0},{"not_picked":["dioMod:StreetSign","dioMod:BloodTransfusion","dioMod:Diversion+1"],"picked":"Singing Bowl","floor":27.0},{"not_picked":["dioMod:BlendIn","dioMod:UltimateSacrifice","dioMod:CoffinBath"],"picked":"Singing Bowl","floor":28.0},{"not_picked":["dioMod:DaggerToss","dioMod:HeavyLifting"],"picked":"dioMod:CautiousMuda","floor":29.0},{"not_picked":["dioMod:StreetSign","dioMod:SlashThroughTime","dioMod:Donut"],"picked":"Singing Bowl","floor":31.0},{"not_picked":["dioMod:Refresh","dioMod:Despair","dioMod:PhantomBlood"],"picked":"Singing Bowl","floor":33.0},{"not_picked":["dioMod:Pluck+1","dioMod:BloodShield"],"picked":"dioMod:Muda+1","floor":35.0},{"not_picked":["dioMod:CautiousMuda+1","dioMod:SecretPlan"],"picked":"dioMod:Hiss","floor":36.0},{"not_picked":["dioMod:Regeneration","dioMod:BloodSplash"],"picked":"dioMod:Muda","floor":37}],"player_experience":296891,"relics_obtained":[{"floor":9.0,"key":"Ornamental Fan"},{"floor":19.0,"key":"Singing Bowl"},{"floor":23.0,"key":"Pet Ghost"},{"floor":26.0,"key":"Potion Belt"}],"event_choices":[{"damage_healed":0.0,"max_hp_gain":0.0,"max_hp_loss":0.0,"gold_gain":0.0,"event_name":"Big Fish","player_choice":"Box","floor":3.0,"gold_loss":0.0,"damage_taken":0.0,"relics_obtained":["Blood Vial"],"cards_obtained":["Regret"]},{"damage_healed":0.0,"max_hp_gain":0.0,"max_hp_loss":0.0,"gold_gain":0.0,"event_name":"Match and Keep!","player_choice":"3 cards matched","floor":13.0,"gold_loss":0.0,"damage_taken":0.0,"cards_obtained":["Looming Evil","dioMod:CutDeep","dioMod:VengefulMuda"]},{"damage_healed":0.0,"max_hp_gain":0.0,"max_hp_loss":0.0,"gold_gain":0.0,"event_name":"Match and Keep!","player_choice":"3 cards matched","floor":13.0,"gold_loss":0.0,"damage_taken":0.0,"cards_obtained":["Looming Evil","dioMod:CutDeep","dioMod:VengefulMuda"]},{"damage_healed":0.0,"max_hp_gain":0.0,"max_hp_loss":0.0,"gold_gain":0.0,"event_name":"Duplicator","player_choice":"Copied","floor":30.0,"gold_loss":0.0,"damage_taken":0.0,"cards_obtained":["Bite"]}],"is_beta":false,"boss_relics":[{"not_picked":["Tiny House","Cursed Key"],"picked":"relicPack:StarArrow"},{"not_picked":["energizedSpire:EnergizedDie","energizedSpire:SpiderWeb"],"picked":"Abe\u0027s Treasure"}],"items_purged_floors":[21],"is_endless":false,"potions_floor_spawned":[7,11,16,23,27,28,33],"killed_by":"Writhing Mass","ascension_level":20}}