{"host":"facnppb4175fcpe2","time":1612253486,"event":{"mods":["AchievementEnabler","BaseMod","Colored Map","Colored Powertips","Highlight Path","Minty Spire (QoL Compilation)","Quick Restart","Rare Cards Sparkle","Relic Stats","StSLib","SuperFastMode"],"gold_per_floor":[119,119,119,119,130,162,162,193,193,219,232,252,269,282,282,382,382,397,397,64,64,64,94,107,141,141,168,199,211,231,264,264,369,369,379,390,187,187,31,62,74,115,174,221,251,291,303,327,339,351],"floor_reached":51,"language":"ZHS","playtime":1419,"items_purged":["Writhe"],"score":1166,"play_id":"cb40af95-9f12-4321-9588-0f468933f19f","local_time":"20210202161126","is_ascension_mode":true,"campfire_choices":[{"data":"Neutralize","floor":7.0,"key":"SMITH"},{"data":"Defend_G","floor":15.0,"key":"SMITH"},{"data":"A Thousand Cuts","floor":32.0,"key":"SMITH"},{"data":"Accuracy","floor":41.0,"key":"SMITH"},{"data":"Infinite Blades","floor":47.0,"key":"SMITH"},{"data":"After Image","floor":49.0,"key":"SMITH"}],"circlet_count":0,"master_deck":["Strike_G","Strike_G+1","Strike_G","Strike_G+1","Strike_G","Defend_G","Defend_G","Defend_G","Defend_G+1","Defend_G+1","Survivor","Dash","Blade Dance+1","Backflip+1","A Thousand Cuts+1","Infinite Blades+1","Blade Dance+1","Terror+1","Accuracy+1","CurseOfTheBell","After Image+1","Cloak And Dagger+1","Prepared+1","Cloak And Dagger+1","Prepared+1"],"relics":["WristBlade","Meat on the Bone","Kunai","Du-Vu Doll","Bag of Preparation","Toxic Egg 2","SlaversCollar","Toy Ornithopter","Vajra","Lantern","Blue Candle","Calipers","Shuriken","Juzu Bracelet","Red Mask","Centennial Puzzle","Calling Bell","Anchor","Molten Egg 2","Lizard Tail","TwistedFunnel","MawBank","MealTicket","Whetstone","TungstenRod","Tingsha"],"acts_visited":["Exordium","TheCity","TheBeyond"],"potions_floor_usage":[50,50,50],"damage_taken":[{"damage":4.0,"enemies":"Jaw Worm","floor":1.0,"turns":4.0},{"damage":2.0,"enemies":"2 Louse","floor":5.0,"turns":3.0},{"damage":31.0,"enemies":"3 Sentries","floor":6.0,"turns":13.0},{"damage":11.0,"enemies":"Lagavulin","floor":8.0,"turns":10.0},{"damage":19.0,"enemies":"Gremlin Nob","floor":10.0,"turns":5.0},{"damage":0.0,"enemies":"Small Slimes","floor":11.0,"turns":1.0},{"damage":0.0,"enemies":"Exordium Wildlife","floor":12.0,"turns":1.0},{"damage":0.0,"enemies":"3 Louse","floor":13.0,"turns":2.0},{"damage":7.0,"enemies":"Blue Slaver","floor":14.0,"turns":2.0},{"damage":7.0,"enemies":"Slime Boss","floor":16.0,"turns":8.0},{"damage":0.0,"enemies":"Shell Parasite","floor":18.0,"turns":5.0},{"damage":7.0,"enemies":"Gremlin Leader","floor":23.0,"turns":6.0},{"damage":0.0,"enemies":"Spheric Guardian","floor":24.0,"turns":1.0},{"damage":7.0,"enemies":"Book of Stabbing","floor":25.0,"turns":3.0},{"damage":3.0,"enemies":"Gremlin Leader","floor":27.0,"turns":5.0},{"damage":4.0,"enemies":"Masked Bandits","floor":28.0,"turns":3.0},{"damage":5.0,"enemies":"Centurion and Healer","floor":29.0,"turns":4.0},{"damage":9.0,"enemies":"Snake Plant","floor":30.0,"turns":2.0},{"damage":0.0,"enemies":"Slavers","floor":31.0,"turns":3.0},{"damage":5.0,"enemies":"Champ","floor":33.0,"turns":4.0},{"damage":0.0,"enemies":"3 Shapes","floor":35.0,"turns":2.0},{"damage":0.0,"enemies":"3 Darklings","floor":36.0,"turns":3.0},{"damage":0.0,"enemies":"Giant Head","floor":40.0,"turns":5.0},{"damage":14.0,"enemies":"Nemesis","floor":42.0,"turns":5.0},{"damage":16.0,"enemies":"Reptomancer","floor":44.0,"turns":3.0},{"damage":0.0,"enemies":"Transient","floor":45.0,"turns":5.0},{"damage":0.0,"enemies":"Giant Head","floor":46.0,"turns":4.0},{"damage":0.0,"enemies":"Sphere and 2 Shapes","floor":48.0,"turns":3.0},{"damage":18,"enemies":"Time Eater","floor":50,"turns":5}],"seed_played":"-2796627921818319499","potions_obtained":[{"floor":5.0,"key":"GamblersBrew"},{"floor":6.0,"key":"Dexterity Potion"},{"floor":10.0,"key":"FearPotion"},{"floor":16.0,"key":"DuplicationPotion"},{"floor":18.0,"key":"PowerPotion"},{"floor":42.0,"key":"Strength Potion"}],"is_trial":false,"path_per_floor":["M","?","?","$","M","E","R","E","T","E","M","M","M","M","R","B",null,"M","?","$","?","$","E","M","E","T","E","?","M","M","E","R","B",null,"M","M","$","?","$","E","R","E","T","E","M","E","R","M","R","B",null],"character_chosen":"THE_SILENT","items_purchased":["Vajra","Infinite Blades","Lantern","After Image","Cloak And Dagger+1","TwistedFunnel"],"campfire_rested":0,"item_purchase_floors":[20,20,20,37,37,39],"current_hp_per_floor":[66,33,33,33,43,24,24,25,25,18,30,42,42,47,47,40,70,70,70,70,70,70,63,63,56,56,53,49,44,47,47,47,42,70,70,70,70,70,70,70,70,56,56,40,40,40,40,40,40,37],"gold":363,"neow_bonus":"BOSS_RELIC","is_daily":false,"chose_seed":false,"campfire_upgraded":6,"win_rate":0.0,"timestamp":1612253486,"path_taken":["M","?","?","?","M","E","R","E","T","E","?","M","M","M","R","BOSS","M","?","$","?","?","E","M","E","T","E","?","M","M","E","R","BOSS","M","M","$","?","$","E","R","E","T","E","M","E","R","M","R","BOSS"],"items_purchased_type":["Relic","Card","Relic","Card","Card","Relic"],"build_version":"2020-12-22","purchased_purges":1,"victory":true,"max_hp_per_floor":[70,70,70,70,70,70,70,70,70,70,70,70,70,70,70,70,70,70,70,70,70,70,70,70,70,70,70,70,70,70,70,70,70,70,70,70,70,70,70,70,70,70,70,70,70,70,70,70,70,70],"relic_stats":{"counters":[29,120],"Blue Candle":[2],"Tingsha":[27],"Bag of Preparation":[50],"Juzu Bracelet":0,"Whetstone":["Strike_G","Strike_G"],"MawBank":132,"Centennial Puzzle":[12],"Lizard Tail":0,"Shuriken":[52],"MealTicket":0,"Kunai":[82],"obtain_stats":[{"TwistedFunnel":39,"Lantern":20,"Calipers":25,"Vajra":20,"Bag of Preparation":9,"Juzu Bracelet":27,"Whetstone":43,"Centennial Puzzle":31,"Lizard Tail":34,"WristBlade":0,"MealTicket":42,"Red Mask":28,"Kunai":6,"Toxic Egg 2":10,"Ring of the Snake":0,"Blue Candle":23,"Tingsha":46,"MawBank":40,"Du-Vu Doll":8,"Calling Bell":34,"SlaversCollar":17,"Anchor":34,"Shuriken":26,"Molten Egg 2":34,"Toy Ornithopter":19,"TungstenRod":44,"Meat on the Bone":2},{"TwistedFunnel":22,"Lantern":11,"Calipers":14,"Vajra":11,"Bag of Preparation":4,"Juzu Bracelet":15,"Whetstone":24,"Centennial Puzzle":19,"Lizard Tail":20,"WristBlade":0,"MealTicket":24,"Red Mask":16,"Kunai":3,"Toxic Egg 2":5,"Ring of the Snake":0,"Blue Candle":12,"Tingsha":27,"MawBank":23,"Du-Vu Doll":4,"Calling Bell":20,"SlaversCollar":10,"Anchor":20,"Shuriken":14,"Molten Egg 2":20,"Toy Ornithopter":11,"TungstenRod":25,"Meat on the Bone":1},{"TwistedFunnel":90,"Lantern":54,"Calipers":64,"Vajra":54,"Bag of Preparation":30,"Juzu Bracelet":69,"Whetstone":100,"Centennial Puzzle":81,"Lizard Tail":85,"WristBlade":0,"MealTicket":100,"Red Mask":72,"Kunai":20,"Toxic Egg 2":35,"Ring of the Snake":0,"Blue Candle":60,"Tingsha":112,"MawBank":95,"Du-Vu Doll":30,"Calling Bell":85,"SlaversCollar":49,"Anchor":85,"Shuriken":64,"Molten Egg 2":85,"Toy Ornithopter":54,"TungstenRod":103,"Meat on the Bone":4}],"Toy Ornithopter":15,"TungstenRod":3,"Meat on the Bone":96},"card_choices":[{"not_picked":["Outmaneuver","Caltrops","Crippling Poison"],"picked":"SKIP","floor":1.0},{"not_picked":["Sucker Punch","Expertise","Outmaneuver"],"picked":"SKIP","floor":5.0},{"not_picked":["Catalyst","Footwork"],"picked":"Dash","floor":6.0},{"not_picked":["Prepared","Dagger Spray","Bouncing Flask"],"picked":"SKIP","floor":8.0},{"not_picked":["Bane","Venomology+1"],"picked":"Blade Dance+1","floor":10.0},{"not_picked":["Flying Knee","Reflex+1","Underhanded Strike"],"picked":"SKIP","floor":11.0},{"not_picked":["Bouncing Flask+1","Underhanded Strike"],"picked":"Backflip+1","floor":12.0},{"not_picked":["Quick Slash","Sucker Punch","Noxious Fumes"],"picked":"SKIP","floor":13.0},{"not_picked":["Sucker Punch","Poisoned Stab","Prepared+1"],"picked":"SKIP","floor":14.0},{"not_picked":["Wraith Form v2","Grand Finale"],"picked":"A Thousand Cuts","floor":16.0},{"not_picked":["Outmaneuver+1","Deadly Poison+1","Reflex+1"],"picked":"SKIP","floor":18.0},{"not_picked":["Underhanded Strike","Quick Slash"],"picked":"Blade Dance+1","floor":23.0},{"not_picked":["Dodge and Roll+1","Dagger Throw+1"],"picked":"Terror+1","floor":24.0},{"not_picked":["Flying Knee","Blur+1","Predator"],"picked":"SKIP","floor":25.0},{"not_picked":["Dagger Spray","Flying Knee"],"picked":"Accuracy","floor":27.0},{"not_picked":["Backstab","Dash","Quick Slash+1"],"picked":"SKIP","floor":29.0},{"not_picked":["Flying Knee","Setup+1","Prepared+1"],"picked":"SKIP","floor":30.0},{"not_picked":["Poisoned Stab","Flechettes","Die Die Die"],"picked":"SKIP","floor":31.0},{"not_picked":["Poisoned Stab+1","Deflect+1","Dagger Spray+1"],"picked":"SKIP","floor":35.0},{"not_picked":["Underhanded Strike+1","Deadly Poison+1","Slice+1"],"picked":"SKIP","floor":36.0},{"not_picked":["Footwork","Tactician+1"],"picked":"Prepared+1","floor":40.0},{"not_picked":["Quick Slash+1","Storm of Steel+1"],"picked":"Cloak And Dagger+1","floor":42.0},{"not_picked":["Concentrate+1","Quick Slash+1","Poisoned Stab+1"],"picked":"SKIP","floor":44.0},{"not_picked":["Caltrops","Well Laid Plans","Predator+1"],"picked":"SKIP","floor":45.0},{"not_picked":["Bouncing Flask+1","Choke+1","Quick Slash+1"],"picked":"SKIP","floor":46.0},{"not_picked":["Well Laid Plans+1","Dash+1"],"picked":"Prepared+1","floor":48.0}],"player_experience":106474,"relics_obtained":[{"floor":6.0,"key":"Kunai"},{"floor":8.0,"key":"Du-Vu Doll"},{"floor":9.0,"key":"Bag of Preparation"},{"floor":10.0,"key":"Toxic Egg 2"},{"floor":23.0,"key":"Blue Candle"},{"floor":25.0,"key":"Calipers"},{"floor":26.0,"key":"Shuriken"},{"floor":27.0,"key":"Juzu Bracelet"},{"floor":28.0,"key":"Red Mask"},{"floor":31.0,"key":"Centennial Puzzle"},{"floor":34.0,"key":"Anchor"},{"floor":34.0,"key":"Molten Egg 2"},{"floor":34.0,"key":"Lizard Tail"},{"floor":40.0,"key":"MawBank"},{"floor":42.0,"key":"MealTicket"},{"floor":43.0,"key":"Whetstone"},{"floor":44.0,"key":"TungstenRod"},{"floor":46.0,"key":"Tingsha"}],"event_choices":[{"damage_healed":0.0,"max_hp_gain":0.0,"max_hp_loss":0.0,"gold_gain":0.0,"event_name":"Scrap Ooze","player_choice":"Success","floor":2.0,"gold_loss":0.0,"damage_taken":33.0,"relics_obtained":["Meat on the Bone"]},{"damage_healed":0.0,"max_hp_gain":0.0,"max_hp_loss":0.0,"gold_gain":0.0,"event_name":"Living Wall","player_choice":"Grow","floor":3.0,"gold_loss":0.0,"damage_taken":0.0,"cards_upgraded":["Defend_G"]},{"damage_healed":0.0,"max_hp_gain":0.0,"max_hp_loss":0.0,"gold_gain":0.0,"event_name":"The Mausoleum","player_choice":"Opened","floor":19.0,"gold_loss":0.0,"damage_taken":0.0,"relics_obtained":["Toy Ornithopter"],"cards_obtained":["Writhe"]},{"damage_healed":0.0,"max_hp_gain":0.0,"max_hp_loss":0.0,"gold_gain":0.0,"event_name":"Ghosts","player_choice":"Ignored","floor":21.0,"gold_loss":0.0,"damage_taken":0.0},{"damage_healed":0.0,"max_hp_gain":0.0,"max_hp_loss":0.0,"gold_gain":0.0,"event_name":"Masked Bandits","player_choice":"Fought Bandits","floor":28.0,"gold_loss":0.0,"damage_taken":0.0},{"cards_removed":["Neutralize"],"damage_healed":0.0,"max_hp_gain":0.0,"max_hp_loss":0.0,"gold_gain":0.0,"event_name":"Falling","player_choice":"Removed Attack","floor":38.0,"gold_loss":0.0,"damage_taken":0.0}],"is_beta":false,"boss_relics":[{"not_picked":["Philosopher\u0027s Stone","Ectoplasm"],"picked":"SlaversCollar"},{"not_picked":["Snecko Eye","Cursed Key"],"picked":"Calling Bell"}],"items_purged_floors":[37],"is_endless":false,"potions_floor_spawned":[5,6,10,16,18,27,28,29,36,42,48],"ascension_level":4}}