{"host":"sav7uxregyirlf69","time":1612253890,"event":{"mods":["AchievementEnabler","BaseMod","Colored Map","DeckTracker","Keyboard Shortcuts","Minty Spire (QoL Compilation)","READ ME - Guardian Mod","StSLib","SuperFastMode"],"gold_per_floor":[111,124,143,68,143,143,168,168,195,195,207,221,221,221,221,298,298,314,314,331,350,350,385,385,404,404,422,449,184,199,74,74,146,146,156,173,173,23,34,34,47,77,103,128,156,199,199,208,208,208,208,208,208,33,76,76],"floor_reached":57,"language":"KOR","playtime":1895,"items_purged":["Writhe","Strike_G","Strike_G","Strike_G","Strike_G+1"],"score":2864,"play_id":"eaa8a5e6-7eb7-4bbd-a8d0-f00805c3686f","local_time":"20210202171810","is_ascension_mode":true,"campfire_choices":[{"data":"Bouncing Flask","floor":6.0,"key":"SMITH"},{"data":"Neutralize","floor":8.0,"key":"SMITH"},{"data":"Backflip","floor":10.0,"key":"SMITH"},{"floor":15.0,"key":"REST"},{"floor":24.0,"key":"REST"},{"data":"Footwork","floor":32.0,"key":"SMITH"},{"floor":40.0,"key":"RECALL"},{"floor":47.0,"key":"REST"},{"floor":49.0,"key":"REST"},{"floor":53.0,"key":"REST"}],"circlet_count":0,"master_deck":["AscendersBane","Defend_G+1","Defend_G+1","Defend_G","Defend_G","Defend_G","Survivor","Neutralize+1","Bouncing Flask+1","Backflip+1","Dagger Throw","Grand Finale+1","Escape Plan+1","Footwork+1","Escape Plan","Adrenaline","Calculated Gamble","Calculated Gamble+1","Reflex","Acrobatics","Footwork+1","Backflip+1"],"relics":["Ring of the Snake","Torii","Strawberry","Orichalcum","Sundial","Runic Pyramid","StrikeDummy","Blood Vial","Oddly Smooth Stone","Fusion Hammer","Snake Skull","CeramicFish","Whetstone","Incense Burner","Bottled Tornado"],"acts_visited":["Exordium","TheCity","TheBeyond","TheEnding"],"potions_floor_usage":[56],"damage_taken":[{"damage":9.0,"enemies":"Cultist","floor":1.0,"turns":5.0},{"damage":1.0,"enemies":"Jaw Worm","floor":2.0,"turns":3.0},{"damage":0.0,"enemies":"Small Slimes","floor":3.0,"turns":3.0},{"damage":10.0,"enemies":"Lagavulin","floor":7.0,"turns":6.0},{"damage":2.0,"enemies":"Blue Slaver","floor":11.0,"turns":4.0},{"damage":2.0,"enemies":"Red Slaver","floor":12.0,"turns":4.0},{"damage":25.0,"enemies":"The Guardian","floor":16.0,"turns":9.0},{"damage":10.0,"enemies":"2 Thieves","floor":18.0,"turns":3.0},{"damage":0.0,"enemies":"Chosen","floor":20.0,"turns":3.0},{"damage":12.0,"enemies":"Shelled Parasite and Fungi","floor":21.0,"turns":4.0},{"damage":0.0,"enemies":"Slavers","floor":23.0,"turns":2.0},{"damage":2.0,"enemies":"Centurion and Healer","floor":25.0,"turns":4.0},{"damage":0.0,"enemies":"Snecko","floor":27.0,"turns":5.0},{"damage":1.0,"enemies":"Book of Stabbing","floor":28.0,"turns":6.0},{"damage":0.0,"enemies":"Shelled Parasite and Fungi","floor":30.0,"turns":5.0},{"damage":1.0,"enemies":"Collector","floor":33.0,"turns":6.0},{"damage":0.0,"enemies":"Orb Walker","floor":35.0,"turns":3.0},{"damage":0.0,"enemies":"3 Shapes","floor":36.0,"turns":6.0},{"damage":0.0,"enemies":"Transient","floor":39.0,"turns":6.0},{"damage":0.0,"enemies":"Writhing Mass","floor":41.0,"turns":5.0},{"damage":1.0,"enemies":"Giant Head","floor":42.0,"turns":7.0},{"damage":1.0,"enemies":"Reptomancer","floor":44.0,"turns":8.0},{"damage":0.0,"enemies":"Maw","floor":45.0,"turns":5.0},{"damage":26.0,"enemies":"Nemesis","floor":46.0,"turns":9.0},{"damage":1.0,"enemies":"Donu and Deca","floor":50.0,"turns":10.0},{"damage":6.0,"enemies":"Awakened One","floor":51.0,"turns":10.0},{"damage":0.0,"enemies":"Shield and Spear","floor":55.0,"turns":8.0},{"damage":10,"enemies":"The Heart","floor":56,"turns":10}],"seed_played":"-8413146112130562333","potions_obtained":[{"floor":2.0,"key":"GamblersBrew"},{"floor":3.0,"key":"SkillPotion"},{"floor":12.0,"key":"Energy Potion"},{"floor":18.0,"key":"Energy Potion"},{"floor":21.0,"key":"Ancient Potion"},{"floor":25.0,"key":"FearPotion"},{"floor":39.0,"key":"Block Potion"}],"is_trial":false,"path_per_floor":["M","M","M","$","?","R","E","R","T","R","M","M","T","?","R","B",null,"M","?","M","M","?","E","R","M","T","M","E","$","M","$","R","B",null,"M","M","?","$","M","R","M","E","T","E","M","E","R","?","R","B","B",null,"R","$","E","B",null],"character_chosen":"THE_SILENT","items_purchased":["Oddly Smooth Stone"],"campfire_rested":5,"item_purchase_floors":[29],"current_hp_per_floor":[50,49,49,49,38,38,35,35,35,35,33,31,31,9,30,5,56,46,46,46,34,34,34,55,53,53,53,52,52,54,54,54,55,69,71,73,73,73,73,73,73,72,72,72,73,47,68,68,73,72,67,72,73,73,73,63],"gold":76,"neow_bonus":"ONE_RARE_RELIC","is_daily":false,"chose_seed":false,"campfire_upgraded":4,"win_rate":0.0,"timestamp":1612253890,"path_taken":["M","M","?","$","?","R","E","R","T","R","M","M","?","?","R","BOSS","M","?","M","?","?","E","R","M","T","M","E","$","?","$","R","BOSS","M","M","?","$","M","R","M","E","T","E","?","E","R","?","R","BOSS","BOSS","R","$","E","BOSS"],"items_purchased_type":["Relic"],"build_version":"2020-12-22","purchased_purges":5,"victory":true,"max_hp_per_floor":[66,66,66,66,66,66,73,73,73,73,73,73,73,73,73,73,73,73,73,73,73,73,73,73,73,73,73,73,73,73,73,73,73,73,73,73,73,73,73,73,73,73,73,73,73,73,73,73,73,73,73,73,73,73,73,73],"card_choices":[{"not_picked":["All Out Attack","Dodge and Roll"],"picked":"Bouncing Flask","floor":1.0},{"not_picked":["Cloak And Dagger","Prepared"],"picked":"Backflip","floor":2.0},{"not_picked":["Choke","Bane"],"picked":"Dagger Throw","floor":3.0},{"not_picked":["Deflect","Outmaneuver","Deadly Poison"],"picked":"SKIP","floor":7.0},{"not_picked":["Bane","Slice","Deflect"],"picked":"SKIP","floor":11.0},{"not_picked":["Acrobatics","Prepared","Predator"],"picked":"SKIP","floor":12.0},{"not_picked":["Malaise","Die Die Die"],"picked":"Grand Finale","floor":16.0},{"not_picked":["Underhanded Strike","Dagger Throw","Cloak And Dagger"],"picked":"SKIP","floor":18.0},{"not_picked":["Concentrate","Dagger Spray"],"picked":"Escape Plan+1","floor":20.0},{"not_picked":["Quick Slash","Infinite Blades","Dagger Throw+1"],"picked":"SKIP","floor":21.0},{"not_picked":["Underhanded Strike","Storm of Steel","Flechettes"],"picked":"SKIP","floor":23.0},{"not_picked":["Terror+1","Dagger Throw"],"picked":"Footwork","floor":25.0},{"not_picked":["Sucker Punch","Deadly Poison","Poisoned Stab"],"picked":"SKIP","floor":27.0},{"not_picked":["Footwork","Envenom","Blade Dance"],"picked":"SKIP","floor":28.0},{"not_picked":["Endless Agony","Infinite Blades"],"picked":"Escape Plan","floor":30.0},{"not_picked":["Unload","After Image"],"picked":"Adrenaline","floor":33.0},{"not_picked":["Catalyst+1","Finisher"],"picked":"Calculated Gamble","floor":35.0},{"not_picked":["Sucker Punch","Deflect","Leg Sweep"],"picked":"SKIP","floor":36.0},{"not_picked":["Flying Knee","Bane","Dagger Throw"],"picked":"SKIP","floor":39.0},{"not_picked":["Dodge and Roll","Dagger Spray"],"picked":"Calculated Gamble+1","floor":41.0},{"not_picked":["All Out Attack","Dagger Throw","Sucker Punch"],"picked":"SKIP","floor":42.0},{"not_picked":["Accuracy","Flying Knee+1","Noxious Fumes"],"picked":"SKIP","floor":44.0},{"not_picked":["Unload","Deflect+1"],"picked":"Reflex","floor":45.0},{"not_picked":["Bane","Riddle With Holes"],"picked":"Acrobatics","floor":46.0},{"not_picked":["Well Laid Plans","Dash+1"],"picked":"Backflip+1","floor":55.0}],"player_experience":1458855,"relics_obtained":[{"floor":7.0,"key":"Strawberry"},{"floor":9.0,"key":"Orichalcum"},{"floor":13.0,"key":"Sundial"},{"floor":23.0,"key":"StrikeDummy"},{"floor":28.0,"key":"Blood Vial"},{"floor":42.0,"key":"Snake Skull"},{"floor":43.0,"key":"CeramicFish"},{"floor":44.0,"key":"Whetstone"},{"floor":46.0,"key":"Incense Burner"},{"floor":55.0,"key":"Bottled Tornado"}],"event_choices":[{"damage_healed":0.0,"max_hp_gain":0.0,"max_hp_loss":0.0,"gold_gain":75.0,"event_name":"World of Goop","player_choice":"Gather Gold","floor":5.0,"gold_loss":0.0,"damage_taken":11.0},{"damage_healed":0.0,"max_hp_gain":0.0,"max_hp_loss":0.0,"gold_gain":0.0,"event_name":"Shining Light","player_choice":"Entered Light","floor":14.0,"gold_loss":0.0,"damage_taken":22.0,"cards_upgraded":["Defend_G","Defend_G"]},{"cards_removed":["Strike_G"],"damage_healed":0.0,"max_hp_gain":0.0,"max_hp_loss":0.0,"gold_gain":0.0,"event_name":"Purifier","player_choice":"Purged","floor":19.0,"gold_loss":0.0,"damage_taken":0.0},{"damage_healed":0.0,"max_hp_gain":0.0,"max_hp_loss":0.0,"gold_gain":0.0,"event_name":"Lab","player_choice":"Got Potions","floor":22.0,"gold_loss":0.0,"damage_taken":0.0},{"damage_healed":0.0,"max_hp_gain":0.0,"max_hp_loss":0.0,"gold_gain":0.0,"event_name":"Match and Keep!","player_choice":"0 cards matched","floor":37.0,"gold_loss":0.0,"damage_taken":0.0,"cards_obtained":[]},{"damage_healed":0.0,"max_hp_gain":0.0,"max_hp_loss":0.0,"gold_gain":0.0,"event_name":"Duplicator","player_choice":"Copied","floor":48.0,"gold_loss":0.0,"damage_taken":0.0,"cards_obtained":["Footwork"]}],"is_beta":false,"boss_relics":[{"not_picked":["SacredBark","Empty Cage"],"picked":"Runic Pyramid"},{"not_picked":["Astrolabe","Black Star"],"picked":"Fusion Hammer"}],"items_purged_floors":[4,29,31,38,54],"is_endless":false,"potions_floor_spawned":[2,3,12,18,21,25,27,33,35,39,44],"ascension_level":20}}