{"host":"qm1va34thld9e1ze","time":1612265536,"event":{"mods":["BaseMod","BetterRewards","Colored Powertips","Downfall","Hubris","Infinite Spire","Minty Spire (QoL Compilation)","Quick Restart","Replay The Spire","StSLib","everything is the same but u backflip on backflip"],"gold_per_floor":[212,212,212,228,228,228,243,243,268,291,311,311,311,325,22,47,47,177,177,172,190,190,206,227,227,227,227,227,227,227,248,279,279,279,403,403,428,491,506,191,206,206,281,281,307,321,334,334,355,378,378,378,378],"floor_reached":52,"language":"ENG","playtime":9811,"items_purged":["Injury","ReplayTheSpireMod:Splinters"],"score":523,"play_id":"62f17230-5d79-4f6e-b567-bb4e1cb72eb8","local_time":"20210202123216","is_ascension_mode":false,"campfire_choices":[{"data":"Neutralize","floor":6.0,"key":"SMITH"},{"data":"Deflect","floor":8.0,"key":"SMITH"},{"floor":17.0,"key":"REST"},{"floor":25.0,"key":"REST"},{"data":"Accuracy","floor":27.0,"key":"SMITH"},{"data":"Flying Knee","floor":29.0,"key":"SMITH"},{"floor":34.0,"key":"REST"},{"floor":42,"key":"REST"},{"floor":44,"key":"REST"},{"floor":51,"key":"REST"}],"circlet_count":0,"master_deck":["Strike_G","Strike_G","Strike_G","Strike_G","Strike_G","Defend_G","Defend_G","Defend_G","Defend_G","Defend_G","Survivor","Neutralize+1","Deflect+1","Cloak And Dagger","Deadly Poison","Flying Knee+1","Predator","Bane","Blade Dance","hubris:SlightOfHand+1","Cloak And Dagger","PiercingWail","Accuracy+1","Sucker Punch","Cloak And Dagger","downfall:Bewildered","Die Die Die","Footwork","Flying Knee","PiercingWail+1","Dash","Venomology","Riddle With Holes+1","Backflip+1","Deadly Poison","Slice+1","Quick Slash","Dagger Spray+1"],"relics":["Ring of the Snake","Golden Idol","hubris:Spice","Bronze Scales","hubris:GlazedTorus","Snake Skull","Centennial Puzzle","Red Mask","sneckomod:BabySnecko","infinitespire:Joker Card","infinitespire:BottledMercury","hubris:MysteriousPyramids","Juzu Bracelet","HandDrill"],"acts_visited":["Exordium","TheCity","TheBeyond"],"potions_floor_usage":[46,46,49,50,52,52,52],"damage_taken":[{"damage":2.0,"enemies":"Jaw Worm","floor":1.0,"turns":4.0},{"damage":0.0,"enemies":"2 Louse","floor":4.0,"turns":2.0},{"damage":0.0,"enemies":"Cultist","floor":7.0,"turns":4.0},{"damage":7.0,"enemies":"Looter","floor":10.0,"turns":4.0},{"damage":0.0,"enemies":"Lots of Slimes","floor":11.0,"turns":4.0},{"damage":5.0,"enemies":"3 Louse","floor":14.0,"turns":2.0},{"damage":0.0,"enemies":"Blue Slaver","floor":16.0,"turns":2.0},{"damage":26.0,"enemies":"The Guardian","floor":18.0,"turns":12.0},{"damage":13.0,"enemies":"2 Thieves","floor":20.0,"turns":4.0},{"damage":2.0,"enemies":"Chosen","floor":21.0,"turns":4.0},{"damage":22.0,"enemies":"Snake Plant","floor":23.0,"turns":5.0},{"damage":12.0,"enemies":"Chosen and Byrds","floor":24.0,"turns":6.0},{"damage":15.0,"enemies":"Cultist and Chosen","floor":31.0,"turns":6.0},{"damage":15.0,"enemies":"Masked Bandits","floor":32.0,"turns":4.0},{"damage":33.0,"enemies":"Collector","floor":35.0,"turns":9.0},{"damage":5.0,"enemies":"3 Darklings","floor":37.0,"turns":4.0},{"damage":12.0,"enemies":"Mind Bloom Boss Battle","floor":38.0,"turns":5.0},{"damage":19.0,"enemies":"3 Shapes","floor":39.0,"turns":3.0},{"damage":1.0,"enemies":"3 Darklings","floor":41.0,"turns":4.0},{"damage":19,"enemies":"Spire Growth","floor":46,"turns":4},{"damage":10,"enemies":"Maw","floor":47,"turns":8},{"damage":0,"enemies":"Jaw Worm Horde","floor":49,"turns":3},{"damage":50,"enemies":"4 Shapes","floor":50,"turns":4},{"damage":36,"enemies":"hubris:GrandSnecko","floor":52,"turns":5}],"seed_played":"-360019192243259606","potions_obtained":[{"floor":1.0,"key":"Toxic Potion"},{"floor":7.0,"key":"Ancient Potion"},{"floor":18.0,"key":"FearPotion"},{"floor":20.0,"key":"Venom Potion"},{"floor":35.0,"key":"DistilledChaos"},{"floor":41,"key":"AttackPotion"},{"floor":46,"key":"SkillPotion"},{"floor":47,"key":"CultistPotion"},{"floor":50,"key":"BlessingOfTheForge"}],"is_trial":false,"path_per_floor":["M","?","T","M","?","R","M","R","T","M","M","PTL","PTL","M","$","M","R","B",null,"M","M","?","M","M","R","AVR","R","T","R","$","M","?","?","R","B",null,"M","?","M","$","M","R","?","R","T","M","M","AVR","M","M","R","B"],"character_chosen":"THE_SILENT","items_purchased":["hubris:GlazedTorus","infinitespire:BottledMercury","Dash"],"campfire_rested":6,"item_purchase_floors":[15,40,40],"current_hp_per_floor":[68,68,76,76,76,76,76,76,76,69,69,69,69,64,64,64,78,52,86,73,71,96,74,62,90,90,90,90,90,90,75,60,60,88,55,88,83,71,52,52,51,77,77,88,88,69,59,59,59,9,35,0,0],"gold":378,"neow_bonus":"HUNDRED_GOLD","is_daily":false,"chose_seed":false,"campfire_upgraded":4,"win_rate":0.0,"timestamp":1612265536,"path_taken":["M","?","?","M","?","R","M","R","T","M","M","PTL","PTL","M","$","M","R","BOSS","M","?","?","M","?","R","AVR","R","T","R","$","M","?","?","R","BOSS","M","?","M","$","M","R","?","R","T","M","M","AVR","M","M","R","BOSS"],"items_purchased_type":["Relic","Relic","Card"],"build_version":"2020-12-22","purchased_purges":2,"victory":false,"max_hp_per_floor":[70,70,78,78,78,78,78,78,78,78,78,78,78,78,78,78,78,78,86,86,86,96,96,96,96,96,96,96,96,96,96,96,96,96,96,88,88,88,88,88,88,88,88,88,88,88,88,88,88,88,88,88,88],"card_choices":[{"not_picked":["Expertise","Bane"],"picked":"Deflect","floor":1.0},{"not_picked":["Prepared","hubris:SlightOfHand"],"picked":"Cloak And Dagger","floor":4.0},{"not_picked":["Dagger Throw","Underhanded Strike"],"picked":"Deadly Poison","floor":7.0},{"not_picked":["Underhanded Strike","ReplayTheSpireMod:Scrap Shanks"],"picked":"Flying Knee","floor":10.0},{"not_picked":["PiercingWail","Endless Agony"],"picked":"Predator","floor":11.0},{"not_picked":["hubris:TrickCloak","hubris:SlightOfHand"],"picked":"Bane","floor":14.0},{"not_picked":["Reflex","Burst"],"picked":"Blade Dance","floor":16.0},{"not_picked":["Wraith Form v2","ReplayTheSpireMod:Necrosis"],"picked":"Tools of the Trade","floor":18.0},{"not_picked":["Bane+1","Deadly Poison"],"picked":"hubris:SlightOfHand+1","floor":20.0},{"not_picked":["hubris:SpiceAddiction","Leg Sweep"],"picked":"Cloak And Dagger","floor":21.0},{"not_picked":["Acrobatics","Deadly Poison+1"],"picked":"PiercingWail","floor":23.0},{"not_picked":["Wraith Form v2","Dodge and Roll"],"picked":"Accuracy","floor":24.0},{"not_picked":["Poisoned Stab","Dodge and Roll"],"picked":"Sucker Punch","floor":31.0},{"not_picked":["Deadly Poison","Hidden Blade"],"picked":"Cloak And Dagger","floor":32.0},{"not_picked":["ReplayTheSpireMod:Necrosis","Glass Knife"],"picked":"Die Die Die","floor":35.0},{"not_picked":["hubris:SlightOfHand+1","Hidden Blade+1"],"picked":"Footwork","floor":37.0},{"not_picked":["Deflect","ReplayTheSpireMod:Shiv Toss"],"picked":"Flying Knee","floor":38.0},{"not_picked":["Bane+1","Quick Slash"],"picked":"PiercingWail+1","floor":39.0},{"not_picked":["hubris:SlightOfHand+1","Bane"],"picked":"Venomology","floor":41},{"not_picked":["hubris:SlightOfHand","Sucker Punch"],"picked":"Riddle With Holes+1","floor":43},{"not_picked":["Riddle With Holes+1","hubris:SlightOfHand+1"],"picked":"Backflip+1","floor":43},{"not_picked":["Prepared+1","Dodge and Roll"],"picked":"Deadly Poison","floor":46},{"not_picked":["Outmaneuver","Choke+1"],"picked":"Slice+1","floor":47},{"not_picked":["hubris:SpiceAddiction","Dodge and Roll"],"picked":"Quick Slash","floor":49},{"not_picked":["Deadly Poison","Blade Dance"],"picked":"Dagger Spray+1","floor":50}],"player_experience":239513,"relics_obtained":[{"floor":3.0,"key":"hubris:Spice"},{"floor":9.0,"key":"Bronze Scales"},{"floor":28.0,"key":"Centennial Puzzle"},{"floor":32.0,"key":"Red Mask"},{"floor":38.0,"key":"infinitespire:Joker Card"},{"floor":43,"key":"hubris:MysteriousPyramids"},{"floor":45,"key":"Juzu Bracelet"}],"event_choices":[{"damage_healed":0.0,"max_hp_gain":0.0,"max_hp_loss":0.0,"gold_gain":0.0,"event_name":"Golden Idol","player_choice":"Take Wound","floor":2.0,"gold_loss":0.0,"damage_taken":0.0,"relics_obtained":["Golden Idol"],"cards_obtained":["Injury"]},{"damage_healed":0.0,"max_hp_gain":0.0,"max_hp_loss":0.0,"gold_gain":0.0,"event_name":"NoteForYourself","player_choice":"Ignored","floor":5.0,"gold_loss":0.0,"damage_taken":0.0},{"cards_removed":["Tools of the Trade"],"damage_healed":15.0,"max_hp_gain":10.0,"max_hp_loss":0.0,"gold_gain":0.0,"event_name":"Bonfire Elementals","player_choice":"Offered Rare","floor":22.0,"gold_loss":0.0,"damage_taken":0.0},{"damage_healed":0.0,"max_hp_gain":0.0,"max_hp_loss":0.0,"gold_gain":0.0,"event_name":"Masked Bandits","player_choice":"Fought Bandits","floor":32.0,"gold_loss":0.0,"damage_taken":0.0},{"damage_healed":0.0,"max_hp_gain":0.0,"max_hp_loss":0.0,"gold_gain":0.0,"event_name":"MindBloom","player_choice":"Fight","floor":38.0,"gold_loss":0.0,"damage_taken":0.0}],"is_beta":false,"boss_relics":[{"not_picked":["Ring of the Serpent","Empty Cage"],"picked":"hubris:Spice"},{"not_picked":["Snecko Eye","hubris:Spice"],"picked":"hubris:Spice"}],"items_purged_floors":[26,48],"is_endless":false,"potions_floor_spawned":[1,7,18,20,35,41,46,47,50],"killed_by":"hubris:GrandSnecko","ascension_level":0}}