{"host":"cbu6enf2xtq4r7r3","time":1612253625,"event":{"mods":["2.2 Compatiblity","AlwaysNeverKeys","BaseMod","Better Match","Better Note","Better Sensory Stone","Better Skull","Better Third Choice","Colored Map","Colored Powertips","Defuse TimeMaze Blight","Emptier Cage","Minty Spire (QoL Compilation)","Permanent Neow","Quick Restart","Random Character Button","Relic Sorter","Reorder Act Four","Shop Mod","StSLib"],"gold_per_floor":[367,381,306,319,7,7,24,24,24,52,66,66,84,117,117,220,220,234,234,234,159,14,14,14],"floor_reached":23,"language":"ENG","playtime":870,"items_purged":["Strike_G"],"score":235,"play_id":"50e30ad5-379f-40af-b649-af3ead2f41df","local_time":"20210202091345","is_ascension_mode":true,"campfire_choices":[{"data":"Apotheosis","floor":6,"key":"SMITH"},{"data":"Glass Knife","floor":8,"key":"SMITH"},{"data":"Neutralize","floor":12,"key":"SMITH"},{"data":"Crippling Poison","floor":15,"key":"SMITH"}],"circlet_count":0,"master_deck":["Strike_G","Strike_G","Strike_G","Defend_G","Defend_G","Defend_G","Defend_G","Defend_G","Survivor","Neutralize+1","Dagger Throw","Finesse+1","Glass Knife+1","Apotheosis+1","Dagger Throw","Dodge and Roll","Dodge and Roll","Dagger Spray","Escape Plan","Dagger Spray","Crippling Poison+1","After Image","Quick Slash","Genetic Algorithm+1","Blur+1"],"relics":["Ring of the Snake","Prayer Wheel","Ice Cream","Ancient Tea Set","Runic Pyramid","Oddly Smooth Stone"],"acts_visited":["Exordium","TheCity"],"potions_floor_usage":[7,10,14],"damage_taken":[{"damage":0,"enemies":"2 Louse","floor":1,"turns":4},{"damage":0,"enemies":"Cultist","floor":2,"turns":3},{"damage":0,"enemies":"Jaw Worm","floor":4,"turns":3},{"damage":0,"enemies":"Exordium Thugs","floor":7,"turns":5},{"damage":10,"enemies":"3 Sentries","floor":10,"turns":6},{"damage":0,"enemies":"Looter","floor":11,"turns":3},{"damage":0,"enemies":"Large Slime","floor":13,"turns":4},{"damage":0,"enemies":"Gremlin Nob","floor":14,"turns":3},{"damage":1,"enemies":"The Guardian","floor":16,"turns":12},{"damage":7,"enemies":"Spheric Guardian","floor":18,"turns":6},{"damage":9,"enemies":"Gremlin Leader","floor":23,"turns":5}],"seed_played":"-5912139944770738508","potions_obtained":[{"floor":1,"key":"Fire Potion"},{"floor":7,"key":"ColorlessPotion"},{"floor":10,"key":"GamblersBrew"},{"floor":13,"key":"FairyPotion"}],"is_trial":false,"path_per_floor":["M","M","?","M","$","R","M","R","T","E","M","R","M","E","R","B",null,"M","?","?","?","$","E"],"character_chosen":"THE_SILENT","items_purchased":["Apotheosis","Dagger Throw","Dodge and Roll","Oddly Smooth Stone"],"campfire_rested":0,"item_purchase_floors":[5,5,5,22],"current_hp_per_floor":[63,63,63,63,63,63,63,63,63,53,53,53,53,53,53,52,63,56,56,56,56,56,47,47],"gold":14,"neow_bonus":"TWO_FIFTY_GOLD","is_daily":false,"chose_seed":false,"campfire_upgraded":4,"win_rate":0.0,"timestamp":1612253625,"path_taken":["M","M","?","M","$","R","M","R","T","E","M","R","M","E","R","BOSS","M","?","?","?","$","E"],"items_purchased_type":["Card","Card","Card","Relic"],"build_version":"2020-12-22","purchased_purges":1,"victory":false,"max_hp_per_floor":[63,63,63,63,63,63,63,63,63,63,63,63,63,63,63,63,63,63,63,63,63,63,63,63],"card_choices":[{"not_picked":["Flechettes","Blur","Prepared"],"picked":"SKIP","floor":1},{"not_picked":["Flechettes","Blur","Prepared"],"picked":"SKIP","floor":1},{"not_picked":["Prepared","Leg Sweep"],"picked":"Dagger Throw","floor":2},{"not_picked":["Trip+1","Purity+1"],"picked":"Finesse+1","floor":3},{"not_picked":["Poisoned Stab","Outmaneuver"],"picked":"Glass Knife","floor":4},{"not_picked":["Sucker Punch","Acrobatics"],"picked":"Dodge and Roll","floor":7},{"not_picked":["Cloak And Dagger","Choke"],"picked":"Dagger Spray","floor":10},{"not_picked":["Flechettes","Deadly Poison"],"picked":"Escape Plan","floor":11},{"not_picked":["Distraction","Underhanded Strike","Masterful Stab"],"picked":"SKIP","floor":11},{"not_picked":["Bane","Distraction"],"picked":"Dagger Spray","floor":13},{"not_picked":["Escape Plan","Acrobatics","Riddle With Holes"],"picked":"SKIP","floor":13},{"not_picked":["All Out Attack","Reflex"],"picked":"Crippling Poison","floor":14},{"not_picked":["Tools of the Trade","Unload"],"picked":"After Image","floor":16},{"not_picked":["Bane","Dodge and Roll"],"picked":"Quick Slash","floor":18},{"not_picked":["Dagger Throw+1","Blade Dance","Cloak And Dagger"],"picked":"SKIP","floor":18},{"not_picked":["Reflex+1","Backstab+1"],"picked":"Blur+1","floor":21}],"player_experience":127971,"relics_obtained":[{"floor":9,"key":"Prayer Wheel"},{"floor":10,"key":"Ice Cream"},{"floor":14,"key":"Ancient Tea Set"}],"event_choices":[{"damage_healed":0,"gold_gain":0,"player_choice":"2","damage_taken":0,"max_hp_gain":0,"max_hp_loss":0,"event_name":"betterMatch:BetterMatch","floor":3,"gold_loss":0,"cards_obtained":["betterMatch:ColorlessUncommonCard"]},{"cards_removed":["Apotheosis"],"damage_healed":0,"gold_gain":0,"player_choice":"Take \u0026 Give","damage_taken":0,"max_hp_gain":0,"max_hp_loss":0,"event_name":"betterNote:BetterNote","floor":19,"gold_loss":0,"cards_obtained":["Genetic Algorithm"]},{"cards_removed":["Strike_G"],"damage_healed":0,"gold_gain":0,"player_choice":"Elegance","damage_taken":0,"max_hp_gain":0,"max_hp_loss":0,"event_name":"betterThird:BetterWriting","floor":20,"gold_loss":0},{"damage_healed":0,"gold_gain":0,"player_choice":"2","damage_taken":0,"max_hp_gain":0,"max_hp_loss":0,"event_name":"betterMatch:BetterMatch","floor":21,"gold_loss":0,"cards_obtained":["betterMatch:UncommonCard"]}],"is_beta":false,"boss_relics":[{"not_picked":["Ectoplasm","WristBlade"],"picked":"Runic Pyramid"}],"items_purged_floors":[5],"is_endless":false,"potions_floor_spawned":[1,7,10,13],"killed_by":"Gremlin Leader","ascension_level":1}}