{"host":"p8bnstsjdxjza4jm","time":1612287939,"event":{"mods":["BaseMod","Colored Powertips","Marisa£¨Ùöéë¡¡Øª×âÞÞ£©","Minty Spire (QoL Compilation)","Quick Restart","StSLib"],"gold_per_floor":[110,110,127,145,66,79,104,104,152,163,173,183,40,10,10,114,164,175,75,87,5,20,20,20,20,20,20,20,20,32,58,58,159,159,174,174,49,49,68,68,85,85,85],"floor_reached":42,"language":"KOR","playtime":2121,"items_purged":["Strike_R","Strike_R","Iron Wave"],"score":398,"play_id":"f31c1861-ed9e-47f5-a009-be3338d78e25","local_time":"20210203024539","is_ascension_mode":false,"campfire_choices":[{"data":"Fire Breathing","floor":8,"key":"SMITH"},{"floor":15,"key":"REST"},{"floor":23,"key":"REST"},{"data":"Evolve","floor":25,"key":"SMITH"},{"floor":28,"key":"REST"},{"floor":32,"key":"REST"},{"floor":40,"key":"REST"}],"circlet_count":0,"master_deck":["Defend_R","Defend_R","Defend_R","Defend_R","Bash","Second Wind+1","Cleave","Fire Breathing+1","Wild Strike","Wild Strike","Feel No Pain","Reckless Charge","Evolve+1","Fire Breathing","Dark Embrace+1","Warcry","Double Tap"],"relics":["Burning Blood","Paper Frog","Omamori","Tiny House","Frozen Egg 2","Blood Vial","Velvet Choker"],"acts_visited":["Exordium","TheCity","TheBeyond"],"potions_floor_usage":[7,11,16,16,16,18,20,33,41],"damage_taken":[{"damage":0,"enemies":"Small Slimes","floor":1,"turns":3},{"damage":6,"enemies":"Cultist","floor":3,"turns":3},{"damage":11,"enemies":"Jaw Worm","floor":4,"turns":3},{"damage":9,"enemies":"Blue Slaver","floor":6,"turns":4},{"damage":22,"enemies":"3 Sentries","floor":7,"turns":5},{"damage":22,"enemies":"Exordium Wildlife","floor":10,"turns":4},{"damage":1,"enemies":"3 Louse","floor":11,"turns":3},{"damage":4,"enemies":"Red Slaver","floor":12,"turns":3},{"damage":10,"enemies":"Looter","floor":14,"turns":4},{"damage":40,"enemies":"Hexaghost","floor":16,"turns":7},{"damage":3,"enemies":"Chosen","floor":18,"turns":5},{"damage":41,"enemies":"2 Thieves","floor":20,"turns":4},{"damage":37,"enemies":"Snake Plant","floor":22,"turns":4},{"damage":26,"enemies":"Shelled Parasite and Fungi","floor":30,"turns":6},{"damage":55,"enemies":"Collector","floor":33,"turns":6},{"damage":36,"enemies":"3 Darklings","floor":35,"turns":4},{"damage":28,"enemies":"Orb Walker","floor":39,"turns":4},{"damage":13,"enemies":"Spire Growth","floor":41,"turns":4},{"damage":58,"enemies":"Orin","floor":42,"turns":4}],"seed_played":"3819944459643541021","potions_obtained":[{"floor":1,"key":"Strength Potion"},{"floor":4,"key":"SteroidPotion"},{"floor":10,"key":"Energy Potion"},{"floor":11,"key":"LiquidBronze"},{"floor":12,"key":"Block Potion"},{"floor":17,"key":"LiquidMemories"},{"floor":18,"key":"SkillPotion"},{"floor":20,"key":"SteroidPotion"},{"floor":39,"key":"Ancient Potion"}],"is_trial":false,"path_per_floor":["M","?","M","M","$","M","E","R","T","M","M","M","$","M","R","B",null,"M","$","M","$","M","R","$","R","T","?","R","$","M","T","R","B",null,"M","?","$","?","M","R","M","?"],"character_chosen":"IRONCLAD","items_purchased":["Fire Breathing","Feel No Pain","Fire Breathing"],"campfire_rested":5,"item_purchase_floors":[5,13,21],"current_hp_per_floor":[80,80,80,75,75,72,56,56,56,40,45,47,47,43,67,33,85,85,85,50,50,19,44,44,44,44,44,69,69,49,49,74,27,85,55,55,55,55,35,60,55,0,0],"gold":85,"neow_bonus":"REMOVE_CARD","is_daily":false,"chose_seed":false,"campfire_upgraded":2,"win_rate":0.0,"timestamp":1612287939,"path_taken":["M","?","M","?","$","M","E","R","T","?","M","M","$","M","R","BOSS","M","$","M","$","M","R","?","R","T","?","R","?","M","?","R","BOSS","M","?","$","?","M","R","?","?"],"items_purchased_type":["Card","Card","Card"],"build_version":"2020-12-22","purchased_purges":3,"victory":false,"max_hp_per_floor":[80,80,80,80,80,80,80,80,80,80,80,80,80,80,80,80,85,85,85,85,85,85,85,85,85,85,85,85,85,85,85,85,85,85,85,85,85,85,85,85,85,85,85],"card_choices":[{"not_picked":["Rupture","Twin Strike"],"picked":"Second Wind","floor":1},{"not_picked":["Burning Pact","Perfected Strike"],"picked":"Cleave","floor":3},{"not_picked":["Inflame","Armaments","Havoc"],"picked":"SKIP","floor":4},{"not_picked":["Immolate","Carnage"],"picked":"Wild Strike","floor":6},{"not_picked":["Pommel Strike","Warcry"],"picked":"Wild Strike","floor":7},{"not_picked":["Blood for Blood","Rupture","True Grit"],"picked":"SKIP","floor":10},{"not_picked":["True Grit","Sword Boomerang","Body Slam"],"picked":"SKIP","floor":11},{"not_picked":["Inflame","Heavy Blade","Pommel Strike"],"picked":"SKIP","floor":12},{"not_picked":["Cleave","Carnage"],"picked":"Reckless Charge","floor":14},{"not_picked":["Iron Wave","Fire Breathing"],"picked":"Evolve","floor":18},{"not_picked":["Perfected Strike+1","Clash+1","Disarm"],"picked":"SKIP","floor":20},{"not_picked":["Thunderclap","Wild Strike"],"picked":"Dark Embrace","floor":22},{"not_picked":["Shrug It Off","Flex","Rupture+1"],"picked":"SKIP","floor":30},{"not_picked":["Demon Form+1","Berserk+1"],"picked":"Double Tap","floor":33},{"not_picked":["Headbutt","Shrug It Off","Warcry+1"],"picked":"SKIP","floor":35},{"not_picked":["True Grit","Armaments+1","Sword Boomerang"],"picked":"SKIP","floor":39},{"not_picked":["Iron Wave","Thunderclap+1","Body Slam+1"],"picked":"SKIP","floor":41}],"player_experience":74259,"relics_obtained":[{"floor":7,"key":"Paper Frog"},{"floor":9,"key":"Omamori"},{"floor":26,"key":"Frozen Egg 2"},{"floor":31,"key":"Blood Vial"}],"event_choices":[{"damage_healed":0,"gold_gain":0,"player_choice":"Forge","damage_taken":0,"max_hp_gain":0,"max_hp_loss":0,"event_name":"Accursed Blacksmith","floor":2,"gold_loss":0,"cards_upgraded":["Second Wind"]},{"damage_healed":0,"gold_gain":0,"cards_transformed":["Strike_R","Strike_R"],"player_choice":"Became Test Subject","damage_taken":0,"max_hp_gain":0,"max_hp_loss":0,"event_name":"Drug Dealer","floor":27,"gold_loss":0,"cards_obtained":["Iron Wave","Warcry"]},{"damage_healed":0,"gold_gain":0,"player_choice":"Memory 1","damage_taken":0,"max_hp_gain":0,"max_hp_loss":0,"event_name":"SensoryStone","floor":36,"gold_loss":0},{"damage_healed":0,"gold_gain":0,"player_choice":"Upgraded","damage_taken":0,"max_hp_gain":0,"max_hp_loss":0,"event_name":"Upgrade Shrine","floor":38,"gold_loss":0,"cards_upgraded":["Dark Embrace"]},{"damage_healed":0,"gold_gain":0,"player_choice":"Fight","damage_taken":0,"max_hp_gain":0,"max_hp_loss":0,"event_name":"OrinTheCat","floor":42,"gold_loss":0}],"is_beta":false,"boss_relics":[{"not_picked":["Runic Pyramid","Cursed Key"],"picked":"Tiny House"},{"not_picked":["SlaversCollar","Fusion Hammer"],"picked":"Velvet Choker"}],"items_purged_floors":[13,19,37],"is_endless":false,"potions_floor_spawned":[1,4,10,11,12,18,20,39],"killed_by":"Orin","ascension_level":0}}