{"host":"ow66nzv2xecjoor3","time":1612243651,"event":{"mods":["BaseMod","Bestiary","Block Reminder","Colored Powertips","Curses Come First","Highlight Path","Keyboard Shortcuts","Minty Spire (QoL Compilation)","Permanent Neow","Relic Stats","StSLib","UnlockEverythingMod"],"gold_per_floor":[13,13,29,47,63,63,74,74,74,37,64,84,110,126,126,203,203,213,229,22,35,47,47,73,88,115,35,46,46,79,89,89,160,160,171,53,67,78,88,118,137,137,137],"floor_reached":42,"language":"ENG","playtime":2755,"items_purged":["Strike_B","Strike_B"],"score":1101,"play_id":"38e62694-2346-48fd-ac11-6e826c8d8f60","local_time":"20210201232731","is_ascension_mode":true,"campfire_choices":[{"data":"Beam Cell","floor":6.0,"key":"SMITH"},{"data":"Gash","floor":8.0,"key":"SMITH"},{"data":"Sunder","floor":15.0,"key":"SMITH"},{"data":"Auto Shields","floor":23.0,"key":"SMITH"},{"floor":32,"key":"REST"}],"circlet_count":0,"master_deck":["AscendersBane","Strike_B","Strike_B","Defend_B","Defend_B","Defend_B","Defend_B","Zap","Dualcast","All For One","Gash+1","Glacier","Go for the Eyes+1","Beam Cell+1","Turbo","Sunder+1","Undo","Double Energy","Seek","Melter+1","Auto Shields+1","Electrodynamics+1","Coolheaded","White Noise+1","FTL","Self Repair+1","Genetic Algorithm+1","Consume+1","Fission+1","Chill+1","Recycle+1","Stack+1","Barrage","Coolheaded+1","Coolheaded+1","Multi-Cast+1","Reinforced Body+1"],"relics":["Cracked Core","FaceOfCleric","Pocketwatch","Frozen Egg 2","Mango","Inserter","Membership Card","Dead Branch","Art of War","Toxic Egg 2","Runic Dome","Smiling Mask"],"acts_visited":["Exordium","TheCity","TheBeyond"],"potions_floor_usage":[38,39,42],"damage_taken":[{"damage":9.0,"enemies":"2 Louse","floor":1.0,"turns":2.0},{"damage":1.0,"enemies":"Cultist","floor":3.0,"turns":3.0},{"damage":0.0,"enemies":"Jaw Worm","floor":4.0,"turns":3.0},{"damage":13.0,"enemies":"Blue Slaver","floor":5.0,"turns":4.0},{"damage":0.0,"enemies":"Large Slime","floor":7.0,"turns":4.0},{"damage":8.0,"enemies":"Gremlin Nob","floor":11.0,"turns":3.0},{"damage":0.0,"enemies":"2 Fungi Beasts","floor":12.0,"turns":3.0},{"damage":3.0,"enemies":"3 Sentries","floor":13.0,"turns":5.0},{"damage":1.0,"enemies":"Red Slaver","floor":14.0,"turns":4.0},{"damage":23.0,"enemies":"Hexaghost","floor":16.0,"turns":8.0},{"damage":2.0,"enemies":"Chosen","floor":18.0,"turns":5.0},{"damage":15.0,"enemies":"3 Byrds","floor":19.0,"turns":6.0},{"damage":8.0,"enemies":"Snecko","floor":21.0,"turns":3.0},{"damage":1.0,"enemies":"Centurion and Healer","floor":22.0,"turns":3.0},{"damage":23.0,"enemies":"Slavers","floor":24.0,"turns":6.0},{"damage":0.0,"enemies":"Sentry and Sphere","floor":25.0,"turns":3.0},{"damage":16,"enemies":"Shelled Parasite and Fungi","floor":28,"turns":6},{"damage":1,"enemies":"Book of Stabbing","floor":30,"turns":4},{"damage":0,"enemies":"Snecko","floor":31,"turns":4},{"damage":26,"enemies":"Automaton","floor":33,"turns":9},{"damage":6,"enemies":"3 Shapes","floor":35,"turns":4},{"damage":0,"enemies":"3 Darklings","floor":37,"turns":3},{"damage":10,"enemies":"Transient","floor":38,"turns":6},{"damage":18,"enemies":"Jaw Worm Horde","floor":39,"turns":4},{"damage":9,"enemies":"Reptomancer","floor":40,"turns":10},{"damage":75,"enemies":"Maw","floor":41,"turns":10},{"damage":60,"enemies":"Giant Head","floor":42,"turns":6}],"seed_played":"-5900398353401523065","potions_obtained":[{"floor":7.0,"key":"AttackPotion"},{"floor":11.0,"key":"Block Potion"},{"floor":12.0,"key":"CultistPotion"},{"floor":30,"key":"Weak Potion"},{"floor":38,"key":"Swift Potion"},{"floor":40,"key":"SmokeBomb"},{"floor":41,"key":"LiquidMemories"}],"is_trial":false,"path_per_floor":["M","?","M","M","M","R","M","R","T","$","E","M","E","M","R","B",null,"M","M","$","M","M","R","E","M","T","$","M","?","E","M","R","B",null,"M","$","M","M","M","E","M","E"],"character_chosen":"DEFECT","items_purchased":["Sunder","Membership Card","Electrodynamics+1","Self Repair+1","Recycle+1","Stack+1"],"campfire_rested":1,"item_purchase_floors":[10,20,20,27,36,36],"current_hp_per_floor":[55,55,55,56,44,44,45,45,45,45,38,39,51,51,51,29,78,77,63,63,56,56,56,34,35,35,35,30,30,30,41,71,56,92,87,87,98,99,92,104,40,0,0],"gold":137,"neow_bonus":"THREE_RARE_CARDS","is_daily":false,"chose_seed":false,"campfire_upgraded":4,"win_rate":0.0,"timestamp":1612243651,"path_taken":["M","?","M","M","M","R","M","R","T","$","E","?","E","M","R","BOSS","M","M","$","M","M","R","E","M","T","$","M","?","E","M","R","BOSS","M","$","M","M","M","E","M","E"],"items_purchased_type":["Card","Relic","Card","Card","Card","Card"],"build_version":"2020-12-22","purchased_purges":2,"victory":false,"max_hp_per_floor":[71,71,72,73,74,74,75,75,75,75,76,77,92,93,93,94,94,95,96,96,97,98,98,99,100,100,100,101,101,102,103,103,104,104,105,105,106,107,108,109,110,110,110],"relic_stats":{"Inserter":[46],"FaceOfCleric":25,"counters":[27,131],"Dead Branch":[109],"Art of War":[11],"Smiling Mask":0,"obtain_stats":[{"Runic Dome":34,"Inserter":17,"FaceOfCleric":2,"Dead Branch":24,"Mango":13,"Art of War":26,"Membership Card":20,"Frozen Egg 2":11,"Toxic Egg 2":30,"Cracked Core":0,"Smiling Mask":40,"Pocketwatch":9},{"Runic Dome":20,"Inserter":10,"FaceOfCleric":1,"Dead Branch":15,"Mango":8,"Art of War":16,"Membership Card":12,"Frozen Egg 2":6,"Toxic Egg 2":18,"Cracked Core":0,"Smiling Mask":25,"Pocketwatch":5},{"Runic Dome":88,"Inserter":39,"FaceOfCleric":2,"Dead Branch":62,"Mango":27,"Art of War":65,"Membership Card":50,"Frozen Egg 2":19,"Toxic Egg 2":75,"Cracked Core":0,"Smiling Mask":115,"Pocketwatch":16}],"Pocketwatch":[117]},"card_choices":[{"not_picked":["Reboot","Meteor Strike"],"picked":"All For One","floor":0.0},{"not_picked":["Barrage","Redo"],"picked":"Gash","floor":1.0},{"not_picked":["Go for the Eyes","Chill"],"picked":"Glacier","floor":3.0},{"not_picked":["Compile Driver","Cold Snap"],"picked":"Go for the Eyes","floor":4.0},{"not_picked":["Aggregate","Go for the Eyes"],"picked":"Beam Cell","floor":5.0},{"not_picked":["Redo","Steam"],"picked":"Turbo","floor":7.0},{"not_picked":["Ball Lightning","Go for the Eyes","Streamline"],"picked":"SKIP","floor":11.0},{"not_picked":["Machine Learning+1","Skim"],"picked":"Undo","floor":12.0},{"not_picked":["Streamline","Consume"],"picked":"Double Energy","floor":13.0},{"not_picked":["Consume","Cold Snap","Compile Driver"],"picked":"SKIP","floor":14.0},{"not_picked":["Thunder Strike","Machine Learning+1"],"picked":"Seek","floor":16.0},{"not_picked":["Chaos","Rebound"],"picked":"Melter+1","floor":18.0},{"not_picked":["Hologram","Rebound+1"],"picked":"Auto Shields","floor":19.0},{"not_picked":["Ball Lightning","Redo"],"picked":"Coolheaded","floor":21.0},{"not_picked":["Beam Cell","Ball Lightning"],"picked":"White Noise+1","floor":22.0},{"not_picked":["Chaos","Ball Lightning+1"],"picked":"FTL","floor":24.0},{"not_picked":["Blizzard","Conserve Battery","Barrage"],"picked":"SKIP","floor":25.0},{"not_picked":["Ball Lightning","Hyperbeam","Darkness"],"picked":"SKIP","floor":28},{"not_picked":["Melter","Blizzard"],"picked":"Genetic Algorithm+1","floor":30},{"not_picked":["Skim+1","Fusion+1"],"picked":"Consume+1","floor":31},{"not_picked":["Reboot+1","Multi-Cast+1"],"picked":"Fission+1","floor":33},{"not_picked":["Compile Driver","White Noise+1"],"picked":"Chill+1","floor":35},{"not_picked":["Ball Lightning","Barrage","Leap+1"],"picked":"SKIP","floor":37},{"not_picked":["Ball Lightning","Leap+1"],"picked":"Barrage","floor":37},{"not_picked":["Stack+1","Beam Cell+1"],"picked":"Coolheaded+1","floor":38},{"not_picked":["Lockon+1","Go for the Eyes"],"picked":"Coolheaded+1","floor":39},{"not_picked":["Scrape","Static Discharge+1"],"picked":"Multi-Cast+1","floor":40},{"not_picked":["Beam Cell","Blizzard"],"picked":"Reinforced Body+1","floor":41}],"player_experience":2818106,"relics_obtained":[{"floor":9.0,"key":"Pocketwatch"},{"floor":11.0,"key":"Frozen Egg 2"},{"floor":13.0,"key":"Mango"},{"floor":24.0,"key":"Dead Branch"},{"floor":26.0,"key":"Art of War"},{"floor":30,"key":"Toxic Egg 2"},{"floor":40,"key":"Smiling Mask"}],"event_choices":[{"damage_healed":0.0,"max_hp_gain":0.0,"max_hp_loss":0.0,"gold_gain":0.0,"event_name":"FaceTrader","player_choice":"Trade","floor":2.0,"gold_loss":0.0,"damage_taken":0.0,"relics_obtained":["FaceOfCleric"]},{"damage_healed":0,"gold_gain":0,"player_choice":"Upgraded","damage_taken":0,"max_hp_gain":0,"max_hp_loss":0,"event_name":"Upgrade Shrine","floor":29,"gold_loss":0,"cards_upgraded":["Go for the Eyes"]}],"is_beta":false,"boss_relics":[{"not_picked":["Empty Cage","Philosopher\u0027s Stone"],"picked":"Inserter"},{"not_picked":["SlaversCollar","Snecko Eye"],"picked":"Runic Dome"}],"items_purged_floors":[27,36],"is_endless":false,"potions_floor_spawned":[7,11,12,14,18,21,22,30,31,33,35,38,40,41],"killed_by":"Giant Head","ascension_level":20}}