{"host":"t75twhtg6c476ygg","time":1612299282,"event":{"mods":["AchievementEnabler","BaseMod","Colored Powertips","Minty Spire (QoL Compilation)","Quick Restart","Relic Stats","StSLib","SuperFastMode"],"gold_per_floor":[114,129,54,54,54,54,92,92,92,111,130,130,480,518,518,643,643,662,762,762,1062,1078,993,993,1031,1081,1100,1119,1119,744,744,744,869,869,888,888,907,1129,841,841,879,879,954,973,13,13,51,101,113,125],"floor_reached":51,"language":"ENG","playtime":1845,"items_purged":["Eruption","Zap","Meteor Strike"],"score":1105,"play_id":"d69467ce-c4f1-4805-9cde-0a08c0704e66","local_time":"20210202205442","daily_mods":["Chimera","Blue Cards","Binary"],"is_ascension_mode":false,"campfire_choices":[{"data":"Headbutt","floor":6,"key":"SMITH"},{"data":"Flame Barrier","floor":8,"key":"SMITH"},{"data":"Doom and Gloom","floor":15,"key":"SMITH"},{"data":"Sword Boomerang","floor":24,"key":"SMITH"},{"floor":29,"key":"REST"},{"data":"Bash","floor":32,"key":"SMITH"},{"floor":40,"key":"DIG"},{"floor":42,"key":"DIG"},{"floor":49,"key":"DIG"}],"circlet_count":0,"master_deck":["Bash+1","Survivor","Strike_B","Defend_G","Defend_P","Flame Barrier+1","Headbutt+1","Limit Break+1","Doom and Gloom+1","Demon Form+1","Sword Boomerang+1"],"relics":["Burning Blood","Golden Idol","Vajra","Kunai","Matryoshka","Pen Nib","Gambling Chip","PreservedInsect","Frozen Egg 2","Brimstone","Regal Pillow","Black Star","Juzu Bracelet","Old Coin","Red Mask","Red Skull","Calipers","Bag of Marbles","Akabeko","Membership Card","StoneCalendar","Strawberry","Calling Bell","Omamori","Pantograph","Shovel","Lee\u0027s Waffle","Bronze Scales","Toy Ornithopter","Mummified Hand","White Beast Statue","Gremlin Horn","Happy Flower","The Courier","WingedGreaves","Lizard Tail","Orichalcum","Anchor","InkBottle","Bottled Tornado","Potion Belt","Vajra","Peace Pipe","MealTicket","Ginger","Ornamental Fan","MawBank","Ancient Tea Set","Letter Opener","Dream Catcher","Art of War"],"acts_visited":["Exordium","TheCity","TheBeyond"],"potions_floor_usage":[50],"damage_taken":[{"damage":12,"enemies":"Cultist","floor":1,"turns":3},{"damage":10,"enemies":"Small Slimes","floor":2,"turns":4},{"damage":16,"enemies":"Lagavulin","floor":7,"turns":8},{"damage":1,"enemies":"2 Louse","floor":10,"turns":3},{"damage":7,"enemies":"Blue Slaver","floor":11,"turns":5},{"damage":10,"enemies":"3 Sentries","floor":14,"turns":3},{"damage":0,"enemies":"Slime Boss","floor":16,"turns":3},{"damage":0,"enemies":"Chosen","floor":18,"turns":4},{"damage":56,"enemies":"Masked Bandits","floor":22,"turns":4},{"damage":0,"enemies":"Gremlin Leader","floor":25,"turns":2},{"damage":12,"enemies":"Shell Parasite","floor":27,"turns":3},{"damage":0,"enemies":"Snake Plant","floor":28,"turns":1},{"damage":52,"enemies":"Automaton","floor":33,"turns":6},{"damage":12,"enemies":"Orb Walker","floor":35,"turns":2},{"damage":8,"enemies":"3 Shapes","floor":37,"turns":2},{"damage":0,"enemies":"Giant Head","floor":41,"turns":4},{"damage":11,"enemies":"Writhing Mass","floor":44,"turns":3},{"damage":0,"enemies":"Reptomancer","floor":47,"turns":2},{"damage":34,"enemies":"Nemesis","floor":48,"turns":3},{"damage":33,"enemies":"Donu and Deca","floor":50,"turns":4}],"seed_played":"-9070903199233054170","potions_obtained":[{"floor":1,"key":"GamblersBrew"},{"floor":2,"key":"SmokeBomb"},{"floor":7,"key":"GamblersBrew"},{"floor":22,"key":"SteroidPotion"},{"floor":28,"key":"EssenceOfSteel"},{"floor":44,"key":"FairyPotion"},{"floor":47,"key":"Weak Potion"},{"floor":48,"key":"Weak Potion"}],"is_trial":false,"path_per_floor":["M","M","$","?","?","R","E","R","T","M","M","T","$","E","R","B",null,"M","?","$","T","?","?","R","E","T","M","M","R","$","?","R","B",null,"M","?","M","?","$","R","E","R","T","M","$","?","E","E","R","B",null],"character_chosen":"IRONCLAD","items_purchased":["PreservedInsect","Frozen Egg 2","Brimstone","Membership Card","StoneCalendar","Strawberry","Lee\u0027s Waffle","Bronze Scales","Toy Ornithopter","Lizard Tail","Orichalcum","Anchor","InkBottle","Bottled Tornado","Potion Belt","Vajra","Peace Pipe","MealTicket","Ginger","Ornamental Fan"],"campfire_rested":1,"item_purchase_floors":[13,13,13,30,30,30,39,39,39,45,45,45,45,45,45,45,45,45,45,45],"current_hp_per_floor":[74,70,70,70,50,50,40,40,40,45,44,44,44,40,40,46,80,80,80,80,80,30,30,30,36,36,30,36,75,82,82,82,36,87,81,81,79,79,94,94,94,94,94,89,89,89,94,66,66,69],"gold":137,"neow_bonus":"","is_daily":true,"chose_seed":false,"campfire_upgraded":5,"win_rate":0.0,"timestamp":1612299282,"path_taken":["M","?","$","?","?","R","E","R","T","M","M","?","?","E","R","BOSS","M","?","?","?","?","?","R","E","T","M","M","R","$","?","R","BOSS","M","?","M","?","$","R","E","R","T","M","$","?","E","E","R","BOSS"],"items_purchased_type":["Relic","Relic","Relic","Relic","Relic","Relic","Relic","Relic","Relic","Relic","Relic","Relic","Relic","Relic","Relic","Relic","Relic","Relic","Relic","Relic"],"build_version":"2020-12-22","purchased_purges":3,"victory":true,"max_hp_per_floor":[80,80,80,80,80,80,80,80,80,80,80,80,80,80,80,80,80,80,80,80,80,80,80,80,80,80,80,80,80,87,87,87,87,87,87,87,87,87,94,94,94,94,94,94,94,94,94,94,94,94],"relic_stats":{"Regal Pillow":15,"Gremlin Horn":[3,3],"StoneCalendar":[0],"Juzu Bracelet":2,"Ginger":[0],"Burning Blood":107,"Lizard Tail":0,"Dream Catcher":0,"Shovel":3,"Mummified Hand":[3],"Gambling Chip":[31],"Pantograph":25,"MealTicket":0,"Kunai":[2],"InkBottle":[2],"Lee\u0027s Waffle":15,"Happy Flower":[4],"counters":[20,69],"Golden Idol":158,"Pen Nib":[5],"PreservedInsect":310,"Letter Opener":[0],"Orichalcum":[6],"MawBank":48,"Peace Pipe":0,"Ornamental Fan":[4],"Bronze Scales":[39],"Black Star":4,"Art of War":[1],"obtain_stats":[{"Calipers":25,"Gremlin Horn":41,"Vajra":7,"Ginger":45,"Bottled Tornado":45,"Old Coin":21,"Lizard Tail":45,"Strawberry":30,"MealTicket":45,"Kunai":7,"Happy Flower":42,"Pen Nib":12,"Letter Opener":48,"Akabeko":26,"Brimstone":13,"Bronze Scales":39,"Black Star":17,"Regal Pillow":14,"StoneCalendar":30,"Juzu Bracelet":21,"Ancient Tea Set":47,"Burning Blood":0,"Dream Catcher":48,"Matryoshka":9,"Shovel":34,"Mummified Hand":40,"Gambling Chip":12,"Pantograph":34,"WingedGreaves":43,"Red Mask":22,"Red Skull":23,"InkBottle":45,"Potion Belt":45,"Lee\u0027s Waffle":39,"Golden Idol":5,"PreservedInsect":13,"The Courier":43,"Omamori":34,"Frozen Egg 2":13,"Orichalcum":45,"MawBank":47,"White Beast Statue":41,"Calling Bell":34,"Peace Pipe":45,"Anchor":45,"Ornamental Fan":45,"Bag of Marbles":25,"Art of War":49,"Membership Card":30,"Toy Ornithopter":39},{"Calipers":10,"Gremlin Horn":16,"Vajra":3,"Ginger":17,"Bottled Tornado":17,"Old Coin":8,"Lizard Tail":17,"Strawberry":12,"MealTicket":17,"Kunai":3,"Happy Flower":16,"Pen Nib":5,"Letter Opener":19,"Akabeko":10,"Brimstone":5,"Bronze Scales":15,"Black Star":7,"Regal Pillow":6,"StoneCalendar":12,"Juzu Bracelet":8,"Ancient Tea Set":18,"Burning Blood":0,"Dream Catcher":19,"Matryoshka":3,"Shovel":13,"Mummified Hand":15,"Gambling Chip":5,"Pantograph":13,"WingedGreaves":16,"Red Mask":9,"Red Skull":9,"InkBottle":17,"Potion Belt":17,"Lee\u0027s Waffle":15,"Golden Idol":2,"PreservedInsect":5,"The Courier":16,"Omamori":13,"Frozen Egg 2":5,"Orichalcum":17,"MawBank":18,"White Beast Statue":16,"Calling Bell":13,"Peace Pipe":17,"Anchor":17,"Ornamental Fan":17,"Bag of Marbles":10,"Art of War":19,"Membership Card":12,"Toy Ornithopter":15},{"Calipers":39,"Gremlin Horn":57,"Vajra":8,"Ginger":60,"Bottled Tornado":60,"Old Coin":33,"Lizard Tail":60,"Strawberry":43,"MealTicket":60,"Kunai":15,"Happy Flower":57,"Pen Nib":23,"Letter Opener":65,"Akabeko":39,"Brimstone":23,"Bronze Scales":53,"Black Star":29,"Regal Pillow":26,"StoneCalendar":43,"Juzu Bracelet":33,"Ancient Tea Set":62,"Burning Blood":0,"Dream Catcher":65,"Matryoshka":15,"Shovel":49,"Mummified Hand":53,"Gambling Chip":23,"Pantograph":49,"WingedGreaves":57,"Red Mask":37,"Red Skull":37,"InkBottle":60,"Potion Belt":60,"Lee\u0027s Waffle":53,"Golden Idol":7,"PreservedInsect":23,"The Courier":57,"Omamori":49,"Frozen Egg 2":23,"Orichalcum":60,"MawBank":62,"White Beast Statue":57,"Calling Bell":49,"Peace Pipe":60,"Anchor":60,"Ornamental Fan":60,"Bag of Marbles":39,"Art of War":65,"Membership Card":43,"Toy Ornithopter":53}],"Toy Ornithopter":5},"card_choices":[{"not_picked":["Clothesline"],"picked":"Flame Barrier","floor":1},{"not_picked":["Go for the Eyes","Redo"],"picked":"SKIP","floor":2},{"not_picked":["Stack"],"picked":"Doom and Gloom","floor":7},{"not_picked":["Recycle","Sweeping Beam"],"picked":"SKIP","floor":10},{"not_picked":["True Grit","Rebound"],"picked":"SKIP","floor":11},{"not_picked":["Uppercut","Fire Breathing+1"],"picked":"SKIP","floor":14},{"not_picked":["Seek"],"picked":"Demon Form+1","floor":16},{"not_picked":["Clash","Havoc"],"picked":"SKIP","floor":18},{"not_picked":["Leap"],"picked":"Sword Boomerang","floor":22},{"not_picked":["Melter","Headbutt+1"],"picked":"SKIP","floor":25},{"not_picked":["Hemokinesis","Meteor Strike"],"picked":"SKIP","floor":27},{"not_picked":["Thunderclap","Wild Strike"],"picked":"SKIP","floor":28},{"not_picked":["Gash","Coolheaded+1"],"picked":"SKIP","floor":35},{"not_picked":["Bloodletting+1","Double Energy"],"picked":"SKIP","floor":37},{"not_picked":["Capacitor+1","Hologram"],"picked":"SKIP","floor":41},{"not_picked":["Doom and Gloom+1","Double Energy+1"],"picked":"SKIP","floor":44},{"not_picked":["Limit Break","Compile Driver"],"picked":"SKIP","floor":47},{"not_picked":["Cleave+1","Darkness"],"picked":"SKIP","floor":48}],"player_experience":285254,"relics_obtained":[{"floor":7,"key":"Kunai"},{"floor":9,"key":"Matryoshka"},{"floor":12,"key":"Pen Nib"},{"floor":12,"key":"Gambling Chip"},{"floor":14,"key":"Regal Pillow"},{"floor":21,"key":"Juzu Bracelet"},{"floor":21,"key":"Old Coin"},{"floor":22,"key":"Red Mask"},{"floor":25,"key":"Calipers"},{"floor":25,"key":"Bag of Marbles"},{"floor":26,"key":"Akabeko"},{"floor":34,"key":"Omamori"},{"floor":34,"key":"Pantograph"},{"floor":34,"key":"Shovel"},{"floor":40,"key":"Mummified Hand"},{"floor":41,"key":"White Beast Statue"},{"floor":41,"key":"Gremlin Horn"},{"floor":42,"key":"Happy Flower"},{"floor":43,"key":"The Courier"},{"floor":47,"key":"MawBank"},{"floor":47,"key":"Ancient Tea Set"},{"floor":48,"key":"Letter Opener"},{"floor":48,"key":"Dream Catcher"},{"floor":49,"key":"Art of War"}],"event_choices":[{"damage_healed":0,"gold_gain":0,"cards_transformed":["Strike_R"],"player_choice":"Change","damage_taken":0,"max_hp_gain":0,"max_hp_loss":0,"event_name":"Living Wall","floor":4,"gold_loss":0,"cards_obtained":["Headbutt"]},{"damage_healed":0,"gold_gain":0,"player_choice":"Take Damage","damage_taken":20,"relics_obtained":["Golden Idol"],"max_hp_gain":0,"max_hp_loss":0,"event_name":"Golden Idol","floor":5,"gold_loss":0},{"damage_healed":0,"gold_gain":100,"player_choice":"Pray","damage_taken":0,"max_hp_gain":0,"max_hp_loss":0,"event_name":"Golden Shrine","floor":19,"gold_loss":0},{"damage_healed":0,"gold_gain":0,"player_choice":"Fought Bandits","damage_taken":0,"max_hp_gain":0,"max_hp_loss":0,"event_name":"Masked Bandits","floor":22,"gold_loss":0},{"damage_healed":0,"gold_gain":0,"player_choice":"Obtained Relic","damage_taken":0,"relics_obtained":["Red Skull"],"max_hp_gain":0,"max_hp_loss":0,"event_name":"Addict","floor":23,"gold_loss":85},{"cards_removed":["Strike_G"],"damage_healed":0,"gold_gain":0,"player_choice":"Elegance","damage_taken":0,"max_hp_gain":0,"max_hp_loss":0,"event_name":"Back to Basics","floor":31,"gold_loss":0},{"damage_healed":0,"gold_gain":0,"cards_transformed":["Defend_R"],"player_choice":"Transformed","damage_taken":0,"max_hp_gain":0,"max_hp_loss":0,"event_name":"Transmorgrifier","floor":36,"gold_loss":0,"cards_obtained":["Meteor Strike"]},{"damage_healed":0,"gold_gain":222,"player_choice":"Wore Mask","damage_taken":0,"max_hp_gain":0,"max_hp_loss":0,"event_name":"Tomb of Lord Red Mask","floor":38,"gold_loss":0},{"damage_healed":0,"gold_gain":0,"player_choice":"Memory 1","damage_taken":0,"max_hp_gain":0,"max_hp_loss":0,"event_name":"SensoryStone","floor":46,"gold_loss":0}],"is_beta":false,"boss_relics":[{"not_picked":["Busted Crown","SlaversCollar"],"picked":"Black Star"},{"not_picked":["Philosopher\u0027s Stone","Cursed Key"],"picked":"Calling Bell"}],"items_purged_floors":[3,13,39],"is_endless":false,"potions_floor_spawned":[1,2,7,16,22,28,35,37,44,47,48],"ascension_level":0}}