{"host":"w3q5ijqu8eoknil3","time":1612241567,"event":{"mods":["AchievementEnabler","BaseMod","Block Reminder","Colored Map","Colored Powertips","Curses Come First","Dark Map","Minty Spire (QoL Compilation)","Quick Restart","Relic Stats","StSLib","ojb\u0027s Better Paths Mod","ojb\u0027s Info Mod","slay the spire mod where everything is the same but ironclad has a cowboy hat"],"gold_per_floor":[119,44,61,61,77,77,96,114,164,197,209,54,54,88,88,88,88],"floor_reached":16,"language":"ENG","playtime":454,"items_purged":[],"score":218,"play_id":"6ccb3487-658d-4195-8657-17f590b088aa","local_time":"20210202045247","is_ascension_mode":true,"campfire_choices":[{"data":"Poisoned Stab","floor":6.0,"key":"SMITH"},{"data":"Doppelganger","floor":13,"key":"SMITH"},{"data":"Blade Dance","floor":15,"key":"SMITH"}],"circlet_count":0,"master_deck":["AscendersBane","Strike_G","Strike_G","Strike_G","Strike_G","Defend_G","Defend_G","Defend_G","Defend_G","Defend_G","Survivor","Neutralize","Dagger Spray","Poisoned Stab+1","Calculated Gamble","Wraith Form v2","Blade Dance+1","Bullet Time","Dagger Spray","Doppelganger+1"],"relics":["Ring of the Snake","NeowsBlessing","Bronze Scales","Singing Bowl","Potion Belt"],"acts_visited":["Exordium"],"potions_floor_usage":[10,11],"damage_taken":[{"damage":0.0,"enemies":"Cultist","floor":1.0,"turns":1.0},{"damage":0.0,"enemies":"Small Slimes","floor":3.0,"turns":1.0},{"damage":0.0,"enemies":"Jaw Worm","floor":5.0,"turns":1.0},{"damage":6.0,"enemies":"Lots of Slimes","floor":7.0,"turns":3.0},{"damage":25.0,"enemies":"Exordium Wildlife","floor":8.0,"turns":7.0},{"damage":8,"enemies":"Gremlin Nob","floor":10,"turns":3},{"damage":4,"enemies":"Large Slime","floor":11,"turns":4},{"damage":23,"enemies":"3 Sentries","floor":14,"turns":7},{"damage":41,"enemies":"The Guardian","floor":16,"turns":9}],"seed_played":"5897301314227054720","potions_obtained":[{"floor":5.0,"key":"Regen Potion"},{"floor":8.0,"key":"Strength Potion"},{"floor":10,"key":"Fire Potion"},{"floor":11,"key":"FairyPotion"}],"is_trial":false,"path_per_floor":["M","?","M","?","M","R","M","M","T","E","M","$","R","E","R","B"],"character_chosen":"THE_SILENT","items_purchased":["Doppelganger"],"campfire_rested":0,"item_purchase_floors":[12],"current_hp_per_floor":[59,59,59,59,59,59,53,43,43,37,35,35,35,14,14,0,0],"gold":88,"neow_bonus":"THREE_ENEMY_KILL","is_daily":false,"chose_seed":false,"campfire_upgraded":3,"win_rate":0.0,"timestamp":1612241567,"path_taken":["M","?","M","?","?","R","M","M","T","E","M","$","R","E","R","BOSS"],"items_purchased_type":["Card"],"build_version":"2020-12-22","purchased_purges":0,"victory":false,"max_hp_per_floor":[66,66,66,66,66,66,66,66,66,68,70,70,70,72,72,72,72],"relic_stats":{"Singing Bowl":6,"counters":[9,36],"Bronze Scales":[51],"obtain_stats":[{"Potion Belt":14,"NeowsBlessing":0,"Singing Bowl":10,"Bronze Scales":9,"Ring of the Snake":0},{"Potion Belt":8,"NeowsBlessing":0,"Singing Bowl":6,"Bronze Scales":5,"Ring of the Snake":0},{"Potion Belt":27,"NeowsBlessing":0,"Singing Bowl":16,"Bronze Scales":13,"Ring of the Snake":0}],"Ring of the Snake":[18]},"card_choices":[{"not_picked":["Bane","Quick Slash"],"picked":"Dagger Spray","floor":1.0},{"not_picked":["Reflex","Acrobatics"],"picked":"Poisoned Stab","floor":3.0},{"not_picked":["Acrobatics","Cloak And Dagger"],"picked":"Blade Dance","floor":5.0},{"not_picked":["Backflip","Sucker Punch"],"picked":"Bullet Time","floor":7.0},{"not_picked":["Dodge and Roll","Slice"],"picked":"Dagger Spray","floor":8.0},{"not_picked":["Concentrate","Deflect","Cloak And Dagger"],"picked":"Singing Bowl","floor":10},{"not_picked":["Dagger Throw","Underhanded Strike","Endless Agony"],"picked":"Singing Bowl","floor":11},{"not_picked":["PiercingWail","Envenom","Blade Dance"],"picked":"Singing Bowl","floor":14}],"player_experience":1030929,"relics_obtained":[{"floor":9.0,"key":"Bronze Scales"},{"floor":10,"key":"Singing Bowl"},{"floor":14,"key":"Potion Belt"}],"event_choices":[{"cards_removed":["Strike_G"],"damage_healed":0.0,"max_hp_gain":0.0,"max_hp_loss":0.0,"gold_gain":0.0,"event_name":"The Cleric","player_choice":"Card Removal","floor":2.0,"gold_loss":75.0,"damage_taken":0.0},{"damage_healed":0.0,"max_hp_gain":0.0,"max_hp_loss":0.0,"gold_gain":0.0,"event_name":"Match and Keep!","player_choice":"2 cards matched","floor":4.0,"gold_loss":0.0,"damage_taken":0.0,"cards_obtained":["Calculated Gamble","Wraith Form v2"]}],"is_beta":false,"boss_relics":[],"items_purged_floors":[],"is_endless":false,"potions_floor_spawned":[5,8,10,11],"killed_by":"The Guardian","ascension_level":19}}