{"host":"bf5upntvbdompq33","time":1612283445,"event":{"mods":["BaseMod","Colored Map","Colored Powertips","Curses Come First","Minty Spire (QoL Compilation)","StSLib","The Hierophant","The Mystic"],"gold_per_floor":[117,117,17,36,53,53,82,82,107,107,119,119,119],"floor_reached":12,"language":"ENG","playtime":1598,"items_purged":["mysticmod:Strike_Mystic"],"score":78,"play_id":"1e55580f-e0a2-4dd8-b088-1f7640fb47a5","local_time":"20210202093045","is_ascension_mode":false,"campfire_choices":[{"data":"mysticmod:LightningBolt","floor":6,"key":"SMITH"},{"data":"mysticmod:CorrosiveTouch","floor":8,"key":"SMITH"}],"circlet_count":0,"master_deck":["mysticmod:Strike_Mystic","mysticmod:Strike_Mystic","mysticmod:Defend_Mystic","mysticmod:Defend_Mystic","mysticmod:Defend_Mystic","mysticmod:Defend_Mystic","mysticmod:ArcaneDodge","mysticmod:ShockingGrasp","mysticmod:LightningBolt+1","mysticmod:CorrosiveTouch+1","mysticmod:Flourish","mysticmod:ChargedParry","mysticmod:Grease","mysticmod:EarthenWall"],"relics":["mysticmod:SpellBook","Smiling Mask","Singing Bowl","Art of War"],"acts_visited":["Exordium"],"potions_floor_usage":[12,12,12],"damage_taken":[{"damage":0,"enemies":"2 Louse","floor":1,"turns":2},{"damage":0,"enemies":"Small Slimes","floor":4,"turns":2},{"damage":2,"enemies":"Jaw Worm","floor":5,"turns":4},{"damage":28,"enemies":"Gremlin Nob","floor":7,"turns":5},{"damage":3,"enemies":"Blue Slaver","floor":11,"turns":3},{"damage":38,"enemies":"Lagavulin","floor":12,"turns":10}],"seed_played":"1252872932700446023","potions_obtained":[{"floor":4,"key":"ColorlessPotion"},{"floor":7,"key":"Swift Potion"},{"floor":11,"key":"ColorlessPotion"}],"is_trial":true,"path_per_floor":["M","?","$","M","M","R","E","R","T","?","M","E"],"character_chosen":"MYSTIC_CLASS","items_purchased":["mysticmod:CorrosiveTouch"],"campfire_rested":0,"item_purchase_floors":[3],"current_hp_per_floor":[77,70,70,70,68,68,40,40,40,33,30,0,0],"gold":119,"neow_bonus":"","is_daily":false,"chose_seed":false,"campfire_upgraded":2,"win_rate":0.0,"timestamp":1612283445,"path_taken":["M","?","$","M","M","R","E","R","T","?","M","E"],"items_purchased_type":["Card"],"build_version":"2020-12-22","purchased_purges":1,"victory":false,"max_hp_per_floor":[77,77,77,77,77,77,77,77,77,77,77,77,77],"card_choices":[{"not_picked":["mysticmod:PowerSlash","mysticmod:ComboCaster"],"picked":"mysticmod:LightningBolt","floor":1},{"not_picked":["mysticmod:PunishingArmor","mysticmod:PreparedCaster"],"picked":"mysticmod:Flourish","floor":4},{"not_picked":["mysticmod:Shield","mysticmod:IllusionOfCalm"],"picked":"mysticmod:ChargedParry","floor":5},{"not_picked":["mysticmod:DiviningBlow","mysticmod:Haste"],"picked":"mysticmod:Grease","floor":7},{"not_picked":["mysticmod:MagicMissile","mysticmod:Daze"],"picked":"mysticmod:EarthenWall","floor":11}],"player_experience":1334574,"relics_obtained":[{"floor":7,"key":"Singing Bowl"},{"floor":9,"key":"Art of War"}],"event_choices":[{"damage_healed":0,"gold_gain":0,"player_choice":"Success","damage_taken":7,"relics_obtained":["Smiling Mask"],"max_hp_gain":0,"max_hp_loss":0,"event_name":"Scrap Ooze","floor":2,"gold_loss":0},{"cards_removed":["mysticmod:Strike_Mystic"],"damage_healed":0,"gold_gain":0,"player_choice":"Card Removal","damage_taken":7,"max_hp_gain":0,"max_hp_loss":0,"event_name":"Golden Wing","floor":10,"gold_loss":0}],"is_beta":false,"boss_relics":[],"items_purged_floors":[3],"is_endless":false,"potions_floor_spawned":[4,7,11],"killed_by":"Lagavulin","ascension_level":0}}