{"host":"r53pw7z744tg3fxg","time":1612273716,"event":{"mods":["AchievementEnabler","BaseMod","Colored Map","Colored Powertips","Highlight Path","Minty Spire (QoL Compilation)","Quick Restart","Transform Curses"],"gold_per_floor":[118,137,156,156,176,176,193,193,193,210,210,210,224,224,224,295,295,312,330,254,254,254,254],"floor_reached":22,"language":"ENG","playtime":688,"items_purged":[],"score":338,"play_id":"c0d83ccc-f5b0-456f-b498-02b291f77b0f","local_time":"20210202064836","is_ascension_mode":true,"campfire_choices":[{"data":"Eruption","floor":6.0,"key":"SMITH"},{"floor":8.0,"key":"REST"},{"floor":11.0,"key":"REST"},{"data":"BowlingBash","floor":15.0,"key":"SMITH"}],"circlet_count":0,"master_deck":["AscendersBane","Strike_P","Strike_P","Strike_P","Strike_P","Defend_P","Defend_P","Defend_P","Defend_P","Eruption+1","Vigilance","Consecrate","PathToVictory","InnerPeace","BowlingBash+1","Wallop+1","Brilliance","Pray","Sanctity","BattleHymn"],"relics":["PureWater","Potion Belt","GoldenEye","SacredBark","FaceOfCleric"],"acts_visited":["Exordium","TheCity"],"potions_floor_usage":[16,16,18,19],"damage_taken":[{"damage":4.0,"enemies":"2 Louse","floor":1.0,"turns":3.0},{"damage":0.0,"enemies":"Cultist","floor":2.0,"turns":2.0},{"damage":0.0,"enemies":"Jaw Worm","floor":3.0,"turns":4.0},{"damage":5.0,"enemies":"Large Slime","floor":5.0,"turns":3.0},{"damage":27.0,"enemies":"Red Slaver","floor":7.0,"turns":4.0},{"damage":23.0,"enemies":"Exordium Thugs","floor":10.0,"turns":3.0},{"damage":3.0,"enemies":"3 Louse","floor":13.0,"turns":4.0},{"damage":13,"enemies":"Slime Boss","floor":16,"turns":7},{"damage":25,"enemies":"3 Byrds","floor":18,"turns":5},{"damage":33,"enemies":"Chosen","floor":19,"turns":4},{"damage":13,"enemies":"Centurion and Healer","floor":22,"turns":3}],"seed_played":"8266744404410550085","potions_obtained":[{"floor":4.0,"key":"LiquidBronze"},{"floor":4.0,"key":"Fire Potion"},{"floor":5.0,"key":"CultistPotion"},{"floor":13.0,"key":"Block Potion"},{"floor":16,"key":"Block Potion"},{"floor":18,"key":"FearPotion"}],"is_trial":false,"path_per_floor":["M","M","M","?","M","R","M","R","T","M","R","?","M","?","R","B",null,"M","M","$","?","M"],"character_chosen":"WATCHER","items_purchased":["BattleHymn"],"campfire_rested":2,"item_purchase_floors":[20],"current_hp_per_floor":[57,57,57,57,52,52,25,45,45,22,42,42,39,68,68,55,65,40,7,7,7,0,0],"gold":254,"neow_bonus":"RANDOM_COMMON_RELIC","is_daily":false,"chose_seed":false,"campfire_upgraded":2,"win_rate":0.0,"timestamp":1612273716,"path_taken":["M","M","M","?","M","R","M","R","T","?","R","?","M","?","R","BOSS","M","M","$","?","M"],"items_purchased_type":["Card"],"build_version":"2020-12-22","purchased_purges":0,"victory":false,"max_hp_per_floor":[68,68,68,68,68,68,68,68,68,68,68,68,68,68,68,68,68,68,68,68,68,68,68],"card_choices":[{"not_picked":["CrushJoints","FlyingSleeves"],"picked":"Consecrate","floor":1.0},{"not_picked":["Vengeance","SandsOfTime"],"picked":"PathToVictory","floor":2.0},{"not_picked":["CutThroughFate","Weave"],"picked":"Sanctity","floor":3.0},{"not_picked":["CrushJoints","Adaptation"],"picked":"InnerPeace","floor":5.0},{"not_picked":["JustLucky","ClearTheMind"],"picked":"BowlingBash","floor":7.0},{"not_picked":["Consecrate","CrushJoints"],"picked":"Wallop","floor":10.0},{"not_picked":["Indignation","FlyingSleeves","Crescendo"],"picked":"SKIP","floor":13.0},{"not_picked":["Omniscience","Wish"],"picked":"Brilliance","floor":16},{"not_picked":["Protect","PathToVictory"],"picked":"Pray","floor":18},{"not_picked":["SashWhip","FlyingSleeves"],"picked":"Sanctity","floor":19}],"player_experience":1419404,"relics_obtained":[{"floor":9.0,"key":"GoldenEye"}],"event_choices":[{"damage_healed":0.0,"max_hp_gain":0.0,"max_hp_loss":0.0,"gold_gain":0.0,"event_name":"Lab","player_choice":"Got Potions","floor":4.0,"gold_loss":0.0,"damage_taken":0.0},{"damage_healed":0.0,"max_hp_gain":0.0,"max_hp_loss":0.0,"gold_gain":0.0,"event_name":"Living Wall","player_choice":"Grow","floor":12.0,"gold_loss":0.0,"damage_taken":0.0,"cards_upgraded":["Wallop"]},{"cards_removed":["Sanctity"],"damage_healed":29.0,"max_hp_gain":0.0,"max_hp_loss":0.0,"gold_gain":0.0,"event_name":"Bonfire Elementals","player_choice":"Offered Uncommon","floor":14.0,"gold_loss":0.0,"damage_taken":0.0},{"damage_healed":0,"gold_gain":0,"player_choice":"Trade","damage_taken":0,"relics_obtained":["FaceOfCleric"],"max_hp_gain":0,"max_hp_loss":0,"event_name":"FaceTrader","floor":21,"gold_loss":0}],"is_beta":false,"boss_relics":[{"not_picked":["Velvet Choker","Sozu"],"picked":"SacredBark"}],"items_purged_floors":[],"is_endless":false,"potions_floor_spawned":[5,13,16,18],"killed_by":"Centurion and Healer","ascension_level":18}}