{"host":"ufl0k2so27eic2iy","time":1612262787,"event":{"mods":["BaseMod","Downfall","Minty Spire (QoL Compilation)","StSLib","The Animator"],"gold_per_floor":[109,119,119,136,12,52,52,82,107,123,137,137,182,182,182,278,278,291,75,125,138,162,206,206,206,206],"floor_reached":25,"language":"ENG","playtime":1273,"items_purged":["animator:Strike","animator:Strike"],"score":422,"play_id":"8dd24e73-82f9-49c5-8ad4-7615cbf9c824","local_time":"20210202104627","is_ascension_mode":true,"campfire_choices":[{"data":"animator:SuzuneAmano","floor":7,"key":"SMITH"},{"floor":12,"key":"REST"},{"data":"animator:Arpeggio","floor":15,"key":"SMITH"},{"floor":24,"key":"REST"}],"circlet_count":0,"master_deck":["AscendersBane","animator:Strike_MadokaMagica","animator:Defend_MadokaMagica","animator:Strike","animator:Defend","animator:Defend","animator:Defend","animator:IrohaTamaki","animator:YuiTsuruno","animator:MarisaKirisame","animator:Arpeggio+1","animator:ReimuHakurei","animator:YuukaKazami","animator:SuzuneAmano+1","animator:MarisaKirisame","animator:YachiyoNanami","animator:LeleiLaLalena","animator:KyokoSakura","animator:DolaSchwi","animator:ElricEdward","animator:TukaLunaMarceau"],"relics":["animator:LivingPicture","animator:TheMissingPiece","animator:AlchemistGlove","animator:OldCoffin","bronze:BronzeIdol","Vajra","Nunchaku","Golden Idol","Cursed Key","Membership Card","Matryoshka"],"acts_visited":["Exordium","TheCity"],"potions_floor_usage":[10,22,23,23],"damage_taken":[{"damage":0,"enemies":"2 Louse","floor":1,"turns":4},{"damage":2,"enemies":"Jaw Worm","floor":2,"turns":3},{"damage":1,"enemies":"Cultist","floor":4,"turns":3},{"damage":13,"enemies":"3 Sentries","floor":6,"turns":4},{"damage":12,"enemies":"Gremlin Nob","floor":8,"turns":3},{"damage":0,"enemies":"Large Slime","floor":10,"turns":3},{"damage":1,"enemies":"3 Louse","floor":11,"turns":2},{"damage":14,"enemies":"3 Sentries","floor":13,"turns":5},{"damage":4,"enemies":"The Guardian","floor":16,"turns":7},{"damage":10,"enemies":"3 Byrds","floor":18,"turns":4},{"damage":5,"enemies":"Spheric Guardian","floor":21,"turns":4},{"damage":6,"enemies":"Centurion and Healer","floor":22,"turns":5},{"damage":25,"enemies":"Slavers","floor":23,"turns":3},{"damage":25,"enemies":"Shelled Parasite and Fungi","floor":25,"turns":3}],"seed_played":"5268388980051795856","potions_obtained":[{"floor":6,"key":"Energy Potion"},{"floor":10,"key":"Explosive Potion"},{"floor":13,"key":"Dexterity Potion"},{"floor":22,"key":"DistilledChaos"},{"floor":23,"key":"Dexterity Potion"}],"is_trial":false,"path_per_floor":["M","M","?","M","$","E","R","E","T","M","M","R","E","?","R","B",null,"M","$","?","M","M","E","R","M"],"character_chosen":"THE_ANIMATOR","items_purchased":["animator:YuukaKazami","Membership Card","animator:DolaSchwi"],"campfire_rested":2,"item_purchase_floors":[5,19,19],"current_hp_per_floor":[60,58,47,46,46,33,33,21,21,22,21,41,27,27,27,23,52,42,42,42,37,31,6,24,0,0],"gold":206,"neow_bonus":"TEN_PERCENT_HP_BONUS","is_daily":false,"chose_seed":true,"campfire_upgraded":2,"win_rate":0.0,"timestamp":1612262787,"path_taken":["M","M","?","M","$","E","R","E","T","M","M","R","E","?","R","BOSS","M","$","?","M","M","E","R","M"],"items_purchased_type":["Card","Relic","Card"],"build_version":"2020-12-22","purchased_purges":2,"victory":false,"max_hp_per_floor":[66,66,66,66,66,66,66,66,66,67,67,67,67,61,61,61,61,61,61,61,61,61,61,61,61,61],"card_choices":[{"not_picked":["animator:YaoHaDucy","animator:SilverFang"],"picked":"animator:MarisaKirisame","floor":1},{"not_picked":["animator:Clownpiece","animator:KomachiOnozuka"],"picked":"animator:Arpeggio","floor":2},{"not_picked":["animator:KomachiOnozuka","animator:Melzalgald"],"picked":"animator:ReimuHakurei","floor":4},{"not_picked":["animator:MamiTomoe","animator:YuiTsuruno"],"picked":"animator:SuzuneAmano","floor":6},{"not_picked":["animator:SilverFang","animator:Add"],"picked":"animator:MarisaKirisame","floor":8},{"not_picked":["animator:Sloth","animator:OrikoMikuni"],"picked":"animator:YachiyoNanami","floor":10},{"not_picked":["animator:Sloth","animator:FielNirvalen"],"picked":"animator:LeleiLaLalena","floor":11},{"not_picked":["animator:OrikoMikuni","animator:IrohaTamaki"],"picked":"animator:KyokoSakura","floor":13},{"not_picked":["animator:MaesHughes","animator:ElricAlphonse","animator:SuikaIbuki"],"picked":"SKIP","floor":18},{"not_picked":["animator:Ciel","animator:ElricAlphonse"],"picked":"animator:ElricEdward","floor":21},{"not_picked":["animator:Chung","animator:MumenRider","animator:Lu"],"picked":"SKIP","floor":22},{"not_picked":["animator:Arpeggio","animator:Kuribayashi"],"picked":"animator:TukaLunaMarceau","floor":23}],"player_experience":2783487,"relics_obtained":[{"floor":6,"key":"animator:OldCoffin"},{"floor":8,"key":"bronze:BronzeIdol"},{"floor":9,"key":"Vajra"},{"floor":13,"key":"Nunchaku"},{"floor":23,"key":"Matryoshka"}],"event_choices":[{"damage_healed":0,"gold_gain":0,"player_choice":"Success","damage_taken":11,"relics_obtained":["animator:AlchemistGlove"],"max_hp_gain":0,"max_hp_loss":0,"event_name":"Scrap Ooze","floor":3,"gold_loss":0},{"damage_healed":0,"gold_gain":0,"player_choice":"Lose Max HP","damage_taken":0,"relics_obtained":["Golden Idol"],"max_hp_gain":0,"max_hp_loss":6,"event_name":"Golden Idol","floor":14,"gold_loss":0},{"damage_healed":0,"gold_gain":50,"player_choice":"Pray","damage_taken":0,"max_hp_gain":0,"max_hp_loss":0,"event_name":"Golden Shrine","floor":20,"gold_loss":0}],"is_beta":false,"boss_relics":[{"not_picked":["Empty Cage","Pandora\u0027s Box"],"picked":"Cursed Key"}],"items_purged_floors":[5,19],"is_endless":false,"potions_floor_spawned":[6,10,13,16,18,22,23],"killed_by":"Shelled Parasite and Fungi","ascension_level":15}}