{"host":"xltl1aroowo69o4n","time":1612282045,"event":{"mods":["BaseMod","Colored Map","Colored Powertips","Downfall","Minty Spire (QoL Compilation)","StSLib"],"gold_per_floor":[99,99,1,66,66,78,78,78,78,378,37,37,64,15,25,127,127,27,27,38,52,152,13,59,59,59,59],"floor_reached":25,"language":"ENG","playtime":1554,"items_purged":[],"score":243,"play_id":"3f02d417-1f9d-4add-bd6d-95fb8c8eaed6","local_time":"20210202110725","is_ascension_mode":false,"campfire_choices":[{"floor":1,"key":"RECALL"},{"floor":9,"key":"REST"},{"floor":12,"key":"REST"},{"floor":18,"key":"REST"}],"circlet_count":0,"master_deck":["sneckomod:Strike","sneckomod:Strike","sneckomod:Defend","sneckomod:Defend","sneckomod:Defend","sneckomod:TailWhip","sneckomod:SnekBite","sneckomod:Unknown","sneckomod:Unknown","sneckomod:SnekBeam","expansioncontent:PolyBeam","sneckomod:Unknown1Cost","sneckomod:DiceBoulder","sneckomod:SnakeSap","sneckomod:UnknownVulnerable","sneckomod:WideSting","downfall:Icky","downfall:Icky","sneckomod:WideSting","sneckomod:IronFang","sneckomod:Unknown1Cost+1","sneckomod:QuickBite","sneckomod:UnknownBlock+1","sneckomod:DiceBoulder","sneckomod:Unknown2Cost","sneckomod:Cheat","sneckomod:DiceBlock","sneckomod:UnknownCommonSkill","sneckomod:WideSting","sneckomod:DiceBlock","Apotheosis","sneckomod:ImprovisedAttack","expansioncontent:GuardianWhirl"],"relics":["SlaversCollar","Dream Catcher","Letter Opener","Thread and Needle","Bag of Marbles","Busted Crown","downfall:HeartBlessingRed","Prayer Wheel","Darkstone Periapt","Nunchaku","War Paint"],"acts_visited":["Exordium","TheCity"],"potions_floor_usage":[16,16,22,22],"damage_taken":[{"damage":0,"enemies":"downfall:FleeingMerchant","floor":3,"turns":4},{"damage":14,"enemies":"Lagavulin Event","floor":4,"turns":6},{"damage":14,"enemies":"Jaw Worm","floor":6,"turns":5},{"damage":0,"enemies":"Cultist","floor":8,"turns":1},{"damage":14,"enemies":"downfall:FleeingMerchant","floor":11,"turns":4},{"damage":0,"enemies":"Gremlin Nob","floor":13,"turns":3},{"damage":11,"enemies":"downfall:FleeingMerchant","floor":14,"turns":4},{"damage":0,"enemies":"Small Slimes","floor":15,"turns":3},{"damage":53,"enemies":"DF_ARCHETYPE_STREAMLINE","floor":16,"turns":13},{"damage":29,"enemies":"3 Byrds","floor":20,"turns":5},{"damage":6,"enemies":"Chosen","floor":21,"turns":3},{"damage":26,"enemies":"Colosseum Nobs","floor":22,"turns":5},{"damage":8,"enemies":"downfall:FleeingMerchant","floor":23,"turns":4},{"damage":6,"enemies":"Sentry and Sphere","floor":25,"turns":3}],"seed_played":"7560815215351754030","potions_obtained":[{"floor":6,"key":"Strength Potion"},{"floor":13,"key":"AttackPotion"},{"floor":16,"key":"Strength Potion"},{"floor":21,"key":"SteroidPotion"},{"floor":22,"key":"Energy Potion"}],"is_trial":false,"path_per_floor":["R","?","$","?","?","M","T","M","R","?","$","R","E","$","M","B",null,"R","?","M","M","?","$","T","M"],"character_chosen":"THE_SNECKO","items_purchased":["expansioncontent:PolyBeam","Thread and Needle","sneckomod:IronFang","sneckomod:DiceBoulder","Apotheosis","Nunchaku","sneckomod:ImprovisedAttack","expansioncontent:GuardianWhirl"],"campfire_rested":3,"item_purchase_floors":[3,11,11,14,23,23,23,23],"current_hp_per_floor":[90,90,90,76,76,62,62,62,89,89,75,90,90,79,79,30,90,90,72,43,37,11,3,3,0,0,0],"gold":59,"neow_bonus":"BOSS_RELIC","is_daily":false,"chose_seed":false,"campfire_upgraded":0,"win_rate":0.0,"timestamp":1612282045,"path_taken":["R","?","$","?","?","M","T","M","R","?","?","R","E","$","M","BOSS","R","?","M","M","?","$","T","M"],"items_purchased_type":["Card","Relic","Card","Card","Card","Relic","Card","Card"],"build_version":"2020-12-13","purchased_purges":0,"victory":false,"max_hp_per_floor":[90,90,90,90,90,90,90,90,90,90,90,90,90,90,90,90,90,90,95,95,95,95,95,95,95,95,95],"card_choices":[{"not_picked":["sneckomod:DiceBlock","sneckomod:SoulDraw"],"picked":"sneckomod:SnekBeam","floor":3},{"not_picked":["sneckomod:SoulRoll","sneckomod:UnknownCommonSkill"],"picked":"sneckomod:Unknown1Cost","floor":4},{"not_picked":["sneckomod:QuickBite","sneckomod:UnknownCommonSkill"],"picked":"sneckomod:DiceBoulder","floor":6},{"not_picked":["sneckomod:UnknownWeak","sneckomod:Unknown2Cost"],"picked":"sneckomod:SnakeSap","floor":6},{"not_picked":["sneckomod:SoulRoll","sneckomod:Unknown1Cost"],"picked":"sneckomod:UnknownVulnerable","floor":8},{"not_picked":["sneckomod:UnknownWeak","sneckomod:RainOfDice"],"picked":"sneckomod:WideSting","floor":9},{"not_picked":["sneckomod:DiceCrush","sneckomod:UnknownCommonAttack"],"picked":"sneckomod:WideSting","floor":11},{"not_picked":["sneckomod:UnknownVulnerable","sneckomod:UnknownX"],"picked":"sneckomod:Unknown1Cost","floor":12},{"not_picked":["sneckomod:Restock","sneckomod:DiceBoulder"],"picked":"sneckomod:QuickBite","floor":13},{"not_picked":["sneckomod:UnknownX","sneckomod:SoulRoll"],"picked":"sneckomod:UnknownBlock","floor":14},{"not_picked":["sneckomod:Unknown1Cost","sneckomod:DiceBlock"],"picked":"sneckomod:Unknown2Cost","floor":15},{"not_picked":["sneckomod:Unknown3Cost","sneckomod:Mudshield"],"picked":"sneckomod:Cheat","floor":16},{"not_picked":[],"picked":"sneckomod:DiceBlock","floor":18},{"not_picked":[],"picked":"sneckomod:UnknownCommonSkill","floor":20},{"not_picked":[],"picked":"sneckomod:WideSting","floor":21},{"not_picked":[],"picked":"sneckomod:DiceBlock","floor":23}],"player_experience":98053,"relics_obtained":[{"floor":4,"key":"Dream Catcher"},{"floor":7,"key":"Letter Opener"},{"floor":13,"key":"Bag of Marbles"},{"floor":22,"key":"Prayer Wheel"},{"floor":22,"key":"Darkstone Periapt"},{"floor":24,"key":"War Paint"}],"event_choices":[],"is_beta":false,"boss_relics":[{"not_picked":["Coffee Dripper","Sozu"],"picked":"Busted Crown"}],"items_purged_floors":[],"is_endless":false,"potions_floor_spawned":[6,13,16,21,22],"killed_by":"Sentry and Sphere","ascension_level":0}}