{"host":"3azvxbhvx7nk2p5g","time":1612273260,"event":{"mods":["BaseMod","Minty Spire (QoL Compilation)","StSLib","The Blackbeard"],"gold_per_floor":[116,116,129,143,63,90,90,100,100,119,133,150,150,161,161,283,283,301,337,337,367,417,479,479,479],"floor_reached":24,"language":"ZHS","playtime":1797,"items_purged":[],"score":274,"play_id":"a589ca94-bfa4-4e87-a7f4-e470972eff3a","local_time":"20210202214100","is_ascension_mode":false,"campfire_choices":[{"data":"blackbeard:Cutlass","floor":13.0,"key":"SMITH"},{"data":"blackbeard:BountyHunter","floor":15.0,"key":"SMITH"}],"circlet_count":0,"master_deck":["blackbeard:BlackbeardStrike","blackbeard:BlackbeardStrike","blackbeard:BlackbeardStrike","blackbeard:IntimidatingStrike","blackbeard:BlackbeardDefend","blackbeard:BlackbeardDefend","blackbeard:BlackbeardDefend","blackbeard:BlackbeardDefend","blackbeard:Cutlass+1","blackbeard:WoodenLeg","blackbeard:Murder","blackbeard:PowderKeg","blackbeard:Toast","blackbeard:ArmorUp","blackbeard:BrownPants","blackbeard:CaptainsCabin","blackbeard:PiratesWill","blackbeard:BeatUp","blackbeard:BountyHunter+1","blackbeard:CaptainsHat","blackbeard:PirateEarring","blackbeard:Rum+1","blackbeard:BuriedTreasure","blackbeard:Toast"],"relics":["blackbeard:LoadTheCannons","NeowsBlessing","Strawberry","Darkstone Periapt","SlaversCollar","Du-Vu Doll"],"acts_visited":["Exordium","TheCity"],"potions_floor_usage":[23,24,24],"damage_taken":[{"damage":0.0,"enemies":"Small Slimes","floor":1.0,"turns":1.0},{"damage":0.0,"enemies":"Cultist","floor":3.0,"turns":1.0},{"damage":0.0,"enemies":"2 Louse","floor":4.0,"turns":1.0},{"damage":38.0,"enemies":"Gremlin Nob","floor":6.0,"turns":5.0},{"damage":4.0,"enemies":"Red Slaver","floor":8.0,"turns":3.0},{"damage":1.0,"enemies":"3 Louse","floor":10.0,"turns":3.0},{"damage":0.0,"enemies":"Gremlin Gang","floor":11.0,"turns":4.0},{"damage":4.0,"enemies":"Exordium Thugs","floor":12.0,"turns":5.0},{"damage":7.0,"enemies":"2 Fungi Beasts","floor":14.0,"turns":4.0},{"damage":35.0,"enemies":"The Guardian","floor":16.0,"turns":11.0},{"damage":12,"enemies":"Spheric Guardian","floor":18,"turns":6},{"damage":17,"enemies":"Shell Parasite","floor":19,"turns":7},{"damage":16,"enemies":"Chosen and Byrds","floor":21,"turns":7},{"damage":30,"enemies":"Cultist and Chosen","floor":22,"turns":7},{"damage":13,"enemies":"Slavers","floor":23,"turns":7},{"damage":3,"enemies":"Snecko","floor":24,"turns":2}],"seed_played":"8092352719605210384","potions_obtained":[{"floor":3.0,"key":"SteroidPotion"},{"floor":8.0,"key":"Dexterity Potion"},{"floor":10.0,"key":"Dexterity Potion"},{"floor":14.0,"key":"FairyPotion"},{"floor":16.0,"key":"EssenceOfSteel"},{"floor":22,"key":"blackbeard:OrangeJuicePotion"}],"is_trial":false,"path_per_floor":["M","?","M","M","$","E","?","M","T","M","M","M","R","M","R","B",null,"M","M","?","M","M","E","M"],"character_chosen":"BLACKBEARD_CLASS","items_purchased":["blackbeard:BrownPants"],"campfire_rested":0,"item_purchase_floors":[5],"current_hp_per_floor":[75,75,75,75,75,44,44,40,40,39,39,35,35,28,28,19,82,70,53,53,37,7,2,0,0,0],"gold":479,"neow_bonus":"THREE_ENEMY_KILL","is_daily":false,"chose_seed":false,"campfire_upgraded":2,"win_rate":0.0,"timestamp":1612273260,"path_taken":["M","?","M","?","$","E","?","M","T","M","M","M","R","?","R","BOSS","M","M","?","M","?","E","M"],"items_purchased_type":["Card"],"build_version":"2020-12-22","purchased_purges":0,"victory":false,"max_hp_per_floor":[75,75,75,75,75,82,82,82,82,82,82,82,82,82,82,82,82,82,82,82,82,82,82,82,82,82],"card_choices":[{"not_picked":["blackbeard:TacticalRetreat","blackbeard:FieryDefense"],"picked":"blackbeard:WoodenLeg","floor":1.0},{"not_picked":["blackbeard:Fencing","blackbeard:WoodenLeg","blackbeard:Boarding"],"picked":"SKIP","floor":3.0},{"not_picked":["blackbeard:BrownPants","blackbeard:CatONineTails"],"picked":"blackbeard:ArmorUp","floor":4.0},{"not_picked":["blackbeard:Provisioning","blackbeard:Upgrade"],"picked":"blackbeard:CaptainsCabin","floor":6.0},{"not_picked":["blackbeard:Provisioning","blackbeard:Fencing"],"picked":"blackbeard:PiratesWill","floor":8.0},{"not_picked":["blackbeard:Fencing","blackbeard:Eyepatch"],"picked":"blackbeard:BeatUp","floor":10.0},{"not_picked":["blackbeard:Eyepatch","blackbeard:BlindAttacks","blackbeard:Sharpening"],"picked":"SKIP","floor":11.0},{"not_picked":["blackbeard:RearmingStrike","blackbeard:Dagger","blackbeard:BeatUp"],"picked":"SKIP","floor":12.0},{"not_picked":["blackbeard:JollyRoger","blackbeard:WiseDefense"],"picked":"blackbeard:BountyHunter","floor":14.0},{"not_picked":["blackbeard:FinalBarrage","blackbeard:GoldenRain"],"picked":"blackbeard:CaptainsHat","floor":16.0},{"not_picked":["blackbeard:BeatUp","blackbeard:Sword"],"picked":"blackbeard:PirateEarring","floor":18},{"not_picked":["blackbeard:Upgrade","blackbeard:Sword"],"picked":"blackbeard:Rum","floor":19},{"not_picked":["blackbeard:Fencing+1","blackbeard:CatONineTails"],"picked":"blackbeard:BuriedTreasure","floor":21},{"not_picked":["blackbeard:Upgrade","blackbeard:GoldenDefense","blackbeard:ArmorUp+1"],"picked":"SKIP","floor":22},{"not_picked":["blackbeard:SwordDance+1","blackbeard:VengefulSpirit"],"picked":"blackbeard:Toast","floor":23}],"player_experience":69151,"relics_obtained":[{"floor":6.0,"key":"Strawberry"},{"floor":9.0,"key":"Darkstone Periapt"},{"floor":23,"key":"Du-Vu Doll"}],"event_choices":[{"damage_healed":0.0,"max_hp_gain":0.0,"max_hp_loss":0.0,"gold_gain":0.0,"event_name":"Match and Keep!","player_choice":"3 cards matched","floor":2.0,"gold_loss":0.0,"damage_taken":0.0,"cards_obtained":["blackbeard:Murder","blackbeard:PowderKeg","blackbeard:Toast"]},{"cards_removed":["blackbeard:BlackbeardStrike"],"damage_healed":0.0,"max_hp_gain":0.0,"max_hp_loss":0.0,"gold_gain":0.0,"event_name":"Purifier","player_choice":"Purged","floor":7.0,"gold_loss":0.0,"damage_taken":0.0},{"damage_healed":0,"gold_gain":0,"player_choice":"Forge","damage_taken":0,"max_hp_gain":0,"max_hp_loss":0,"event_name":"Accursed Blacksmith","floor":20,"gold_loss":0,"cards_upgraded":["blackbeard:Rum"]}],"is_beta":false,"boss_relics":[{"not_picked":["Pandora\u0027s Box","blackbeard:Karategi"],"picked":"SlaversCollar"}],"items_purged_floors":[],"is_endless":false,"potions_floor_spawned":[3,8,10,14,16,18,19,22],"killed_by":"Snecko","ascension_level":0}}