{"host":"p62uqwu04pp7leh9","time":1612229774,"event":{"mods":["BaseMod","Block Reminder","Colored Map","Colored Powertips","Minty Spire (QoL Compilation)","Relic Stats"],"gold_per_floor":[114,127,138,151,168,200,150,150,150],"floor_reached":8,"language":"ENG","playtime":482,"items_purged":[],"score":75,"play_id":"72d79d79-fc8f-42ef-920f-ba7deeaa5ef1","local_time":"20210201203614","is_ascension_mode":true,"campfire_choices":[],"circlet_count":0,"master_deck":["Strike_R","Strike_R","Strike_R","Strike_R","Defend_R","Defend_R","Defend_R","Defend_R","Bash","True Grit","Anger","True Grit","Double Tap","Rage","Thunderclap"],"relics":["SlaversCollar","Orichalcum"],"acts_visited":["Exordium"],"potions_floor_usage":[5,6],"damage_taken":[{"damage":20,"enemies":"Small Slimes","floor":1,"turns":4},{"damage":6,"enemies":"Cultist","floor":2,"turns":3},{"damage":5,"enemies":"2 Louse","floor":3,"turns":3},{"damage":11,"enemies":"Red Slaver","floor":4,"turns":3},{"damage":0,"enemies":"Exordium Wildlife","floor":5,"turns":3},{"damage":23,"enemies":"Lagavulin","floor":6,"turns":7},{"damage":15,"enemies":"Gremlin Nob","floor":8,"turns":3}],"seed_played":"8759067634393396238","potions_obtained":[{"floor":4,"key":"Fire Potion"},{"floor":5,"key":"Swift Potion"}],"is_trial":false,"path_per_floor":["M","M","M","M","M","E","?","E"],"character_chosen":"IRONCLAD","items_purchased":[],"campfire_rested":0,"item_purchase_floors":[],"current_hp_per_floor":[60,54,49,38,38,15,15,0,0],"gold":150,"neow_bonus":"BOSS_RELIC","is_daily":false,"chose_seed":false,"campfire_upgraded":0,"win_rate":0.0,"timestamp":1612229774,"path_taken":["M","M","M","M","M","E","?","E"],"items_purchased_type":[],"build_version":"2020-12-22","purchased_purges":0,"victory":false,"max_hp_per_floor":[80,80,80,80,80,80,80,80,80],"relic_stats":{"counters":[7,26],"Orichalcum":[12],"obtain_stats":[{"SlaversCollar":0,"Orichalcum":6,"Burning Blood":0},{"SlaversCollar":0,"Orichalcum":6,"Burning Blood":0},{"SlaversCollar":0,"Orichalcum":23,"Burning Blood":0}]},"card_choices":[{"not_picked":["Warcry","Havoc"],"picked":"True Grit","floor":1},{"not_picked":["Perfected Strike","Ghostly Armor"],"picked":"Anger","floor":2},{"not_picked":["Clash","Body Slam"],"picked":"True Grit","floor":3},{"not_picked":["Metallicize","Havoc"],"picked":"Double Tap","floor":4},{"not_picked":["Body Slam","Ghostly Armor"],"picked":"Rage","floor":5},{"not_picked":["Havoc","Headbutt"],"picked":"Thunderclap","floor":6}],"player_experience":394964,"relics_obtained":[{"floor":6,"key":"Orichalcum"}],"event_choices":[{"cards_removed":["Strike_R"],"damage_healed":0,"gold_gain":0,"player_choice":"Card Removal","damage_taken":0,"max_hp_gain":0,"max_hp_loss":0,"event_name":"The Cleric","floor":7,"gold_loss":50}],"is_beta":false,"boss_relics":[],"items_purged_floors":[],"is_endless":false,"potions_floor_spawned":[4,5],"killed_by":"Gremlin Nob","ascension_level":5}}