{"host":"4ih4fq53sefgqhvb","time":1612250910,"event":{"mods":["AchievementEnabler","Aspiration","Bard","BaseMod","BetterRewards","Colored Map","Colored Powertips","Conspire","Downfall","Googly Eyes","Hermit","Highlight Path","Hubris","Infinite Spire","Jedi Mod","Jorbs\u0027s Wanderer Trilogy","Marisa????????","Mimic Mod","Minty Spire (QoL Compilation)","Quick Restart","Relic Stats","Replay The Spire","Shop Mod","StSLib","The Animator","The Cursed","The Disciple","The Jungle","The Runesmith","The Servant 0.9.4"],"gold_per_floor":[99,112,112,13,5,29,54,54,81,81,109,9,42,82,94,189,189,89,103,123,123,123,136,205,16,26,26,50,35,52,79,99,203,203,103,116,144,144,168,168,168,193,205,219,219,219,219],"floor_reached":45,"language":"ENG","playtime":3150,"items_purged":[],"score":556,"play_id":"29c6fd3d-7d97-4f45-b106-a14178d443a8","local_time":"20210201232830","is_ascension_mode":false,"campfire_choices":[{"floor":1,"key":"RECALL"},{"data":"conspire:Banana","floor":12,"key":"SMITH"},{"data":"hexamod:HexaLevel","floor":18,"key":"SMITH"},{"floor":27,"key":"REST"},{"data":"hexamod:RetreatToShadows","floor":35,"key":"SMITH"},{"floor":40,"key":"REST"}],"circlet_count":0,"master_deck":["hexamod:Strike","hexamod:Strike","hexamod:Strike","hexamod:Strike","hexamod:Defend","hexamod:Defend","hexamod:Defend","hexamod:Defend","hexamod:Sear","hexamod:Float","hexamod:DynamicBlow","hexamod:Toasty","conspire:Banana+1","hexamod:FirstSeal","hexamod:SecondSeal","hexamod:FourthSeal","hexamod:GhostflameBarrier","hexamod:BurningTouch","hexamod:ThermalTransfer","hexamod:Firestarter","hexamod:HexaLevel+1","hexamod:RainOfEmbers","hexamod:HexaLevel+1","hexamod:Hexaguard+1","Pride","hexamod:RetreatToShadows+1","hexamod:ThirdSeal","hexamod:RainOfEmbers","hexamod:SoulSteal","hexamod:Firestarter+1","hexamod:RetreatToShadows+1","hexamod:ShieldOfDarkness","hexamod:FlamesFromBeyond","hexamod:Firestarter","hexamod:WildfireWeapon","hexamod:RadiantFlame","hexamod:Firestarter+1","hexamod:Incineration+1","hexamod:WildfireWeapon","conspire:Banana+1","hexamod:SpectralSpark","hexamod:PowerFromBeyond","hexamod:HeatShield+1","hexamod:FourthSeal","hexamod:EmpoweredFlame+1","hexamod:HeatMetal+1"],"relics":["hexamod:SpiritBrand","WarpedTongs","jedi:cryingmask","downfall:HeartBlessingBlue","Akabeko","ChewingGum","downfall:HeartBlessingRed","Orichalcum","hubris:Reverence","infinitespire:Beetle Shell","Empty Cage","downfall:HeartBlessingGreen","conspire:DeflatedDodgeball"],"acts_visited":["Exordium","TheCity","TheBeyond"],"potions_floor_usage":[11,11,13,14,16,25,26,28,28,33,33,39,39,43,44,45,45],"damage_taken":[{"damage":0,"enemies":"Cultist","floor":2,"turns":3},{"damage":0,"enemies":"downfall:FleeingMerchant","floor":4,"turns":4},{"damage":0,"enemies":"2 Louse","floor":6,"turns":4},{"damage":2,"enemies":"Jaw Worm","floor":9,"turns":4},{"damage":0,"enemies":"Gremlin Nob","floor":11,"turns":3},{"damage":10,"enemies":"Red Slaver","floor":13,"turns":4},{"damage":31,"enemies":"3 Sentries","floor":14,"turns":9},{"damage":2,"enemies":"Blue Slaver","floor":15,"turns":4},{"damage":12,"enemies":"IC_STATUS_ARCHETYPE","floor":16,"turns":6},{"damage":13,"enemies":"Shell Parasite","floor":19,"turns":4},{"damage":34,"enemies":"3 Byrds","floor":20,"turns":5},{"damage":31,"enemies":"Snecko","floor":23,"turns":6},{"damage":8,"enemies":"downfall:FleeingMerchant","floor":25,"turns":4},{"damage":9,"enemies":"Snake Plant","floor":26,"turns":2},{"damage":20,"enemies":"Centurion and Healer","floor":28,"turns":5},{"damage":11,"enemies":"downfall:FleeingMerchant","floor":29,"turns":4},{"damage":0,"enemies":"3 Cultists","floor":30,"turns":4},{"damage":25,"enemies":"Snecko","floor":32,"turns":5},{"damage":44,"enemies":"SI_MIRROR_ARCHETYPE","floor":33,"turns":7},{"damage":26,"enemies":"3 Shapes","floor":36,"turns":4},{"damage":5,"enemies":"Orb Walker","floor":37,"turns":4},{"damage":55,"enemies":"Transient","floor":39,"turns":5},{"damage":29,"enemies":"Sphere and 2 Shapes","floor":42,"turns":8},{"damage":19,"enemies":"3 Darklings","floor":43,"turns":3},{"damage":44,"enemies":"Maw","floor":44,"turns":8},{"damage":31,"enemies":"4 Shapes","floor":45,"turns":3}],"seed_played":"-1274553619751247949","potions_obtained":[{"floor":2,"key":"Elixir"},{"floor":6,"key":"SkillPotion"},{"floor":6,"key":"SpeedPotion"},{"floor":9,"key":"BlessingOfTheForge"},{"floor":11,"key":"hexamod:EctoCoolerPotion"},{"floor":13,"key":"Swift Potion"},{"floor":14,"key":"infinitespire:BlackPotion"},{"floor":14,"key":"DistilledChaos"},{"floor":20,"key":"Fire Potion"},{"floor":26,"key":"jedi:tentaclejuice"},{"floor":29,"key":"sneckomod:MuddlingPotion"},{"floor":30,"key":"Death Potion"},{"floor":30,"key":"jedi:holywater"},{"floor":33,"key":"Block Potion"},{"floor":33,"key":"SkillPotion"},{"floor":42,"key":"Swift Potion"},{"floor":43,"key":"SkillPotion"},{"floor":44,"key":"bronze:BurnAndBuffPotion"},{"floor":44,"key":"ColorlessPotion"}],"is_trial":false,"path_per_floor":["R","M","?","$","?","M","T","?","M","?","E","R","M","E","M","B",null,"R_BF","M","M","?","?","M","T","$","M","R","M","$","M","T","M","B",null,"R","M","M","?","M","R","T","M","M","M","M"],"character_chosen":"THE_SPIRIT","items_purchased":["conspire:Banana","Fruit Juice","hexamod:RainOfEmbers"],"campfire_rested":2,"item_purchase_floors":[4,25,25],"current_hp_per_floor":[77,77,77,77,70,78,78,78,79,79,80,90,91,69,76,66,100,100,96,71,71,71,49,49,50,55,89,78,76,83,83,60,25,123,123,106,103,103,50,88,88,70,53,20,0,0,0],"gold":219,"neow_bonus":"TEN_PERCENT_HP_BONUS","is_daily":false,"chose_seed":false,"campfire_upgraded":3,"win_rate":0.0,"timestamp":1612250910,"path_taken":["R","M","?","$","?","M","T","?","?","?","E","R","?","E","M","BOSS","R_BF","M","M","?","?","M","T","?","M","R","M","$","M","?","M","BOSS","R","M","M","?","M","R","T","M","?","M","?"],"items_purchased_type":["Card","Potion","Card"],"build_version":"2020-12-22","purchased_purges":0,"victory":false,"max_hp_per_floor":[77,77,77,77,77,78,78,78,79,79,80,90,94,96,98,100,100,100,102,104,104,104,106,106,108,115,115,117,119,119,119,121,123,123,123,125,127,127,129,129,129,133,135,139,143,143,143],"relic_stats":{"counters":[26,122],"Orichalcum":[84],"obtain_stats":[{"downfall:HeartBlessingRed":18,"downfall:HeartBlessingGreen":35,"infinitespire:Beetle Shell":31,"Orichalcum":22,"Empty Cage":34,"Akabeko":14,"WarpedTongs":10,"downfall:BrokenWingStatue":3,"downfall:HeartBlessingBlue":12,"jedi:cryingmask":11,"ChewingGum":17,"conspire:DeflatedDodgeball":41,"hexamod:SpiritBrand":0,"hubris:Reverence":24},{"downfall:HeartBlessingRed":9,"downfall:HeartBlessingGreen":19,"infinitespire:Beetle Shell":17,"Orichalcum":11,"Empty Cage":19,"Akabeko":7,"WarpedTongs":4,"downfall:BrokenWingStatue":1,"downfall:HeartBlessingBlue":5,"jedi:cryingmask":5,"ChewingGum":9,"conspire:DeflatedDodgeball":22,"hexamod:SpiritBrand":0,"hubris:Reverence":12},{"downfall:HeartBlessingRed":41,"downfall:HeartBlessingGreen":87,"infinitespire:Beetle Shell":75,"Orichalcum":50,"Empty Cage":87,"Akabeko":31,"WarpedTongs":15,"downfall:BrokenWingStatue":3,"downfall:HeartBlessingBlue":18,"jedi:cryingmask":18,"ChewingGum":41,"conspire:DeflatedDodgeball":100,"hexamod:SpiritBrand":0,"hubris:Reverence":56}],"WarpedTongs":[106]},"card_choices":[{"not_picked":["hexamod:GhostOfSpireFuture","hexamod:ThermalTransfer"],"picked":"hexamod:DynamicBlow","floor":2},{"not_picked":["hexamod:CatchUp","hexamod:StepThrough"],"picked":"hexamod:Toasty","floor":4},{"not_picked":["hexamod:FirstSeal","hexamod:FlamesFromBeyond"],"picked":"hexamod:GhostflameBarrier","floor":6},{"not_picked":["hexamod:HauntingEcho","hexamod:SwordOfDarkness"],"picked":"hexamod:BurningTouch","floor":9},{"not_picked":["hexamod:SwordOfDarkness","hexamod:NecessarySacrifice"],"picked":"hexamod:ThermalTransfer","floor":11},{"not_picked":["hexamod:GhostOfSpireFuture","hexamod:CatchUp"],"picked":"hexamod:Firestarter","floor":13},{"not_picked":["hexamod:Firestarter","hexamod:PhantomCloak"],"picked":"hexamod:HexaLevel","floor":14},{"not_picked":["hexamod:SkipABeat","hexamod:FastForward"],"picked":"hexamod:RainOfEmbers","floor":15},{"not_picked":["hexamod:ApocalypticArmor","hexamod:ApocalypseNow"],"picked":"hexamod:HexaLevel","floor":16},{"not_picked":["hexamod:AdvancingGuard","hexamod:SwordOfDarkness"],"picked":"hexamod:NecessarySacrifice","floor":19},{"not_picked":["hexamod:FastForward+1","hexamod:InspiringFlames"],"picked":"hexamod:Hexaguard+1","floor":20},{"not_picked":["hexamod:InspiringFlames","hexamod:NecessarySacrifice+1"],"picked":"hexamod:RetreatToShadows","floor":23},{"not_picked":["hexamod:FastForward+1","hexamod:BacktrackSmack+1"],"picked":"hexamod:ThirdSeal","floor":25},{"not_picked":["hexamod:NightmareGuise","hexamod:StepThrough+1"],"picked":"hexamod:SoulSteal","floor":26},{"not_picked":["hexamod:AdvancingGuard","hexamod:NightmareGuise"],"picked":"hexamod:Firestarter+1","floor":28},{"not_picked":["hexamod:FastForward+1","hexamod:CatchUp+1"],"picked":"hexamod:RetreatToShadows+1","floor":28},{"not_picked":["hexamod:GhostLash+1","hexamod:SpectersWail"],"picked":"hexamod:ShieldOfDarkness","floor":29},{"not_picked":["hexamod:EtherealExpedition","hexamod:StepThrough","hexamod:AdvancingGuard"],"picked":"SKIP","floor":29},{"not_picked":["hexamod:SuperheatedStrike+1","hexamod:NecessarySacrifice"],"picked":"hexamod:FlamesFromBeyond","floor":30},{"not_picked":["hexamod:FlameSwitch","hexamod:InspiringFlames","hexamod:SwordOfDarkness"],"picked":"SKIP","floor":30},{"not_picked":["hexamod:SwordOfDarkness","hexamod:FastForward"],"picked":"hexamod:Firestarter","floor":32},{"not_picked":["hexamod:Toasty","hexamod:ParanormalForm"],"picked":"hexamod:WildfireWeapon","floor":33},{"not_picked":["hexamod:Again+1","hexamod:BurningTouch"],"picked":"hexamod:RadiantFlame","floor":36},{"not_picked":["hexamod:InspiringFlames+1","hexamod:SpectersWail+1"],"picked":"hexamod:Firestarter+1","floor":36},{"not_picked":["hexamod:ThirdSeal","hexamod:GhostShield"],"picked":"hexamod:Incineration+1","floor":37},{"not_picked":["hexamod:RainOfEmbers+1","hexamod:SuperheatedStrike+1"],"picked":"hexamod:WildfireWeapon","floor":37},{"not_picked":["hexamod:HeatShield+1","hexamod:RecurringNightmare+1"],"picked":"hexamod:SpectralSpark","floor":39},{"not_picked":["hexamod:InspiringFlames+1","hexamod:GhostLash"],"picked":"hexamod:PowerFromBeyond","floor":39},{"not_picked":["hexamod:BacktrackSmack","hexamod:GhostLash"],"picked":"hexamod:HeatShield+1","floor":42},{"not_picked":["hexamod:NightmareStrike","hexamod:AdvancingGuard","hexamod:HauntingEcho+1"],"picked":"SKIP","floor":42},{"not_picked":["hexamod:AdvancingGuard","hexamod:EtherealExpedition+1"],"picked":"hexamod:FourthSeal","floor":43},{"not_picked":["hexamod:DynamicBlow","hexamod:PowerFromBeyond+1"],"picked":"hexamod:EmpoweredFlame+1","floor":44},{"not_picked":["hexamod:ShieldOfDarkness","hexamod:FastForward"],"picked":"hexamod:HeatMetal+1","floor":44}],"player_experience":945636,"relics_obtained":[{"floor":11,"key":"jedi:cryingmask"},{"floor":14,"key":"Akabeko"},{"floor":24,"key":"hubris:Reverence"},{"floor":31,"key":"infinitespire:Beetle Shell"},{"floor":41,"key":"conspire:DeflatedDodgeball"}],"event_choices":[{"damage_healed":0,"gold_gain":0,"player_choice":"Rummage","damage_taken":0,"relics_obtained":["WarpedTongs"],"max_hp_gain":0,"max_hp_loss":0,"event_name":"Accursed Blacksmith","floor":10,"gold_loss":0,"cards_obtained":["Pain"]},{"damage_healed":0,"gold_gain":0,"player_choice":"Stole Relic","damage_taken":0,"relics_obtained":["Orichalcum"],"max_hp_gain":0,"max_hp_loss":0,"event_name":"Addict","floor":22,"gold_loss":0,"cards_obtained":["Pride"]}],"is_beta":false,"boss_relics":[{"not_picked":["hubris:VirtuousBlindfold","Astrolabe"],"picked":"ChewingGum"},{"not_picked":["conspire:SpecialSausage","aspiration:RitualDagger"],"picked":"Empty Cage"}],"items_purged_floors":[],"is_endless":false,"potions_floor_spawned":[2,6,14,15,20,26,30,32,33,37,43],"killed_by":"4 Shapes","ascension_level":0}}