{"host":"wwmqne3dwir10erh","time":1612308324,"event":{"mods":["BaseMod","Better Note","Hubris","Mimic Mod","Minty Spire (QoL Compilation)","Replay The Spire","StSLib"],"gold_per_floor":[119,119,15,15,29,29,55,55,78,353,380,380,399,36,36,136,136,151,162,181,49,69,69,101,116,188,43,55,55,55,55,55,160,160,178,190,94,94,107,107,135,135,135,135,151,201,220,239,239,239],"floor_reached":51,"language":"ENG","playtime":2221,"items_purged":["Regret"],"score":815,"play_id":"71c004ff-fd0e-4ab6-aa9f-2f6a3686cb84","local_time":"20210202182524","is_ascension_mode":true,"campfire_choices":[{"floor":6.0,"key":"REST"},{"data":"hubris:Counter","floor":8.0,"key":"SMITH"},{"data":"Glass Knife","floor":12.0,"key":"SMITH"},{"data":"Blade Dance","floor":15.0,"key":"SMITH"},{"floor":23.0,"key":"REST"},{"floor":29.0,"key":"REST"},{"floor":32,"key":"DIG"},{"floor":40,"key":"REST"},{"data":"Noxious Fumes","floor":42,"key":"SMITH"},{"floor":49,"key":"REST"}],"circlet_count":0,"master_deck":["Survivor","Neutralize","ReplayTheSpireMod:Speed Training","Infinite Blades","Acrobatics","A Thousand Cuts+1","hubris:Counter+1","Tactician","Blade Dance+1","Dodge and Roll","PiercingWail","Cloak And Dagger","Flying Knee","Poisoned Stab","Footwork","Glass Knife+1","Deflect","Accuracy","Masterful Stab+1","Noxious Fumes+1","Dagger Spray+1","Accuracy","Tools of the Trade+1","Apotheosis+1","Die Die Die+1","Escape Plan","Bane+1","Magnetism+1","Tactician+1","hubris:EnhanceAbility+1","Discovery","Flash of Steel","Cloak And Dagger+1","Accuracy+1","Leg Sweep"],"relics":["Pandora\u0027s Box","Letter Opener","Regal Pillow","Centennial Puzzle","Membership Card","Quantum Egg","Guide Book","Golden Egg","hubris:Reverence","TungstenRod","hubris:MysteriousPyramids","hubris:VirtuousBlindfold","hubris:Icosahedron","Boot","Shuriken","Lizard Tail"],"acts_visited":["Exordium","TheCity","TheBeyond"],"potions_floor_usage":[47,50,50],"damage_taken":[{"damage":11.0,"enemies":"2 Louse","floor":1.0,"turns":3.0},{"damage":10.0,"enemies":"Small Slimes","floor":5.0,"turns":3.0},{"damage":12.0,"enemies":"Lagavulin","floor":7.0,"turns":5.0},{"damage":12.0,"enemies":"Replay:BlueRogue","floor":11.0,"turns":5.0},{"damage":0.0,"enemies":"Cultist","floor":13.0,"turns":3.0},{"damage":0.0,"enemies":"Hexaghost","floor":16.0,"turns":7.0},{"damage":15.0,"enemies":"3 Byrds","floor":18.0,"turns":4.0},{"damage":7.0,"enemies":"Shell Parasite","floor":19.0,"turns":3.0},{"damage":16.0,"enemies":"Snecko","floor":20.0,"turns":4.0},{"damage":6.0,"enemies":"3 Cultists","floor":22.0,"turns":3.0},{"damage":15.0,"enemies":"Replay:Snechameleon","floor":24.0,"turns":5.0},{"damage":10.0,"enemies":"Shelled Parasite and Fungi","floor":25.0,"turns":2.0},{"damage":12.0,"enemies":"Snake Plant","floor":28.0,"turns":3.0},{"damage":55,"enemies":"Collector","floor":33,"turns":7},{"damage":13,"enemies":"3 Darklings","floor":35,"turns":3},{"damage":17,"enemies":"Orb Walker","floor":36,"turns":3},{"damage":19,"enemies":"Spire Growth","floor":39,"turns":4},{"damage":10,"enemies":"Giant Head","floor":41,"turns":6},{"damage":10,"enemies":"3 Darklings","floor":45,"turns":4},{"damage":12,"enemies":"Mind Bloom Boss Battle","floor":46,"turns":4},{"damage":0,"enemies":"Transient","floor":47,"turns":5},{"damage":12,"enemies":"Jaw Worm Horde","floor":48,"turns":3},{"damage":46,"enemies":"Awakened One","floor":50,"turns":9}],"seed_played":"3138832522481035526","potions_obtained":[{"floor":1.0,"key":"Adrenaline Potion"},{"floor":13.0,"key":"Swift Potion"},{"floor":19.0,"key":"PowerPotion"},{"floor":24.0,"key":"CunningPotion"},{"floor":35,"key":"SmokeBomb"},{"floor":45,"key":"AttackPotion"},{"floor":46,"key":"SteroidPotion"},{"floor":48,"key":"Block Potion"}],"is_trial":false,"path_per_floor":["M","?","$","?","M","R","E","R","T","?","E","R","M","$","R","B",null,"M","M","M","$","M","R","E","M","T","$","M","R","?","?","R","B",null,"M","M","$","?","M","R","E","R","T","?","M","?","M","M","R","B",null],"character_chosen":"THE_SILENT","items_purchased":["Cloak And Dagger","Flying Knee","Membership Card","Quantum Egg","Accuracy","Guide Book","Dagger Spray+1","Accuracy","TungstenRod","Magnetism"],"campfire_rested":5,"item_purchase_floors":[3,3,14,14,14,21,21,21,27,37],"current_hp_per_floor":[59,59,59,59,49,70,58,58,58,58,46,46,46,46,46,46,70,55,48,32,32,26,62,47,37,37,37,25,61,61,61,61,6,70,57,40,40,40,21,57,47,47,47,38,28,16,16,4,40,35],"gold":239,"neow_bonus":"BOSS_RELIC","is_daily":false,"chose_seed":false,"campfire_upgraded":4,"win_rate":0.0,"timestamp":1612308324,"path_taken":["M","?","$","?","M","R","E","R","T","?","E","R","M","$","R","BOSS","M","?","M","$","M","R","E","M","T","$","M","R","?","?","R","BOSS","M","M","$","?","M","R","E","R","T","?","M","?","M","M","R","BOSS"],"items_purchased_type":["Card","Card","Relic","Relic","Card","Relic","Card","Card","Relic","Card"],"build_version":"2020-12-22","purchased_purges":1,"victory":true,"max_hp_per_floor":[70,70,70,70,70,70,70,70,70,70,70,70,70,70,70,70,70,70,70,70,70,70,70,70,70,70,70,70,70,70,70,70,70,70,70,70,70,70,70,70,70,70,70,70,70,70,70,70,70,70],"card_choices":[{"not_picked":["Crippling Poison","Bouncing Flask","Finisher"],"picked":"SKIP","floor":1.0},{"not_picked":["Backflip","Heel Hook","hubris:SlightOfHand"],"picked":"SKIP","floor":5.0},{"not_picked":["Blur","Eviscerate"],"picked":"Footwork","floor":7.0},{"not_picked":["Prepared","Hidden Blade"],"picked":"Glass Knife","floor":11.0},{"not_picked":["Blade Dance","Outmaneuver"],"picked":"Deflect","floor":13.0},{"not_picked":["PiercingWail+1","Dash"],"picked":"Masterful Stab+1","floor":18.0},{"not_picked":["Hidden Blade","Sucker Punch+1","Dagger Throw"],"picked":"SKIP","floor":19.0},{"not_picked":["Heel Hook+1","Backflip"],"picked":"Noxious Fumes","floor":20.0},{"not_picked":["Bane","Well Laid Plans","Cloak And Dagger"],"picked":"SKIP","floor":22.0},{"not_picked":["Riddle With Holes","hubris:TrickCloak"],"picked":"Tools of the Trade","floor":24.0},{"not_picked":["All Out Attack+1","Cloak And Dagger","Hidden Blade"],"picked":"SKIP","floor":25.0},{"not_picked":["Slice","hubris:SlightOfHand","Flying Knee"],"picked":"SKIP","floor":28.0},{"not_picked":["Burst","Malaise"],"picked":"Die Die Die","floor":33},{"not_picked":["Backflip+1","Poisoned Stab+1"],"picked":"Escape Plan","floor":35},{"not_picked":["Outmaneuver+1","ReplayTheSpireMod:Tripwire+1"],"picked":"Bane+1","floor":36},{"not_picked":["Masterful Stab+1","Outmaneuver+1","Toxin Wave+1"],"picked":"SKIP","floor":39},{"not_picked":["Outmaneuver+1","Noxious Fumes"],"picked":"Tactician+1","floor":41},{"not_picked":["The Bomb","Purity"],"picked":"hubris:EnhanceAbility","floor":44},{"not_picked":["Madness","Good Instincts"],"picked":"Discovery","floor":44},{"not_picked":["Deep Breath","Replay:Sssssssssstrike"],"picked":"Flash of Steel","floor":44},{"not_picked":["Prepared","Predator"],"picked":"Cloak And Dagger+1","floor":45},{"not_picked":["Deflect","Heel Hook+1"],"picked":"Accuracy+1","floor":46},{"not_picked":["ReplayTheSpireMod:Speed Training","Expertise","Dodge and Roll"],"picked":"SKIP","floor":47},{"not_picked":["Hidden Blade","Slice"],"picked":"Leg Sweep","floor":48}],"player_experience":2126216,"relics_obtained":[{"floor":7.0,"key":"Letter Opener"},{"floor":9.0,"key":"Regal Pillow"},{"floor":11.0,"key":"Centennial Puzzle"},{"floor":24.0,"key":"Golden Egg"},{"floor":26.0,"key":"hubris:Reverence"},{"floor":32,"key":"hubris:MysteriousPyramids"},{"floor":41,"key":"Boot"},{"floor":43,"key":"Shuriken"},{"floor":46,"key":"Lizard Tail"}],"event_choices":[{"damage_healed":0.0,"max_hp_gain":0.0,"max_hp_loss":0.0,"gold_gain":0.0,"cards_transformed":["Setup"],"event_name":"Living Wall","player_choice":"Change","floor":2.0,"gold_loss":0.0,"damage_taken":0.0,"cards_obtained":["PiercingWail"]},{"damage_healed":0.0,"max_hp_gain":0.0,"max_hp_loss":0.0,"gold_gain":275.0,"event_name":"Golden Shrine","player_choice":"Desecrate","floor":10.0,"gold_loss":0.0,"damage_taken":0.0,"cards_obtained":["Regret"]},{"cards_removed":["Apotheosis"],"damage_healed":0.0,"max_hp_gain":0.0,"max_hp_loss":0.0,"gold_gain":0.0,"event_name":"betterNote:BetterNote","player_choice":"Take \u0026 Give","floor":30.0,"gold_loss":0.0,"damage_taken":0.0,"cards_obtained":["Apotheosis"]},{"cards_removed":["A Thousand Cuts"],"damage_healed":0.0,"max_hp_gain":0.0,"max_hp_loss":0.0,"gold_gain":0.0,"event_name":"Back to Basics","player_choice":"Elegance","floor":31.0,"gold_loss":0.0,"damage_taken":0.0},{"damage_healed":0,"gold_gain":0,"player_choice":"Memory 3","damage_taken":10,"max_hp_gain":0,"max_hp_loss":0,"event_name":"SensoryStone","floor":44,"gold_loss":0},{"damage_healed":0,"gold_gain":0,"player_choice":"Fight","damage_taken":0,"max_hp_gain":0,"max_hp_loss":0,"event_name":"MindBloom","floor":46,"gold_loss":0}],"is_beta":false,"boss_relics":[{"not_picked":["Replay:Wanted Poster","hubris:BlackHole","ReplayTheSpireMod:DimensionalGlitch"]},{"not_picked":["Snecko Eye","SacredBark"],"picked":"hubris:VirtuousBlindfold"}],"items_purged_floors":[14],"is_endless":false,"potions_floor_spawned":[1,13,19,24,35,45,46,48],"ascension_level":1}}