{"host":"89frlrzg3lfsymiq","time":1612298240,"event":{"mods":["2.2 Compatiblity","AchievementEnabler","Aspiration","BaseMod","Better Altar","Better Match","Better Note","Better Sensory Stone","Better Skull","Better Third Choice","Conspire","Downfall","GifTheSpireLib","Halation","Highlight Path","Hubris","Minty Spire (QoL Compilation)","Permanent Neow","Quick Restart","StSLib","The Blue Laboratory","The Cursed","The Jungle","The Necromancer","The Runesmith"],"gold_per_floor":[116,116,136,86,13,44,69,69,69,83,114,127,127,127],"floor_reached":13,"language":"ENG","playtime":394,"items_purged":[],"score":128,"play_id":"e3520a19-4dbe-40d2-91ab-953e66649483","local_time":"20210202153720","daily_mods":["Hoarder","DeadlyEvents"],"is_ascension_mode":false,"campfire_choices":[{"floor":8,"key":"REST"}],"circlet_count":0,"master_deck":["Strike_B","Strike_B","Strike_B","Strike_B","Defend_B","Defend_B","Defend_B","Defend_B","Zap","Dualcast","Gash","Gash","Gash","Injury","Injury","Gash+1","Gash+1","Gash+1","Seek","Seek","Seek","Gash+1","Gash+1","Gash+1","Beam Cell+1","Beam Cell+1","Beam Cell+1","Sweeping Beam+1","Sweeping Beam+1","Sweeping Beam+1","Conserve Battery","Conserve Battery","Conserve Battery"],"relics":["Cracked Core","Molten Egg 2","Guardian:PocketSentry","Centennial Puzzle","Runesmith:AutoHammer","hubris:SlimyHat"],"acts_visited":["Exordium"],"potions_floor_usage":[13,13],"damage_taken":[{"damage":2,"enemies":"2 Louse","floor":1,"turns":2},{"damage":6,"enemies":"Jaw Worm","floor":3,"turns":3},{"damage":35,"enemies":"Gremlin Nob","floor":6,"turns":4},{"damage":18,"enemies":"3 Sentries","floor":7,"turns":4},{"damage":0,"enemies":"Cultist","floor":10,"turns":2},{"damage":8,"enemies":"Lagavulin","floor":11,"turns":3},{"damage":10,"enemies":"Lots of Slimes","floor":12,"turns":2},{"damage":19,"enemies":"Gremlin Nob","floor":13,"turns":3}],"seed_played":"-481209449200649817","potions_obtained":[{"floor":10,"key":"blueLaboratory:NullPotion"},{"floor":11,"key":"blueLaboratory:HummingbirdPotion"}],"is_trial":true,"path_per_floor":["M","?","M","?","$","E","E","R","T","M","E","M","E"],"character_chosen":"DEFECT","items_purchased":["Seek"],"campfire_rested":1,"item_purchase_floors":[5],"current_hp_per_floor":[73,73,67,67,67,32,14,36,36,36,28,18,0,0],"gold":127,"neow_bonus":"","is_daily":false,"chose_seed":false,"campfire_upgraded":0,"win_rate":0.0,"timestamp":1612298240,"path_taken":["M","?","M","?","?","E","?","R","T","?","?","M","?"],"items_purchased_type":["Card"],"build_version":"2020-12-22","purchased_purges":0,"victory":false,"max_hp_per_floor":[75,75,75,75,75,75,75,75,75,75,75,75,75,75],"card_choices":[{"not_picked":["Beam Cell","Fusion"],"picked":"Gash","floor":1},{"not_picked":["Beam Cell+1","Coolheaded"],"picked":"Gash+1","floor":3},{"not_picked":["Double Energy","Coolheaded","Barrage+1"],"picked":"SKIP","floor":6},{"not_picked":["Blizzard+1","Darkness"],"picked":"Gash+1","floor":7},{"not_picked":["Fission","Conserve Battery"],"picked":"Beam Cell+1","floor":10},{"not_picked":["Hologram","Coolheaded"],"picked":"Sweeping Beam+1","floor":11},{"not_picked":["Ball Lightning+1","Cold Snap+1"],"picked":"Conserve Battery","floor":12}],"player_experience":220004,"relics_obtained":[{"floor":6,"key":"Guardian:PocketSentry"},{"floor":7,"key":"Centennial Puzzle"},{"floor":9,"key":"Runesmith:AutoHammer"},{"floor":11,"key":"hubris:SlimyHat"}],"event_choices":[{"cards_removed":["Injury"],"damage_healed":0,"gold_gain":0,"player_choice":"Card Removal","damage_taken":0,"max_hp_gain":0,"max_hp_loss":0,"event_name":"The Cleric","floor":4,"gold_loss":50}],"is_beta":false,"boss_relics":[],"items_purged_floors":[],"is_endless":false,"potions_floor_spawned":[10,11],"killed_by":"Gremlin Nob","ascension_level":0}}