{"host":"sian7qp8a9pc9xwd","time":1612229088,"event":{"mods":["BaseMod","Minty Spire (QoL Compilation)","StSLib","SuperFastMode"],"gold_per_floor":[118,118,132,142,159,159,174,174,174,191,191,191,206,51,51,129,129,143,68,68,68,68,68,68,68],"floor_reached":24,"language":"ENG","playtime":3187,"items_purged":[],"score":326,"play_id":"1e79d16b-023b-4bea-8d42-827db2a87bff","local_time":"20210201202448","is_ascension_mode":true,"campfire_choices":[{"data":"Defragment","floor":6,"key":"SMITH"},{"data":"Zap","floor":8,"key":"SMITH"},{"floor":11,"key":"REST"},{"data":"Dualcast","floor":15,"key":"SMITH"},{"data":"Multi-Cast","floor":23,"key":"SMITH"}],"circlet_count":0,"master_deck":["AscendersBane","Strike_B","Strike_B","Defend_B","Defend_B","Defend_B","Defend_B","Zap+1","Dualcast+1","Defragment+1","Tempest","Conserve Battery","Conserve Battery","Defragment+1","Multi-Cast+1","RitualDagger"],"relics":["Velvet Choker","Symbiotic Virus","Orichalcum","SlaversCollar","MutagenicStrength","Shuriken"],"acts_visited":["Exordium","TheCity"],"potions_floor_usage":[5,5,24],"damage_taken":[{"damage":0.0,"enemies":"Cultist","floor":1.0,"turns":3.0},{"damage":8.0,"enemies":"2 Louse","floor":3.0,"turns":2.0},{"damage":7.0,"enemies":"Jaw Worm","floor":4.0,"turns":3.0},{"damage":28,"enemies":"Gremlin Gang","floor":5,"turns":4},{"damage":4,"enemies":"Exordium Wildlife","floor":7,"turns":3},{"damage":0,"enemies":"3 Louse","floor":10,"turns":4},{"damage":1,"enemies":"Exordium Thugs","floor":13,"turns":3},{"damage":25,"enemies":"Hexaghost","floor":16,"turns":9},{"damage":12,"enemies":"Spheric Guardian","floor":18,"turns":4},{"damage":30,"enemies":"Book of Stabbing","floor":24,"turns":4}],"seed_played":"-4107200256556813794","potions_obtained":[{"floor":1.0,"key":"LiquidMemories"},{"floor":4.0,"key":"SteroidPotion"},{"floor":13,"key":"Strength Potion"},{"floor":16,"key":"FearPotion"},{"floor":18,"key":"AttackPotion"}],"is_trial":false,"path_per_floor":["M","?","M","M","M","R","M","R","T","M","R","?","M","$","R","B",null,"M","?","?","?","T","R","E"],"character_chosen":"DEFECT","items_purchased":["Orichalcum"],"campfire_rested":1,"item_purchase_floors":[14],"current_hp_per_floor":[64,64,56,49,21,21,17,17,17,17,38,38,37,37,37,12,56,44,44,38,38,38,38,8,8],"gold":68,"neow_bonus":"BOSS_RELIC","is_daily":false,"chose_seed":false,"campfire_upgraded":4,"win_rate":0.0,"timestamp":1612229088,"path_taken":["M","?","M","M","M","R","M","R","T","M","R","?","M","$","R","BOSS","M","?","?","?","?","R","E"],"items_purchased_type":["Relic"],"build_version":"2020-12-22","purchased_purges":0,"victory":false,"max_hp_per_floor":[71,71,71,71,71,71,71,71,71,71,71,71,71,71,71,71,71,71,71,71,71,71,71,71,71],"card_choices":[{"not_picked":["Storm","Recycle"],"picked":"Defragment","floor":1.0},{"not_picked":["Leap","Aggregate"],"picked":"Conserve Battery","floor":3.0},{"not_picked":["Steam Power","Doom and Gloom","Go for the Eyes"],"picked":"SKIP","floor":4.0},{"not_picked":["Go for the Eyes","Self Repair"],"picked":"Conserve Battery","floor":5},{"not_picked":["Self Repair","Darkness","Sweeping Beam"],"picked":"SKIP","floor":7},{"not_picked":["FTL","Coolheaded"],"picked":"Defragment","floor":10},{"not_picked":["Scrape","Consume","Steam"],"picked":"SKIP","floor":13},{"not_picked":["Rainbow","Biased Cognition"],"picked":"Multi-Cast","floor":16},{"not_picked":["Steam Power","Rebound","Self Repair"],"picked":"SKIP","floor":18}],"player_experience":867371,"relics_obtained":[{"floor":9,"key":"Symbiotic Virus"},{"floor":22,"key":"Shuriken"}],"event_choices":[{"damage_healed":0.0,"max_hp_gain":0.0,"max_hp_loss":0.0,"gold_gain":0.0,"cards_transformed":["Strike_B"],"event_name":"Living Wall","player_choice":"Change","floor":2.0,"gold_loss":0.0,"damage_taken":0.0,"cards_obtained":["Tempest"]},{"damage_healed":0,"gold_gain":0,"player_choice":"Forge","damage_taken":0,"max_hp_gain":0,"max_hp_loss":0,"event_name":"Accursed Blacksmith","floor":12,"gold_loss":0,"cards_upgraded":["Defragment"]},{"cards_removed":["Strike_B"],"damage_healed":0,"gold_gain":0,"player_choice":"Gave Gold","damage_taken":0,"max_hp_gain":0,"max_hp_loss":0,"event_name":"Beggar","floor":19,"gold_loss":75},{"damage_healed":0,"gold_gain":0,"player_choice":"Joined the Cult","damage_taken":6,"max_hp_gain":0,"max_hp_loss":0,"event_name":"Nest","floor":20,"gold_loss":0,"cards_obtained":["RitualDagger"]},{"damage_healed":0,"gold_gain":0,"player_choice":"Inject Mutagens","damage_taken":0,"relics_obtained":["MutagenicStrength"],"max_hp_gain":0,"max_hp_loss":0,"event_name":"Drug Dealer","floor":21,"gold_loss":0}],"is_beta":false,"boss_relics":[{"not_picked":["Cursed Key","SacredBark"],"picked":"SlaversCollar"}],"items_purged_floors":[],"is_endless":false,"potions_floor_spawned":[1,4,13,16,18],"killed_by":"Book of Stabbing","ascension_level":15}}