{"host":"soyfmymeou4emntr","time":1612249353,"event":{"mods":["BaseMod","BetterRewards","Minty Spire (QoL Compilation)","Relic Sorter","Relic Stats","StSLib"],"gold_per_floor":[113,38,52,52,67,95,95,126,152,152,162,179,179,193,193,267,267,277,277,297,297,3,14,14,27,27,27,62,82,82,82],"floor_reached":30,"language":"ENG","playtime":3800,"items_purged":[],"score":549,"play_id":"e1a02101-a604-4dcb-a605-e62b3c9d964b","local_time":"20210202000233","is_ascension_mode":true,"campfire_choices":[{"floor":7.0,"key":"REST"},{"floor":10.0,"key":"REST"},{"data":"Venomology","floor":13.0,"key":"SMITH"},{"data":"A Thousand Cuts","floor":15.0,"key":"SMITH"},{"floor":27.0,"key":"REST"}],"circlet_count":0,"master_deck":["AscendersBane","Defend_G","Defend_G","Defend_G","Defend_G","Defend_G","Survivor","Neutralize","A Thousand Cuts+1","Well Laid Plans","Cloak And Dagger","Dagger Throw","Deadly Poison","Terror","Venomology+1","Dodge and Roll","Dodge and Roll","Wraith Form v2","Poisoned Stab","Bite","Bite","Bite","Bite","Bite","Acrobatics","Calculated Gamble","Blade Dance","Neutralize","Underhanded Strike","Prepared+1","PiercingWail","Footwork+1"],"relics":["Ring of the Snake","Omamori","Art of War","Eternal Feather","Toy Ornithopter","Calling Bell","Vajra","White Beast Statue","Dead Branch","Tough Bandages","Membership Card","Lantern","Bag of Preparation","Smiling Mask"],"acts_visited":["Exordium","TheCity"],"potions_floor_usage":[28,28,29,30,30,30],"damage_taken":[{"damage":5.0,"enemies":"Small Slimes","floor":1.0,"turns":4.0},{"damage":4.0,"enemies":"Jaw Worm","floor":3.0,"turns":6.0},{"damage":4.0,"enemies":"Cultist","floor":5.0,"turns":5.0},{"damage":20.0,"enemies":"Lagavulin","floor":6.0,"turns":10.0},{"damage":43.0,"enemies":"3 Sentries","floor":8.0,"turns":10.0},{"damage":4.0,"enemies":"Blue Slaver","floor":11.0,"turns":5.0},{"damage":13.0,"enemies":"Large Slime","floor":12.0,"turns":5.0},{"damage":12.0,"enemies":"Exordium Thugs","floor":14.0,"turns":6.0},{"damage":37.0,"enemies":"Slime Boss","floor":16.0,"turns":11.0},{"damage":31.0,"enemies":"Shell Parasite","floor":18.0,"turns":8.0},{"damage":22.0,"enemies":"Spheric Guardian","floor":20.0,"turns":5.0},{"damage":21.0,"enemies":"3 Cultists","floor":23.0,"turns":6.0},{"damage":13.0,"enemies":"Snecko","floor":25.0,"turns":5.0},{"damage":13,"enemies":"Book of Stabbing","floor":28,"turns":5},{"damage":5,"enemies":"Shelled Parasite and Fungi","floor":29,"turns":5},{"damage":83,"enemies":"Gremlin Leader","floor":30,"turns":7}],"seed_played":"-5816065661088132781","potions_obtained":[{"floor":1.0,"key":"GhostInAJar"},{"floor":3.0,"key":"Explosive Potion"},{"floor":6.0,"key":"GamblersBrew"},{"floor":8.0,"key":"Poison Potion"},{"floor":18.0,"key":"Strength Potion"},{"floor":20.0,"key":"ColorlessPotion"},{"floor":25.0,"key":"Fire Potion"},{"floor":28,"key":"GhostInAJar"}],"is_trial":false,"path_per_floor":["M","?","M","T","M","E","R","E","T","R","M","M","R","M","R","B",null,"M","?","M","T","$","M","?","M","T","R","E","M","E"],"character_chosen":"THE_SILENT","items_purchased":["Membership Card","Calculated Gamble","Lantern"],"campfire_rested":3,"item_purchase_floors":[22,22,22],"current_hp_per_floor":[54,54,50,50,46,26,45,2,2,30,26,23,35,28,40,8,52,26,26,12,12,12,8,8,9,9,40,42,46,0,0],"gold":82,"neow_bonus":"ONE_RANDOM_RARE_CARD","is_daily":false,"chose_seed":false,"campfire_upgraded":2,"win_rate":0.0,"timestamp":1612249353,"path_taken":["M","?","M","?","M","E","R","E","T","R","M","M","R","M","R","BOSS","M","?","M","?","$","M","?","?","T","R","E","M","E"],"items_purchased_type":["Relic","Card","Relic"],"build_version":"2020-12-22","purchased_purges":0,"victory":false,"max_hp_per_floor":[66,66,66,66,66,66,66,66,66,66,66,66,66,66,66,66,66,66,46,46,46,46,46,46,46,46,46,46,46,46,46],"relic_stats":{"Tough Bandages":[66],"counters":[16,103],"Dead Branch":[46],"Eternal Feather":51,"Art of War":[16],"Bag of Preparation":[6],"Smiling Mask":0,"obtain_stats":[{"Lantern":22,"Dead Branch":17,"Vajra":17,"Eternal Feather":8,"Omamori":4,"Bag of Preparation":26,"Smiling Mask":28,"White Beast Statue":17,"Calling Bell":17,"Tough Bandages":21,"Art of War":6,"Membership Card":22,"Toy Ornithopter":9,"Ring of the Snake":0},{"Lantern":11,"Dead Branch":9,"Vajra":9,"Eternal Feather":5,"Omamori":2,"Bag of Preparation":13,"Smiling Mask":14,"White Beast Statue":9,"Calling Bell":9,"Tough Bandages":11,"Art of War":4,"Membership Card":11,"Toy Ornithopter":5,"Ring of the Snake":0},{"Lantern":75,"Dead Branch":62,"Vajra":62,"Eternal Feather":35,"Omamori":10,"Bag of Preparation":86,"Smiling Mask":91,"White Beast Statue":62,"Calling Bell":62,"Tough Bandages":75,"Art of War":25,"Membership Card":75,"Toy Ornithopter":35,"Ring of the Snake":0}],"Toy Ornithopter":64,"Ring of the Snake":[32]},"card_choices":[{"not_picked":["Catalyst","Finisher"],"picked":"Well Laid Plans","floor":1.0},{"not_picked":["Flechettes","Predator"],"picked":"Cloak And Dagger","floor":3.0},{"not_picked":["Quick Slash","Leg Sweep"],"picked":"Dagger Throw","floor":5.0},{"not_picked":["Riddle With Holes","Slice"],"picked":"Deadly Poison","floor":6.0},{"not_picked":["Reflex","Masterful Stab"],"picked":"Terror","floor":8.0},{"not_picked":["Dagger Throw","Footwork"],"picked":"Venomology","floor":11.0},{"not_picked":["Underhanded Strike","Outmaneuver"],"picked":"Dodge and Roll","floor":12.0},{"not_picked":["Tactician","Outmaneuver"],"picked":"Dodge and Roll","floor":14.0},{"not_picked":["A Thousand Cuts","Phantasmal Killer"],"picked":"Wraith Form v2","floor":16.0},{"not_picked":["Outmaneuver","Backflip"],"picked":"Poisoned Stab","floor":18.0},{"not_picked":["Prepared","Dagger Throw"],"picked":"Acrobatics","floor":20.0},{"not_picked":["Finisher","Endless Agony"],"picked":"Blade Dance","floor":23.0},{"not_picked":["Cloak And Dagger","Slice+1"],"picked":"Prepared+1","floor":25.0},{"not_picked":["Catalyst","Crippling Poison+1"],"picked":"PiercingWail","floor":28},{"not_picked":["Deadly Poison","All Out Attack"],"picked":"Footwork+1","floor":29}],"player_experience":2991677,"relics_obtained":[{"floor":4.0,"key":"Omamori"},{"floor":6.0,"key":"Art of War"},{"floor":8.0,"key":"Eternal Feather"},{"floor":9.0,"key":"Toy Ornithopter"},{"floor":17.0,"key":"Vajra"},{"floor":17.0,"key":"White Beast Statue"},{"floor":17.0,"key":"Dead Branch"},{"floor":21.0,"key":"Tough Bandages"},{"floor":26.0,"key":"Bag of Preparation"},{"floor":28,"key":"Smiling Mask"}],"event_choices":[{"cards_removed":["Strike_G"],"damage_healed":0.0,"max_hp_gain":0.0,"max_hp_loss":0.0,"gold_gain":0.0,"event_name":"The Cleric","player_choice":"Card Removal","floor":2.0,"gold_loss":75.0,"damage_taken":0.0},{"damage_healed":0.0,"max_hp_gain":0.0,"max_hp_loss":20.0,"gold_gain":0.0,"event_name":"Vampires","player_choice":"Became a vampire","floor":19.0,"gold_loss":0.0,"damage_taken":0.0,"cards_obtained":["Bite","Bite","Bite","Bite","Bite"]},{"damage_healed":0.0,"max_hp_gain":0.0,"max_hp_loss":0.0,"gold_gain":0.0,"event_name":"Match and Keep!","player_choice":"2 cards matched","floor":24.0,"gold_loss":0.0,"damage_taken":0.0,"cards_obtained":["Neutralize","Underhanded Strike"]}],"is_beta":false,"boss_relics":[{"not_picked":["Pandora\u0027s Box","HoveringKite"],"picked":"Calling Bell"}],"items_purged_floors":[],"is_endless":false,"potions_floor_spawned":[1,3,6,8,18,20,23,25,28,29],"killed_by":"Gremlin Leader","ascension_level":20}}