{"host":"bvp2uifzy1c463d9","time":1612241301,"event":{"mods":["AchievementEnabler","BaseMod","Block Reminder","ChefMod","Colored Map","Colored Powertips","Hermit","Highlight Path","Infinite Spire","Minty Spire (QoL Compilation)","Random Character Button","Relic Stats","Reliquary","Replay The Spire","StSLib","The Jungle","The Servant 0.9.4"],"gold_per_floor":[115,115,115,115,115,115,170,170,248,248,261,288,306,324,324,425,425,435,452,452,463,463,463],"floor_reached":22,"language":"ENG","playtime":1102,"items_purged":[],"score":193,"play_id":"5e9729d8-ef75-4fc1-8393-11e5388e997c","local_time":"20210201224821","is_ascension_mode":true,"campfire_choices":[{"data":"hermit:Maintenance","floor":6,"key":"SMITH"},{"data":"hermit:Covet","floor":8,"key":"SMITH"},{"data":"hermit:Snapshot","floor":10,"key":"SMITH"},{"floor":15,"key":"REST"}],"circlet_count":0,"master_deck":["hermit:Strike_Hermit","hermit:Strike_Hermit+1","hermit:Strike_Hermit","hermit:Strike_Hermit","hermit:Defend_Hermit","hermit:Defend_Hermit","hermit:Defend_Hermit","hermit:Defend_Hermit","hermit:Snapshot+1","hermit:Covet+1","hermit:Maintenance+1","hermit:Desperado","hermit:EyeOfTheStorm","hermit:BodyArmor","hermit:Determination","hermit:HighNoon","hermit:Determination","hermit:BodyArmor","hermit:Virtue","hermit:Strike_Hermit"],"relics":["hermit:Momento","infinitespire:Beetle Shell","reliquary:PrincelyHelmet","Dream Catcher","Bottled Lightning","Pondfish Scales","ChewingGum"],"acts_visited":["Exordium","TheCity"],"potions_floor_usage":[18,22],"damage_taken":[{"damage":0,"enemies":"2 Louse","floor":1,"turns":2},{"damage":0,"enemies":"Small Slimes","floor":11,"turns":2},{"damage":9,"enemies":"3 Sentries","floor":12,"turns":6},{"damage":0,"enemies":"Jaw Worm","floor":13,"turns":2},{"damage":0,"enemies":"Looter","floor":14,"turns":3},{"damage":31,"enemies":"Slime Boss","floor":16,"turns":12},{"damage":12,"enemies":"Spheric Guardian","floor":18,"turns":4},{"damage":0,"enemies":"Shell Parasite","floor":19,"turns":4},{"damage":24,"enemies":"Snake Plant","floor":21,"turns":5},{"damage":45,"enemies":"Chosen and Byrds","floor":22,"turns":6}],"seed_played":"-5051628652616031652","potions_obtained":[{"floor":13,"key":"GamblersBrew"},{"floor":18,"key":"Elixir"},{"floor":19,"key":"EssenceOfSteel"}],"is_trial":false,"path_per_floor":["M","?","?","T","$","R","T","R","T","R","M","E","M","M","R","B",null,"M","M","?","M","M"],"character_chosen":"HERMIT","items_purchased":[],"campfire_rested":1,"item_purchase_floors":[],"current_hp_per_floor":[75,75,75,75,75,75,75,75,75,75,75,66,66,66,75,44,75,63,63,63,39,0,0],"gold":463,"neow_bonus":"RANDOM_COMMON_RELIC","is_daily":false,"chose_seed":false,"campfire_upgraded":3,"win_rate":0.0,"timestamp":1612241301,"path_taken":["M","?","?","?","$","R","?","R","T","R","M","E","?","M","R","BOSS","M","M","?","M","M"],"items_purchased_type":[],"build_version":"2020-12-22","purchased_purges":0,"victory":false,"max_hp_per_floor":[75,75,75,75,75,75,75,75,75,75,75,75,75,75,75,75,75,75,75,75,75,75,75],"relic_stats":{"Dream Catcher":1,"counters":[10,46],"obtain_stats":[{"Dream Catcher":7,"Pondfish Scales":12,"reliquary:PrincelyHelmet":4,"ChewingGum":17,"infinitespire:Beetle Shell":0,"Bottled Lightning":9,"hermit:Momento":0},{"Dream Catcher":1,"Pondfish Scales":3,"reliquary:PrincelyHelmet":1,"ChewingGum":6,"infinitespire:Beetle Shell":0,"Bottled Lightning":1,"hermit:Momento":0},{"Dream Catcher":2,"Pondfish Scales":10,"reliquary:PrincelyHelmet":2,"ChewingGum":27,"infinitespire:Beetle Shell":0,"Bottled Lightning":2,"hermit:Momento":0}]},"card_choices":[{"not_picked":["hermit:ItchyTrigger","hermit:TrackingShot"],"picked":"hermit:Maintenance","floor":1},{"not_picked":["hermit:ItchyTrigger","hermit:HoleUp"],"picked":"hermit:Desperado","floor":11},{"not_picked":["hermit:Feint","hermit:Combo"],"picked":"hermit:EyeOfTheStorm","floor":12},{"not_picked":["hermit:Spite","hermit:TrackingShot"],"picked":"hermit:BodyArmor","floor":13},{"not_picked":["hermit:Maintenance","hermit:Combo","hermit:Horror"],"picked":"SKIP","floor":14},{"not_picked":["hermit:Headshot","hermit:Dive"],"picked":"hermit:Determination","floor":15},{"not_picked":["hermit:Magnum","hermit:HeroicBravado"],"picked":"hermit:HighNoon","floor":16},{"not_picked":["hermit:TrackingShot","hermit:Misfire","hermit:Snipe+1"],"picked":"SKIP","floor":18},{"not_picked":["hermit:FlashPowder","hermit:Headshot"],"picked":"hermit:Determination","floor":19},{"not_picked":["hermit:Spite","hermit:Grudge","hermit:SprayPray+1"],"picked":"SKIP","floor":21}],"player_experience":224647,"relics_obtained":[{"floor":4,"key":"reliquary:PrincelyHelmet"},{"floor":7,"key":"Dream Catcher"},{"floor":9,"key":"Bottled Lightning"},{"floor":12,"key":"Pondfish Scales"}],"event_choices":[{"damage_healed":0,"gold_gain":0,"player_choice":"3 cards matched","damage_taken":0,"max_hp_gain":0,"max_hp_loss":0,"event_name":"Match and Keep!","floor":20,"gold_loss":0,"cards_obtained":["hermit:BodyArmor","hermit:Virtue","hermit:Strike_Hermit"]}],"is_beta":false,"boss_relics":[{"not_picked":["Fusion Hammer","Replay:Drink Me"],"picked":"ChewingGum"}],"items_purged_floors":[],"is_endless":false,"potions_floor_spawned":[13,18,19],"killed_by":"Chosen and Byrds","ascension_level":1}}