{"host":"o1umn66c6cmsknp2","time":1612270274,"event":{"mods":["BaseMod","Colored Map","DeckTracker","Highlight Path","Keyboard Shortcuts","Minty Spire (QoL Compilation)","Permanent Neow","SuperFastMode","Unceasing Turn Reminder","everything is the same but u backflip on backflip"],"gold_per_floor":[117,117,117,140,140,140,184,184,211,234,8,23,43,8,8,131,131,144,144,188,188,207,207,235,9,34,53,53,4,4,34,34,134,134,148,148,80,97,109,109,139,151,200,220,220,220,250,262,262,262],"floor_reached":51,"language":"KOR","playtime":1519,"items_purged":["Strike_G"],"score":1227,"play_id":"dbc3410f-e8ff-4b19-ba0a-96add67b3695","local_time":"20210202215114","is_ascension_mode":true,"campfire_choices":[{"data":"Neutralize","floor":6,"key":"SMITH"},{"data":"Corpse Explosion","floor":8,"key":"SMITH"},{"data":"Crippling Poison","floor":15,"key":"SMITH"},{"data":"Deadly Poison","floor":23,"key":"SMITH"},{"data":"Dash","floor":32,"key":"SMITH"},{"floor":40,"key":"REST"},{"floor":46,"key":"REST"},{"floor":49,"key":"REST"}],"circlet_count":0,"master_deck":["AscendersBane","Strike_G+1","Strike_G+1","Strike_G+1","Defend_G+1","Defend_G+1","Defend_G+1","Defend_G+1","Defend_G+1","Survivor","Neutralize+1","Corpse Explosion+1","Dash+1","Bouncing Flask+1","Poisoned Stab","Crippling Poison+1","Bouncing Flask+1","Calculated Gamble","Necronomicurse","Deadly Poison+1","Blur","Backflip","Riddle With Holes","Backflip+1","After Image","Catalyst+1","Deadly Poison+1","Blur+1","Noxious Fumes+1"],"relics":["Ring of the Snake","Bloody Idol","Singing Bowl","Lantern","DollysMirror","Sozu","Necronomicon","Red Mask","Mercury Hourglass","Lee\u0027s Waffle","War Paint","Toxic Egg 2","Fusion Hammer","Bronze Scales","Happy Flower","Bottled Lightning"],"acts_visited":["Exordium","TheCity","TheBeyond"],"potions_floor_usage":[50],"damage_taken":[{"damage":2,"enemies":"2 Louse","floor":1,"turns":2},{"damage":0,"enemies":"Small Slimes","floor":4,"turns":3},{"damage":19,"enemies":"3 Sentries","floor":7,"turns":4},{"damage":0,"enemies":"Jaw Worm","floor":10,"turns":2},{"damage":0,"enemies":"2 Fungi Beasts","floor":12,"turns":2},{"damage":0,"enemies":"Blue Slaver","floor":13,"turns":2},{"damage":37,"enemies":"Slime Boss","floor":16,"turns":12},{"damage":0,"enemies":"Chosen","floor":18,"turns":4},{"damage":0,"enemies":"Masked Bandits","floor":20,"turns":1},{"damage":0,"enemies":"Spheric Guardian","floor":22,"turns":2},{"damage":31,"enemies":"Book of Stabbing","floor":24,"turns":5},{"damage":0,"enemies":"Snake Plant","floor":27,"turns":2},{"damage":14,"enemies":"Slavers","floor":31,"turns":4},{"damage":46,"enemies":"Champ","floor":33,"turns":10},{"damage":11,"enemies":"3 Darklings","floor":35,"turns":3},{"damage":0,"enemies":"3 Shapes","floor":38,"turns":3},{"damage":0,"enemies":"3 Darklings","floor":39,"turns":2},{"damage":48,"enemies":"Reptomancer","floor":41,"turns":7},{"damage":8,"enemies":"Jaw Worm Horde","floor":42,"turns":4},{"damage":0,"enemies":"Transient","floor":44,"turns":5},{"damage":0,"enemies":"Giant Head","floor":47,"turns":5},{"damage":7,"enemies":"Maw","floor":48,"turns":6},{"damage":48,"enemies":"Time Eater","floor":50,"turns":10}],"seed_played":"8456193565014026774","potions_obtained":[{"floor":4,"key":"Dexterity Potion"},{"floor":7,"key":"SpeedPotion"}],"is_trial":false,"path_per_floor":["M","?","?","M","?","R","E","R","T","M","$","M","M","?","R","B",null,"M","?","?","?","M","R","E","$","T","M","?","$","?","E","R","B",null,"M","?","$","M","M","R","E","M","T","M","?","R","E","M","R","B",null],"character_chosen":"THE_SILENT","items_purchased":["DollysMirror","Lee\u0027s Waffle","Blur","Backflip","Catalyst+1"],"campfire_rested":3,"item_purchase_floors":[11,25,25,29,37],"current_hp_per_floor":[61,61,61,61,61,61,42,42,42,42,42,42,44,60,60,23,56,58,42,44,44,49,49,25,80,80,82,82,82,82,73,73,32,70,66,66,66,71,76,84,43,42,47,54,54,79,84,84,87,39],"gold":262,"neow_bonus":"ONE_RANDOM_RARE_CARD","is_daily":false,"chose_seed":false,"campfire_upgraded":5,"win_rate":0.0,"timestamp":1612270274,"path_taken":["M","?","?","M","?","R","E","R","T","M","?","M","M","?","R","BOSS","M","?","?","?","?","R","E","$","T","M","?","?","?","E","R","BOSS","M","?","$","M","M","R","E","M","T","M","?","R","E","M","R","BOSS"],"items_purchased_type":["Relic","Relic","Card","Card","Card"],"build_version":"2020-12-22","purchased_purges":1,"victory":true,"max_hp_per_floor":[70,70,65,65,65,65,65,65,65,65,65,65,67,67,67,67,67,69,69,71,71,71,71,73,80,80,82,82,82,82,82,82,82,82,84,84,84,84,84,84,86,88,88,90,85,85,85,87,87,87],"card_choices":[{"not_picked":["Quick Slash","Expertise"],"picked":"Dash","floor":1},{"not_picked":["Cloak And Dagger","Underhanded Strike"],"picked":"Bouncing Flask","floor":4},{"not_picked":["Prepared","Acrobatics"],"picked":"Poisoned Stab","floor":7},{"not_picked":["Escape Plan","Heel Hook"],"picked":"Crippling Poison","floor":10},{"not_picked":["Blade Dance","Well Laid Plans"],"picked":"Calculated Gamble","floor":12},{"not_picked":["Well Laid Plans","Heel Hook","Flying Knee"],"picked":"Singing Bowl","floor":13},{"not_picked":["Grand Finale","Storm of Steel"],"picked":"Die Die Die","floor":16},{"not_picked":["Expertise","Dagger Throw","Outmaneuver"],"picked":"Singing Bowl","floor":18},{"not_picked":["Endless Agony+1","Outmaneuver","Distraction"],"picked":"Singing Bowl","floor":20},{"not_picked":["Dagger Spray","Setup"],"picked":"Deadly Poison","floor":22},{"not_picked":["Endless Agony+1","Caltrops","Outmaneuver"],"picked":"Singing Bowl","floor":24},{"not_picked":["Deflect","Underhanded Strike","Caltrops"],"picked":"Singing Bowl","floor":27},{"not_picked":["Leg Sweep+1","Dagger Throw"],"picked":"Backflip+1","floor":31},{"not_picked":["Envenom","Malaise+1"],"picked":"After Image","floor":33},{"not_picked":["Heel Hook+1","Flechettes+1","Skewer+1"],"picked":"Singing Bowl","floor":35},{"not_picked":["Flying Knee","Cloak And Dagger+1"],"picked":"Deadly Poison+1","floor":38},{"not_picked":["Predator","Masterful Stab+1"],"picked":"Blur+1","floor":39},{"not_picked":["Setup+1","Tools of the Trade","Deflect+1"],"picked":"Singing Bowl","floor":41},{"not_picked":["Heel Hook+1","Bane+1","Underhanded Strike"],"picked":"Singing Bowl","floor":42},{"not_picked":["Bane","Setup+1","Backstab+1"],"picked":"Singing Bowl","floor":44},{"not_picked":["Noxious Fumes+1","Endless Agony+1","Calculated Gamble+1"],"picked":"SKIP","floor":47},{"not_picked":["Endless Agony+1","Calculated Gamble+1"],"picked":"Noxious Fumes+1","floor":47},{"not_picked":["Blade Dance+1","Quick Slash+1","Deflect+1"],"picked":"Singing Bowl","floor":48}],"player_experience":383296,"relics_obtained":[{"floor":7,"key":"Singing Bowl"},{"floor":9,"key":"Lantern"},{"floor":19,"key":"Necronomicon"},{"floor":20,"key":"Red Mask"},{"floor":24,"key":"Mercury Hourglass"},{"floor":26,"key":"War Paint"},{"floor":31,"key":"Toxic Egg 2"},{"floor":41,"key":"Bronze Scales"},{"floor":43,"key":"Happy Flower"},{"floor":47,"key":"Bottled Lightning"}],"event_choices":[{"damage_healed":0,"gold_gain":0,"player_choice":"Ignored","damage_taken":0,"max_hp_gain":0,"max_hp_loss":0,"event_name":"Liars Game","floor":2,"gold_loss":0},{"damage_healed":0,"gold_gain":0,"player_choice":"Lose Max HP","damage_taken":0,"relics_obtained":["Golden Idol"],"max_hp_gain":0,"max_hp_loss":5,"event_name":"Golden Idol","floor":3,"gold_loss":0},{"damage_healed":0,"gold_gain":0,"player_choice":"Grow","damage_taken":0,"max_hp_gain":0,"max_hp_loss":0,"event_name":"Living Wall","floor":5,"gold_loss":0,"cards_upgraded":["Bouncing Flask"]},{"damage_healed":16,"gold_gain":0,"player_choice":"Healed","damage_taken":0,"max_hp_gain":0,"max_hp_loss":0,"event_name":"The Cleric","floor":14,"gold_loss":35},{"damage_healed":0,"gold_gain":0,"player_choice":"Obtained Book","damage_taken":16,"max_hp_gain":0,"max_hp_loss":0,"event_name":"Cursed Tome","floor":19,"gold_loss":0},{"damage_healed":0,"gold_gain":0,"player_choice":"Fought Bandits","damage_taken":0,"max_hp_gain":0,"max_hp_loss":0,"event_name":"Masked Bandits","floor":20,"gold_loss":0},{"damage_healed":0,"gold_gain":0,"player_choice":"Gave Idol","damage_taken":0,"relics_obtained":["Bloody Idol"],"max_hp_gain":0,"max_hp_loss":0,"event_name":"Forgotten Altar","floor":21,"relics_lost":["Golden Idol"],"gold_loss":0},{"damage_healed":0,"gold_gain":0,"player_choice":"Simplicity","damage_taken":0,"max_hp_gain":0,"max_hp_loss":0,"event_name":"Back to Basics","floor":28,"gold_loss":0,"cards_upgraded":["Strike_G","Strike_G","Strike_G","Strike_G","Defend_G","Defend_G","Defend_G"]},{"damage_healed":0,"gold_gain":0,"cards_transformed":["Die Die Die","Strike_G"],"player_choice":"Became Test Subject","damage_taken":0,"max_hp_gain":0,"max_hp_loss":0,"event_name":"Drug Dealer","floor":30,"gold_loss":0,"cards_obtained":["Concentrate","Riddle With Holes"]},{"cards_removed":["Concentrate"],"damage_healed":0,"gold_gain":0,"player_choice":"Removed Skill","damage_taken":0,"max_hp_gain":0,"max_hp_loss":0,"event_name":"Falling","floor":36,"gold_loss":0},{"damage_healed":0,"gold_gain":0,"player_choice":"Max HP","damage_taken":0,"max_hp_gain":0,"max_hp_loss":5,"event_name":"Winding Halls","floor":45,"gold_loss":0}],"is_beta":false,"boss_relics":[{"not_picked":["Calling Bell","Pandora\u0027s Box"],"picked":"Sozu"},{"not_picked":["Coffee Dripper","HoveringKite"],"picked":"Fusion Hammer"}],"items_purged_floors":[11],"is_endless":false,"potions_floor_spawned":[4,7,18,27,31,33,38,42,48],"ascension_level":11}}