{"host":"svad1nuufomhazap","time":1612237178,"event":{"mods":["Act Like it!","BaseMod","BetterRewards","Conspire","Custom Start","Downfall","GifTheSpireLib","Minty Spire (QoL Compilation)","Pale of the Ancients","Permanent Neow","Shop Mod","StSLib","The Blackbeard","Unceasing Turn Reminder"],"gold_per_floor":[114,130,146,164,176,204,224,250,250,325,345,345,376,376,376,476,476,493,583,28,41,92,92,123,140,163,10,28,28,81,94,94,194,194,214,214,214,11,11,11,11,11,11,25,25,45,75,89,89,89,89,89,89,89],"floor_reached":52,"language":"ENG","playtime":4051,"items_purged":["Pain"],"score":761,"play_id":"0f3d99e3-d781-4753-9fcb-d543520bd621","local_time":"20210201213938","is_ascension_mode":false,"campfire_choices":[{"floor":12,"key":"REST"},{"floor":15,"key":"REST"},{"floor":23,"key":"RECALL"},{"data":"blackbeard:PowerHungry","floor":32,"key":"SMITH"},{"data":"blackbeard:Parrot","floor":40,"key":"SMITH"},{"data":"blackbeard:SwordDance","floor":42,"key":"SMITH"},{"data":"blackbeard:RearmingStrike","floor":49,"key":"SMITH"}],"circlet_count":0,"master_deck":["blackbeard:BlackbeardStrike","blackbeard:BlackbeardStrike","blackbeard:BlackbeardStrike","blackbeard:BlackbeardStrike","blackbeard:IntimidatingStrike","blackbeard:BlackbeardDefend","blackbeard:BlackbeardDefend","blackbeard:BlackbeardDefend","blackbeard:BlackbeardDefend","blackbeard:Cutlass","blackbeard:RemoveScurvy","blackbeard:BeatUp","blackbeard:Sword","blackbeard:Shrapnel","blackbeard:TacticalRetreat","blackbeard:RearmingStrike+1","blackbeard:SwordDance+1","blackbeard:WoodenLeg","blackbeard:WeaponMastery","blackbeard:TacticalRetreat","blackbeard:PowerHungry+1","blackbeard:PirateHook+1","blackbeard:PirateEarring+1","blackbeard:PiratesWill","blackbeard:PirateHook+1","blackbeard:WoodenLeg","blackbeard:BlindAttacks+1","blackbeard:GoldenCannonball+1","blackbeard:Parrot+1","blackbeard:RearmingStrike+1","blackbeard:GoldenStrike+1","blackbeard:DeadlyArsenal","blackbeard:FieryDefense+1","blackbeard:GoldenDefense+1","blackbeard:GoldenStrike+1"],"relics":["blackbeard:LoadTheCannons","Tiny Chest","Regal Pillow","blackbeard:GoldenRing","Bird Faced Urn","WarpedTongs","Sozu","Eternal Feather","MerchantsRug","Molten Egg 2","Art of War","blackbeard:PoorMathSkills","Orichalcum","expansioncontent:StudyCardRelic","Oddly Smooth Stone","Vajra","Letter Opener","conspire:Dentures","paleoftheancients:Timepiece","paleoftheancients:KeyRelic","Bronze Scales","Spirit Poop"],"acts_visited":["Exordium","TheCity","TheBeyond","paleoftheancients:PaleOfTheAncients"],"potions_floor_usage":[6,11],"damage_taken":[{"damage":4,"enemies":"Small Slimes","floor":1,"turns":3},{"damage":12,"enemies":"Jaw Worm","floor":2,"turns":5},{"damage":1,"enemies":"Cultist","floor":3,"turns":4},{"damage":18,"enemies":"Exordium Thugs","floor":4,"turns":5},{"damage":20,"enemies":"Exordium Wildlife","floor":5,"turns":5},{"damage":21,"enemies":"Lagavulin","floor":6,"turns":6},{"damage":3,"enemies":"Lots of Slimes","floor":7,"turns":3},{"damage":8,"enemies":"3 Sentries","floor":8,"turns":5},{"damage":2,"enemies":"conspire:2 RoseBushes","floor":11,"turns":4},{"damage":21,"enemies":"Gremlin Nob","floor":13,"turns":4},{"damage":44,"enemies":"Hexaghost","floor":16,"turns":10},{"damage":15,"enemies":"2 Thieves","floor":18,"turns":4},{"damage":14,"enemies":"Chosen","floor":21,"turns":4},{"damage":30,"enemies":"conspire:SneckoGhost","floor":24,"turns":7},{"damage":5,"enemies":"3 Cultists","floor":25,"turns":4},{"damage":7,"enemies":"Centurion and Healer","floor":28,"turns":5},{"damage":9,"enemies":"conspire:HollyBat","floor":31,"turns":6},{"damage":57,"enemies":"Champ","floor":33,"turns":8},{"damage":9,"enemies":"3 Shapes","floor":35,"turns":3},{"damage":3,"enemies":"Orb Walker","floor":44,"turns":3},{"damage":13,"enemies":"Jaw Worm Horde","floor":46,"turns":5},{"damage":24,"enemies":"Reptomancer","floor":47,"turns":4},{"damage":22,"enemies":"3 Darklings","floor":48,"turns":5},{"damage":48,"enemies":"Time Eater","floor":50,"turns":7},{"damage":89,"enemies":"Time Eater","floor":51,"turns":5},{"damage":78,"enemies":"Time Eater","floor":52,"turns":4}],"seed_played":"-9144028751387886296","potions_obtained":[{"floor":3,"key":"Weak Potion"},{"floor":4,"key":"Ancient Potion"},{"floor":5,"key":"Explosive Potion"},{"floor":11,"key":"Strength Potion"}],"is_trial":false,"path_per_floor":["M","M","M","M","M","E","M","E","T","?","M","R","E","?","R","B",null,"M","?","$","M","T","R","E","M","T","$","M","T","T","M","R","B",null,"M","?","?","$","T","R","?","R","T","M","$","M","E","M","R","B","M","M"],"character_chosen":"BLACKBEARD_CLASS","items_purchased":["Eternal Feather","MerchantsRug","blackbeard:HipFlask","blackbeard:PirateHook+1","blackbeard:WoodenLeg","blackbeard:GoldenStrike+1","Oddly Smooth Stone"],"campfire_rested":2,"item_purchase_floors":[20,20,20,27,27,38,38],"current_hp_per_floor":[71,64,68,55,35,19,21,18,18,7,10,47,26,26,63,28,75,67,55,55,50,50,62,43,52,52,52,58,58,58,58,73,25,75,73,73,73,73,73,75,75,75,75,75,75,75,51,48,69,75,65,0,0,0],"gold":89,"neow_bonus":"RANDOM_COMMON_RELIC","is_daily":false,"chose_seed":false,"campfire_upgraded":4,"win_rate":0.0,"timestamp":1612237178,"path_taken":["M","M","M","M","M","E","M","E","T","?","M","R","E","?","R","BOSS","M","?","$","M","?","R","E","?","T","?","M","?","?","M","R","BOSS","M","?","?","?","?","R","?","R","T","M","$","?","E","M","R","BOSS","M","M"],"items_purchased_type":["Relic","Relic","Relic","Card","Card","Card","Relic"],"build_version":"2020-12-22","purchased_purges":1,"victory":false,"max_hp_per_floor":[75,75,75,75,75,75,75,75,75,75,75,75,75,75,75,75,75,75,75,75,75,75,75,75,75,75,75,75,75,75,75,75,75,75,75,75,75,75,75,75,75,75,75,75,75,75,75,75,75,75,75,75,75,75],"card_choices":[{"not_picked":["blackbeard:SwordDance","blackbeard:CannonBarrage"],"picked":"blackbeard:RemoveScurvy","floor":1},{"not_picked":["blackbeard:Toast","blackbeard:PirateHook"],"picked":"blackbeard:BeatUp","floor":2},{"not_picked":["blackbeard:TacticalRetreat","blackbeard:Murder"],"picked":"blackbeard:Sword","floor":3},{"not_picked":["blackbeard:CannonballSupply","blackbeard:Sword"],"picked":"blackbeard:Shrapnel","floor":4},{"not_picked":["blackbeard:JollyRoger","blackbeard:InfiniteBarrage"],"picked":"blackbeard:TacticalRetreat","floor":5},{"not_picked":["blackbeard:Shrapnel","blackbeard:GoldenStrike"],"picked":"blackbeard:RearmingStrike","floor":6},{"not_picked":["blackbeard:Dagger","blackbeard:AgileStrike"],"picked":"blackbeard:SwordDance","floor":7},{"not_picked":["blackbeard:GoldenStrike","blackbeard:FishingNets"],"picked":"blackbeard:WoodenLeg","floor":8},{"not_picked":["blackbeard:WiseDefense","blackbeard:DangerousBlow"],"picked":"blackbeard:WeaponMastery","floor":11},{"not_picked":["blackbeard:Dagger","blackbeard:WoodenLeg"],"picked":"blackbeard:TacticalRetreat","floor":13},{"not_picked":["blackbeard:GoldenRain","blackbeard:Lifeboat"],"picked":"blackbeard:PowerHungry","floor":16},{"not_picked":["blackbeard:VengefulSpirit","blackbeard:CatONineTails"],"picked":"blackbeard:PirateHook+1","floor":18},{"not_picked":["blackbeard:Dagger+1","blackbeard:DeadlyArsenal"],"picked":"blackbeard:PirateEarring+1","floor":21},{"not_picked":["blackbeard:PiratesWill","blackbeard:Lifeboat"],"picked":"blackbeard:TacticalRetreat","floor":24},{"not_picked":["blackbeard:GoldenStrike+1","blackbeard:DelayedPain"],"picked":"blackbeard:PiratesWill","floor":25},{"not_picked":["blackbeard:Sharpening","blackbeard:Sword"],"picked":"blackbeard:BlindAttacks+1","floor":28},{"not_picked":["blackbeard:CloakAndCannonball","blackbeard:DoubleCannonball+1"],"picked":"blackbeard:GoldenCannonball+1","floor":31},{"not_picked":["blackbeard:PowerHungry","blackbeard:HumongousCannonball+1"],"picked":"blackbeard:Parrot","floor":33},{"not_picked":["blackbeard:CloakAndCannonball","blackbeard:Spear"],"picked":"blackbeard:RearmingStrike+1","floor":35},{"not_picked":["blackbeard:SwordDance","blackbeard:UndeadForm"],"picked":"blackbeard:DeadlyArsenal","floor":44},{"not_picked":["blackbeard:DelayedPain+1","blackbeard:WeaponProficiency"],"picked":"blackbeard:FieryDefense+1","floor":46},{"not_picked":["blackbeard:Spear+1","blackbeard:WiseDefense"],"picked":"blackbeard:GoldenDefense+1","floor":47},{"not_picked":["blackbeard:DelayedPain+1","blackbeard:DeadlyArsenal+1"],"picked":"blackbeard:GoldenStrike+1","floor":48}],"player_experience":306943,"relics_obtained":[{"floor":6,"key":"Regal Pillow"},{"floor":8,"key":"blackbeard:GoldenRing"},{"floor":13,"key":"Bird Faced Urn"},{"floor":22,"key":"Toy Ornithopter"},{"floor":24,"key":"Molten Egg 2"},{"floor":26,"key":"Art of War"},{"floor":29,"key":"blackbeard:PoorMathSkills"},{"floor":30,"key":"Orichalcum"},{"floor":39,"key":"Vajra"},{"floor":43,"key":"Letter Opener"},{"floor":47,"key":"conspire:Dentures"}],"event_choices":[{"damage_healed":0,"gold_gain":75,"player_choice":"Gather Gold","damage_taken":11,"max_hp_gain":0,"max_hp_loss":0,"event_name":"World of Goop","floor":10,"gold_loss":0},{"damage_healed":0,"gold_gain":0,"player_choice":"Rummage","damage_taken":0,"relics_obtained":["WarpedTongs"],"max_hp_gain":0,"max_hp_loss":0,"event_name":"Accursed Blacksmith","floor":14,"gold_loss":0,"cards_obtained":["Pain"]},{"damage_healed":0,"gold_gain":90,"player_choice":"GOLD ","damage_taken":12,"max_hp_gain":0,"max_hp_loss":0,"event_name":"Knowing Skull","floor":19,"potions_obtained":[],"gold_loss":0,"cards_obtained":[]},{"damage_healed":0,"gold_gain":0,"player_choice":"Leave","damage_taken":0,"max_hp_gain":0,"max_hp_loss":0,"event_name":"conspire:Investor","floor":36,"gold_loss":0},{"cards_removed":["blackbeard:TacticalRetreat"],"damage_healed":0,"gold_gain":0,"player_choice":"Removed Skill","damage_taken":0,"max_hp_gain":0,"max_hp_loss":0,"event_name":"Falling","floor":37,"gold_loss":0},{"damage_healed":0,"gold_gain":0,"player_choice":"Got Potions","damage_taken":0,"max_hp_gain":0,"max_hp_loss":0,"event_name":"Lab","floor":41,"gold_loss":0}],"is_beta":false,"boss_relics":[{"not_picked":["Velvet Choker","Ectoplasm"],"picked":"Sozu"},{"not_picked":["Philosopher\u0027s Stone","Astrolabe"],"picked":"expansioncontent:StudyCardRelic"}],"items_purged_floors":[27],"is_endless":false,"potions_floor_spawned":[3,4,5,11,24,25,28,31,33,35,44,48],"killed_by":"Time Eater","ascension_level":0}}