{"host":"c35j6tsoy7cxzn43","time":1612258833,"event":{"mods":["BaseMod","Better Third Choice","BetterRewards","Colored Map","Colored Powertips","Conspire","Highlight Path","Hubris","Infinite Spire","Minty Spire (QoL Compilation)","Quick Restart","Replay The Spire","Shop Mod","StSLib"],"gold_per_floor":[115,190,211,211,233,270,297,335,358,376,88,88,38,59,59,167,167,194,203,228,252,273,273,285,24,24,34,68,68,97,97,97],"floor_reached":31,"language":"ENG","playtime":1909,"items_purged":["Defend_G","Strike_G"],"score":271,"play_id":"ac14f8b2-ae69-4717-ba08-06303e52d806","local_time":"20210202104033","is_ascension_mode":false,"campfire_choices":[{"floor":12,"key":"REST"},{"floor":15,"key":"RECALL"},{"data":"Adrenaline","floor":23,"key":"SMITH"},{"data":"Adrenaline","floor":29,"key":"SMITH"}],"circlet_count":0,"master_deck":["Strike_G","Strike_G","Strike_G","Strike_G","Defend_G","Defend_G","Defend_G","Defend_G","Survivor","Neutralize","Phantasmal Killer+1","Cloak And Dagger","Phantasmal Killer+1","Poisoned Stab","Dagger Spray","Terror","Footwork","Corpse Explosion","Adrenaline+1","Backstab+1","Adrenaline+1","Cloak And Dagger+1","Glass Knife","Blade Dance+1","A Thousand Cuts"],"relics":["Ring of the Snake","CeramicFish","Smiling Mask","hubris:CuriousFeather","Replay:Bottled Eggs","hubris:Backtick","Bottled Lightning","infinitespire:BottledMercury","Mummified Hand","Bag of Marbles"],"acts_visited":["Exordium","TheCity"],"potions_floor_usage":[6,8,16,28,28],"damage_taken":[{"damage":4,"enemies":"conspire:RoseBush","floor":1,"turns":3},{"damage":0,"enemies":"Jaw Worm","floor":3,"turns":3},{"damage":0,"enemies":"Small Slimes","floor":5,"turns":3},{"damage":10,"enemies":"Gremlin Nob","floor":6,"turns":3},{"damage":3,"enemies":"Red Slaver","floor":7,"turns":3},{"damage":19,"enemies":"Lagavulin","floor":8,"turns":7},{"damage":14,"enemies":"Exordium Wildlife","floor":10,"turns":4},{"damage":0,"enemies":"Exordium Thugs","floor":14,"turns":4},{"damage":16,"enemies":"Hexaghost","floor":16,"turns":9},{"damage":8,"enemies":"Chosen","floor":18,"turns":5},{"damage":0,"enemies":"Shell Parasite","floor":20,"turns":2},{"damage":11,"enemies":"Centurion and Healer","floor":21,"turns":3},{"damage":13,"enemies":"Shelled Parasite and Fungi","floor":22,"turns":5},{"damage":22,"enemies":"Snake Plant","floor":24,"turns":3},{"damage":0,"enemies":"3 Cultists","floor":27,"turns":1},{"damage":2,"enemies":"Book of Stabbing","floor":28,"turns":3},{"damage":0,"enemies":"Snecko","floor":30,"turns":3},{"damage":15,"enemies":"conspire:SneckoGhost","floor":31,"turns":2}],"seed_played":"-4942663525587677208","potions_obtained":[{"floor":1,"key":"Fire Potion"},{"floor":2,"key":"PowerPotion"},{"floor":2,"key":"GhostInAJar"},{"floor":8,"key":"Elixir"},{"floor":20,"key":"Energy Potion"},{"floor":21,"key":"Energy Potion"},{"floor":27,"key":"Block Potion"},{"floor":30,"key":"SteroidPotion"}],"is_trial":false,"path_per_floor":["M","?","M","?","M","E","M","E","T","M","$","R","$","M","R","B",null,"M","?","M","M","M","R","M","$","T","M","E","R","M","E"],"character_chosen":"THE_SILENT","items_purchased":["Replay:Bottled Eggs","infinitespire:BottledMercury"],"campfire_rested":1,"item_purchase_floors":[11,25],"current_hp_per_floor":[66,49,49,49,49,39,36,17,17,3,3,24,24,24,24,8,70,62,62,62,51,38,38,16,16,16,16,14,14,14,0,0],"gold":97,"neow_bonus":"ONE_RANDOM_RARE_CARD","is_daily":false,"chose_seed":false,"campfire_upgraded":2,"win_rate":0.0,"timestamp":1612258833,"path_taken":["M","?","M","?","M","E","M","E","T","?","$","R","?","M","R","BOSS","M","?","?","M","M","R","M","$","T","M","E","R","M","E"],"items_purchased_type":["Relic","Relic"],"build_version":"2020-12-22","purchased_purges":2,"victory":false,"max_hp_per_floor":[70,70,70,70,70,70,70,70,70,70,70,70,70,70,70,70,70,70,70,70,70,70,70,70,70,70,70,70,70,70,70,70],"card_choices":[{"not_picked":["Deadly Poison","Slice","Finisher"],"picked":"SKIP","floor":1},{"not_picked":["Draining Mist","Heel Hook"],"picked":"Cloak And Dagger","floor":2},{"not_picked":["Sucker Punch","Dagger Spray"],"picked":"Phantasmal Killer","floor":3},{"not_picked":["Underhanded Strike","Outmaneuver"],"picked":"Poisoned Stab","floor":5},{"not_picked":["Catalyst","Concentrate"],"picked":"Dagger Spray","floor":6},{"not_picked":["Outmaneuver","ReplayTheSpireMod:Shiv Toss"],"picked":"Terror","floor":7},{"not_picked":["Bane","Backflip"],"picked":"Footwork","floor":8},{"not_picked":["Calculated Gamble","hubris:Counter","Acrobatics"],"picked":"SKIP","floor":10},{"not_picked":["Quick Slash","Deflect"],"picked":"Corpse Explosion","floor":14},{"not_picked":["Glass Knife","Unload"],"picked":"Adrenaline","floor":16},{"not_picked":["Prepared+1","Outmaneuver"],"picked":"Backstab+1","floor":18},{"not_picked":["Dodge and Roll","Acrobatics"],"picked":"Cloak And Dagger+1","floor":20},{"not_picked":["Hidden Blade","Sucker Punch"],"picked":"Glass Knife","floor":21},{"not_picked":["Cloak And Dagger","Dagger Throw"],"picked":"Blade Dance+1","floor":22},{"not_picked":["Acrobatics","PiercingWail+1","Escape Plan+1"],"picked":"SKIP","floor":24},{"not_picked":["Finisher","Outmaneuver","hubris:SlightOfHand"],"picked":"SKIP","floor":27},{"not_picked":["Deflect","PiercingWail","Distraction"],"picked":"SKIP","floor":28},{"not_picked":["Blade Dance","Outmaneuver+1"],"picked":"A Thousand Cuts","floor":30}],"player_experience":434138,"relics_obtained":[{"floor":2,"key":"CeramicFish"},{"floor":6,"key":"Smiling Mask"},{"floor":8,"key":"hubris:CuriousFeather"},{"floor":26,"key":"Mummified Hand"},{"floor":28,"key":"Bag of Marbles"}],"event_choices":[{"damage_healed":0,"gold_gain":0,"player_choice":"Bought 0 Potions","damage_taken":0,"max_hp_gain":0,"max_hp_loss":0,"event_name":"The Woman in Blue","floor":4,"gold_loss":0},{"damage_healed":0,"gold_gain":0,"player_choice":"Copied","damage_taken":0,"max_hp_gain":0,"max_hp_loss":0,"event_name":"Duplicator","floor":19,"gold_loss":0,"cards_obtained":["Adrenaline"]}],"is_beta":false,"boss_relics":[{"not_picked":["Kintsugi","Replay:Wanted Poster"],"picked":"hubris:Backtick"}],"items_purged_floors":[11,13],"is_endless":false,"potions_floor_spawned":[1,5,8,20,21,27,30],"killed_by":"conspire:SneckoGhost","ascension_level":0}}