{"host":"z6c1sol8rulx2ubz","time":1612287806,"event":{"mods":["AchievementEnabler","Act Like it!","BaseMod","Better Note","Better Third Choice","Downfall","Elementarium","Gold Saver","Hallownest","Infinite Spire","Minty Spire (QoL Compilation)","Quick Restart","Rare Cards Sparkle","StSLib","The Bug Knight","Wandering Minibosses"],"gold_per_floor":[874,884,899,530,550,561,561,379,179,204,204,121,141,171,190,190,190,190],"floor_reached":16,"language":"ENG","playtime":1244,"items_purged":[],"score":137,"play_id":"abd0824e-5ffd-4b30-828f-2fdb6cb64dcf","local_time":"20210202174326","is_ascension_mode":false,"campfire_choices":[{"floor":1.0,"key":"RECALL"},{"data":"expansioncontent:DashGenerateEvil","floor":9.0,"key":"SMITH"},{"data":"champ:Taunt","floor":11.0,"key":"SMITH"}],"circlet_count":0,"master_deck":["champ:Strike","champ:Strike","champ:Strike","champ:Strike","champ:Defend","champ:Defend","champ:Defend","champ:Defend","champ:Execute","champ:Taunt+1","champ:Shatter","champ:FlashCut","champ:VampiricStrike","expansioncontent:DashGenerateEvil+1","expansioncontent:PrepareCrush","champ:RecklessLeap","champ:BerserkersShout","champ:ShieldSlam","champ:IronFortress","champ:Haymaker","expansioncontent:PrepareCrush","champ:IronFortress","champ:Backstep","champ:TornadoPunch","champ:UltimateStance","champ:Lariat","champ:ShieldSlam"],"relics":["Velvet Choker","downfall:HeartBlessingBlue","downfall:HeartBlessingRed","Shuriken","Pen Nib"],"acts_visited":["Hallownest:Greenpath"],"potions_floor_usage":[],"damage_taken":[{"damage":20.0,"enemies":"Hallownest:monsterHuskWarrior","floor":2.0,"turns":3.0},{"damage":10.0,"enemies":"Hallownest:2_Tiktiks_and_1_Crawlid","floor":3.0,"turns":3.0},{"damage":30.0,"enemies":"downfall:FleeingMerchant","floor":4.0,"turns":4.0},{"damage":12.0,"enemies":"Hallownest:2_MossCreeps","floor":5.0,"turns":4.0},{"damage":0.0,"enemies":"Hallownest:monsterFoolEater","floor":6.0,"turns":2.0},{"damage":18.0,"enemies":"downfall:FleeingMerchant","floor":8.0,"turns":4.0},{"damage":10.0,"enemies":"Hallownest:eliteVengeflyKing","floor":10.0,"turns":5.0},{"damage":15.0,"enemies":"downfall:FleeingMerchant","floor":12.0,"turns":4.0},{"damage":0.0,"enemies":"Hallownest:monsterMossCharger","floor":13.0,"turns":1.0},{"damage":9.0,"enemies":"Hallownest:eliteMossKnight","floor":14.0,"turns":3.0},{"damage":15.0,"enemies":"Hallownest:MossCreep_and_Mosskin","floor":15.0,"turns":4.0},{"damage":136,"enemies":"IC_STATUS_ARCHETYPE","floor":16,"turns":13}],"seed_played":"-707280586353450690","potions_obtained":[{"floor":2.0,"key":"champ:CounterPotion"},{"floor":3.0,"key":"AttackPotion"},{"floor":5.0,"key":"potionbrewer:ToxicPotion"},{"floor":13.0,"key":"FairyPotion"},{"floor":14.0,"key":"Explosive Potion"}],"is_trial":false,"path_per_floor":["R","M","M","$","M","M","T","$","R","?","R","$","M","E","M","B"],"character_chosen":"THE_CHAMP","items_purchased":["expansioncontent:DashGenerateEvil","expansioncontent:PrepareCrush","champ:RecklessLeap","champ:Haymaker","expansioncontent:PrepareCrush","champ:IronFortress","champ:UltimateStance"],"campfire_rested":0,"item_purchase_floors":[4,4,4,8,8,8,12],"current_hp_per_floor":[90,90,90,80,78,78,78,75,85,85,85,80,80,76,76,0,0,0],"gold":190,"neow_bonus":"BOSS_RELIC","is_daily":false,"chose_seed":false,"campfire_upgraded":2,"win_rate":0.0,"timestamp":1612287806,"path_taken":["R","M","M","$","M","M","T","$","R","?","R","$","M","E","M","BOSS"],"items_purchased_type":["Card","Card","Card","Card","Card","Card","Card"],"build_version":"2020-12-22","purchased_purges":0,"victory":false,"max_hp_per_floor":[90,90,90,90,90,90,90,90,100,100,100,100,100,100,100,100,100,100],"card_choices":[{"not_picked":["champ:BringItOn","champ:CrownThrow"],"picked":"champ:Shatter","floor":2.0},{"not_picked":["champ:FancyFootwork","champ:CrownThrow"],"picked":"champ:FlashCut","floor":3.0},{"not_picked":["champ:Haymaker","champ:Duel"],"picked":"champ:VampiricStrike","floor":4.0},{"not_picked":["champ:IronFortress","champ:PreciseThrust"],"picked":"champ:BerserkersShout","floor":5.0},{"not_picked":["champ:BerserkersShout","champ:GutPunch"],"picked":"champ:ShieldSlam","floor":6.0},{"not_picked":["champ:Backstep","champ:SkillfulDodge"],"picked":"champ:IronFortress","floor":8.0},{"not_picked":["champ:BladeFlurry","champ:CrookedStrike"],"picked":"champ:Backstep","floor":10.0},{"not_picked":["champ:DeathBlow","champ:CheapShot"],"picked":"champ:TornadoPunch","floor":12.0},{"not_picked":["champ:Circumvent","champ:BerserkerStyle"],"picked":"champ:Lariat","floor":13.0},{"not_picked":["champ:BladeFlurry","champ:FocusedDefense"],"picked":"champ:ShieldSlam","floor":14.0},{"not_picked":["champ:StanceDance","champ:PreciseThrust","champ:Circumvent"],"picked":"SKIP","floor":15}],"player_experience":239639,"relics_obtained":[{"floor":10.0,"key":"Shuriken"},{"floor":14.0,"key":"Pen Nib"}],"event_choices":[],"is_beta":false,"boss_relics":[],"items_purged_floors":[],"is_endless":false,"potions_floor_spawned":[2,3,5,13,14],"killed_by":"IC_STATUS_ARCHETYPE","ascension_level":0}}