{"host":"431it2xtlpekoa51","time":1612235868,"event":{"mods":["BaseMod","Hubris","Minty Spire (QoL Compilation)","StSLib"],"gold_per_floor":[118,118,133,146,146,175,175,194,263,228,74,91,91,3,3,81,81,95,95,110,25,25,25,36,62,62,76,76,94,104,116,116,116,116],"floor_reached":33,"language":"ENG","playtime":1615,"items_purged":["Strike_B"],"score":538,"play_id":"77f1806c-b611-42e4-b284-97f748d61a8e","local_time":"20210201211748","is_ascension_mode":true,"campfire_choices":[{"floor":7.0,"key":"REST"},{"floor":15.0,"key":"REST"},{"data":"hubris:PowerSurge","floor":23,"key":"SMITH"},{"floor":32,"key":"REST"}],"circlet_count":0,"master_deck":["AscendersBane","Strike_B","Strike_B","Defend_B","Defend_B","Defend_B","Defend_B","Zap","Dualcast","Coolheaded","Glacier","Rebound","Sunder","Ball Lightning","Sweeping Beam","hubris:PowerSurge+1","Capacitor","Loop","Seek","Rebound","Defragment","Loop","Skim+1","Electrodynamics","Ball Lightning","Ball Lightning","Conserve Battery","Machine Learning"],"relics":["Cracked Core","NeowsBlessing","Torii","Bottled Flame","Gremlin Horn","hubris:BlackHole","hubris:Spice","Letter Opener","hubris:CuriousFeather","hubris:MedicalManual"],"acts_visited":["Exordium","TheCity"],"potions_floor_usage":[27,31,33],"damage_taken":[{"damage":0.0,"enemies":"2 Louse","floor":1.0,"turns":1.0},{"damage":0.0,"enemies":"Cultist","floor":3.0,"turns":1.0},{"damage":0.0,"enemies":"Jaw Worm","floor":4.0,"turns":1.0},{"damage":36.0,"enemies":"Lagavulin","floor":6.0,"turns":13.0},{"damage":19.0,"enemies":"Exordium Wildlife","floor":8.0,"turns":6.0},{"damage":7.0,"enemies":"Lots of Slimes","floor":12.0,"turns":3.0},{"damage":12.0,"enemies":"The Guardian","floor":16.0,"turns":18.0},{"damage":17,"enemies":"2 Thieves","floor":18,"turns":3},{"damage":0,"enemies":"Shell Parasite","floor":20,"turns":4},{"damage":0,"enemies":"Centurion and Healer","floor":24,"turns":3},{"damage":16,"enemies":"Book of Stabbing","floor":25,"turns":3},{"damage":27,"enemies":"Shelled Parasite and Fungi","floor":27,"turns":2},{"damage":0,"enemies":"3 Cultists","floor":29,"turns":2},{"damage":0,"enemies":"Sentry and Sphere","floor":30,"turns":1},{"damage":0,"enemies":"Centurion and Healer","floor":31,"turns":1},{"damage":44,"enemies":"hubris:MusketHawk","floor":33,"turns":6}],"seed_played":"696481217336545926","potions_obtained":[{"floor":4.0,"key":"Ancient Potion"},{"floor":8.0,"key":"LiquidMemories"},{"floor":25,"key":"EssenceOfDarkness"},{"floor":29,"key":"SteroidPotion"},{"floor":31,"key":"ColorlessPotion"}],"is_trial":false,"path_per_floor":["M","?","M","M","?","E","R","M","T","?","$","M","$","$","R","B",null,"M","T","M","$","?","R","M","E","T","M","$","M","M","M","R","B"],"character_chosen":"DEFECT","items_purchased":["hubris:PowerSurge","Gremlin Horn","Loop","Loop"],"campfire_rested":3,"item_purchase_floors":[11,13,14,21],"current_hp_per_floor":[64,64,64,64,64,28,49,30,30,47,47,40,23,23,44,32,61,44,52,52,52,52,52,52,36,36,9,9,9,9,9,32,0,0],"gold":116,"neow_bonus":"THREE_ENEMY_KILL","is_daily":false,"chose_seed":false,"campfire_upgraded":1,"win_rate":0.0,"timestamp":1612235868,"path_taken":["M","?","?","M","?","E","R","M","T","?","$","M","?","$","R","BOSS","M","?","?","$","?","R","M","E","T","M","$","?","M","M","R","BOSS"],"items_purchased_type":["Card","Relic","Card","Card"],"build_version":"2020-12-22","purchased_purges":1,"victory":false,"max_hp_per_floor":[71,71,71,71,71,71,71,71,71,71,71,71,71,71,71,71,71,71,79,79,79,79,79,79,79,79,79,79,79,79,79,79,79,79],"card_choices":[{"not_picked":["Redo","Loop"],"picked":"Coolheaded","floor":1.0},{"not_picked":["Hologram","Streamline"],"picked":"Glacier","floor":3.0},{"not_picked":["Hologram","Gash"],"picked":"Rebound","floor":4.0},{"not_picked":["Compile Driver","Rebound"],"picked":"Ball Lightning","floor":6.0},{"not_picked":["Doom and Gloom","Go for the Eyes"],"picked":"Sweeping Beam","floor":8.0},{"not_picked":["Rip and Tear","White Noise"],"picked":"Capacitor","floor":12.0},{"not_picked":["hubris:DoWhile","Rainbow"],"picked":"Seek","floor":16.0},{"not_picked":["Ball Lightning","Leap"],"picked":"Rebound","floor":18},{"not_picked":["Leap","BootSequence"],"picked":"Defragment","floor":20},{"not_picked":["Stack","Genetic Algorithm"],"picked":"Skim+1","floor":24},{"not_picked":["Doom and Gloom","Redo"],"picked":"Electrodynamics","floor":25},{"not_picked":["Gash","Go for the Eyes"],"picked":"Ball Lightning","floor":27},{"not_picked":["Steam Power","Gash"],"picked":"Ball Lightning","floor":29},{"not_picked":["Gash","Melter"],"picked":"Conserve Battery","floor":30},{"not_picked":["Hologram","Stack"],"picked":"Machine Learning","floor":31}],"player_experience":3124463,"relics_obtained":[{"floor":6.0,"key":"Torii"},{"floor":9.0,"key":"Bottled Flame"},{"floor":19,"key":"hubris:Spice"},{"floor":25,"key":"hubris:CuriousFeather"},{"floor":26,"key":"hubris:MedicalManual"}],"event_choices":[{"cards_removed":["Strike_B"],"damage_healed":0.0,"max_hp_gain":0.0,"max_hp_loss":0.0,"gold_gain":0.0,"event_name":"Purifier","player_choice":"Purged","floor":2.0,"gold_loss":0.0,"damage_taken":0.0},{"damage_healed":17.0,"max_hp_gain":0.0,"max_hp_loss":0.0,"gold_gain":0.0,"event_name":"The Cleric","player_choice":"Healed","floor":10.0,"gold_loss":35.0,"damage_taken":0.0},{"damage_healed":0,"gold_gain":0,"player_choice":"Gave Potion","damage_taken":0,"relics_obtained":["Letter Opener"],"max_hp_gain":0,"max_hp_loss":0,"event_name":"WeMeetAgain","floor":22,"gold_loss":0}],"is_beta":false,"boss_relics":[{"not_picked":["Snecko Eye","Astrolabe"],"picked":"hubris:BlackHole"}],"items_purged_floors":[11],"is_endless":false,"potions_floor_spawned":[4,8,12,25,29,30,31],"killed_by":"hubris:MusketHawk","ascension_level":20}}