{"host":"vyjryxuuuxkt43k4","time":1612254538,"event":{"mods":["AchievementEnabler","BaseMod","Colored Map","DeckTracker","Keyboard Shortcuts","Minty Spire (QoL Compilation)","Permanent Neow","Quick Restart","Rare Cards Sparkle","Relic Stats","StSLib","SuperFastMode","everything is the same but u backflip on backflip"],"gold_per_floor":[116,136,150,150,75,75,102,102,102,118,118,128,128,128],"floor_reached":13,"language":"KOR","playtime":430,"items_purged":["Defend_G"],"score":153,"play_id":"37688b23-cbfc-4a5d-8ad0-b2bd0bc9edcc","local_time":"20210202172858","is_ascension_mode":true,"campfire_choices":[{"data":"Riddle With Holes","floor":6,"key":"SMITH"},{"floor":8,"key":"REST"},{"data":"Night Terror","floor":11,"key":"SMITH"}],"circlet_count":0,"master_deck":["AscendersBane","Strike_G","Strike_G","Strike_G","Strike_G","Defend_G","Defend_G","Defend_G","Defend_G","Survivor","Neutralize","Night Terror+1","Riddle With Holes+1","Dagger Spray","Masterful Stab","Escape Plan"],"relics":["Ring of the Snake","Gremlin Horn","Lantern"],"acts_visited":["Exordium"],"potions_floor_usage":[7,13],"damage_taken":[{"damage":1,"enemies":"Jaw Worm","floor":1,"turns":7},{"damage":4,"enemies":"Cultist","floor":2,"turns":5},{"damage":0,"enemies":"2 Louse","floor":3,"turns":3},{"damage":38,"enemies":"3 Sentries","floor":7,"turns":11},{"damage":6,"enemies":"Looter","floor":10,"turns":3},{"damage":0,"enemies":"Large Slime","floor":12,"turns":4},{"damage":26,"enemies":"Lagavulin","floor":13,"turns":6}],"seed_played":"-7179599635950041424","potions_obtained":[{"floor":1,"key":"ColorlessPotion"},{"floor":7,"key":"Swift Potion"}],"is_trial":false,"path_per_floor":["M","M","M","?","$","R","E","R","T","M","R","M","E"],"character_chosen":"THE_SILENT","items_purchased":[],"campfire_rested":1,"item_purchase_floors":[],"current_hp_per_floor":[58,54,54,47,47,47,9,28,28,22,22,22,0,0],"gold":128,"neow_bonus":"ONE_RANDOM_RARE_CARD","is_daily":false,"chose_seed":false,"campfire_upgraded":2,"win_rate":0.0,"timestamp":1612254538,"path_taken":["M","M","M","?","$","R","E","R","T","M","R","M","E"],"items_purchased_type":[],"build_version":"2020-12-22","purchased_purges":1,"victory":false,"max_hp_per_floor":[66,66,66,66,66,66,66,66,66,66,66,66,66,66],"relic_stats":{"Gremlin Horn":[1,1],"counters":[7,39],"obtain_stats":[{"Lantern":9,"Gremlin Horn":7,"Ring of the Snake":0},{"Lantern":4,"Gremlin Horn":4,"Ring of the Snake":0},{"Lantern":26,"Gremlin Horn":26,"Ring of the Snake":0}],"Ring of the Snake":[14]},"card_choices":[{"not_picked":["Bouncing Flask","Dagger Throw"],"picked":"Riddle With Holes","floor":1},{"not_picked":["Sucker Punch","Deflect","Prepared"],"picked":"SKIP","floor":2},{"not_picked":["PiercingWail","Prepared"],"picked":"Dagger Spray","floor":3},{"not_picked":["Outmaneuver","Bane"],"picked":"Masterful Stab","floor":7},{"not_picked":["Tactician","Flying Knee"],"picked":"Escape Plan","floor":10},{"not_picked":["Prepared","Choke","Deflect"],"picked":"SKIP","floor":12}],"player_experience":617088,"relics_obtained":[{"floor":7,"key":"Gremlin Horn"},{"floor":9,"key":"Lantern"}],"event_choices":[{"cards_removed":["Strike_G"],"damage_healed":0,"gold_gain":0,"player_choice":"Card Removal","damage_taken":7,"max_hp_gain":0,"max_hp_loss":0,"event_name":"Golden Wing","floor":4,"gold_loss":0}],"is_beta":false,"boss_relics":[],"items_purged_floors":[5],"is_endless":false,"potions_floor_spawned":[1,7],"killed_by":"Lagavulin","ascension_level":16}}