{"host":"clgpak7dimivr1r3","time":1612304470,"event":{"mods":["BaseMod","Colored Map","Colored Powertips","Curses Come First","Minty Spire (QoL Compilation)","Relic Stats","Say the Spire","StSLib"],"gold_per_floor":[111,125,75,150,150,179,179,179,179,199,531,531,557,573,573,670,670,682,682,694,708,108,108,108,108],"floor_reached":24,"language":"ENG","playtime":1015,"items_purged":["Strike_R"],"score":342,"play_id":"cdf39136-9692-470b-999c-76f5212e174c","local_time":"20210203012110","is_ascension_mode":true,"campfire_choices":[{"floor":7,"key":"REST"},{"floor":12,"key":"REST"},{"floor":15,"key":"REST"},{"floor":23,"key":"REST"}],"circlet_count":0,"master_deck":["AscendersBane","Strike_R","Strike_R","Strike_R","Defend_R","Defend_R","Defend_R","Defend_R","Bash","Pommel Strike","Clothesline","Disarm","Flame Barrier","Cleave","Headbutt","Rampage","Berserk","Whirlwind+1","Shockwave","Pommel Strike","Inflame","Whirlwind","Double Tap"],"relics":["SacredBark","Bag of Marbles","Eternal Feather","Boot","Dream Catcher","Old Coin","Nunchaku","Velvet Choker","Potion Belt","HornCleat"],"acts_visited":["Exordium","TheCity"],"potions_floor_usage":[11,16,16,18,20,24],"damage_taken":[{"damage":2,"enemies":"2 Louse","floor":1,"turns":3},{"damage":4,"enemies":"Small Slimes","floor":2,"turns":4},{"damage":38,"enemies":"Lagavulin","floor":6,"turns":8},{"damage":2,"enemies":"Jaw Worm","floor":10,"turns":4},{"damage":30,"enemies":"3 Sentries","floor":11,"turns":10},{"damage":23,"enemies":"Gremlin Nob","floor":13,"turns":5},{"damage":9,"enemies":"3 Louse","floor":14,"turns":1},{"damage":9,"enemies":"The Guardian","floor":16,"turns":11},{"damage":10,"enemies":"3 Byrds","floor":18,"turns":5},{"damage":24,"enemies":"2 Thieves","floor":20,"turns":4},{"damage":14,"enemies":"Snecko","floor":21,"turns":4},{"damage":44,"enemies":"Slavers","floor":24,"turns":5}],"seed_played":"9121932093890947005","potions_obtained":[{"floor":10,"key":"LiquidMemories"},{"floor":13,"key":"HeartOfIron"},{"floor":14,"key":"Explosive Potion"},{"floor":16,"key":"SpeedPotion"},{"floor":18,"key":"HeartOfIron"},{"floor":21,"key":"Ancient Potion"}],"is_trial":false,"path_per_floor":["M","M","?","?","?","E","R","T","T","M","E","R","E","M","R","B",null,"M","?","M","M","$","R","E"],"character_chosen":"IRONCLAD","items_purchased":["Inflame","Whirlwind","Potion Belt","HornCleat"],"campfire_rested":4,"item_purchase_floors":[22,22,22,22],"current_hp_per_floor":[70,66,66,55,48,10,40,40,40,38,8,41,18,9,42,33,68,58,43,19,5,5,42,0,0],"gold":108,"neow_bonus":"BOSS_RELIC","is_daily":false,"chose_seed":false,"campfire_upgraded":0,"win_rate":0.0,"timestamp":1612304470,"path_taken":["M","M","?","?","?","E","R","?","T","M","E","R","E","M","R","BOSS","M","?","M","M","$","R","E"],"items_purchased_type":["Card","Card","Relic","Relic"],"build_version":"2020-12-22","purchased_purges":1,"victory":false,"max_hp_per_floor":[80,80,80,80,80,80,80,80,80,80,80,80,80,80,80,80,80,80,85,85,85,85,85,85,85],"relic_stats":{"Dream Catcher":3,"Nunchaku":[6],"counters":[12,64],"Eternal Feather":36,"Boot":[11],"obtain_stats":[{"Potion Belt":22,"Dream Catcher":9,"Nunchaku":13,"HornCleat":22,"SacredBark":0,"Velvet Choker":17,"Eternal Feather":6,"Bag of Marbles":5,"Boot":8,"Burning Blood":0,"Old Coin":11},{"Potion Belt":11,"Dream Catcher":3,"Nunchaku":6,"HornCleat":11,"SacredBark":0,"Velvet Choker":8,"Eternal Feather":3,"Bag of Marbles":2,"Boot":3,"Burning Blood":0,"Old Coin":5},{"Potion Belt":59,"Dream Catcher":15,"Nunchaku":34,"HornCleat":59,"SacredBark":0,"Velvet Choker":46,"Eternal Feather":15,"Bag of Marbles":7,"Boot":15,"Burning Blood":0,"Old Coin":29}]},"card_choices":[{"not_picked":["Body Slam","Shrug It Off"],"picked":"Pommel Strike","floor":1},{"not_picked":["Flex","Armaments"],"picked":"Clothesline","floor":2},{"not_picked":["Clash","Anger"],"picked":"Disarm","floor":6},{"not_picked":["Heavy Blade","Iron Wave"],"picked":"Flame Barrier","floor":10},{"not_picked":["Armaments","Heavy Blade"],"picked":"Cleave","floor":11},{"not_picked":["Limit Break","Seeing Red","Combust"],"picked":"SKIP","floor":13},{"not_picked":["Iron Wave","Hemokinesis"],"picked":"Headbutt","floor":14},{"not_picked":["Wild Strike","Heavy Blade"],"picked":"Rampage","floor":15},{"not_picked":["Offering","Barricade"],"picked":"Berserk","floor":16},{"not_picked":["Flex","Clash"],"picked":"Whirlwind+1","floor":18},{"not_picked":["Flex","Heavy Blade"],"picked":"Shockwave","floor":20},{"not_picked":["Perfected Strike","Dark Embrace+1"],"picked":"Pommel Strike","floor":21},{"not_picked":["Anger","Fire Breathing+1"],"picked":"Double Tap","floor":23}],"player_experience":120143,"relics_obtained":[{"floor":6,"key":"Eternal Feather"},{"floor":8,"key":"Boot"},{"floor":9,"key":"Dream Catcher"},{"floor":11,"key":"Old Coin"},{"floor":13,"key":"Nunchaku"}],"event_choices":[{"cards_removed":["Strike_R"],"damage_healed":0,"gold_gain":0,"player_choice":"Card Removal","damage_taken":0,"max_hp_gain":0,"max_hp_loss":0,"event_name":"The Cleric","floor":3,"gold_loss":50},{"damage_healed":0,"gold_gain":75,"player_choice":"Gather Gold","damage_taken":11,"max_hp_gain":0,"max_hp_loss":0,"event_name":"World of Goop","floor":4,"gold_loss":0},{"damage_healed":0,"gold_gain":0,"player_choice":"Success","damage_taken":7,"relics_obtained":["Bag of Marbles"],"max_hp_gain":0,"max_hp_loss":0,"event_name":"Scrap Ooze","floor":5,"gold_loss":0},{"damage_healed":0,"gold_gain":0,"player_choice":"Shed Blood","damage_taken":20,"max_hp_gain":5,"max_hp_loss":0,"event_name":"Forgotten Altar","floor":19,"gold_loss":0}],"is_beta":false,"boss_relics":[{"not_picked":["Black Star","Cursed Key"],"picked":"Velvet Choker"}],"items_purged_floors":[22],"is_endless":false,"potions_floor_spawned":[10,13,14,16,18,21],"killed_by":"Slavers","ascension_level":12}}