{"host":"h5jb1yx7cmevn5rr","time":1612259954,"event":{"mods":["BaseMod","Minty Spire (QoL Compilation)","StSLib","SuperFastMode"],"gold_per_floor":[111,122,122,132,57,57,90,90,90,110,142,162,114,114,114,218,218,235,235,21,41,41,41,66,66,66,66,17,17,17,28,28,131,131,149,149,199,199,219,219,94,94,149,149,149,176,85,103,103,103],"floor_reached":51,"language":"KOR","playtime":979,"items_purged":["Strike_G","Defend_G","Defend_G"],"score":747,"play_id":"c3893b4d-4cb4-4110-8577-857912e26d81","local_time":"20210202185914","is_ascension_mode":false,"campfire_choices":[{"data":"Poisoned Stab","floor":6.0,"key":"SMITH"},{"data":"Neutralize","floor":8.0,"key":"SMITH"},{"data":"Poisoned Stab","floor":15.0,"key":"SMITH"},{"data":"A Thousand Cuts","floor":23,"key":"SMITH"},{"data":"A Thousand Cuts","floor":25,"key":"SMITH"},{"data":"Footwork","floor":30,"key":"SMITH"},{"floor":32,"key":"REST"},{"data":"Phantasmal Killer","floor":40,"key":"SMITH"},{"data":"Blade Dance","floor":42,"key":"SMITH"},{"data":"Blade Dance","floor":45,"key":"SMITH"},{"floor":49,"key":"REST"}],"circlet_count":0,"master_deck":["Defend_G","Defend_G","Defend_G","Survivor","Neutralize+1","Deadly Poison","Poisoned Stab+1","Slice","Infinite Blades","Infinite Blades","Poisoned Stab+1","A Thousand Cuts+1","Backflip+1","A Thousand Cuts+1","Footwork+1","Blur","Slice","Bite","Bite","Bite","Bite","Bite","Blade Dance+1","Blade Dance+1","Phantasmal Killer+1","Dodge and Roll+1","Terror+1","Quick Slash+1","Master of Strategy","Dodge and Roll+1","Blade Dance","Choke"],"relics":["Ring of the Snake","NeowsBlessing","Shuriken","Whetstone","Bronze Scales","Torii","Mango","MutagenicStrength","Philosopher\u0027s Stone","Lizard Tail","Vajra","Letter Opener"],"acts_visited":["Exordium","TheCity","TheBeyond"],"potions_floor_usage":[33,50,50,50,50,50],"damage_taken":[{"damage":0.0,"enemies":"Cultist","floor":1.0,"turns":1.0},{"damage":0.0,"enemies":"Jaw Worm","floor":2.0,"turns":1.0},{"damage":0.0,"enemies":"Small Slimes","floor":4.0,"turns":1.0},{"damage":6.0,"enemies":"Lagavulin","floor":7.0,"turns":5.0},{"damage":0.0,"enemies":"2 Fungi Beasts","floor":10.0,"turns":2.0},{"damage":22.0,"enemies":"3 Sentries","floor":11.0,"turns":7.0},{"damage":13.0,"enemies":"Red Slaver","floor":12.0,"turns":3.0},{"damage":16.0,"enemies":"Slime Boss","floor":16.0,"turns":8.0},{"damage":14,"enemies":"Spheric Guardian","floor":18,"turns":4},{"damage":15,"enemies":"Shell Parasite","floor":21,"turns":6},{"damage":32,"enemies":"Gremlin Leader","floor":24,"turns":5},{"damage":24,"enemies":"Centurion and Healer","floor":31,"turns":5},{"damage":49,"enemies":"Automaton","floor":33,"turns":7},{"damage":1,"enemies":"3 Shapes","floor":35,"turns":5},{"damage":25,"enemies":"Mind Bloom Boss Battle","floor":37,"turns":5},{"damage":27,"enemies":"3 Darklings","floor":39,"turns":4},{"damage":41,"enemies":"Reptomancer","floor":46,"turns":5},{"damage":10,"enemies":"Maw","floor":48,"turns":5},{"damage":69,"enemies":"Donu and Deca","floor":50,"turns":6}],"seed_played":"-4840923827831458845","potions_obtained":[{"floor":1.0,"key":"FearPotion"},{"floor":2.0,"key":"BlessingOfTheForge"},{"floor":10.0,"key":"BlessingOfTheForge"},{"floor":21,"key":"Regen Potion"},{"floor":33,"key":"FairyPotion"},{"floor":46,"key":"EntropicBrew"}],"is_trial":false,"path_per_floor":["M","M","?","M","$","R","E","R","T","M","E","M","$","?","R","B",null,"M","?","$","M","?","R","E","R","T","T","$","?","R","M","R","B",null,"M","?","?","?","M","R","$","R","T","?","R","E","$","M","R","B",null],"character_chosen":"THE_SILENT","items_purchased":["Poisoned Stab","Footwork","Blur","Blade Dance","Blade Dance","Choke"],"campfire_rested":2,"item_purchase_floors":[13,20,20,28,47,47],"current_hp_per_floor":[70,70,70,70,70,70,64,64,64,64,42,31,31,31,31,17,70,56,56,56,43,43,43,17,17,17,31,31,31,31,15,40,10,84,84,80,61,61,42,42,42,42,42,42,42,9,9,3,27,42],"gold":103,"neow_bonus":"THREE_ENEMY_KILL","is_daily":false,"chose_seed":false,"campfire_upgraded":9,"win_rate":0.0,"timestamp":1612259954,"path_taken":["M","?","?","?","?","R","E","R","T","M","E","M","?","?","R","BOSS","M","?","$","?","?","R","E","R","T","?","$","?","R","M","R","BOSS","M","?","?","?","M","R","$","R","T","?","R","E","$","M","R","BOSS"],"items_purchased_type":["Card","Card","Card","Card","Card","Card"],"build_version":"2020-12-22","purchased_purges":3,"victory":true,"max_hp_per_floor":[70,70,70,70,70,70,70,70,70,70,70,70,70,70,70,70,70,70,70,70,70,70,70,70,70,70,84,84,84,84,84,84,84,84,84,80,80,80,80,80,80,80,80,80,80,80,80,80,80,80],"card_choices":[{"not_picked":["Riddle With Holes","Masterful Stab"],"picked":"Blade Dance","floor":1.0},{"not_picked":["Well Laid Plans","Backflip"],"picked":"Deadly Poison","floor":2.0},{"not_picked":["Backflip","Predator"],"picked":"Poisoned Stab","floor":4.0},{"not_picked":["Deadly Poison","Eviscerate"],"picked":"Slice","floor":7.0},{"not_picked":["Tactician","Terror"],"picked":"Infinite Blades","floor":10.0},{"not_picked":["Flying Knee","Predator","Noxious Fumes"],"picked":"SKIP","floor":11.0},{"not_picked":["Sucker Punch","Backstab"],"picked":"Infinite Blades","floor":12.0},{"not_picked":["Adrenaline","After Image"],"picked":"A Thousand Cuts","floor":16.0},{"not_picked":["Choke","Flechettes"],"picked":"Backflip+1","floor":18},{"not_picked":["Poisoned Stab","Well Laid Plans"],"picked":"Slice","floor":21},{"not_picked":["Endless Agony+1","Bouncing Flask+1","Predator+1"],"picked":"SKIP","floor":24},{"not_picked":["Blur","Noxious Fumes"],"picked":"Blade Dance","floor":31},{"not_picked":["Burst","Malaise"],"picked":"Phantasmal Killer","floor":33},{"not_picked":["Deadly Poison+1","Flying Knee+1"],"picked":"Dodge and Roll+1","floor":35},{"not_picked":["Choke","Prepared+1"],"picked":"Terror+1","floor":37},{"not_picked":["Heel Hook+1","Expertise"],"picked":"Quick Slash+1","floor":39},{"not_picked":["Chrysalis","Violence"],"picked":"Master of Strategy","floor":44},{"not_picked":["Reflex+1","Predator+1"],"picked":"Dodge and Roll+1","floor":46},{"not_picked":["Endless Agony+1","Calculated Gamble","Deflect"],"picked":"SKIP","floor":48}],"player_experience":2059,"relics_obtained":[{"floor":7.0,"key":"Shuriken"},{"floor":9.0,"key":"Whetstone"},{"floor":11.0,"key":"Blood Vial"},{"floor":24,"key":"Bronze Scales"},{"floor":26,"key":"Torii"},{"floor":27,"key":"Mango"},{"floor":37,"key":"Lizard Tail"},{"floor":43,"key":"Vajra"},{"floor":46,"key":"Letter Opener"}],"event_choices":[{"cards_removed":["Blade Dance"],"damage_healed":5.0,"max_hp_gain":0.0,"max_hp_loss":0.0,"gold_gain":0.0,"event_name":"Bonfire Elementals","player_choice":"Offered Common","floor":3.0,"gold_loss":0.0,"damage_taken":0.0},{"cards_removed":["Blade Dance"],"damage_healed":5.0,"max_hp_gain":0.0,"max_hp_loss":0.0,"gold_gain":0.0,"event_name":"Bonfire Elementals","player_choice":"Offered Special","floor":3.0,"gold_loss":0.0,"damage_taken":0.0},{"cards_removed":["Strike_G"],"damage_healed":0.0,"max_hp_gain":0.0,"max_hp_loss":0.0,"gold_gain":0.0,"event_name":"Living Wall","player_choice":"Forget","floor":14.0,"gold_loss":0.0,"damage_taken":0.0},{"damage_healed":0,"gold_gain":0,"player_choice":"Copied","damage_taken":0,"max_hp_gain":0,"max_hp_loss":0,"event_name":"Duplicator","floor":19,"gold_loss":0,"cards_obtained":["A Thousand Cuts"]},{"damage_healed":0,"gold_gain":0,"player_choice":"Became a vampire (Vial)","damage_taken":0,"max_hp_gain":0,"max_hp_loss":0,"event_name":"Vampires","floor":22,"relics_lost":["Blood Vial"],"gold_loss":0,"cards_obtained":["Bite","Bite","Bite","Bite","Bite"]},{"damage_healed":0,"gold_gain":0,"player_choice":"Inject Mutagens","damage_taken":0,"relics_obtained":["MutagenicStrength"],"max_hp_gain":0,"max_hp_loss":0,"event_name":"Drug Dealer","floor":29,"gold_loss":0},{"damage_healed":0,"gold_gain":0,"player_choice":"Max HP","damage_taken":0,"max_hp_gain":0,"max_hp_loss":4,"event_name":"Winding Halls","floor":36,"gold_loss":0},{"damage_healed":0,"gold_gain":0,"player_choice":"Fight","damage_taken":0,"max_hp_gain":0,"max_hp_loss":0,"event_name":"MindBloom","floor":37,"gold_loss":0},{"damage_healed":0,"gold_gain":0,"player_choice":"Ignored","damage_taken":0,"max_hp_gain":0,"max_hp_loss":0,"event_name":"Tomb of Lord Red Mask","floor":38,"gold_loss":0},{"damage_healed":0,"gold_gain":0,"player_choice":"Memory 1","damage_taken":0,"max_hp_gain":0,"max_hp_loss":0,"event_name":"SensoryStone","floor":44,"gold_loss":0}],"is_beta":false,"boss_relics":[{"not_picked":["Snecko Eye","Astrolabe","Velvet Choker"]},{"not_picked":["Runic Pyramid","Coffee Dripper"],"picked":"Philosopher\u0027s Stone"}],"items_purged_floors":[5,20,41],"is_endless":false,"potions_floor_spawned":[1,2,10,21,33,35,39,46],"ascension_level":0}}