{"host":"2ty4h143nj8vwezc","time":1612240036,"event":{"mods":["BaseMod","Colored Map","Googly Eyes","Highlight Path","Minty Spire (QoL Compilation)","Quick Restart","StSLib"],"gold_per_floor":[116,116,36,53,11,46,46,63,63,63,22,40,72,92,92,169,169,188,199,199,199,124,124,159,159,227,227,244,144,144,157,157,157,157],"floor_reached":33,"language":"ENG","playtime":1186,"items_purged":["Strike_G","Shame"],"score":566,"play_id":"0c0b0e8b-c67a-4067-b4f6-28a4518b617b","local_time":"20210201232716","is_ascension_mode":true,"campfire_choices":[{"data":"Well Laid Plans","floor":7.0,"key":"SMITH"},{"data":"Footwork","floor":10.0,"key":"SMITH"},{"floor":15.0,"key":"REST"},{"data":"Noxious Fumes","floor":23.0,"key":"SMITH"},{"floor":27.0,"key":"REST"},{"floor":30.0,"key":"REST"},{"floor":32.0,"key":"REST"}],"circlet_count":0,"master_deck":["AscendersBane","Strike_G","Strike_G+1","Strike_G","Strike_G+1","Defend_G","Defend_G","Defend_G","Defend_G","Defend_G","Survivor","Neutralize","Deadly Poison","Caltrops","Footwork+1","Well Laid Plans+1","Bouncing Flask","Noxious Fumes+1","Bane","Caltrops","Venomology","PiercingWail+1","Blur","Crippling Poison"],"relics":["Ring of the Snake","NeowsBlessing","Snake Skull","Whetstone","Eternal Feather","Dream Catcher","SlaversCollar","Bottled Tornado","Oddly Smooth Stone","Ninja Scroll"],"acts_visited":["Exordium","TheCity"],"potions_floor_usage":[33],"damage_taken":[{"damage":0.0,"enemies":"Jaw Worm","floor":1.0,"turns":1.0},{"damage":0.0,"enemies":"2 Louse","floor":4.0,"turns":1.0},{"damage":0.0,"enemies":"3 Sentries","floor":6.0,"turns":2.0},{"damage":5.0,"enemies":"Small Slimes","floor":8.0,"turns":3.0},{"damage":12.0,"enemies":"Blue Slaver","floor":12.0,"turns":3.0},{"damage":29.0,"enemies":"Gremlin Nob","floor":13.0,"turns":4.0},{"damage":3.0,"enemies":"Looter","floor":14.0,"turns":2.0},{"damage":16.0,"enemies":"Hexaghost","floor":16.0,"turns":9.0},{"damage":23.0,"enemies":"Shell Parasite","floor":18.0,"turns":6.0},{"damage":19.0,"enemies":"Spheric Guardian","floor":19.0,"turns":4.0},{"damage":36.0,"enemies":"Book of Stabbing","floor":24.0,"turns":5.0},{"damage":33.0,"enemies":"Snake Plant","floor":28.0,"turns":5.0},{"damage":33.0,"enemies":"Shelled Parasite and Fungi","floor":31.0,"turns":6.0},{"damage":68,"enemies":"Collector","floor":33,"turns":7}],"seed_played":"976231521299754219","potions_obtained":[{"floor":1.0,"key":"Weak Potion"},{"floor":13.0,"key":"Explosive Potion"},{"floor":14.0,"key":"GamblersBrew"},{"floor":19.0,"key":"Ancient Potion"},{"floor":24.0,"key":"Fruit Juice"}],"is_trial":false,"path_per_floor":["M","?","$","M","$","E","R","M","T","R","$","M","E","M","R","B",null,"M","M","?","?","$","R","E","?","T","R","M","$","R","M","R","B"],"character_chosen":"THE_SILENT","items_purchased":["Caltrops","Well Laid Plans","Noxious Fumes"],"campfire_rested":4,"item_purchase_floors":[3,5,11],"current_hp_per_floor":[59,54,54,54,54,54,54,49,49,58,58,46,17,14,45,29,57,34,15,28,28,28,40,4,4,4,35,7,7,40,7,40,0,0],"gold":157,"neow_bonus":"THREE_ENEMY_KILL","is_daily":false,"chose_seed":false,"campfire_upgraded":3,"win_rate":0.0,"timestamp":1612240036,"path_taken":["M","?","$","M","$","E","R","M","T","R","$","M","E","M","R","BOSS","M","M","?","?","$","R","E","?","T","R","M","$","R","M","R","BOSS"],"items_purchased_type":["Card","Card","Card"],"build_version":"2020-12-22","purchased_purges":2,"victory":false,"max_hp_per_floor":[66,66,66,66,66,66,66,66,66,66,66,66,66,66,66,66,66,66,66,66,66,66,66,66,66,66,66,71,71,71,71,71,71,71],"card_choices":[{"not_picked":["Poisoned Stab","Sucker Punch"],"picked":"Deadly Poison","floor":1.0},{"not_picked":["Dodge and Roll","Quick Slash"],"picked":"Footwork","floor":4.0},{"not_picked":["Caltrops","Acrobatics"],"picked":"Bouncing Flask","floor":6.0},{"not_picked":["Deadly Poison","Sucker Punch","Backflip"],"picked":"SKIP","floor":8.0},{"not_picked":["Quick Slash","Backflip","Sucker Punch"],"picked":"SKIP","floor":12.0},{"not_picked":["Deflect","Slice"],"picked":"Bane","floor":13.0},{"not_picked":["Bane","Underhanded Strike","Calculated Gamble"],"picked":"SKIP","floor":14.0},{"not_picked":["Expertise","Deflect"],"picked":"Caltrops","floor":15.0},{"not_picked":["Glass Knife","Malaise"],"picked":"Venomology","floor":16.0},{"not_picked":["Bane","Reflex"],"picked":"PiercingWail+1","floor":18.0},{"not_picked":["Choke","Deflect","Prepared"],"picked":"SKIP","floor":19.0},{"not_picked":["Quick Slash","Unload","Finisher"],"picked":"SKIP","floor":24.0},{"not_picked":["Quick Slash","Unload","Finisher"],"picked":"SKIP","floor":24.0},{"not_picked":["Leg Sweep","Distraction+1"],"picked":"Blur","floor":28.0},{"not_picked":["PiercingWail","Poisoned Stab"],"picked":"Crippling Poison","floor":31.0}],"player_experience":323729,"relics_obtained":[{"floor":6.0,"key":"Whetstone"},{"floor":9.0,"key":"Eternal Feather"},{"floor":13.0,"key":"Dream Catcher"},{"floor":24.0,"key":"Bottled Tornado"},{"floor":26.0,"key":"Ninja Scroll"}],"event_choices":[{"damage_healed":0.0,"max_hp_gain":0.0,"max_hp_loss":0.0,"gold_gain":0.0,"event_name":"Scrap Ooze","player_choice":"Success","floor":2.0,"gold_loss":0.0,"damage_taken":5.0,"relics_obtained":["Snake Skull"]},{"damage_healed":13.0,"max_hp_gain":0.0,"max_hp_loss":0.0,"gold_gain":0.0,"event_name":"The Library","player_choice":"Heal","floor":20.0,"gold_loss":0.0,"damage_taken":0.0},{"damage_healed":0.0,"max_hp_gain":0.0,"max_hp_loss":0.0,"gold_gain":0.0,"event_name":"Ghosts","player_choice":"Ignored","floor":21.0,"gold_loss":0.0,"damage_taken":0.0},{"damage_healed":0.0,"max_hp_gain":0.0,"max_hp_loss":0.0,"gold_gain":0.0,"event_name":"Addict","player_choice":"Stole Relic","floor":25.0,"gold_loss":0.0,"damage_taken":0.0,"relics_obtained":["Oddly Smooth Stone"],"cards_obtained":["Shame"]}],"is_beta":false,"boss_relics":[{"not_picked":["Astrolabe","Calling Bell"],"picked":"SlaversCollar"}],"items_purged_floors":[22,29],"is_endless":false,"potions_floor_spawned":[1,13,14,19,24],"killed_by":"Collector","ascension_level":18}}