{"host":"utqe55yv0jihe4d6","time":1612303944,"event":{"mods":["2.2 Compatiblity","AchievementEnabler","BaseMod","Block Reminder","Colored Map","Colored Powertips","Minty Spire (QoL Compilation)","Quick Restart","Rare Cards Sparkle","Relic Stats","SuperFastMode"],"gold_per_floor":[119,130,130,150,25,56,56,84,84,84,116,129,163,173,173,173,173],"floor_reached":16,"language":"ENG","playtime":344,"items_purged":["Strike_R"],"score":260,"play_id":"730f11b3-91a0-4b72-bbcc-a25208b86f37","local_time":"20210202171224","is_ascension_mode":true,"campfire_choices":[{"data":"Inflame","floor":7,"key":"SMITH"},{"data":"Demon Form","floor":10,"key":"SMITH"},{"data":"Uppercut","floor":15,"key":"SMITH"}],"circlet_count":0,"master_deck":["AscendersBane","Strike_R","Strike_R","Strike_R","Strike_R","Defend_R","Defend_R","Defend_R","Defend_R","Bash","Inflame+1","Twin Strike","Demon Form+1","Rupture","Seeing Red","Sword Boomerang","Clothesline","Double Tap","Seeing Red","Feel No Pain","Uppercut+1"],"relics":["Burning Blood","NeowsBlessing","StrikeDummy","Pear","Kunai","Mercury Hourglass","Anchor"],"acts_visited":["Exordium"],"potions_floor_usage":[8,13],"damage_taken":[{"damage":0,"enemies":"2 Louse","floor":1,"turns":1},{"damage":0,"enemies":"Cultist","floor":2,"turns":1},{"damage":0,"enemies":"Small Slimes","floor":4,"turns":1},{"damage":15,"enemies":"Lagavulin","floor":6,"turns":5},{"damage":7,"enemies":"Gremlin Nob","floor":8,"turns":3},{"damage":30,"enemies":"3 Sentries","floor":11,"turns":4},{"damage":10,"enemies":"Gremlin Gang","floor":12,"turns":4},{"damage":20,"enemies":"Gremlin Nob","floor":13,"turns":4},{"damage":3,"enemies":"Lots of Slimes","floor":14,"turns":3},{"damage":40,"enemies":"The Guardian","floor":16,"turns":8}],"seed_played":"5014420011290655941","potions_obtained":[{"floor":1,"key":"LiquidBronze"},{"floor":4,"key":"Ancient Potion"},{"floor":6,"key":"AttackPotion"}],"is_trial":false,"path_per_floor":["M","M","?","M","$","E","R","E","T","R","E","M","E","M","R","B"],"character_chosen":"IRONCLAD","items_purchased":["Sword Boomerang"],"campfire_rested":0,"item_purchase_floors":[5],"current_hp_per_floor":[74,75,75,75,75,66,66,75,75,75,51,47,33,36,36,0,0],"gold":173,"neow_bonus":"THREE_ENEMY_KILL","is_daily":false,"chose_seed":false,"campfire_upgraded":3,"win_rate":0.0,"timestamp":1612303944,"path_taken":["M","M","?","?","?","E","R","E","T","R","E","M","E","M","R","BOSS"],"items_purchased_type":["Card"],"build_version":"2020-12-22","purchased_purges":1,"victory":false,"max_hp_per_floor":[75,75,75,75,75,75,75,85,85,85,85,85,85,85,85,85,85],"relic_stats":{"counters":[10,34],"Kunai":[2],"obtain_stats":[{"Anchor":13,"Pear":8,"NeowsBlessing":0,"Kunai":9,"StrikeDummy":6,"Burning Blood":0,"Mercury Hourglass":11},{"Anchor":8,"Pear":5,"NeowsBlessing":0,"Kunai":5,"StrikeDummy":4,"Burning Blood":0,"Mercury Hourglass":6},{"Anchor":23,"Pear":11,"NeowsBlessing":0,"Kunai":11,"StrikeDummy":8,"Burning Blood":0,"Mercury Hourglass":15}],"Burning Blood":43,"Mercury Hourglass":[102]},"card_choices":[{"not_picked":["Metallicize","Sentinel"],"picked":"Inflame","floor":1},{"not_picked":["Heavy Blade","Dropkick"],"picked":"Twin Strike","floor":2},{"not_picked":["Perfected Strike","Clash"],"picked":"Seeing Red","floor":4},{"not_picked":["Combust","Twin Strike"],"picked":"Clothesline","floor":6},{"not_picked":["Warcry","Evolve"],"picked":"Double Tap","floor":8},{"not_picked":["Twin Strike","Rupture"],"picked":"Seeing Red","floor":11},{"not_picked":["Second Wind","Fire Breathing","Entrench"],"picked":"SKIP","floor":12},{"not_picked":["Reckless Charge","Warcry"],"picked":"Feel No Pain","floor":13},{"not_picked":["Iron Wave","Warcry"],"picked":"Uppercut","floor":14}],"player_experience":2991525,"relics_obtained":[{"floor":6,"key":"StrikeDummy"},{"floor":8,"key":"Pear"},{"floor":9,"key":"Kunai"},{"floor":11,"key":"Mercury Hourglass"},{"floor":13,"key":"Anchor"}],"event_choices":[{"damage_healed":0,"gold_gain":0,"player_choice":"2 cards matched","damage_taken":0,"max_hp_gain":0,"max_hp_loss":0,"event_name":"Match and Keep!","floor":3,"gold_loss":0,"cards_obtained":["Demon Form","Rupture"]}],"is_beta":false,"boss_relics":[],"items_purged_floors":[5],"is_endless":false,"potions_floor_spawned":[1,4,6],"killed_by":"The Guardian","ascension_level":20}}