{"host":"kjehzzhcyp0nyrrl","time":1612253245,"event":{"mods":["100% Spire Juice","AchievementEnabler","BaseMod","Hermit","Keyboard Shortcuts","Koishi","Minty Spire (QoL Compilation)","StSLib","SuperFastMode","The Dragon Tamer","The Hierophant","everything is the same but u backflip on backflip"],"gold_per_floor":[118,134,234,247,266,266,140,140,140,156,156,168,343,368,368,368,368],"floor_reached":16,"language":"KOR","playtime":459,"items_purged":["Moonworks:Strike"],"score":102,"play_id":"49e50af4-ef2d-46f8-bd6c-c94678fe86de","local_time":"20210202170725","is_ascension_mode":false,"campfire_choices":[{"data":"Moonworks:CloudOfSeagulls","floor":6,"key":"SMITH"},{"data":"Moonworks:IndiscriminateFireSupport","floor":11,"key":"SMITH"},{"floor":15,"key":"REST"}],"circlet_count":0,"master_deck":["Moonworks:Strike","Moonworks:Strike","Moonworks:Defend","Moonworks:Defend","Moonworks:Defend","Moonworks:Defend","Moonworks:Ambush","Moonworks:LongDistanceShot","Moonworks:RocketCannon","Moonworks:IndiscriminateFireSupport+1","Moonworks:CloudOfSeagulls+1","Moonworks:JonathanRush","Moonworks:NicePresent","Moonworks:JonathanRush","Moonworks:RagingMadness","Moonworks:WindyEnchantment","Moonworks:ForcedRevival","Doubt","Moonworks:BigBangBell"],"relics":["Moonworks:BrokenBomb","Moonworks:Homemark","Ginger","Dead Branch"],"acts_visited":["Exordium"],"potions_floor_usage":[14,16],"damage_taken":[{"damage":7,"enemies":"2 Louse","floor":1,"turns":3},{"damage":1,"enemies":"Cultist","floor":2,"turns":3},{"damage":1,"enemies":"Jaw Worm","floor":4,"turns":2},{"damage":10,"enemies":"Lots of Slimes","floor":5,"turns":2},{"damage":10,"enemies":"Looter","floor":10,"turns":3},{"damage":9,"enemies":"Blue Slaver","floor":12,"turns":3},{"damage":26,"enemies":"Lagavulin","floor":14,"turns":5},{"damage":26,"enemies":"The Guardian","floor":16,"turns":6}],"seed_played":"2845563940677113929","potions_obtained":[{"floor":4,"key":"PowerPotion"},{"floor":10,"key":"EssenceOfSteel"},{"floor":12,"key":"DistilledChaos"}],"is_trial":false,"path_per_floor":["M","M","?","M","M","R","$","?","T","M","R","M","?","E","R","B"],"character_chosen":"THE_STARBREAKER","items_purchased":["Moonworks:JonathanRush"],"campfire_rested":1,"item_purchase_floors":[7],"current_hp_per_floor":[47,46,46,45,35,35,35,35,35,25,25,16,16,5,21,0,0],"gold":368,"neow_bonus":"THREE_RARE_CARDS","is_daily":false,"chose_seed":false,"campfire_upgraded":2,"win_rate":0.0,"timestamp":1612253245,"path_taken":["M","M","?","M","?","R","$","?","T","?","R","M","?","E","R","BOSS"],"items_purchased_type":["Card"],"build_version":"2020-12-22","purchased_purges":1,"victory":false,"max_hp_per_floor":[54,54,54,54,54,54,54,54,54,54,54,54,54,54,54,54,54],"card_choices":[{"not_picked":["Moonworks:FinalBattle","Moonworks:MeltingMemories"],"picked":"Moonworks:RocketCannon","floor":0},{"not_picked":["Moonworks:FinalSurgery","Moonworks:BigMagnum"],"picked":"Moonworks:IndiscriminateFireSupport","floor":1},{"not_picked":["Moonworks:SakisCookie","Moonworks:SweetBattle"],"picked":"Moonworks:CloudOfSeagulls","floor":2},{"not_picked":["Moonworks:BigMagnum","Moonworks:Assault"],"picked":"Moonworks:JonathanRush","floor":4},{"not_picked":["Moonworks:IntelligenceOfficer","Moonworks:ImOnFire"],"picked":"Moonworks:NicePresent","floor":5},{"not_picked":["Moonworks:Gamble","Moonworks:BigMagnum"],"picked":"Moonworks:WindyEnchantment","floor":10},{"not_picked":["Moonworks:AwakeningOfTalent","Moonworks:IndiscriminateFireSupport"],"picked":"Moonworks:ForcedRevival","floor":12},{"not_picked":["Moonworks:BackdoorTrade","Moonworks:IndiscriminateFireSupport"],"picked":"Moonworks:BigBangBell","floor":14}],"player_experience":397848,"relics_obtained":[{"floor":9,"key":"Ginger"},{"floor":14,"key":"Dead Branch"}],"event_choices":[{"damage_healed":0,"gold_gain":100,"player_choice":"Pray","damage_taken":0,"max_hp_gain":0,"max_hp_loss":0,"event_name":"Golden Shrine","floor":3,"gold_loss":0},{"damage_healed":0,"gold_gain":0,"cards_transformed":["Moonworks:Strike"],"player_choice":"Transformed","damage_taken":0,"max_hp_gain":0,"max_hp_loss":0,"event_name":"Transmorgrifier","floor":8,"gold_loss":0,"cards_obtained":["Moonworks:RagingMadness"]},{"damage_healed":0,"gold_gain":175,"player_choice":"AGREE","damage_taken":0,"max_hp_gain":0,"max_hp_loss":0,"event_name":"Liars Game","floor":13,"gold_loss":0,"cards_obtained":["Doubt"]}],"is_beta":false,"boss_relics":[],"items_purged_floors":[7],"is_endless":false,"potions_floor_spawned":[4,10,12],"killed_by":"The Guardian","ascension_level":0}}