{"host":"ehgz297skgb1u9fr","time":1612247909,"event":{"mods":["2.2 Compatiblity","Act Like it!","Aspiration","BaseMod","Conspire","Energized Spire","Hubris","Minty Spire (QoL Compilation)","RRrroohrrRGHHhhh!!","Reliquary","Replay The Spire","Retaliation","Shop Mod","StSLib","Wandering Minibosses","Wide Potions"],"gold_per_floor":[117,132,148,159,191,224,238,266,266,283,308,328,328,362,362,462,562,573,552,552,621,635,635,665,677,730,730,742,742,773,773,773,870,870,881,892,892,892,909,909,943,943,998,1190,1220,1237,1264,1276,1276,1276,1276,1276,651,679,679,679],"floor_reached":55,"language":"ENG","playtime":4134,"items_purged":["Parasite"],"score":995,"play_id":"1be90719-66bc-40a4-a07a-fb8359f873ec","local_time":"20210202003829","is_ascension_mode":true,"campfire_choices":[{"data":"Uppercut","floor":13,"key":"SMITH"},{"floor":15,"key":"RECALL"},{"floor":27,"key":"REST"},{"floor":29,"key":"REST"},{"data":"Heavy Blade","floor":32,"key":"SMITH"},{"data":"ReplayTheSpireMod:Limb From Limb","floor":40,"key":"SMITH"},{"data":"Sword Boomerang","floor":42,"key":"SMITH"},{"data":"Double Tap","floor":49,"key":"SMITH"},{"data":"ReplayTheSpireMod:Limb From Limb","floor":52,"key":"SMITH"}],"circlet_count":0,"master_deck":["Strike_R+1","Strike_R+1","Strike_R+1","Strike_R+1","Strike_R+1","Defend_R","Defend_R","Defend_R","Defend_R","Bash","ReplayTheSpireMod:Limb From Limb+1","Heavy Blade+1","Metallicize","Clash","Spot Weakness","Twin Strike","Infernal Blade","Uppercut+1","Cleave","Flex","Double Tap+1","conspire:ExplosiveBarrier+1","ReplayTheSpireMod:Limb From Limb+1","Power Through+1","DDmod:UnstoppableAttack+1","DDmod:PokeAttack","Demon Form","DDmod:UnstoppableAttack","Sword Boomerang+1","DDmod:PokeAttack","Sword Boomerang+1","DDmod:UnstoppableAttack+1","Shrug It Off+1","DDmod:UnstoppableAttack","DDmod:RapidStrikeAttack","Pummel","Shrug It Off+1"],"relics":["Burning Blood","aspiration:Nostalgia","reliquary:PurpleTingedLeaf","reliquary:TatteredRug","reliquary:SharkskinSheath","reliquary:JackalopeAntler","reliquary:Sideboard","hubris:Metronome","Replay:Wanted Poster","Red Mask","hubris:Towel","wanderingMiniBosses:ThiefScarf","PureWater","Replay:Bottled Eggs","reliquary:RoseTintedGlasses","MealTicket","aspiration:RandomNobGenerator","Durian","Red Skull","reliquary:Knoch","hubris:PeanutButter","Medical Kit","Pet Ghost","Replay:Bottled Steam","Pen Nib","Regal Pillow","HandDrill"],"acts_visited":["Exordium","TheCity","TheBeyond","TheEnding"],"potions_floor_usage":[5,7,11,16,18,19,21,25,39,41,54],"damage_taken":[{"damage":1,"enemies":"Jaw Worm","floor":1,"turns":3},{"damage":5,"enemies":"Small Slimes","floor":2,"turns":4},{"damage":1,"enemies":"Cultist","floor":3,"turns":3},{"damage":7,"enemies":"Exordium Wildlife","floor":4,"turns":3},{"damage":14,"enemies":"conspire:MimicChest","floor":5,"turns":3},{"damage":25,"enemies":"Lagavulin","floor":6,"turns":5},{"damage":10,"enemies":"Looter","floor":7,"turns":2},{"damage":12,"enemies":"3 Sentries","floor":8,"turns":6},{"damage":7,"enemies":"Blue Slaver","floor":10,"turns":2},{"damage":0,"enemies":"Replay:BlueRogue","floor":11,"turns":1},{"damage":4,"enemies":"Exordium Thugs","floor":12,"turns":4},{"damage":10,"enemies":"Lagavulin","floor":14,"turns":5},{"damage":12,"enemies":"Slime Boss","floor":16,"turns":9},{"damage":0,"enemies":"Shell Parasite","floor":18,"turns":1},{"damage":40,"enemies":"Masked Bandits","floor":19,"turns":6},{"damage":17,"enemies":"3 Byrds","floor":21,"turns":5},{"damage":0,"enemies":"Snecko","floor":22,"turns":3},{"damage":33,"enemies":"Book of Stabbing","floor":24,"turns":4},{"damage":0,"enemies":"Centurion and Healer","floor":25,"turns":3},{"damage":10,"enemies":"Snake Plant","floor":28,"turns":3},{"damage":23,"enemies":"Slavers","floor":30,"turns":4},{"damage":24,"enemies":"conspire:MysteriousRune","floor":33,"turns":6},{"damage":18,"enemies":"3 Shapes","floor":35,"turns":3},{"damage":13,"enemies":"3 Darklings","floor":36,"turns":3},{"damage":37,"enemies":"Sphere and 2 Shapes","floor":39,"turns":4},{"damage":7,"enemies":"Giant Head","floor":41,"turns":6},{"damage":23,"enemies":"Reptomancer","floor":45,"turns":5},{"damage":0,"enemies":"Writhing Mass","floor":46,"turns":4},{"damage":0,"enemies":"Giant Head","floor":47,"turns":7},{"damage":0,"enemies":"4 Shapes","floor":48,"turns":2},{"damage":45,"enemies":"Donu and Deca","floor":50,"turns":7},{"damage":76,"enemies":"Shield and Spear","floor":54,"turns":5},{"damage":87,"enemies":"The Heart","floor":55,"turns":6}],"seed_played":"2910698246402962963","potions_obtained":[{"floor":2,"key":"SpeedPotion"},{"floor":3,"key":"LiquidMemories"},{"floor":5,"key":"BlessingOfTheForge"},{"floor":6,"key":"DistilledChaos"},{"floor":10,"key":"AttackPotion"},{"floor":14,"key":"Adrenaline Potion"},{"floor":16,"key":"DuplicationPotion"},{"floor":19,"key":"SpeedPotion"},{"floor":21,"key":"DDmod:CleansePotion"},{"floor":24,"key":"SkillPotion"},{"floor":25,"key":"Dexterity Potion"},{"floor":35,"key":"Adrenaline Potion"},{"floor":39,"key":"ColorlessPotion"},{"floor":41,"key":"CultistPotion"}],"is_trial":false,"path_per_floor":["M","M","M","M","?","E","M","E","T","M","E","M","R","E","R","B",null,"M","?","?","M","M","R","E","M","T","R","M","R","E","?","R","B",null,"M","M","?","T","M","R","E","R","T","?","E","M","E","M","R","B",null,"R","$","E","B"],"character_chosen":"IRONCLAD","items_purchased":["Medical Kit","Pet Ghost","Replay:Bottled Steam"],"campfire_rested":2,"item_purchase_floors":[53,53,53],"current_hp_per_floor":[80,80,80,79,71,54,51,46,46,45,51,53,53,50,50,44,80,80,46,46,35,42,42,16,24,24,48,44,68,52,78,78,61,80,77,74,74,79,74,74,84,84,84,50,62,85,85,85,85,78,85,85,82,64,0,0],"gold":679,"neow_bonus":"NOSTALGIA","is_daily":false,"chose_seed":false,"campfire_upgraded":6,"win_rate":0.0,"timestamp":1612247909,"path_taken":["M","M","M","M","?","E","M","E","T","M","E","?","R","E","R","BOSS","M","?","?","M","M","R","E","M","T","R","M","R","E","?","R","BOSS","M","M","?","?","M","R","E","R","T","?","E","M","E","?","R","BOSS","R","$","E","BOSS"],"items_purchased_type":["Relic","Relic","Relic"],"build_version":"2020-12-22","purchased_purges":1,"victory":false,"max_hp_per_floor":[80,80,80,80,80,80,80,80,80,80,80,80,80,80,80,80,80,80,80,80,80,80,80,80,80,80,80,80,80,80,80,80,80,80,80,80,80,85,85,85,85,85,85,85,85,85,85,85,85,85,85,85,82,82,82,82],"card_choices":[{"not_picked":["Clash","Entrench"],"picked":"ReplayTheSpireMod:Limb From Limb","floor":1},{"not_picked":["Havoc","Clothesline"],"picked":"Heavy Blade","floor":2},{"not_picked":["DDmod:UnstoppableAttack","True Grit"],"picked":"Metallicize","floor":3},{"not_picked":["Flame Barrier","DDmod:SpikedSkill"],"picked":"Clash","floor":4},{"not_picked":["Infernal Blade","Abandon"],"picked":"Spot Weakness","floor":5},{"not_picked":["ReplayReversal","DDmod:EasePowerCard","Corruption"],"picked":"SKIP","floor":6},{"not_picked":["DDmod:SpikedSkill","Power Through"],"picked":"Twin Strike","floor":7},{"not_picked":["hubris:SharpeningStone","DDmod:PlatedThornsSkill"],"picked":"Infernal Blade","floor":8},{"not_picked":["Armaments","Hemokinesis"],"picked":"Uppercut","floor":10},{"not_picked":["Pommel Strike","Body Slam"],"picked":"Cleave","floor":11},{"not_picked":["Flame Barrier","Armaments"],"picked":"hubris:CleavingFinish","floor":12},{"not_picked":["Uppercut","Reckless Charge","Sever Soul"],"picked":"SKIP","floor":14},{"not_picked":["Bludgeon","Barricade"],"picked":"Double Tap","floor":16},{"not_picked":["ReplayTheSpireMod:Stacked+1","DDmod:SpikeMailSkill"],"picked":"Flex","floor":18},{"not_picked":["DDmod:PokeAttack","hubris:ReadiedAction"],"picked":"ReplayTheSpireMod:Limb From Limb","floor":19},{"not_picked":["DDmod:SpikeShotSkill","Anger"],"picked":"Carnage","floor":21},{"not_picked":["Flame Barrier","Wild Strike"],"picked":"conspire:ExplosiveBarrier+1","floor":22},{"not_picked":["Body Slam","Perfected Strike"],"picked":"DDmod:UnstoppableAttack","floor":24},{"not_picked":["DDmod:CallousedSkill+1","hubris:ReadiedAction"],"picked":"Power Through+1","floor":25},{"not_picked":["Rage","Run Through"],"picked":"DDmod:UnstoppableAttack+1","floor":28},{"not_picked":["DDmod:RapidStrikeAttack","DDmod:BurningFumesPowerCard"],"picked":"DDmod:PokeAttack","floor":30},{"not_picked":["hubris:StunningStrike","Exhume"],"picked":"Demon Form","floor":33},{"not_picked":["Replay:Undeath\u0027s Touch","Body Slam+1"],"picked":"Sword Boomerang","floor":35},{"not_picked":["Uppercut","DDmod:BurningFumesPowerCard","Ghostly Armor"],"picked":"SKIP","floor":36},{"not_picked":["Power Through+1","ReplayTheSpireMod:Strike From Hell"],"picked":"Shrug It Off+1","floor":39},{"not_picked":["Shockwave+1","Flex+1"],"picked":"DDmod:PokeAttack","floor":41},{"not_picked":["Twin Strike","Entrench+1"],"picked":"DDmod:UnstoppableAttack+1","floor":44},{"not_picked":["Second Wind","Fiend Fire"],"picked":"Sword Boomerang+1","floor":45},{"not_picked":["Cleave+1","Ghostly Armor+1"],"picked":"DDmod:UnstoppableAttack","floor":46},{"not_picked":["Iron Wave","DDmod:AllInSkill"],"picked":"Shrug It Off+1","floor":47},{"not_picked":["Defy Death+1","Armaments+1"],"picked":"DDmod:RapidStrikeAttack","floor":48},{"not_picked":["DDmod:EasePowerCard+1","Seeing Red"],"picked":"Pummel","floor":54}],"player_experience":412220,"relics_obtained":[{"floor":5,"key":"reliquary:PurpleTingedLeaf"},{"floor":6,"key":"reliquary:TatteredRug"},{"floor":8,"key":"reliquary:SharkskinSheath"},{"floor":9,"key":"reliquary:JackalopeAntler"},{"floor":11,"key":"reliquary:Sideboard"},{"floor":14,"key":"hubris:Metronome"},{"floor":19,"key":"Red Mask"},{"floor":21,"key":"wanderingMiniBosses:ThiefScarf"},{"floor":21,"key":"PureWater"},{"floor":24,"key":"Replay:Bottled Eggs"},{"floor":26,"key":"reliquary:RoseTintedGlasses"},{"floor":30,"key":"MealTicket"},{"floor":38,"key":"Durian"},{"floor":41,"key":"Red Skull"},{"floor":45,"key":"reliquary:Knoch"},{"floor":47,"key":"hubris:PeanutButter"},{"floor":54,"key":"Pen Nib"}],"event_choices":[{"damage_healed":0,"gold_gain":0,"player_choice":"Fought Bandits","damage_taken":0,"max_hp_gain":0,"max_hp_loss":0,"event_name":"Masked Bandits","floor":19,"gold_loss":0},{"damage_healed":26,"gold_gain":0,"player_choice":"Heal","damage_taken":0,"max_hp_gain":0,"max_hp_loss":0,"event_name":"The Library","floor":31,"gold_loss":0}],"is_beta":false,"boss_relics":[{"not_picked":["energizedSpire:NeverEndingSparkler","Runic Dome"],"picked":"Replay:Wanted Poster"},{"not_picked":["Cursed Key","Velvet Choker"],"picked":"aspiration:RandomNobGenerator"}],"items_purged_floors":[53],"is_endless":false,"potions_floor_spawned":[2,3,5,6,10,14,16,19,21,24,25,35,39,41],"killed_by":"The Heart","ascension_level":1}}