{"host":"pgm1p3lvdjflie30","time":1612285607,"event":{"mods":["ATMod(阿瑾Mod)","AchievementEnabler","Aspiration","BaseMod","Challenge The Spire","Colored Map","Colored Powertips","Conspire","Dark Map","Dota2Spire","Energized Spire","Highlight Path","Minty Spire (QoL Compilation)","MostiFishMod","Quarter Circle Forward PUNCH!","Quick Restart","Replay The Spire","Spicy Shops","StSLib","TestMod","The IronCluck","The Jungle","The Poker Player","Waifu the Spire","【?物卡牌】REMEMod","篝火指南"],"gold_per_floor":[110,185,150,50,67,97,97,107,107,107,32,50,50,64,64,64,64,64],"floor_reached":16,"language":"ZHS","playtime":431,"items_purged":[],"score":125,"play_id":"5f34d9ce-6fe7-495f-914b-47e6eaa28803","local_time":"20210203010647","is_ascension_mode":false,"metric_token":1686,"campfire_choices":[{"floor":7,"key":"RECALL"},{"data":"Ghostly","floor":13,"key":"SMITH"},{"floor":15,"key":"DIG"}],"circlet_count":0,"master_deck":["PokerPlayerMod:Diamond2","PokerPlayerMod:Diamond2","PokerPlayerMod:Diamond3","PokerPlayerMod:Diamond4","PokerPlayerMod:Diamond5","PokerPlayerMod:Spade4","PokerPlayerMod:Spade2","PokerPlayerMod:Spade3","PokerPlayerMod:Spade7","PokerPlayerMod:Club1","PokerPlayerMod:Club2","PokerPlayerMod:Heart2","PokerPlayerMod:TrumpStrike+1","PokerPlayerMod:BadJoker","PokerPlayerMod:Mulligan","PokerPlayerMod:RoyalStrike","AT_FamilyPortrait","PokerPlayerMod:Diamond9","Ghostly+1","PokerPlayerMod:Heart4","PokerPlayerMod:Club3","PokerPlayerMod:Diamond6","PokerPlayerMod:SpadeStrike","PokerPlayerMod:DartThrow"],"relics":["PokerPlayerMod:DeckCase","AT_ATBox","REME_ComplimentaryCards","DaveBox","testmod-TestBox","PatriotShield","testmod-ObsoleteBoomerang","NeowsBlessing","SynthV:TestCard","Akabeko","PokerPlayerMod:PenAndEraser","White Beast Statue"],"acts_visited":["Exordium"],"potions_floor_usage":[],"damage_taken":[{"damage":0,"enemies":"Jaw Worm","floor":1,"turns":1},{"damage":0,"enemies":"Small Slimes","floor":5,"turns":1},{"damage":0,"enemies":"Gremlin Nob","floor":6,"turns":1},{"damage":0,"enemies":"2 Louse","floor":8,"turns":1},{"damage":0,"enemies":"Exordium Wildlife","floor":12,"turns":5},{"damage":18,"enemies":"Exordium Thugs","floor":14,"turns":8},{"damage":14,"enemies":"The Guardian","floor":16,"turns":5}],"seed_played":"-5338618759921000682","potions_obtained":[{"floor":6,"key":"LifebloodPotion"},{"floor":8,"key":"Elixir"},{"floor":12,"key":"Dota2Spire:Clarity"}],"is_trial":false,"path_per_floor":["M","?","?","?","M","E","R","M","T","?","$","M","R","M","R_BF","B"],"character_chosen":"THE_POKER_PLAYER","items_purchased":["PokerPlayerMod:PenAndEraser"],"campfire_rested":0,"item_purchase_floors":[11],"current_hp_per_floor":[52,41,52,52,52,52,52,52,52,42,42,46,46,34,34,26,26,26],"gold":64,"neow_bonus":"THREE_ENEMY_KILL","is_daily":false,"chose_seed":false,"campfire_upgraded":1,"win_rate":0.0,"timestamp":1612285607,"path_taken":["M","?","?","?","M","E","R","M","T","?","$","M","R","M","R_BF","BOSS"],"items_purchased_type":["Relic"],"build_version":"2020-12-22","purchased_purges":0,"victory":false,"max_hp_per_floor":[52,52,52,52,52,52,52,52,52,52,52,52,52,52,52,52,52,52],"card_choices":[{"not_picked":["PokerPlayerMod:Diamond4","PokerPlayerMod:Spade8"],"picked":"PokerPlayerMod:Diamond9","floor":1},{"not_picked":["PokerPlayerMod:Fold","PokerPlayerMod:Heart3","PokerPlayerMod:Diamond3","PokerPlayerMod:Raise"],"picked":"PokerPlayerMod:Heart4","floor":5},{"not_picked":["PokerPlayerMod:ClubStrike","PokerPlayerMod:ClubsClub","PokerPlayerMod:Diamond2","PokerPlayerMod:FillThePot"],"picked":"PokerPlayerMod:Club3","floor":6},{"not_picked":["PokerPlayerMod:ClubStrike","PokerPlayerMod:Spade1","PokerPlayerMod:Overdeal","PokerPlayerMod:Diamond4"],"picked":"PokerPlayerMod:Diamond6","floor":8},{"not_picked":["PokerPlayerMod:ClubStrike","PokerPlayerMod:Diamond3","PokerPlayerMod:SecondChance","PokerPlayerMod:Diamond4"],"picked":"PokerPlayerMod:SpadeStrike","floor":12},{"not_picked":["PokerPlayerMod:ClubsClub","PokerPlayerMod:Heart5","PokerPlayerMod:Spade4","PokerPlayerMod:MagicTrick"],"picked":"PokerPlayerMod:DartThrow","floor":14}],"player_experience":233672,"relics_obtained":[{"floor":1,"key":"SynthV:TestCard"},{"floor":6,"key":"Akabeko"},{"floor":15,"key":"White Beast Statue"}],"event_choices":[{"damage_healed":0,"gold_gain":75,"player_choice":"Gather Gold","damage_taken":11,"max_hp_gain":0,"max_hp_loss":0,"event_name":"World of Goop","floor":2,"gold_loss":0},{"damage_healed":13,"gold_gain":0,"player_choice":"Healed","damage_taken":0,"max_hp_gain":0,"max_hp_loss":0,"event_name":"The Cleric","floor":3,"gold_loss":35},{"damage_healed":0,"gold_gain":0,"player_choice":"Argue","damage_taken":0,"max_hp_gain":0,"max_hp_loss":0,"event_name":"conspire:LoneGhost","floor":4,"gold_loss":0},{"damage_healed":0,"gold_gain":0,"player_choice":"Entered Light","damage_taken":10,"max_hp_gain":0,"max_hp_loss":0,"event_name":"Shining Light","floor":10,"gold_loss":0,"cards_upgraded":["PokerPlayerMod:Diamond2","PokerPlayerMod:TrumpStrike"]}],"is_beta":false,"boss_relics":[],"items_purged_floors":[],"is_endless":false,"potions_floor_spawned":[6,8,12],"killed_by":"The Guardian","ascension_level":0}}