{"host":"bycas0s5rx7l5h3x","time":1612258552,"event":{"mods":["AchievementEnabler","Act Like it!","Arknights","BaseMod","Minty Spire (QoL Compilation)","MostiFishMod","Pale of the Ancients","Quick Restart","Replay The Spire","StSLib"],"gold_per_floor":[119,68,85,95,45,76,94,114,114,180,208,221,239,239,239,343,343],"floor_reached":16,"language":"ZHS","playtime":1209,"items_purged":[],"score":239,"play_id":"bc99c643-e27b-463a-9a40-e0c09ba87abb","local_time":"20210202173552","is_ascension_mode":false,"campfire_choices":[{"data":"ats:Thermite Blade","floor":15,"key":"SMITH"}],"circlet_count":0,"master_deck":["ats:Strike C","ats:Strike G","ats:Strike S","ats:Strike V","ats:Armor Crushing Shot","ats:Defend","ats:Defend","ats:Defend","ats:Defend","ats:Emotion Absorption","ats:Ignite","ats:Leaping Hammer","ats:Ignite","ats:Assault Order","ats:Hammer On","ats:LN2 Cannon","ats:Revitalization","ats:Thermite Blade+1","ats:Cat Scratch","ats:Hammer On","ats:Shell Defense","ats:Part Time Job"],"relics":["ats:Sanity","DaveBox","PatriotShield","SynthV:TestCard","ats:Originium","Bag of Preparation","Happy Flower","Blue Doll"],"acts_visited":["Exordium"],"potions_floor_usage":[],"damage_taken":[{"damage":0,"enemies":"Cultist","floor":1,"turns":2},{"damage":0,"enemies":"2 Louse","floor":3,"turns":1},{"damage":0,"enemies":"Jaw Worm","floor":4,"turns":2},{"damage":3,"enemies":"Lagavulin","floor":6,"turns":3},{"damage":0,"enemies":"3 Louse","floor":7,"turns":1},{"damage":0,"enemies":"Large Slime","floor":8,"turns":4},{"damage":0,"enemies":"3 Sentries","floor":11,"turns":3},{"damage":0,"enemies":"Blue Slaver","floor":12,"turns":1},{"damage":0,"enemies":"Gremlin Gang","floor":13,"turns":4},{"damage":0,"enemies":"Fading Forest","floor":16,"turns":11}],"seed_played":"-8730078483475674928","potions_obtained":[{"floor":4,"key":"LiquidBronze"},{"floor":7,"key":"DistilledChaos"},{"floor":10,"key":"PowerPotion"}],"is_trial":false,"path_per_floor":["M","$","M","M","$","E","M","M","T","?","E","M","M","?","R","B"],"character_chosen":"DOCTOR_CLASS","items_purchased":["ats:Leaping Hammer","ats:Hammer On"],"campfire_rested":0,"item_purchase_floors":[2,5],"current_hp_per_floor":[79,79,79,79,79,76,76,78,78,59,62,62,67,67,67,79,79],"gold":343,"neow_bonus":"TEN_PERCENT_HP_BONUS","is_daily":false,"chose_seed":false,"campfire_upgraded":1,"win_rate":0.0,"timestamp":1612258552,"path_taken":["M","$","M","M","$","E","M","M","T","?","E","?","M","?","R","BOSS"],"items_purchased_type":["Card","Card"],"build_version":"2020-12-22","purchased_purges":0,"victory":false,"max_hp_per_floor":[79,79,79,79,79,79,79,79,79,79,79,79,79,79,79,79,79],"card_choices":[{"not_picked":["ats:Poison Spread","ats:Consecutive Shot Auto"],"picked":"ats:Ignite","floor":1},{"not_picked":["ats:Explosion Area Strengthen","ats:Curse Doll","ats:Serious Mode","ats:Revitalization"],"picked":"ats:Ignite","floor":3},{"not_picked":["ats:Beaten Up","ats:Demon Strength","ats:Shadow Assault","ats:Consecutive Shot Auto"],"picked":"ats:Assault Order","floor":4},{"not_picked":["ats:Powerful Strike","ats:Guardian Obelisk","ats:Thorns","ats:Explosion Area Strengthen"],"picked":"ats:LN2 Cannon","floor":6},{"not_picked":["ats:Mental Burst","ats:Support Order","ats:Charging Defense","ats:Leaping Hammer"],"picked":"ats:Revitalization","floor":7},{"not_picked":["ats:Shell Defense","ats:Blood Oath","ats:Explosion Area Strengthen","ats:Chain Hook"],"picked":"ats:Thermite Blade","floor":8},{"not_picked":["ats:Assault Order","ats:Soul Rend","ats:Consecutive Shot Auto","ats:Guard Mode"],"picked":"ats:Cat Scratch","floor":10},{"not_picked":["ats:Healing Strengthening","ats:Absolute Focus","ats:Steam Pump","ats:Support Order"],"picked":"ats:Hammer On","floor":10},{"not_picked":["ats:Powerful Strike","ats:Healing Strengthening","ats:Ambush","ats:Explosion Area Strengthen"],"picked":"ats:Shell Defense","floor":11},{"not_picked":["ats:Guardian Obelisk","ats:Consecutive Shot Auto","ats:Magnetic Hammer","ats:Hammer On","ats:Steam Pump"],"picked":"SKIP","floor":12},{"not_picked":["ats:LN2 Cannon","ats:Ignite","ats:Serious Mode","ats:Assault Order"],"picked":"ats:Part Time Job","floor":13}],"player_experience":52024,"relics_obtained":[{"floor":1,"key":"SynthV:TestCard"},{"floor":6,"key":"ats:Originium"},{"floor":6,"key":"Bag of Preparation"},{"floor":10,"key":"Happy Flower"},{"floor":11,"key":"ats:Originium"},{"floor":11,"key":"Blue Doll"}],"event_choices":[{"damage_healed":0,"gold_gain":0,"player_choice":"Ignored","damage_taken":0,"max_hp_gain":0,"max_hp_loss":0,"event_name":"Golden Idol","floor":14,"gold_loss":0}],"is_beta":false,"boss_relics":[],"items_purged_floors":[],"is_endless":false,"potions_floor_spawned":[4,6,7,8,11,16],"killed_by":"Fading Forest","ascension_level":0}}