{"host":"y56d1fjpgcjsodvy","time":1612236148,"event":{"mods":["BaseMod","Colored Powertips","GifTheSpireLib","Highlight Path","Minty Spire (QoL Compilation)","Relic Stats","StSLib","SuperFastMode","everything is the same but u backflip on backflip"],"gold_per_floor":[111,36,84,84,9,41,41,70,117,136,146,146,177,195,195,267,267,267,267,286,336,79,79,92,111,158,158,190,208,225,225,225],"floor_reached":31,"language":"KOR","playtime":743,"items_purged":["Defend_R"],"score":550,"play_id":"6bc9a87c-57ec-4937-b243-a5cb662db7bf","local_time":"20210202122228","is_ascension_mode":true,"campfire_choices":[{"data":"Demon Form","floor":7,"key":"SMITH"},{"floor":12,"key":"REST"},{"data":"Shrug It Off","floor":15,"key":"SMITH"},{"data":"Evolve","floor":23,"key":"SMITH"},{"data":"Shrug It Off","floor":27,"key":"SMITH"}],"circlet_count":0,"master_deck":["AscendersBane","Strike_R","Strike_R","Strike_R","Strike_R","Defend_R+1","Defend_R+1","Defend_R","Bash","Demon Form+1","Sword Boomerang+1","Shrug It Off+1","Reaper","Evolve+1","Shrug It Off+1","Feed","Flame Barrier"],"relics":["Burning Blood","War Paint","Dream Catcher","Regal Pillow","Oddly Smooth Stone","Philosopher\u0027s Stone","ClockworkSouvenir","Smiling Mask","FossilizedHelix"],"acts_visited":["Exordium","TheCity"],"potions_floor_usage":[13,16,18,30,31],"damage_taken":[{"damage":12,"enemies":"2 Louse","floor":1,"turns":4},{"damage":48,"enemies":"3 Sentries","floor":6,"turns":8},{"damage":8,"enemies":"Gremlin Nob","floor":8,"turns":3},{"damage":7,"enemies":"Jaw Worm","floor":10,"turns":4},{"damage":0,"enemies":"Small Slimes","floor":11,"turns":4},{"damage":4,"enemies":"Lagavulin","floor":13,"turns":5},{"damage":38,"enemies":"Gremlin Gang","floor":14,"turns":5},{"damage":10,"enemies":"The Guardian","floor":16,"turns":9},{"damage":0,"enemies":"3 Byrds","floor":18,"turns":1},{"damage":27,"enemies":"Shell Parasite","floor":20,"turns":6},{"damage":17,"enemies":"Snecko","floor":24,"turns":5},{"damage":35,"enemies":"Cultist and Chosen","floor":25,"turns":5},{"damage":77,"enemies":"Slavers","floor":28,"turns":5},{"damage":38,"enemies":"Chosen and Byrds","floor":29,"turns":10},{"damage":18,"enemies":"Snake Plant","floor":30,"turns":5},{"damage":53,"enemies":"Gremlin Leader","floor":31,"turns":7}],"seed_played":"-846783111720771538","potions_obtained":[{"floor":6,"key":"Swift Potion"},{"floor":10,"key":"BlessingOfTheForge"},{"floor":11,"key":"Weak Potion"},{"floor":14,"key":"SmokeBomb"},{"floor":25,"key":"FairyPotion"},{"floor":28,"key":"Energy Potion"},{"floor":29,"key":"AttackPotion"}],"is_trial":false,"path_per_floor":["M","?","T","?","$","E","R","E","T","M","M","R","E","M","R","B",null,"M","?","M","?","$","R","M","M","T","R","E","M","M","E"],"character_chosen":"IRONCLAD","items_purchased":["ClockworkSouvenir","Evolve"],"campfire_rested":1,"item_purchase_floors":[22,22],"current_hp_per_floor":[62,62,62,62,62,20,20,18,18,17,23,60,62,30,30,26,63,69,69,64,64,64,64,57,54,54,54,18,33,28,0,0],"gold":225,"neow_bonus":"ONE_RANDOM_RARE_CARD","is_daily":false,"chose_seed":false,"campfire_upgraded":4,"win_rate":0.0,"timestamp":1612236148,"path_taken":["M","?","?","?","$","E","R","E","T","M","M","R","E","M","R","BOSS","M","?","M","?","$","R","M","M","T","R","E","M","M","E"],"items_purchased_type":["Relic","Card"],"build_version":"2020-12-22","purchased_purges":1,"victory":false,"max_hp_per_floor":[75,75,75,75,75,75,75,75,75,75,75,75,75,75,75,75,75,75,75,75,75,75,75,75,75,75,75,75,78,78,78,78],"relic_stats":{"Dream Catcher":1,"Regal Pillow":15,"counters":[16,86],"War Paint":["Defend_R","Defend_R"],"Smiling Mask":0,"obtain_stats":[{"Dream Catcher":6,"Regal Pillow":9,"Oddly Smooth Stone":13,"Philosopher\u0027s Stone":17,"War Paint":3,"Smiling Mask":26,"Burning Blood":0,"FossilizedHelix":28,"ClockworkSouvenir":22},{"Dream Catcher":2,"Regal Pillow":3,"Oddly Smooth Stone":6,"Philosopher\u0027s Stone":8,"War Paint":1,"Smiling Mask":12,"Burning Blood":0,"FossilizedHelix":13,"ClockworkSouvenir":10},{"Dream Catcher":12,"Regal Pillow":15,"Oddly Smooth Stone":28,"Philosopher\u0027s Stone":42,"War Paint":4,"Smiling Mask":59,"Burning Blood":0,"FossilizedHelix":64,"ClockworkSouvenir":49}],"Burning Blood":90},"card_choices":[{"not_picked":["Metallicize","Carnage"],"picked":"Sword Boomerang","floor":1},{"not_picked":["Feel No Pain","Body Slam","Flex"],"picked":"SKIP","floor":6},{"not_picked":["Anger","Flex","Clothesline"],"picked":"SKIP","floor":8},{"not_picked":["Anger","Flex","Clothesline"],"picked":"SKIP","floor":8},{"not_picked":["Havoc","Pommel Strike"],"picked":"Shrug It Off","floor":10},{"not_picked":["Headbutt","Second Wind","Power Through"],"picked":"SKIP","floor":11},{"not_picked":["Headbutt","Second Wind","Power Through"],"picked":"SKIP","floor":11},{"not_picked":["Immolate","Body Slam","Cleave"],"picked":"SKIP","floor":13},{"not_picked":["Perfected Strike","Thunderclap","Power Through"],"picked":"SKIP","floor":14},{"not_picked":["Feed","Exhume"],"picked":"Reaper","floor":16},{"not_picked":["Searing Blow","Clothesline","Blood for Blood"],"picked":"SKIP","floor":20},{"not_picked":["Searing Blow","Clothesline","Blood for Blood"],"picked":"SKIP","floor":20},{"not_picked":["Pommel Strike","Power Through","Iron Wave"],"picked":"SKIP","floor":24},{"not_picked":["Twin Strike","Cleave"],"picked":"Shrug It Off","floor":25},{"not_picked":["Rupture+1","True Grit"],"picked":"Feed","floor":28},{"not_picked":["Pommel Strike","Perfected Strike"],"picked":"Flame Barrier","floor":29},{"not_picked":["Combust","Hemokinesis","Anger"],"picked":"SKIP","floor":30}],"player_experience":1193125,"relics_obtained":[{"floor":3,"key":"War Paint"},{"floor":6,"key":"Dream Catcher"},{"floor":9,"key":"Regal Pillow"},{"floor":13,"key":"Oddly Smooth Stone"},{"floor":26,"key":"Smiling Mask"},{"floor":28,"key":"FossilizedHelix"}],"event_choices":[{"cards_removed":["Strike_R"],"damage_healed":0,"gold_gain":0,"player_choice":"Card Removal","damage_taken":0,"max_hp_gain":0,"max_hp_loss":0,"event_name":"The Cleric","floor":2,"gold_loss":75},{"damage_healed":0,"gold_gain":0,"player_choice":"Grow","damage_taken":0,"max_hp_gain":0,"max_hp_loss":0,"event_name":"Living Wall","floor":4,"gold_loss":0,"cards_upgraded":["Sword Boomerang"]},{"damage_healed":0,"gold_gain":0,"player_choice":"Ignored","damage_taken":0,"max_hp_gain":0,"max_hp_loss":0,"event_name":"Ghosts","floor":19,"gold_loss":0},{"damage_healed":0,"gold_gain":50,"player_choice":"Stole From Cult","damage_taken":0,"max_hp_gain":0,"max_hp_loss":0,"event_name":"Nest","floor":21,"gold_loss":0}],"is_beta":false,"boss_relics":[{"not_picked":["SlaversCollar","Runic Cube"],"picked":"Philosopher\u0027s Stone"}],"items_purged_floors":[5],"is_endless":false,"potions_floor_spawned":[6,10,11,14,18,25,28,29],"killed_by":"Gremlin Leader","ascension_level":20}}