{"host":"xb2tau8pgi8aflss","time":1612262445,"event":{"mods":["AchievementEnabler","BaseMod","Minty Spire (QoL Compilation)","StSLib","SuperFastMode"],"gold_per_floor":[114,129,52,52,52,52,90,90,90,109,128,128,128,166,166,291,291,310,410,35,54,54,54,73,3,303,341,341,360,379,379,379],"floor_reached":31,"language":"KOR","playtime":1271,"items_purged":["Strike_R"],"score":313,"play_id":"0bbaea7f-ba41-4441-b95d-af9158915df4","local_time":"20210202194045","daily_mods":["Chimera","Blue Cards","Binary"],"is_ascension_mode":false,"campfire_choices":[{"data":"Pommel Strike","floor":6,"key":"SMITH"},{"data":"Survivor","floor":8,"key":"SMITH"},{"data":"Rebound","floor":15,"key":"SMITH"},{"floor":23,"key":"REST"}],"circlet_count":0,"master_deck":["Bash","Survivor+1","Zap","Eruption","Strike_G","Strike_B","Defend_R","Defend_G","Defend_P","Flame Barrier","Armaments+1","Pommel Strike+1","Sweeping Beam","Rebound+1","Fire Breathing","Seek","BootSequence","Coolheaded+1"],"relics":["Burning Blood","Golden Idol","Kunai","Matryoshka","Pen Nib","Gambling Chip","Regal Pillow","SlaversCollar","Turnip","Juzu Bracelet","Old Coin","Red Skull","Calipers"],"acts_visited":["Exordium","TheCity"],"potions_floor_usage":[14,18,27,30,31],"damage_taken":[{"damage":12,"enemies":"Cultist","floor":1,"turns":3},{"damage":10,"enemies":"Small Slimes","floor":2,"turns":4},{"damage":20,"enemies":"Lagavulin","floor":7,"turns":8},{"damage":1,"enemies":"2 Louse","floor":10,"turns":3},{"damage":7,"enemies":"Blue Slaver","floor":11,"turns":5},{"damage":15,"enemies":"3 Sentries","floor":14,"turns":6},{"damage":0,"enemies":"Slime Boss","floor":16,"turns":4},{"damage":24,"enemies":"Chosen","floor":18,"turns":7},{"damage":32,"enemies":"Shell Parasite","floor":21,"turns":8},{"damage":26,"enemies":"Snake Plant","floor":24,"turns":5},{"damage":21,"enemies":"Gremlin Leader","floor":27,"turns":6},{"damage":16,"enemies":"Snecko","floor":29,"turns":5},{"damage":26,"enemies":"Cultist and Chosen","floor":30,"turns":7},{"damage":16,"enemies":"Shelled Parasite and Fungi","floor":31,"turns":4}],"seed_played":"-9070903199233054170","potions_obtained":[{"floor":1,"key":"GamblersBrew"},{"floor":2,"key":"SmokeBomb"},{"floor":7,"key":"GamblersBrew"},{"floor":16,"key":"SkillPotion"},{"floor":21,"key":"SteroidPotion"},{"floor":24,"key":"ColorlessPotion"},{"floor":29,"key":"Explosive Potion"}],"is_trial":false,"path_per_floor":["M","M","$","?","?","R","E","R","T","M","M","T","$","E","R","B",null,"M","?","$","M","$","R","M","$","T","E","?","M","M","M"],"character_chosen":"IRONCLAD","items_purchased":["Armaments","Pommel Strike","Turnip","BootSequence"],"campfire_rested":1,"item_purchase_floors":[3,3,20,25],"current_hp_per_floor":[74,70,70,70,50,50,36,36,36,41,40,40,40,31,31,37,80,62,62,62,36,36,75,55,55,55,40,40,30,10,0,0],"gold":379,"neow_bonus":"","is_daily":true,"chose_seed":false,"campfire_upgraded":3,"win_rate":0.0,"timestamp":1612262445,"path_taken":["M","?","$","?","?","R","E","R","T","M","M","?","?","E","R","BOSS","M","?","$","M","?","R","M","?","T","E","?","M","M","M"],"items_purchased_type":["Card","Card","Relic","Card"],"build_version":"2020-12-22","purchased_purges":1,"victory":false,"max_hp_per_floor":[80,80,80,80,80,80,80,80,80,80,80,80,80,80,80,80,80,80,80,80,80,80,80,80,80,80,80,80,80,80,80,80],"card_choices":[{"not_picked":["Clothesline"],"picked":"Flame Barrier","floor":1},{"not_picked":["Go for the Eyes","Redo"],"picked":"SKIP","floor":2},{"not_picked":["Stack","Doom and Gloom"],"picked":"SKIP","floor":7},{"not_picked":["Recycle"],"picked":"Sweeping Beam","floor":10},{"not_picked":["True Grit"],"picked":"Rebound","floor":11},{"not_picked":["Uppercut"],"picked":"Fire Breathing","floor":14},{"not_picked":["Demon Form"],"picked":"Seek","floor":16},{"not_picked":["Clash","Havoc"],"picked":"SKIP","floor":18},{"not_picked":["Leap","Sword Boomerang"],"picked":"SKIP","floor":21},{"not_picked":["Fusion","Barrage"],"picked":"SKIP","floor":24},{"not_picked":["Thunderclap","Cold Snap"],"picked":"SKIP","floor":27},{"not_picked":["Rebound","Bludgeon"],"picked":"SKIP","floor":29},{"not_picked":["Chaos"],"picked":"Coolheaded+1","floor":30}],"player_experience":749674,"relics_obtained":[{"floor":7,"key":"Kunai"},{"floor":9,"key":"Matryoshka"},{"floor":12,"key":"Pen Nib"},{"floor":12,"key":"Gambling Chip"},{"floor":14,"key":"Regal Pillow"},{"floor":26,"key":"Juzu Bracelet"},{"floor":26,"key":"Old Coin"},{"floor":27,"key":"Red Skull"}],"event_choices":[{"damage_healed":0,"gold_gain":0,"player_choice":"Grow","damage_taken":0,"max_hp_gain":0,"max_hp_loss":0,"event_name":"Living Wall","floor":4,"gold_loss":0,"cards_upgraded":["Armaments"]},{"damage_healed":0,"gold_gain":0,"player_choice":"Take Damage","damage_taken":20,"relics_obtained":["Golden Idol"],"max_hp_gain":0,"max_hp_loss":0,"event_name":"Golden Idol","floor":5,"gold_loss":0},{"damage_healed":0,"gold_gain":100,"player_choice":"Pray","damage_taken":0,"max_hp_gain":0,"max_hp_loss":0,"event_name":"Golden Shrine","floor":19,"gold_loss":0},{"damage_healed":0,"gold_gain":0,"player_choice":"Opened","damage_taken":0,"relics_obtained":["Calipers"],"max_hp_gain":0,"max_hp_loss":0,"event_name":"The Mausoleum","floor":28,"gold_loss":0}],"is_beta":false,"boss_relics":[{"not_picked":["Busted Crown","Black Star"],"picked":"SlaversCollar"}],"items_purged_floors":[20],"is_endless":false,"potions_floor_spawned":[1,2,7,16,21,24,29],"killed_by":"Shelled Parasite and Fungi","ascension_level":0}}