{"host":"j9610sde00vfp93k","time":1612279715,"event":{"mods":["AchievementEnabler","BaseMod","Minty Spire (QoL Compilation)","StSLib","SuperFastMode"],"gold_per_floor":[117,137,155,155,330,330,330,330,357,357,409,434,384,403,403,526,526,550,550,57,76,76,76,76,94,94,108,126,144,144,144,144,243,243,262,262,277,277,277,277],"floor_reached":39,"language":"ENG","playtime":1760,"items_purged":["Doubt"],"score":371,"play_id":"cd17d1b6-5f33-4d30-9f70-6f5d5056a7cc","local_time":"20210202232835","is_ascension_mode":false,"campfire_choices":[{"data":"Prostrate","floor":6,"key":"SMITH"},{"data":"Eruption","floor":8,"key":"SMITH"},{"data":"PathToVictory","floor":10,"key":"SMITH"},{"data":"CrushJoints","floor":15,"key":"SMITH"},{"data":"DevaForm","floor":23,"key":"SMITH"},{"floor":32,"key":"REST"}],"circlet_count":0,"master_deck":["Strike_P","Strike_P","Strike_P","Strike_P","Defend_P","Defend_P","Defend_P","Defend_P","Eruption+1","Vigilance","CrushJoints+1","SashWhip","PathToVictory+1","Prostrate+1","Establishment","EmptyBody","DevaForm+1","FollowUp+1","FlyingSleeves","Perseverance","JustLucky","CarveReality","Protect+1","Prostrate+1","BattleHymn","FollowUp","ReachHeaven+1","PathToVictory","Apotheosis","Finesse","Dramatic Entrance","Writhe"],"relics":["PureWater","Ginger","Bloody Idol","Tiny Chest","Nunchaku","VioletLotus","The Courier","Damaru","Orrery","Mercury Hourglass","Shuriken","Mummified Hand","SacredBark"],"acts_visited":["Exordium","TheCity","TheBeyond"],"potions_floor_usage":[33,39,39],"damage_taken":[{"damage":1,"enemies":"Jaw Worm","floor":1,"turns":3},{"damage":0,"enemies":"2 Louse","floor":2,"turns":4},{"damage":0,"enemies":"Small Slimes","floor":3,"turns":2},{"damage":0,"enemies":"3 Louse","floor":12,"turns":1},{"damage":4,"enemies":"Blue Slaver","floor":14,"turns":2},{"damage":42,"enemies":"Hexaghost","floor":16,"turns":9},{"damage":26,"enemies":"Shell Parasite","floor":18,"turns":7},{"damage":7,"enemies":"2 Thieves","floor":21,"turns":3},{"damage":2,"enemies":"Chosen and Byrds","floor":25,"turns":5},{"damage":16,"enemies":"Snecko","floor":27,"turns":3},{"damage":5,"enemies":"Centurion and Healer","floor":28,"turns":5},{"damage":9,"enemies":"Cultist and Chosen","floor":29,"turns":5},{"damage":46,"enemies":"Collector","floor":33,"turns":7},{"damage":27,"enemies":"3 Shapes","floor":35,"turns":3},{"damage":33,"enemies":"3 Darklings","floor":37,"turns":5},{"damage":34,"enemies":"Maw","floor":39,"turns":2}],"seed_played":"2430959308875458065","potions_obtained":[{"floor":3,"key":"FearPotion"},{"floor":16,"key":"LiquidBronze"},{"floor":18,"key":"Swift Potion"},{"floor":35,"key":"EssenceOfSteel"}],"is_trial":false,"path_per_floor":["M","M","M","?","?","R","?","R","T","R","T","M","?","M","R","B",null,"M","T","$","M","?","R","?","M","T","M","M","M","T","$","R","B",null,"M","?","M","?","M"],"character_chosen":"WATCHER","items_purchased":["Damaru","Orrery","Mercury Hourglass"],"campfire_rested":1,"item_purchase_floors":[20,20,20],"current_hp_per_floor":[71,71,71,71,71,71,53,53,53,53,53,53,53,49,49,7,72,46,46,46,39,39,39,39,42,42,31,31,27,27,27,48,7,72,50,40,12,30,0,0],"gold":277,"neow_bonus":"THREE_CARDS","is_daily":false,"chose_seed":false,"campfire_upgraded":5,"win_rate":0.0,"timestamp":1612279715,"path_taken":["M","M","M","?","?","R","?","R","T","R","?","?","?","M","R","BOSS","M","?","$","M","?","R","?","?","T","M","M","M","?","$","R","BOSS","M","?","M","?","M"],"items_purchased_type":["Relic","Relic","Relic"],"build_version":"2020-12-22","purchased_purges":1,"victory":false,"max_hp_per_floor":[72,72,72,72,72,72,72,72,72,72,72,72,72,72,72,72,72,72,72,72,72,72,72,72,72,72,72,72,72,72,72,72,72,72,72,72,72,72,72,72],"card_choices":[{"not_picked":["EmptyBody","FlurryOfBlows"],"picked":"CrushJoints","floor":0},{"not_picked":["EmptyMind","WaveOfTheHand"],"picked":"SashWhip","floor":1},{"not_picked":["CrushJoints","BowlingBash"],"picked":"PathToVictory","floor":2},{"not_picked":["CrushJoints","EmptyFist"],"picked":"Prostrate","floor":3},{"not_picked":["BowlingBash","SashWhip"],"picked":"Establishment","floor":12},{"not_picked":["CutThroughFate","FlurryOfBlows"],"picked":"EmptyBody","floor":14},{"not_picked":["Brilliance","Vault"],"picked":"DevaForm","floor":16},{"not_picked":["Tantrum","InnerPeace"],"picked":"FollowUp+1","floor":18},{"not_picked":["BowlingBash","Crescendo"],"picked":"FlyingSleeves","floor":20},{"not_picked":["SignatureMove","SashWhip"],"picked":"Perseverance","floor":20},{"not_picked":["MasterReality","Conclude"],"picked":"JustLucky","floor":20},{"not_picked":["Swivel+1","CrushJoints"],"picked":"CarveReality","floor":20},{"not_picked":["Vault","FollowUp"],"picked":"Protect+1","floor":20},{"not_picked":["CutThroughFate+1","Crescendo"],"picked":"Prostrate+1","floor":21},{"not_picked":["EmptyFist","BattleHymn"],"picked":"FollowUp","floor":25},{"not_picked":["TalkToTheHand","ClearTheMind"],"picked":"ReachHeaven+1","floor":27},{"not_picked":["ThirdEye+1","TalkToTheHand+1","ClearTheMind"],"picked":"SKIP","floor":28},{"not_picked":["Vengeance+1","CutThroughFate","EmptyBody"],"picked":"SKIP","floor":29},{"not_picked":["CutThroughFate+1","Evaluate+1"],"picked":"PathToVictory","floor":35},{"not_picked":["Madness","Enlightenment"],"picked":"Apotheosis","floor":36},{"not_picked":["Deep Breath","Madness"],"picked":"Finesse","floor":36},{"not_picked":["Purity","Finesse"],"picked":"Dramatic Entrance","floor":36},{"not_picked":["FlurryOfBlows","BowlingBash","FollowUp+1"],"picked":"SKIP","floor":37}],"player_experience":185547,"relics_obtained":[{"floor":9,"key":"Tiny Chest"},{"floor":11,"key":"Nunchaku"},{"floor":19,"key":"The Courier"},{"floor":26,"key":"Shuriken"},{"floor":30,"key":"Mummified Hand"}],"event_choices":[{"damage_healed":0,"gold_gain":0,"player_choice":"Box","damage_taken":0,"relics_obtained":["Ginger"],"max_hp_gain":0,"max_hp_loss":0,"event_name":"Big Fish","floor":4,"gold_loss":0,"cards_obtained":["Regret"]},{"damage_healed":0,"gold_gain":175,"player_choice":"AGREE","damage_taken":0,"max_hp_gain":0,"max_hp_loss":0,"event_name":"Liars Game","floor":5,"gold_loss":0,"cards_obtained":["Doubt"]},{"damage_healed":0,"gold_gain":0,"player_choice":"Take Damage","damage_taken":18,"relics_obtained":["Golden Idol"],"max_hp_gain":0,"max_hp_loss":0,"event_name":"Golden Idol","floor":7,"gold_loss":0},{"cards_removed":["Regret"],"damage_healed":0,"gold_gain":0,"player_choice":"Card Removal","damage_taken":0,"max_hp_gain":0,"max_hp_loss":0,"event_name":"The Cleric","floor":13,"gold_loss":50},{"damage_healed":0,"gold_gain":0,"player_choice":"Read","damage_taken":0,"max_hp_gain":0,"max_hp_loss":0,"event_name":"The Library","floor":22,"gold_loss":0,"cards_obtained":["BattleHymn"]},{"damage_healed":0,"gold_gain":0,"player_choice":"Gave Idol","damage_taken":0,"relics_obtained":["Bloody Idol"],"max_hp_gain":0,"max_hp_loss":0,"event_name":"Forgotten Altar","floor":24,"relics_lost":["Golden Idol"],"gold_loss":0},{"damage_healed":0,"gold_gain":0,"player_choice":"Memory 3","damage_taken":10,"max_hp_gain":0,"max_hp_loss":0,"event_name":"SensoryStone","floor":36,"gold_loss":0},{"damage_healed":18,"gold_gain":0,"player_choice":"Writhe","damage_taken":0,"max_hp_gain":0,"max_hp_loss":0,"event_name":"Winding Halls","floor":38,"gold_loss":0,"cards_obtained":["Writhe"]}],"is_beta":false,"boss_relics":[{"not_picked":["SlaversCollar","Busted Crown"],"picked":"VioletLotus"},{"not_picked":["Cursed Key","Empty Cage"],"picked":"SacredBark"}],"items_purged_floors":[20],"is_endless":false,"potions_floor_spawned":[3,16,18,28,35],"killed_by":"Maw","ascension_level":0}}