{"host":"d52brwsy6af8zvaq","time":1612244543,"event":{"mods":["AchievementEnabler","BaseMod","Bestiary","Highlight Path","Minty Spire (QoL Compilation)","Quick Restart","Relic Stats","ojb\u0027s Better Paths Mod"],"gold_per_floor":[112,112,112,127,52,52,87,87,87,98,98,98],"floor_reached":11,"language":"ENG","playtime":311,"items_purged":["Pain"],"score":142,"play_id":"bba7a4a9-0e1a-4ef8-9cc9-dca16cae8d32","local_time":"20210201224223","is_ascension_mode":true,"campfire_choices":[{"data":"Predator","floor":6.0,"key":"SMITH"}],"circlet_count":0,"master_deck":["AscendersBane","Strike_G","Strike_G","Strike_G","Defend_G","Defend_G","Defend_G","Defend_G","Defend_G","Survivor","Neutralize","Skewer+1","Tools of the Trade","Predator+1","PiercingWail","Deadly Poison","Blade Dance"],"relics":["Ring of the Snake","Nunchaku","Ice Cream"],"acts_visited":[],"potions_floor_usage":[11,11],"damage_taken":[{"damage":12.0,"enemies":"Small Slimes","floor":1.0,"turns":5.0},{"damage":4.0,"enemies":"2 Louse","floor":4.0,"turns":3.0},{"damage":34.0,"enemies":"Gremlin Nob","floor":7.0,"turns":4.0},{"damage":0,"enemies":"Jaw Worm","floor":10,"turns":3},{"damage":5,"enemies":"3 Sentries","floor":11,"turns":6}],"seed_played":"2386101647777157918","potions_obtained":[{"floor":1.0,"key":"SpeedPotion"},{"floor":4.0,"key":"Strength Potion"},{"floor":10,"key":"GhostInAJar"}],"is_trial":false,"path_per_floor":["M","?","?","M","$","R","E","?","T","M","E"],"character_chosen":"THE_SILENT","items_purchased":[],"campfire_rested":0,"item_purchase_floors":[],"current_hp_per_floor":[47,47,52,48,48,48,14,14,14,14,9,9],"gold":98,"neow_bonus":"TRANSFORM_TWO_CARDS","is_daily":false,"chose_seed":false,"campfire_upgraded":1,"win_rate":0.0,"timestamp":1612244543,"path_taken":["M","?","?","M","$","R","E","?","T","M","E"],"items_purchased_type":[],"build_version":"2020-12-22","purchased_purges":1,"victory":false,"max_hp_per_floor":[66,66,71,71,71,71,71,71,71,71,71,71],"relic_stats":{"Nunchaku":[1],"counters":[5,21],"obtain_stats":[{"Ice Cream":9,"Nunchaku":7,"Ring of the Snake":0},{"Ice Cream":3,"Nunchaku":3,"Ring of the Snake":0},{"Ice Cream":12,"Nunchaku":12,"Ring of the Snake":0}],"Ring of the Snake":[10]},"card_choices":[{"not_picked":["Flying Knee","Accuracy"],"picked":"Predator","floor":1.0},{"not_picked":["Flying Knee","Reflex"],"picked":"PiercingWail","floor":4.0},{"not_picked":["Tactician","Backflip"],"picked":"Deadly Poison","floor":7.0},{"not_picked":["Sucker Punch","Prepared"],"picked":"Blade Dance","floor":10}],"player_experience":2115082,"relics_obtained":[{"floor":7.0,"key":"Nunchaku"},{"floor":9,"key":"Ice Cream"}],"event_choices":[{"damage_healed":0.0,"max_hp_gain":0.0,"max_hp_loss":0.0,"gold_gain":0.0,"event_name":"Liars Game","player_choice":"Ignored","floor":2.0,"gold_loss":0.0,"damage_taken":0.0},{"damage_healed":0.0,"max_hp_gain":5.0,"max_hp_loss":0.0,"gold_gain":0.0,"event_name":"Big Fish","player_choice":"Donut","floor":3.0,"gold_loss":0.0,"damage_taken":0.0},{"damage_healed":0,"gold_gain":0,"player_choice":"Grow","damage_taken":0,"max_hp_gain":0,"max_hp_loss":0,"event_name":"Living Wall","floor":8,"gold_loss":0,"cards_upgraded":["Skewer"]}],"is_beta":false,"boss_relics":[],"items_purged_floors":[5],"is_endless":false,"potions_floor_spawned":[1,4,10],"killed_by":"3 Sentries","ascension_level":20}}