{"host":"52m1o8iwwagurbjs","time":1612268618,"event":{"mods":["AchievementEnabler","BaseMod","Bestiary","Colored Powertips","GifTheSpireLib","Minty Spire (QoL Compilation)","Quick Restart","RNG Fix","Relic Stats","StSLib"],"gold_per_floor":[115,1,76,89,106,141,141,316,398,363,690,703,79,92,92,195,195,205,220,220,220,49,60,76,101,127,157,157,157,191,23,23,124,124,144,144,194,205,205,205],"floor_reached":39,"language":"ENG","playtime":1760,"items_purged":["Doubt","Pain","Strike_G+1"],"score":602,"play_id":"721f5860-0508-4ce7-940b-82c480da8959","local_time":"20210202072338","is_ascension_mode":true,"campfire_choices":[{"data":"Bouncing Flask","floor":7.0,"key":"SMITH"},{"data":"Footwork","floor":15.0,"key":"SMITH"},{"floor":29.0,"key":"REST"},{"data":"Calculated Gamble","floor":32.0,"key":"SMITH"}],"circlet_count":0,"master_deck":["Strike_G+1","Strike_G+1","Strike_G+1","Strike_G+1","Defend_G+1","Defend_G+1","Defend_G+1","Defend_G+1","Defend_G+1","Survivor","Neutralize","Crippling Poison","Bouncing Flask+1","Dagger Spray","Flying Knee","Backflip","Footwork+1","Crippling Poison","PiercingWail","Acrobatics","Acrobatics","Bullet Time","Footwork","Footwork","Escape Plan","Burst","Calculated Gamble+1","Tactician","Well Laid Plans","Calculated Gamble","Noxious Fumes+1","Reflex","After Image","CurseOfTheBell","Panacea"],"relics":["Ring of the Snake","NeowsBlessing","Shuriken","Ninja Scroll","Old Coin","Tough Bandages","Orrery","HoveringKite","WarpedTongs","MealTicket","Bag of Marbles","Ancient Tea Set","The Courier","Calling Bell","Bag of Preparation","Darkstone Periapt","Thread and Needle","Mango"],"acts_visited":["Exordium","TheCity","TheBeyond"],"potions_floor_usage":[39],"damage_taken":[{"damage":0.0,"enemies":"2 Louse","floor":1.0,"turns":1.0},{"damage":0.0,"enemies":"Cultist","floor":4.0,"turns":1.0},{"damage":0.0,"enemies":"Jaw Worm","floor":5.0,"turns":1.0},{"damage":25.0,"enemies":"Lagavulin","floor":6.0,"turns":8.0},{"damage":12.0,"enemies":"3 Sentries","floor":11.0,"turns":6.0},{"damage":5.0,"enemies":"3 Louse","floor":12.0,"turns":2.0},{"damage":3.0,"enemies":"Looter","floor":14.0,"turns":4.0},{"damage":0.0,"enemies":"The Guardian","floor":16.0,"turns":12.0},{"damage":4.0,"enemies":"2 Thieves","floor":18.0,"turns":4.0},{"damage":0.0,"enemies":"3 Byrds","floor":19.0,"turns":4.0},{"damage":0.0,"enemies":"3 Cultists","floor":23.0,"turns":4.0},{"damage":9.0,"enemies":"Snecko","floor":24.0,"turns":6.0},{"damage":31.0,"enemies":"Book of Stabbing","floor":27.0,"turns":5.0},{"damage":0.0,"enemies":"Slavers","floor":30.0,"turns":5.0},{"damage":10.0,"enemies":"Automaton","floor":33.0,"turns":8.0},{"damage":0.0,"enemies":"3 Shapes","floor":35.0,"turns":6.0},{"damage":0.0,"enemies":"Mind Bloom Boss Battle","floor":37.0,"turns":7.0},{"damage":14.0,"enemies":"3 Darklings","floor":38.0,"turns":6.0},{"damage":79,"enemies":"2 Orb Walkers","floor":39,"turns":6}],"seed_played":"-4099605433705278125","potions_obtained":[{"floor":1.0,"key":"Dexterity Potion"},{"floor":4.0,"key":"Fruit Juice"},{"floor":14.0,"key":"GhostInAJar"},{"floor":16.0,"key":"AttackPotion"},{"floor":18.0,"key":"LiquidBronze"},{"floor":33.0,"key":"LiquidBronze"},{"floor":35.0,"key":"Strength Potion"}],"is_trial":false,"path_per_floor":["M","$","?","M","M","E","R","?","T","?","E","M","$","M","R","B",null,"M","M","?","?","$","M","M","T","T","E","?","R","E","$","R","B",null,"M","?","?","M","?"],"character_chosen":"THE_SILENT","items_purchased":["Bouncing Flask","Dagger Spray","Tough Bandages","Orrery","Footwork","Energy Potion","Well Laid Plans","Reflex","Energy Potion"],"campfire_rested":1,"item_purchase_floors":[2,2,13,13,13,13,22,31,31],"current_hp_per_floor":[70,70,59,59,59,39,39,39,39,57,45,40,40,37,37,37,75,71,71,71,71,71,71,62,62,62,31,31,53,53,68,68,58,75,75,75,89,75,0,0],"gold":205,"neow_bonus":"THREE_ENEMY_KILL","is_daily":false,"chose_seed":false,"campfire_upgraded":3,"win_rate":0.0,"timestamp":1612268618,"path_taken":["M","$","?","M","M","E","R","?","T","?","E","M","$","M","R","BOSS","M","M","?","?","$","M","M","?","T","E","?","R","E","$","R","BOSS","M","?","?","?","?"],"items_purchased_type":["Card","Card","Relic","Relic","Card","Potion","Card","Card","Potion"],"build_version":"2020-12-22","purchased_purges":3,"victory":false,"max_hp_per_floor":[70,70,70,70,70,75,75,75,75,75,75,75,75,75,75,75,75,75,75,75,75,75,75,75,75,75,75,75,75,75,75,75,75,75,75,75,89,89,89,89],"relic_stats":{"Darkstone Periapt":0,"Tough Bandages":[246],"counters":[19,96],"Shuriken":[22],"HoveringKite":[30],"MealTicket":15,"Bag of Preparation":[0],"obtain_stats":[{"Darkstone Periapt":34,"NeowsBlessing":0,"HoveringKite":17,"Thread and Needle":34,"Mango":37,"The Courier":30,"Bag of Preparation":34,"Ancient Tea Set":27,"Old Coin":11,"WarpedTongs":20,"Calling Bell":34,"Tough Bandages":13,"Shuriken":6,"Ninja Scroll":9,"Orrery":13,"MealTicket":25,"Bag of Marbles":26,"Ring of the Snake":0},{"Darkstone Periapt":15,"NeowsBlessing":0,"HoveringKite":8,"Thread and Needle":15,"Mango":17,"The Courier":14,"Bag of Preparation":15,"Ancient Tea Set":13,"Old Coin":5,"WarpedTongs":10,"Calling Bell":15,"Tough Bandages":6,"Shuriken":4,"Ninja Scroll":4,"Orrery":6,"MealTicket":12,"Bag of Marbles":12,"Ring of the Snake":0},{"Darkstone Periapt":71,"NeowsBlessing":0,"HoveringKite":35,"Thread and Needle":71,"Mango":84,"The Courier":63,"Bag of Preparation":71,"Ancient Tea Set":58,"Old Coin":17,"WarpedTongs":43,"Calling Bell":71,"Tough Bandages":19,"Shuriken":11,"Ninja Scroll":11,"Orrery":19,"MealTicket":53,"Bag of Marbles":53,"Ring of the Snake":0}],"Ring of the Snake":[38],"WarpedTongs":[53]},"card_choices":[{"not_picked":["Well Laid Plans","Poisoned Stab"],"picked":"Crippling Poison","floor":1.0},{"not_picked":["Finisher","Sucker Punch"],"picked":"Flying Knee","floor":4.0},{"not_picked":["Flying Knee","Sucker Punch"],"picked":"Backflip","floor":5.0},{"not_picked":["Venomology","Heel Hook"],"picked":"Footwork","floor":6.0},{"not_picked":["All Out Attack","Blur"],"picked":"Crippling Poison","floor":11.0},{"not_picked":["Cloak And Dagger","Distraction"],"picked":"PiercingWail","floor":12.0},{"not_picked":["Cloak And Dagger","Flying Knee"],"picked":"Acrobatics","floor":13.0},{"not_picked":["Deflect","Expertise"],"picked":"Acrobatics","floor":13.0},{"not_picked":["Dash","Finisher"],"picked":"Bullet Time","floor":13.0},{"not_picked":["Quick Slash","Deflect"],"picked":"Footwork","floor":13.0},{"not_picked":["Crippling Poison","Skewer"],"picked":"Escape Plan","floor":14.0},{"not_picked":["Envenom","Die Die Die"],"picked":"Burst","floor":16.0},{"not_picked":["Dagger Throw","Bane"],"picked":"Calculated Gamble","floor":18.0},{"not_picked":["PiercingWail","Footwork"],"picked":"Tactician","floor":19.0},{"not_picked":["Footwork","Heel Hook+1","Sucker Punch+1"],"picked":"SKIP","floor":23.0},{"not_picked":["Underhanded Strike","Well Laid Plans"],"picked":"Calculated Gamble","floor":24.0},{"not_picked":["Sucker Punch","Flying Knee+1","Masterful Stab+1"],"picked":"SKIP","floor":27.0},{"not_picked":["Blade Dance+1","Bane+1"],"picked":"Noxious Fumes+1","floor":30.0},{"not_picked":["Wraith Form v2","Doppelganger"],"picked":"After Image","floor":33.0},{"not_picked":["Leg Sweep","Underhanded Strike+1","Cloak And Dagger+1"],"picked":"SKIP","floor":35.0},{"not_picked":["Good Instincts","Mind Blast"],"picked":"Panacea","floor":36.0},{"not_picked":["Dagger Throw","Flechettes+1","Deflect"],"picked":"SKIP","floor":38.0}],"player_experience":1279394,"relics_obtained":[{"floor":6.0,"key":"Shuriken"},{"floor":9.0,"key":"Ninja Scroll"},{"floor":11.0,"key":"Old Coin"},{"floor":25.0,"key":"MealTicket"},{"floor":26.0,"key":"Bag of Marbles"},{"floor":27.0,"key":"Ancient Tea Set"},{"floor":30.0,"key":"The Courier"},{"floor":34.0,"key":"Bag of Preparation"},{"floor":34.0,"key":"Darkstone Periapt"},{"floor":34.0,"key":"Thread and Needle"},{"floor":37.0,"key":"Mango"}],"event_choices":[{"damage_healed":0.0,"max_hp_gain":0.0,"max_hp_loss":0.0,"gold_gain":75.0,"event_name":"World of Goop","player_choice":"Gather Gold","floor":3.0,"gold_loss":0.0,"damage_taken":11.0},{"damage_healed":0.0,"max_hp_gain":0.0,"max_hp_loss":0.0,"gold_gain":175.0,"event_name":"Liars Game","player_choice":"AGREE","floor":8.0,"gold_loss":0.0,"damage_taken":0.0,"cards_obtained":["Doubt"]},{"damage_healed":18.0,"max_hp_gain":0.0,"max_hp_loss":0.0,"gold_gain":0.0,"event_name":"The Cleric","player_choice":"Healed","floor":10.0,"gold_loss":35.0,"damage_taken":0.0},{"damage_healed":0.0,"max_hp_gain":0.0,"max_hp_loss":0.0,"gold_gain":0.0,"event_name":"Accursed Blacksmith","player_choice":"Rummage","floor":20.0,"gold_loss":0.0,"damage_taken":0.0,"relics_obtained":["WarpedTongs"],"cards_obtained":["Pain"]},{"damage_healed":0.0,"max_hp_gain":0.0,"max_hp_loss":0.0,"gold_gain":0.0,"event_name":"Back to Basics","player_choice":"Simplicity","floor":21.0,"gold_loss":0.0,"damage_taken":0.0,"cards_upgraded":["Strike_G","Strike_G","Strike_G","Strike_G","Strike_G","Defend_G","Defend_G","Defend_G","Defend_G","Defend_G"]},{"damage_healed":0.0,"max_hp_gain":0.0,"max_hp_loss":0.0,"gold_gain":0.0,"event_name":"Cursed Tome","player_choice":"Ignored","floor":28.0,"gold_loss":0.0,"damage_taken":0.0},{"damage_healed":0.0,"max_hp_gain":0.0,"max_hp_loss":0.0,"gold_gain":0.0,"event_name":"SensoryStone","player_choice":"Memory 1","floor":36.0,"gold_loss":0.0,"damage_taken":0.0},{"damage_healed":0.0,"max_hp_gain":0.0,"max_hp_loss":0.0,"gold_gain":0.0,"event_name":"MindBloom","player_choice":"Fight","floor":37.0,"gold_loss":0.0,"damage_taken":0.0},{"damage_healed":0,"gold_gain":0,"player_choice":"Fight","damage_taken":0,"max_hp_gain":0,"max_hp_loss":0,"event_name":"Mysterious Sphere","floor":39,"gold_loss":0}],"is_beta":false,"boss_relics":[{"not_picked":["Runic Pyramid","WristBlade"],"picked":"HoveringKite"},{"not_picked":["Pandora\u0027s Box","Coffee Dripper"],"picked":"Calling Bell"}],"items_purged_floors":[13,22,31],"is_endless":false,"potions_floor_spawned":[1,4,14,16,18,33,35],"killed_by":"2 Orb Walkers","ascension_level":1}}