{"host":"7iv10lxbxedtd0qh","time":1612298167,"event":{"mods":["BaseMod","Colored Map","Colored Powertips","Downfall","Minty Spire (QoL Compilation)","StSLib"],"gold_per_floor":[99,112,122,134,134,144,144,44,69,81,81,110,110,143,156,258,258,258,275,275,145,159,159,232,252,252,252,252],"floor_reached":26,"language":"ENG","playtime":1381,"items_purged":["champ:FancyFootwork"],"score":267,"play_id":"0345b90c-c24f-41e1-87b2-c3c5900c0e8c","local_time":"20210202213607","is_ascension_mode":true,"campfire_choices":[{"floor":1,"key":"RECALL"},{"data":"champ:BerserkersShout","floor":8,"key":"SMITH"},{"data":"champ:Lariat","floor":11,"key":"SMITH"},{"data":"champ:DefensiveShout","floor":13,"key":"SMITH"},{"data":"champ:UltimateStance","floor":18,"key":"SMITH"}],"circlet_count":0,"master_deck":["champ:Strike","champ:Strike","champ:Strike","champ:Strike","champ:Defend","champ:Defend","champ:Defend","champ:Defend","champ:Taunt","champ:LastStand","champ:BerserkersShout+1","champ:BringItOn","champ:DefensiveShout+1","champ:SteelEdge","champ:Lariat+1","champ:UltimateStance+1","champ:EndlessRage","champ:BerserkerStyle","champ:SwordSigil+1"],"relics":["champ:ChampionCrown","Question Card","downfall:HeartBlessingRed","Kunai","Odd Mushroom","Letter Opener","Busted Crown","Nilry\u0027s Codex","Matryoshka"],"acts_visited":["Exordium","TheCity"],"potions_floor_usage":[6,14,16,16,19,25],"damage_taken":[{"damage":10,"enemies":"2 Louse","floor":2,"turns":4},{"damage":30,"enemies":"Small Slimes","floor":3,"turns":6},{"damage":25,"enemies":"Cultist","floor":4,"turns":4},{"damage":15,"enemies":"3 Louse","floor":6,"turns":3},{"damage":56,"enemies":"Lagavulin","floor":9,"turns":11},{"damage":11,"enemies":"Exordium Wildlife","floor":10,"turns":4},{"damage":34,"enemies":"The Mushroom Lair","floor":12,"turns":5},{"damage":25,"enemies":"Gremlin Nob","floor":14,"turns":3},{"damage":16,"enemies":"2 Fungi Beasts","floor":15,"turns":4},{"damage":79,"enemies":"SI_SHIV_ARCHETYPE","floor":16,"turns":9},{"damage":63,"enemies":"Chosen","floor":19,"turns":6},{"damage":35,"enemies":"downfall:FleeingMerchant","floor":21,"turns":4},{"damage":58,"enemies":"3 Byrds","floor":22,"turns":7},{"damage":66,"enemies":"Centurion and Healer","floor":25,"turns":6},{"damage":27,"enemies":"Book of Stabbing","floor":26,"turns":4}],"seed_played":"-4003635034982009254","potions_obtained":[{"floor":2,"key":"SteroidPotion"},{"floor":4,"key":"DistilledChaos"},{"floor":10,"key":"PowerPotion"},{"floor":14,"key":"FearPotion"},{"floor":19,"key":"Fruit Juice"},{"floor":22,"key":"SkillPotion"}],"is_trial":false,"path_per_floor":["R","M","M","M","?","M","T","R","E","M","R","?","R","E","M","B",null,"R","M","?","$","M","?","T","M","E"],"character_chosen":"THE_CHAMP","items_purchased":["champ:BerserkerStyle"],"campfire_rested":0,"item_purchase_floors":[21],"current_hp_per_floor":[90,90,80,80,80,80,80,80,59,58,58,49,49,49,43,9,90,90,72,72,72,47,31,31,25,0,0,0],"gold":252,"neow_bonus":"ONE_RANDOM_RARE_CARD","is_daily":false,"chose_seed":false,"campfire_upgraded":4,"win_rate":0.0,"timestamp":1612298167,"path_taken":["R","M","M","M","?","M","T","R","E","M","R","?","R","E","M","BOSS","R","M","?","$","?","?","T","M","E"],"items_purchased_type":["Card"],"build_version":"2020-12-22","purchased_purges":1,"victory":false,"max_hp_per_floor":[90,90,90,90,90,90,90,90,90,90,90,90,90,90,90,90,90,90,95,95,95,95,95,95,95,95,95,95],"card_choices":[{"not_picked":["champ:RecklessLeap","champ:Backstep"],"picked":"champ:BerserkersShout","floor":2},{"not_picked":["champ:EnGarde","champ:StanceDance"],"picked":"champ:BringItOn","floor":3},{"not_picked":["champ:TornadoPunch","champ:GutPunch"],"picked":"champ:FancyFootwork","floor":4},{"not_picked":["champ:BringItOn","champ:ShieldSlam"],"picked":"champ:DefensiveShout","floor":6},{"not_picked":["champ:CrownThrow","champ:ArenaPreparation","champ:SetATrap"],"picked":"champ:SteelEdge","floor":9},{"not_picked":["champ:Endure","champ:Haymaker","champ:StanceDance"],"picked":"champ:Lariat","floor":10},{"not_picked":["champ:Parry","champ:Haymaker","champ:TornadoPunch","champ:RecklessLeap"],"picked":"SKIP","floor":14},{"not_picked":["champ:PreciseThrust","champ:GladiatorStyle","champ:Duel","champ:FanOfKnives"],"picked":"SKIP","floor":15},{"not_picked":["champ:HoldFirm","champ:ShieldThrow","champ:SteelEdge"],"picked":"champ:UltimateStance","floor":16},{"not_picked":["champ:BringItOn","champ:CrownThrow"],"picked":"SKIP","floor":19},{"not_picked":["champ:FanOfKnives+1"],"picked":"champ:EndlessRage","floor":21},{"not_picked":["champ:Haymaker"],"picked":"champ:SwordSigil+1","floor":22},{"not_picked":["champ:DefensiveShout+1","champ:BerserkersShout"],"picked":"SKIP","floor":25}],"player_experience":788270,"relics_obtained":[{"floor":7,"key":"Question Card"},{"floor":9,"key":"Kunai"},{"floor":12,"key":"Odd Mushroom"},{"floor":14,"key":"Letter Opener"},{"floor":23,"key":"Nilry\u0027s Codex"},{"floor":24,"key":"Matryoshka"}],"event_choices":[{"cards_removed":["champ:Execute"],"damage_healed":0,"gold_gain":0,"player_choice":"Card Removal","damage_taken":0,"max_hp_gain":0,"max_hp_loss":0,"event_name":"The Cleric","floor":5,"gold_loss":0},{"damage_healed":0,"gold_gain":0,"player_choice":"Fought Mushrooms","damage_taken":0,"max_hp_gain":0,"max_hp_loss":0,"event_name":"Mushrooms","floor":12,"gold_loss":0},{"damage_healed":0,"gold_gain":0,"player_choice":"Leave","damage_taken":0,"max_hp_gain":0,"max_hp_loss":0,"event_name":"FaceTrader","floor":20,"gold_loss":0}],"is_beta":false,"boss_relics":[{"not_picked":["Fusion Hammer","Tiny House"],"picked":"Busted Crown"}],"items_purged_floors":[21],"is_endless":false,"potions_floor_spawned":[2,4,10,14,19,22],"killed_by":"Book of Stabbing","ascension_level":2}}