{"host":"t7mx8yfj1no5p62f","time":1612302139,"event":{"mods":["BaseMod","Colored Map","Colored Powertips","Minty Spire (QoL Compilation)","Relic Stats","StSLib"],"gold_per_floor":[116,116,135,146,158,158,183,198,198,217,250,250,275,295,295,368,368,387,302,302,316,18,18,18,50,77,104,104,119,64,96,96,173,173,185,1184,1184,1194,679,679,697,730,730,730,757,769,804,818,818,818,818,818,818,210,235,235],"floor_reached":57,"language":"ENG","playtime":3035,"items_purged":["Strike_R","Normality","Normality"],"score":2940,"play_id":"c8cb538a-9f9f-456e-a149-12bbc693fbe4","local_time":"20210202164219","is_ascension_mode":true,"campfire_choices":[{"data":"Inflame","floor":6.0,"key":"SMITH"},{"data":"Uppercut","floor":12.0,"key":"SMITH"},{"data":"Flame Barrier","floor":15.0,"key":"SMITH"},{"data":"Shockwave","floor":23.0,"key":"SMITH"},{"data":"Spot Weakness","floor":28.0,"key":"SMITH"},{"data":"Spot Weakness","floor":32.0,"key":"SMITH"},{"data":"Impervious","floor":40.0,"key":"SMITH"},{"floor":44.0,"key":"RECALL"},{"data":"Feel No Pain","floor":49.0,"key":"SMITH"},{"data":"Disarm","floor":53,"key":"SMITH"}],"circlet_count":0,"master_deck":["AscendersBane","Strike_R","Strike_R","Defend_R","Defend_R","Defend_R","Bash","Inflame+1","Exhume","Sword Boomerang","Shrug It Off","Uppercut+1","Sword Boomerang","Flame Barrier+1","Shockwave+1","Corruption","Spot Weakness+1","Necronomicurse","Impervious+1","Power Through","Spot Weakness+1","Shrug It Off","Disarm+1","Reaper","Flame Barrier","Heavy Blade+1","Dark Embrace","Feel No Pain+1","Exhume","Disarm+1","Second Wind+1","Feel No Pain+1","Flame Barrier"],"relics":["Burning Blood","PreservedInsect","Meat on the Bone","Ginger","Bottled Tornado","Snecko Eye","Centennial Puzzle","ClockworkSouvenir","Necronomicon","Happy Flower","Toy Ornithopter","Du-Vu Doll","SlaversCollar","Calipers","Darkstone Periapt","Ice Cream","Smiling Mask","Pocketwatch","FossilizedHelix","DollysMirror","Boot"],"acts_visited":["Exordium","TheCity","TheBeyond","TheEnding"],"potions_floor_usage":[55,56,56],"damage_taken":[{"damage":2.0,"enemies":"2 Louse","floor":1.0,"turns":3.0},{"damage":7.0,"enemies":"Cultist","floor":3.0,"turns":4.0},{"damage":11.0,"enemies":"Small Slimes","floor":4.0,"turns":4.0},{"damage":15.0,"enemies":"3 Louse","floor":5.0,"turns":4.0},{"damage":25.0,"enemies":"Lagavulin","floor":7.0,"turns":6.0},{"damage":2.0,"enemies":"2 Fungi Beasts","floor":8.0,"turns":4.0},{"damage":4.0,"enemies":"Looter","floor":10.0,"turns":4.0},{"damage":42.0,"enemies":"3 Sentries","floor":11.0,"turns":8.0},{"damage":5.0,"enemies":"Lagavulin","floor":13.0,"turns":4.0},{"damage":9.0,"enemies":"Blue Slaver","floor":14.0,"turns":3.0},{"damage":16.0,"enemies":"The Guardian","floor":16.0,"turns":12.0},{"damage":7.0,"enemies":"Spheric Guardian","floor":18.0,"turns":4.0},{"damage":2.0,"enemies":"Shell Parasite","floor":21.0,"turns":3.0},{"damage":13.0,"enemies":"Book of Stabbing","floor":25.0,"turns":3.0},{"damage":2.0,"enemies":"Gremlin Leader","floor":27.0,"turns":6.0},{"damage":0.0,"enemies":"Centurion and Healer","floor":29.0,"turns":4.0},{"damage":0.0,"enemies":"Slavers","floor":31.0,"turns":3.0},{"damage":28.0,"enemies":"Champ","floor":33.0,"turns":12.0},{"damage":0.0,"enemies":"Orb Walker","floor":35.0,"turns":3.0},{"damage":10.0,"enemies":"3 Shapes","floor":38.0,"turns":8.0},{"damage":12.0,"enemies":"Jaw Worm Horde","floor":41.0,"turns":5.0},{"damage":0.0,"enemies":"Reptomancer","floor":42.0,"turns":2.0},{"damage":1.0,"enemies":"Nemesis","floor":45.0,"turns":5.0},{"damage":0.0,"enemies":"3 Darklings","floor":46.0,"turns":4.0},{"damage":9.0,"enemies":"Giant Head","floor":47.0,"turns":7.0},{"damage":0.0,"enemies":"Maw","floor":48.0,"turns":6.0},{"damage":41.0,"enemies":"Awakened One","floor":50.0,"turns":8.0},{"damage":18,"enemies":"Time Eater","floor":51,"turns":7},{"damage":18,"enemies":"Shield and Spear","floor":55,"turns":8},{"damage":49,"enemies":"The Heart","floor":56,"turns":10}],"seed_played":"8238258782485723885","potions_obtained":[{"floor":4.0,"key":"DistilledChaos"},{"floor":5.0,"key":"FearPotion"},{"floor":10.0,"key":"DuplicationPotion"},{"floor":13.0,"key":"SteroidPotion"},{"floor":21.0,"key":"Fruit Juice"},{"floor":25.0,"key":"Fruit Juice"},{"floor":29.0,"key":"Regen Potion"},{"floor":33.0,"key":"Weak Potion"},{"floor":38.0,"key":"GamblersBrew"},{"floor":41.0,"key":"Swift Potion"},{"floor":55,"key":"Block Potion"}],"is_trial":false,"path_per_floor":["M","?","M","M","M","R","E","M","T","M","E","R","E","M","R","B",null,"M","?","?","M","$","R","?","E","T","E","R","M","$","E","R","B",null,"M","?","?","M","$","R","M","E","T","R","E","M","E","M","R","B","B",null,"R","$","E","B",null],"character_chosen":"IRONCLAD","items_purchased":["ClockworkSouvenir","AttackPotion","Shrug It Off","Calipers","Dark Embrace","SpeedPotion","FossilizedHelix","DollysMirror"],"campfire_rested":0,"item_purchase_floors":[22,22,30,39,39,54,54,54],"current_hp_per_floor":[68,68,67,62,53,53,34,38,38,52,28,28,41,50,50,52,64,63,63,63,67,72,72,51,44,44,48,48,64,64,75,75,53,72,78,78,78,78,78,78,78,78,78,78,78,78,78,78,78,76,64,75,75,75,78,72],"gold":235,"neow_bonus":"REMOVE_TWO","is_daily":false,"chose_seed":false,"campfire_upgraded":9,"win_rate":0.0,"timestamp":1612302139,"path_taken":["M","?","?","M","M","R","E","M","T","M","E","R","E","M","R","BOSS","M","?","?","M","$","R","?","E","T","E","R","M","$","E","R","BOSS","M","?","?","M","$","R","M","E","T","R","E","M","E","M","R","BOSS","BOSS","R","$","E","BOSS"],"items_purchased_type":["Relic","Potion","Card","Relic","Card","Potion","Relic","Relic"],"build_version":"2020-12-22","purchased_purges":3,"victory":true,"max_hp_per_floor":[68,68,68,68,68,68,68,68,68,68,68,68,68,68,68,68,68,68,68,68,68,73,73,73,73,73,73,73,78,78,78,78,78,78,78,78,78,78,78,78,78,78,78,78,78,78,78,78,78,78,78,78,78,78,78,78],"relic_stats":{"Darkstone Periapt":0,"Happy Flower":[32],"counters":[30,164],"PreservedInsect":509,"Ginger":[15],"Smiling Mask":75,"Boot":[0],"Burning Blood":129,"Centennial Puzzle":[36],"Snecko Eye":[188,204,201,228],"Necronomicon":[31],"obtain_stats":[{"Darkstone Periapt":42,"Ice Cream":43,"Calipers":39,"Happy Flower":25,"PreservedInsect":7,"Ginger":11,"Bottled Tornado":13,"Smiling Mask":45,"Boot":55,"Burning Blood":0,"ClockworkSouvenir":22,"Du-Vu Doll":31,"SlaversCollar":34,"Centennial Puzzle":19,"DollysMirror":54,"Snecko Eye":17,"Necronomicon":24,"Toy Ornithopter":27,"FossilizedHelix":54,"Meat on the Bone":9,"Pocketwatch":47},{"Darkstone Periapt":22,"Ice Cream":22,"Calipers":20,"Happy Flower":14,"PreservedInsect":5,"Ginger":8,"Bottled Tornado":9,"Smiling Mask":23,"Boot":29,"Burning Blood":0,"ClockworkSouvenir":13,"Du-Vu Doll":17,"SlaversCollar":18,"Centennial Puzzle":12,"DollysMirror":28,"Snecko Eye":11,"Necronomicon":13,"Toy Ornithopter":15,"FossilizedHelix":28,"Meat on the Bone":6,"Pocketwatch":25},{"Darkstone Periapt":109,"Ice Cream":109,"Calipers":102,"Happy Flower":66,"PreservedInsect":21,"Ginger":37,"Bottled Tornado":41,"Smiling Mask":114,"Boot":154,"Burning Blood":0,"ClockworkSouvenir":63,"Du-Vu Doll":79,"SlaversCollar":91,"Centennial Puzzle":60,"DollysMirror":146,"Snecko Eye":56,"Necronomicon":63,"Toy Ornithopter":72,"FossilizedHelix":146,"Meat on the Bone":25,"Pocketwatch":125}],"Toy Ornithopter":13,"Meat on the Bone":60,"Pocketwatch":[47]},"card_choices":[{"not_picked":["Pommel Strike","Cleave"],"picked":"Inflame","floor":1.0},{"not_picked":["Blood for Blood","Iron Wave"],"picked":"Sword Boomerang","floor":3.0},{"not_picked":["Clash","Iron Wave"],"picked":"Shrug It Off","floor":4.0},{"not_picked":["Fire Breathing","Sentinel","Body Slam"],"picked":"SKIP","floor":5.0},{"not_picked":["Heavy Blade","Sever Soul","Double Tap"],"picked":"SKIP","floor":7.0},{"not_picked":["Searing Blow","Clash"],"picked":"Uppercut","floor":8.0},{"not_picked":["Clothesline","Headbutt","Thunderclap"],"picked":"SKIP","floor":10.0},{"not_picked":["Rampage","Bloodletting"],"picked":"Sword Boomerang","floor":11.0},{"not_picked":["Seeing Red","Iron Wave"],"picked":"Flame Barrier","floor":13.0},{"not_picked":["Sword Boomerang","Twin Strike"],"picked":"Shockwave","floor":14.0},{"not_picked":["Juggernaut","Limit Break"],"picked":"Corruption","floor":16.0},{"not_picked":["Perfected Strike","Pommel Strike"],"picked":"Spot Weakness","floor":18.0},{"not_picked":["Battle Trance","Spot Weakness","Evolve+1"],"picked":"SKIP","floor":21.0},{"not_picked":["Sentinel","Warcry"],"picked":"Impervious","floor":25.0},{"not_picked":["Perfected Strike","Flex"],"picked":"Power Through","floor":27.0},{"not_picked":["Sword Boomerang","Headbutt"],"picked":"Spot Weakness","floor":29.0},{"not_picked":["Second Wind","Infernal Blade"],"picked":"Disarm+1","floor":31.0},{"not_picked":["Immolate","Demon Form"],"picked":"Reaper","floor":33.0},{"not_picked":["Reckless Charge+1","Clash+1"],"picked":"Flame Barrier","floor":35.0},{"not_picked":["Clash","Ghostly Armor"],"picked":"Heavy Blade+1","floor":38.0},{"not_picked":["Dropkick","Uppercut"],"picked":"Feel No Pain","floor":41.0},{"not_picked":["Shrug It Off","Clash+1"],"picked":"Exhume","floor":42.0},{"not_picked":["Perfected Strike","Pommel Strike"],"picked":"Disarm","floor":45.0},{"not_picked":["Rupture","Evolve"],"picked":"Second Wind+1","floor":46.0},{"not_picked":["True Grit","Inflame","Brutality"],"picked":"SKIP","floor":47.0},{"not_picked":["Heavy Blade+1","Ghostly Armor","Headbutt+1"],"picked":"SKIP","floor":48.0},{"not_picked":["Wild Strike","Anger"],"picked":"Flame Barrier","floor":55}],"player_experience":1909335,"relics_obtained":[{"floor":7.0,"key":"PreservedInsect"},{"floor":9.0,"key":"Meat on the Bone"},{"floor":11.0,"key":"Ginger"},{"floor":13.0,"key":"Bottled Tornado"},{"floor":24.0,"key":"Necronomicon"},{"floor":25.0,"key":"Happy Flower"},{"floor":27.0,"key":"Toy Ornithopter"},{"floor":31.0,"key":"Du-Vu Doll"},{"floor":42.0,"key":"Darkstone Periapt"},{"floor":43.0,"key":"Ice Cream"},{"floor":45.0,"key":"Smiling Mask"},{"floor":47.0,"key":"Pocketwatch"},{"floor":55,"key":"Boot"}],"event_choices":[{"damage_healed":0.0,"max_hp_gain":0.0,"max_hp_loss":0.0,"gold_gain":0.0,"event_name":"Match and Keep!","player_choice":"1 cards matched","floor":2.0,"gold_loss":0.0,"damage_taken":0.0,"cards_obtained":["Exhume"]},{"damage_healed":0.0,"max_hp_gain":0.0,"max_hp_loss":0.0,"gold_gain":0.0,"event_name":"Addict","player_choice":"Obtained Relic","floor":19.0,"gold_loss":85.0,"damage_taken":0.0,"relics_obtained":["Centennial Puzzle"]},{"damage_healed":0.0,"max_hp_gain":0.0,"max_hp_loss":0.0,"gold_gain":0.0,"event_name":"Ghosts","player_choice":"Ignored","floor":20.0,"gold_loss":0.0,"damage_taken":0.0},{"damage_healed":0.0,"max_hp_gain":0.0,"max_hp_loss":0.0,"gold_gain":0.0,"event_name":"Cursed Tome","player_choice":"Obtained Book","floor":24.0,"gold_loss":0.0,"damage_taken":21.0},{"damage_healed":0.0,"max_hp_gain":0.0,"max_hp_loss":0.0,"gold_gain":999.0,"event_name":"MindBloom","player_choice":"Gold","floor":36.0,"gold_loss":0.0,"damage_taken":0.0,"cards_obtained":["Normality","Normality"]},{"cards_removed":["Strike_R"],"damage_healed":0.0,"max_hp_gain":0.0,"max_hp_loss":0.0,"gold_gain":0.0,"event_name":"Falling","player_choice":"Removed Attack","floor":37.0,"gold_loss":0.0,"damage_taken":0.0}],"is_beta":false,"boss_relics":[{"not_picked":["Pandora\u0027s Box","Velvet Choker"],"picked":"Snecko Eye"},{"not_picked":["Black Star","Runic Pyramid"],"picked":"SlaversCollar"}],"items_purged_floors":[22,39,54],"is_endless":false,"potions_floor_spawned":[4,5,10,13,21,25,29,33,38,41,48,55],"ascension_level":20}}