{"host":"mw3dmj42qtkbha4b","time":1612274427,"event":{"mods":["BaseMod","Colored Map","Colored Powertips","DeckTracker","Minty Spire (QoL Compilation)","StSLib","SuperFastMode"],"gold_per_floor":[111,186,111,111,122,152,152,180,250,250,250],"floor_reached":10,"language":"KOR","playtime":191,"items_purged":["Defend_P"],"score":198,"play_id":"1ab6503c-14dc-4d15-aa78-55320ad05292","local_time":"20210202230027","is_ascension_mode":true,"campfire_choices":[{"data":"Eruption","floor":7.0,"key":"SMITH"}],"circlet_count":0,"master_deck":["AscendersBane","Strike_P","Strike_P","Strike_P","Defend_P","Defend_P","Defend_P","Eruption+1","Vigilance"],"relics":["PureWater","NeowsBlessing","MealTicket","Regal Pillow"],"acts_visited":["Exordium"],"potions_floor_usage":[10],"damage_taken":[{"damage":0.0,"enemies":"2 Louse","floor":1.0,"turns":1.0},{"damage":0.0,"enemies":"Small Slimes","floor":5.0,"turns":1.0},{"damage":0.0,"enemies":"Lagavulin","floor":6.0,"turns":1.0},{"damage":12.0,"enemies":"Gremlin Nob","floor":8.0,"turns":3.0},{"damage":76,"enemies":"Lagavulin","floor":10,"turns":8}],"seed_played":"-6500922244871928202","potions_obtained":[{"floor":1.0,"key":"SteroidPotion"},{"floor":6.0,"key":"EssenceOfSteel"},{"floor":8.0,"key":"Regen Potion"}],"is_trial":false,"path_per_floor":["M","?","$","?","M","E","R","E","T","E"],"character_chosen":"WATCHER","items_purchased":[],"campfire_rested":0,"item_purchase_floors":[],"current_hp_per_floor":[61,50,50,43,43,43,43,31,31,0,0],"gold":250,"neow_bonus":"THREE_ENEMY_KILL","is_daily":false,"chose_seed":false,"campfire_upgraded":1,"win_rate":0.0,"timestamp":1612274427,"path_taken":["M","?","$","?","M","E","R","E","T","E"],"items_purchased_type":[],"build_version":"2020-12-22","purchased_purges":1,"victory":false,"max_hp_per_floor":[68,68,68,68,68,68,68,68,68,68,68],"card_choices":[{"not_picked":["Study","EmptyBody","Crescendo"],"picked":"SKIP","floor":1.0},{"not_picked":["ThirdEye","WreathOfFlame","Halt"],"picked":"SKIP","floor":5.0},{"not_picked":["CrushJoints","EmptyFist","FlurryOfBlows"],"picked":"SKIP","floor":6.0},{"not_picked":["SpiritShield","EmptyBody","FlurryOfBlows"],"picked":"SKIP","floor":8.0}],"player_experience":1784826,"relics_obtained":[{"floor":6.0,"key":"MealTicket"},{"floor":8.0,"key":"Regal Pillow"}],"event_choices":[{"damage_healed":0.0,"max_hp_gain":0.0,"max_hp_loss":0.0,"gold_gain":75.0,"event_name":"World of Goop","player_choice":"Gather Gold","floor":2.0,"gold_loss":0.0,"damage_taken":11.0},{"cards_removed":["Strike_P"],"damage_healed":0.0,"max_hp_gain":0.0,"max_hp_loss":0.0,"gold_gain":0.0,"event_name":"Golden Wing","player_choice":"Card Removal","floor":4.0,"gold_loss":0.0,"damage_taken":7.0}],"is_beta":false,"boss_relics":[],"items_purged_floors":[3],"is_endless":false,"potions_floor_spawned":[1,6,8],"killed_by":"Lagavulin","ascension_level":20}}