{"host":"pe7ycb8t2t906so2","time":1612231540,"event":{"mods":["BaseMod","Colored Map","Highlight Path","Minty Spire (QoL Compilation)"],"gold_per_floor":[150,182,10,40,97,97,9,54,54,54,54,104,137,152,152,263,263,300,110,123,38,49,49,49,49],"floor_reached":24,"language":"FRA","playtime":2319,"items_purged":["Strike_R","Strike_R"],"score":360,"play_id":"db19d74a-e75a-4431-b2cf-e654b6585884","local_time":"20210201210540","is_ascension_mode":true,"campfire_choices":[{"data":"Searing Blow","floor":6,"key":"SMITH"},{"data":"Searing Blow+1","floor":11,"key":"SMITH"},{"floor":15,"key":"REST"},{"floor":23,"key":"REST"}],"circlet_count":0,"master_deck":["AscendersBane","Strike_R","Strike_R","Strike_R","Defend_R","Defend_R","Defend_R","Defend_R","Bash","HandOfGreed","Searing Blow+2","Pommel Strike","Shrug It Off","Good Instincts","Armaments","Headbutt"],"relics":["Burning Blood","Membership Card","Regal Pillow","Juzu Bracelet","Philosopher\u0027s Stone","Singing Bowl","Pear"],"acts_visited":["Exordium","TheCity"],"potions_floor_usage":[8,13,22],"damage_taken":[{"damage":5,"enemies":"2 Louse","floor":1,"turns":4},{"damage":8,"enemies":"Jaw Worm","floor":2,"turns":4},{"damage":5,"enemies":"Small Slimes","floor":4,"turns":4},{"damage":15,"enemies":"2 Fungi Beasts","floor":5,"turns":5},{"damage":52,"enemies":"Gremlin Nob","floor":8,"turns":6},{"damage":2,"enemies":"3 Louse","floor":12,"turns":5},{"damage":16,"enemies":"Exordium Thugs","floor":13,"turns":6},{"damage":6,"enemies":"Red Slaver","floor":14,"turns":3},{"damage":49,"enemies":"Slime Boss","floor":16,"turns":16},{"damage":21,"enemies":"2 Thieves","floor":18,"turns":5},{"damage":7,"enemies":"Spheric Guardian","floor":20,"turns":3},{"damage":48,"enemies":"Chosen and Byrds","floor":22,"turns":7},{"damage":44,"enemies":"Book of Stabbing","floor":24,"turns":5}],"seed_played":"5546060681389028013","potions_obtained":[{"floor":1,"key":"BloodPotion"},{"floor":2,"key":"GamblersBrew"},{"floor":12,"key":"Block Potion"},{"floor":18,"key":"DuplicationPotion"}],"is_trial":false,"path_per_floor":["M","M","$","M","M","R","$","E","T","?","R","M","M","M","R","B",null,"M","$","M","?","M","R","E"],"character_chosen":"IRONCLAD","items_purchased":["Membership Card","Pommel Strike","Good Instincts","Singing Bowl"],"campfire_rested":2,"item_purchase_floors":[3,3,7,19],"current_hp_per_floor":[68,66,66,67,58,58,58,25,25,30,30,34,24,24,60,17,59,44,44,45,55,15,56,12,12],"gold":49,"neow_bonus":"RANDOM_COLORLESS_2","is_daily":false,"chose_seed":false,"campfire_upgraded":2,"win_rate":0.0,"timestamp":1612231540,"path_taken":["M","M","$","M","M","R","$","E","T","?","R","M","M","M","R","BOSS","M","$","M","?","M","R","E"],"items_purchased_type":["Relic","Card","Card","Relic"],"build_version":"2020-12-22","purchased_purges":2,"victory":false,"max_hp_per_floor":[68,68,68,68,68,68,68,68,68,73,73,73,73,73,73,73,73,73,73,75,85,87,87,87,87],"card_choices":[{"not_picked":["Magnetism","Secret Technique"],"picked":"HandOfGreed","floor":0},{"not_picked":["Sword Boomerang","Carnage"],"picked":"Searing Blow","floor":1},{"not_picked":["Anger","Rupture","Searing Blow"],"picked":"SKIP","floor":2},{"not_picked":["Warcry","Sword Boomerang","Body Slam"],"picked":"SKIP","floor":4},{"not_picked":["Heavy Blade","Clothesline"],"picked":"Shrug It Off","floor":5},{"not_picked":["Spot Weakness","Iron Wave"],"picked":"Armaments","floor":8},{"not_picked":["Body Slam","Perfected Strike","Spot Weakness"],"picked":"SKIP","floor":12},{"not_picked":["Cleave","Sword Boomerang","Wild Strike"],"picked":"SKIP","floor":13},{"not_picked":["Bloodletting","Perfected Strike","Iron Wave"],"picked":"SKIP","floor":14},{"not_picked":["Heavy Blade+1","Wild Strike"],"picked":"Headbutt","floor":18},{"not_picked":["Fire Breathing","Iron Wave","Headbutt"],"picked":"Singing Bowl","floor":20},{"not_picked":["Rampage","Searing Blow","Flex"],"picked":"Singing Bowl","floor":22}],"player_experience":998233,"relics_obtained":[{"floor":8,"key":"Regal Pillow"},{"floor":9,"key":"Juzu Bracelet"}],"event_choices":[{"damage_healed":0,"gold_gain":0,"player_choice":"Donut","damage_taken":0,"max_hp_gain":5,"max_hp_loss":0,"event_name":"Big Fish","floor":10,"gold_loss":0},{"damage_healed":0,"gold_gain":0,"player_choice":"Obtained Relic","damage_taken":0,"relics_obtained":["Pear"],"max_hp_gain":0,"max_hp_loss":0,"event_name":"Addict","floor":21,"gold_loss":85}],"is_beta":false,"boss_relics":[{"not_picked":["Ectoplasm","Snecko Eye"],"picked":"Philosopher\u0027s Stone"}],"items_purged_floors":[7,19],"is_endless":false,"potions_floor_spawned":[1,2,4,12,18],"killed_by":"Book of Stabbing","ascension_level":16}}