{"host":"43mk5mx40psgy7ns","time":1612246801,"event":{"mods":["AchievementEnabler","BaseMod","Better Altar","Better Match","Better Skull","Colored Map","Hermit","Highlight Path","Minty Spire (QoL Compilation)","StSLib"],"gold_per_floor":[110,39,114,114,64,99,119,154,178,194,194,209,89,89,89,186,186,205,205,304,0,0,0,30,42,78,90,121,6,6,6],"floor_reached":30,"language":"ENG","playtime":1484,"items_purged":["Strike_B","Biased Cognition"],"score":305,"play_id":"819aec75-52b9-4ca9-bfe1-9f4a773f458e","local_time":"20210202012001","is_ascension_mode":true,"campfire_choices":[{"floor":11,"key":"REST"},{"data":"Chaos","floor":15,"key":"SMITH"},{"floor":23,"key":"RECALL"},{"data":"Mind Blast","floor":25,"key":"SMITH"},{"data":"Mind Blast","floor":27,"key":"SMITH"}],"circlet_count":0,"master_deck":["Strike_B+1","Strike_B+1","Defend_B","Defend_B","Defend_B","Defend_B","Zap","Dualcast","Ball Lightning","Melter","Chaos+1","Static Discharge","Hologram","Loop","Leap","Gash","Gash","Redo","Self Repair","Mind Blast+1","Mind Blast+1","Recycle","Redo","Defragment","Hologram"],"relics":["Cracked Core","NeowsBlessing","Ornamental Fan","Toy Ornithopter","Whetstone","Philosopher\u0027s Stone","Bronze Scales","MawBank","Bag of Preparation"],"acts_visited":["Exordium","TheCity"],"potions_floor_usage":[24,24,24,30],"damage_taken":[{"damage":0,"enemies":"Cultist","floor":1,"turns":1},{"damage":0,"enemies":"Gremlin Nob","floor":6,"turns":1},{"damage":0,"enemies":"Jaw Worm","floor":7,"turns":1},{"damage":20,"enemies":"3 Sentries","floor":8,"turns":6},{"damage":10,"enemies":"2 Louse","floor":10,"turns":2},{"damage":0,"enemies":"Large Slime","floor":12,"turns":3},{"damage":28,"enemies":"The Guardian","floor":16,"turns":9},{"damage":0,"enemies":"Spheric Guardian","floor":18,"turns":1},{"damage":18,"enemies":"Slavers","floor":24,"turns":2},{"damage":39,"enemies":"2 Thieves","floor":28,"turns":4},{"damage":34,"enemies":"Centurion and Healer","floor":30,"turns":4}],"seed_played":"-8233416558168509215","potions_obtained":[{"floor":6,"key":"SteroidPotion"},{"floor":7,"key":"Explosive Potion"},{"floor":10,"key":"BlessingOfTheForge"},{"floor":28,"key":"Energy Potion"}],"is_trial":false,"path_per_floor":["M","$","?","T","?","E","M","E","T","M","R","M","$","?","R","B",null,"M","?","?","$","?","R","E","R","T","R","M","$","M"],"character_chosen":"DEFECT","items_purchased":["Melter","Gash","Redo","Self Repair","Mind Blast","Defragment","Hologram"],"campfire_rested":1,"item_purchase_floors":[2,13,21,21,21,29,29],"current_hp_per_floor":[75,75,64,64,64,64,64,44,44,34,56,56,56,61,61,33,80,80,80,80,80,80,80,62,62,62,62,23,23,0,0],"gold":6,"neow_bonus":"THREE_ENEMY_KILL","is_daily":false,"chose_seed":false,"campfire_upgraded":3,"win_rate":0.0,"timestamp":1612246801,"path_taken":["M","$","?","?","?","E","M","E","T","M","R","M","$","?","R","BOSS","M","?","?","$","?","R","E","R","T","R","?","$","M"],"items_purchased_type":["Card","Card","Card","Card","Card","Card","Card"],"build_version":"2020-12-22","purchased_purges":2,"victory":false,"max_hp_per_floor":[75,75,75,75,75,75,75,75,75,75,75,75,75,80,80,80,80,80,80,80,80,80,80,80,80,80,80,80,80,80,80],"card_choices":[{"not_picked":["Compile Driver","Barrage"],"picked":"Ball Lightning","floor":1},{"not_picked":["Leap","Go for the Eyes"],"picked":"Chaos","floor":6},{"not_picked":["Streamline","Cold Snap"],"picked":"Static Discharge","floor":7},{"not_picked":["Barrage","Chill"],"picked":"Hologram","floor":8},{"not_picked":["Ball Lightning","Coolheaded"],"picked":"Loop","floor":10},{"not_picked":["Rainbow","Steam"],"picked":"Leap","floor":12},{"not_picked":["Rainbow","Seek"],"picked":"Biased Cognition","floor":16},{"not_picked":["Doom and Gloom+1","Go for the Eyes"],"picked":"Gash","floor":18},{"not_picked":["Static Discharge","Reprogram"],"picked":"Recycle","floor":24},{"not_picked":["Streamline+1","Blizzard"],"picked":"Redo","floor":28}],"player_experience":450856,"relics_obtained":[{"floor":6,"key":"Ornamental Fan"},{"floor":8,"key":"Toy Ornithopter"},{"floor":9,"key":"Whetstone"},{"floor":24,"key":"MawBank"},{"floor":26,"key":"Bag of Preparation"}],"event_choices":[{"damage_healed":0,"gold_gain":75,"player_choice":"Gather Gold","damage_taken":11,"max_hp_gain":0,"max_hp_loss":0,"event_name":"World of Goop","floor":3,"gold_loss":0},{"cards_removed":["Strike_B"],"damage_healed":0,"gold_gain":0,"player_choice":"Card Removal","damage_taken":0,"max_hp_gain":0,"max_hp_loss":0,"event_name":"The Cleric","floor":5,"gold_loss":50},{"damage_healed":0,"gold_gain":0,"player_choice":"Donut","damage_taken":0,"max_hp_gain":5,"max_hp_loss":0,"event_name":"Big Fish","floor":14,"gold_loss":0},{"damage_healed":0,"gold_gain":0,"player_choice":"Opened","damage_taken":0,"relics_obtained":["Bronze Scales"],"max_hp_gain":0,"max_hp_loss":0,"event_name":"The Mausoleum","floor":19,"gold_loss":0},{"damage_healed":0,"gold_gain":99,"player_choice":"Stole From Cult","damage_taken":0,"max_hp_gain":0,"max_hp_loss":0,"event_name":"Nest","floor":20,"gold_loss":0},{"damage_healed":0,"gold_gain":0,"player_choice":"Copied","damage_taken":0,"max_hp_gain":0,"max_hp_loss":0,"event_name":"Duplicator","floor":22,"gold_loss":0,"cards_obtained":["Mind Blast"]}],"is_beta":false,"boss_relics":[{"not_picked":["Cursed Key","Sozu"],"picked":"Philosopher\u0027s Stone"}],"items_purged_floors":[13,21],"is_endless":false,"potions_floor_spawned":[6,7,10,16,28],"killed_by":"Centurion and Healer","ascension_level":2}}