{"host":"usru02jcpe2a942d","time":1612258433,"event":{"mods":["Act Like it!","BaseMod","Challenge The Spire","Colored Powertips","Friendly Minions","GifTheSpireLib","Highlight Path","Hubris","Infinite Spire","Jedi Mod","Minty Spire (QoL Compilation)","MostiFishMod","Pale of the Ancients","Prisma Mod","Quick Restart","Relic Stats","RumiaBox-露米娅的神秘盒子","StSLib","noobMod","【遗物卡牌】REMEMod","篝火指南"],"gold_per_floor":[114,114,114,114,131,166,182,182,231,231,245,21,41,41,41,140,140,156,156,74,74,86,86,86,119,146,179,179,298,298,397,397,499,499,617,732,478,628,109,109,9,46,46,57,57,57,57,72,72,72,189,306,8,32,32,149,149,175,175,175],"floor_reached":61,"language":"ZHS","playtime":2027,"items_purged":["MostiFishMod:Neptune","Writhe","MostiFishMod:TheEndOfMoonlight","PrismaMod:MiyuCommonDefend","PrismaMod:MiyuCommonAttack"],"score":1607,"play_id":"e1a43f7f-0deb-490e-8468-cd159e4f8e25","local_time":"20210202173353","is_ascension_mode":false,"campfire_choices":[{"data":"MostiFishMod:NightSea","floor":15.0,"key":"SMITH"},{"data":"PrismaMod:MiyuMaid","floor":23.0,"key":"SMITH"},{"data":"PrismaMod:MiyuDefenseAbsorbMinor","floor":28.0,"key":"SMITH"},{"data":"infinitespire:Punishment","floor":32.0,"key":"SMITH"},{"floor":40.0,"key":"DIG"},{"floor":46.0,"key":"DIG"},{"floor":47.0,"key":"DIG"},{"floor":49.0,"key":"DIG"},{"floor":55.0,"key":"DIG"},{"floor":57.0,"key":"DIG"}],"circlet_count":0,"master_deck":["PrismaMod:MiyuCommonDefend","PrismaMod:MiyuCommonDefend","PrismaMod:MiyuCommonDefend","PrismaMod:MiyuCommonDefend","PrismaMod:MiyuCommonAttack","PrismaMod:MiyuCommonAttack","PrismaMod:MiyuCommonAttack","PrismaMod:MiyuCommonAttack","PrismaMod:MiyuCheapChannelAttack","PrismaMod:MiyuCheapChannelDefend","MostiFishMod:SparklingWater","MostiFishMod:FantasySummer","MostiFishMod:NightSea+1","Storm of Steel","PrismaMod:MiyuUncommonAttack","PrismaMod:MiyuCheapDexBuff","PrismaMod:MiyuUncommonAOEAttack","PrismaMod:MiyuEvokeAll","PrismaMod:MiyuMaid+1","PrismaMod:MiyuCheapAttack1","PrismaMod:MiyuUberAOEAttack","PrismaMod:MiyuCheapDefend2","PrismaMod:MiyuOrbIncreasePerm+1","MostiFishMod:ButterFly","PrismaMod:MiyuEvokeBuffStr+1","PrismaMod:MiyuCarnivalDefend","PrismaMod:MiyuUncommonStrBuff","infinitespire:Punishment+1","PrismaMod:MiyuBride","PrismaMod:MiyuCheapChannelVul","PrismaMod:MiyuUncommonDexBuff","PrismaMod:MiyuUncommonDexBuff","PrismaMod:MiyuCheapDexBuff","PrismaMod:MiyuBride","PrismaMod:MiyuCheapChannelRandom+1","PrismaMod:MiyuCheapDefend1"],"relics":["PrismaMod:PrismaSapphire","DaveBox","ice","REME_ComplimentaryCards","MoonlightInvasionPlan","SynthV:TestCard","hubris:Icosahedron","hubris:Towel","jedi:shrinkray","jedi:arcanewood","Ccalipers","hubris:OldNail","hubris:VirtuousBlindfold","infinitespire:Bottled Soul","REME_PuzzleBoxRelic","FeatherPendant","Calipers","infinitespire:Satchel","Boot","DianDianMeat","Fusion Hammer","Potion Belt","Shovel","SynthV","hubris:BottledRain","MealTicket","MagicDraw2","infinitespire:Magic Flask","jedi:gremlinknob","Pantograph","jedi:kaleidoscope","paleoftheancients:Timepiece","Letter Opener","CultistMask","hubris:SlimyHat","infinitespire:Beetle Shell","infinitespire:Golems Mask","paleoftheancients:SoulOfTheBandit","hubris:ToyBattleship","SSSystem"],"acts_visited":["Exordium","TheCity","TheBeyond","paleoftheancients:PaleOfTheAncients"],"potions_floor_usage":[60,60],"damage_taken":[{"damage":5.0,"enemies":"Jaw Worm","floor":1.0,"turns":3.0},{"damage":0.0,"enemies":"Small Slimes","floor":5.0,"turns":3.0},{"damage":3.0,"enemies":"Gremlin Nob","floor":6.0,"turns":3.0},{"damage":0.0,"enemies":"2 Louse","floor":7.0,"turns":1.0},{"damage":12.0,"enemies":"Exordium Wildlife","floor":11.0,"turns":3.0},{"damage":5.0,"enemies":"2 Fungi Beasts","floor":13.0,"turns":2.0},{"damage":20.0,"enemies":"The Guardian","floor":16.0,"turns":8.0},{"damage":20.0,"enemies":"2 Thieves","floor":18.0,"turns":4.0},{"damage":0.0,"enemies":"Chosen","floor":22.0,"turns":1.0},{"damage":8.0,"enemies":"Book of Stabbing","floor":25.0,"turns":2.0},{"damage":0.0,"enemies":"Gremlin Leader","floor":27.0,"turns":1.0},{"damage":0.0,"enemies":"Sentry and Sphere","floor":29.0,"turns":4.0},{"damage":0.0,"enemies":"Collector","floor":33.0,"turns":2.0},{"damage":3.0,"enemies":"3 Shapes","floor":35.0,"turns":1.0},{"damage":0.0,"enemies":"3 Darklings","floor":36.0,"turns":3.0},{"damage":0.0,"enemies":"Mind Bloom Boss Battle","floor":38.0,"turns":2.0},{"damage":17.0,"enemies":"4 Shapes","floor":42.0,"turns":3.0},{"damage":0.0,"enemies":"Jaw Worm Horde","floor":44.0,"turns":1.0},{"damage":0.0,"enemies":"3 Darklings","floor":48.0,"turns":2.0},{"damage":13.0,"enemies":"Time Eater","floor":50.0,"turns":2.0},{"damage":0.0,"enemies":"Time Eater","floor":51.0,"turns":3.0},{"damage":0.0,"enemies":"Time Eater","floor":52.0,"turns":2.0},{"damage":177.0,"enemies":"Time Eater","floor":56.0,"turns":7.0},{"damage":0,"enemies":"paleoftheancients:N","floor":60,"turns":2}],"seed_played":"-664270273925464179","potions_obtained":[{"floor":6.0,"key":"FearPotion"},{"floor":7.0,"key":"PowerPotion"},{"floor":11.0,"key":"FearPotion"},{"floor":27.0,"key":"GamblersBrew"},{"floor":29.0,"key":"Energy Potion"},{"floor":44.0,"key":"Ancient Potion"},{"floor":51.0,"key":"SpeedPotion"},{"floor":52.0,"key":"jedi:wingpotion"},{"floor":56.0,"key":"Dexterity Potion"}],"is_trial":false,"path_per_floor":["M","?","?","?","M","E","M","?","T","?","M","R","M","?","R","B",null,"M","?","$","?","M","R","?","E","T","E","R","M","AVR","?","R","B",null,"M","M","$","?","$","R","NS","M","T","M","?","R","R","M","R","B","M","M","$","T","R","M","R","T","?","B",null],"character_chosen":"MIYU","items_purchased":["hubris:OldNail","MostiFishMod:ButterFly","Potion Belt","SynthV","hubris:BottledRain","hubris:SlimyHat"],"campfire_rested":0,"item_purchase_floors":[12,20,37,39,39,53],"current_hp_per_floor":[77,77,77,77,77,74,74,67,67,67,55,55,50,50,50,30,82,62,62,62,62,62,62,62,62,62,62,62,62,63,63,63,65,65,65,72,72,77,77,77,77,66,66,73,73,73,73,81,81,98,98,107,107,107,107,729,729,729,729,729],"gold":175,"neow_bonus":"TEN_PERCENT_HP_BONUS","is_daily":false,"chose_seed":false,"campfire_upgraded":4,"win_rate":0.0,"timestamp":1612258433,"path_taken":["M","?","?","?","M","E","?","?","T","?","?","R","M","?","R","BOSS","M","?","$","?","?","R","?","E","T","E","?","?","AVR","?","R","BOSS","M","M","$","?","?","R","NS","M","T","M","?","?","R","?","R","BOSS","M","M","?","T","R","M","R","T","?","BOSS"],"items_purchased_type":["Relic","Card","Relic","Relic","Relic","Relic"],"build_version":"2020-12-22","purchased_purges":5,"victory":true,"max_hp_per_floor":[82,82,82,82,82,82,82,82,82,82,82,82,82,82,82,82,82,82,82,82,82,82,82,62,62,62,62,62,62,63,63,63,65,65,68,72,72,77,77,77,77,83,83,90,90,90,90,98,98,98,98,107,107,107,107,729,729,729,729,729],"relic_stats":{"Shovel":6,"counters":[24,65],"Pantograph":17,"MealTicket":0,"Letter Opener":[329],"Boot":[5],"obtain_stats":[{"Calipers":25,"DaveBox":0,"PrismaMod:PrismaSapphire":0,"SynthV":39,"hubris:VirtuousBlindfold":17,"SSSystem":58,"ice":0,"jedi:command_boss":24,"hubris:SlimyHat":53,"Boot":27,"MagicDraw2":43,"jedi:shrinkray":6,"hubris:Icosahedron":2,"Shovel":38,"Ccalipers":9,"infinitespire:Bottled Soul":19,"Pantograph":47,"MealTicket":40,"infinitespire:Golems Mask":55,"Fusion Hammer":34,"paleoftheancients:SoulOfTheBandit":56,"DianDianMeat":30,"Potion Belt":37,"MoonlightInvasionPlan":0,"jedi:gremlinknob":46,"infinitespire:Beetle Shell":54,"infinitespire:Magic Flask":45,"Letter Opener":50,"hubris:Towel":3,"paleoftheancients:Timepiece":50,"SynthV:TestCard":1,"jedi:kaleidoscope":49,"FeatherPendant":24,"infinitespire:Satchel":26,"CultistMask":50,"hubris:ToyBattleship":57,"REME_PuzzleBoxRelic":21,"jedi:arcanewood":8,"hubris:OldNail":12,"REME_ComplimentaryCards":0,"hubris:BottledRain":39},{"Calipers":10,"DaveBox":0,"PrismaMod:PrismaSapphire":0,"SynthV":16,"hubris:VirtuousBlindfold":7,"SSSystem":23,"ice":0,"jedi:command_boss":9,"hubris:SlimyHat":22,"Boot":11,"MagicDraw2":17,"jedi:shrinkray":3,"hubris:Icosahedron":1,"Shovel":16,"Ccalipers":4,"infinitespire:Bottled Soul":8,"Pantograph":18,"MealTicket":16,"infinitespire:Golems Mask":22,"Fusion Hammer":13,"paleoftheancients:SoulOfTheBandit":23,"DianDianMeat":12,"Potion Belt":15,"MoonlightInvasionPlan":0,"jedi:gremlinknob":18,"infinitespire:Beetle Shell":22,"infinitespire:Magic Flask":18,"Letter Opener":20,"hubris:Towel":1,"paleoftheancients:Timepiece":20,"SynthV:TestCard":1,"jedi:kaleidoscope":19,"FeatherPendant":9,"infinitespire:Satchel":10,"CultistMask":20,"hubris:ToyBattleship":23,"REME_PuzzleBoxRelic":8,"jedi:arcanewood":4,"hubris:OldNail":5,"REME_ComplimentaryCards":0,"hubris:BottledRain":16},{"Calipers":30,"DaveBox":0,"PrismaMod:PrismaSapphire":0,"SynthV":43,"hubris:VirtuousBlindfold":23,"SSSystem":63,"ice":0,"jedi:command_boss":28,"hubris:SlimyHat":56,"Boot":31,"MagicDraw2":46,"jedi:shrinkray":9,"hubris:Icosahedron":3,"Shovel":43,"Ccalipers":10,"infinitespire:Bottled Soul":27,"Pantograph":47,"MealTicket":43,"infinitespire:Golems Mask":56,"Fusion Hammer":37,"paleoftheancients:SoulOfTheBandit":63,"DianDianMeat":35,"Potion Belt":41,"MoonlightInvasionPlan":0,"jedi:gremlinknob":47,"infinitespire:Beetle Shell":56,"infinitespire:Magic Flask":47,"Letter Opener":51,"hubris:Towel":3,"paleoftheancients:Timepiece":51,"SynthV:TestCard":3,"jedi:kaleidoscope":49,"FeatherPendant":28,"infinitespire:Satchel":30,"CultistMask":51,"hubris:ToyBattleship":63,"REME_PuzzleBoxRelic":27,"jedi:arcanewood":10,"hubris:OldNail":13,"REME_ComplimentaryCards":0,"hubris:BottledRain":43}]},"card_choices":[{"not_picked":["PrismaMod:MiyuCheapAttack2","PrismaMod:MiyuMaid"],"picked":"PrismaMod:MiyuUncommonAttack","floor":1.0},{"not_picked":["PrismaMod:MiyuCommonAOEAttack","PrismaMod:MiyuEvokeBuffDex","PrismaMod:MiyuOrbIncreasePerm","PrismaMod:MiyuUncommonAttack"],"picked":"PrismaMod:MiyuCheapDexBuff","floor":5.0},{"not_picked":["PrismaMod:MiyuAttackChannelWeak","PrismaMod:MiyuCarnivalAttack","PrismaMod:MiyuUncommonAttack","PrismaMod:MiyuEvokeAllAttack"],"picked":"PrismaMod:MiyuUncommonAOEAttack","floor":6.0},{"not_picked":["PrismaMod:MiyuUberAOEAttack","PrismaMod:MiyuCheapAttack2","PrismaMod:MiyuCheapStrBuff","PrismaMod:MiyuUberAttack"],"picked":"PrismaMod:MiyuEvokeAll","floor":7.0},{"not_picked":["PrismaMod:MiyuCheapStrBuff","PrismaMod:MiyuUncommonAOEAttack","PrismaMod:MiyuCheapChannelDefend","PrismaMod:MiyuUncommonPlate"],"picked":"PrismaMod:MiyuCheapAttack1","floor":11.0},{"not_picked":["PrismaMod:MiyuDefenseRemoval","PrismaMod:MiyuAttackChannelAttack","PrismaMod:MiyuUncommonAttack","PrismaMod:MiyuUncommonStrBuff"],"picked":"PrismaMod:MiyuUberAOEAttack","floor":13.0},{"not_picked":["PrismaMod:MiyuDefendChannelDefend","PrismaMod:MiyuChannelAttackEvoke","PrismaMod:MiyuEvokeAllDefend","PrismaMod:MiyuChannelDefendEvoke"],"picked":"PrismaMod:MiyuCheapDefend2","floor":16.0},{"not_picked":["PrismaMod:MiyuUncommonAttack","PrismaMod:MiyuEvokeAll","PrismaMod:MiyuCheapChannelHeal","PrismaMod:MiyuCheapAttack1"],"picked":"PrismaMod:MiyuOrbIncreasePerm+1","floor":18.0},{"not_picked":["PrismaMod:MiyuAttackChannelAttack","PrismaMod:MiyuChristmas+1","PrismaMod:MiyuCarnivalAttack","PrismaMod:MiyuCheapChannelHeal"],"picked":"PrismaMod:MiyuEvokeBuffStr+1","floor":22.0},{"not_picked":["PrismaMod:MiyuEvokeBuffStr","PrismaMod:MiyuDefenseRemoval","PrismaMod:MiyuCarnivalAttack+1","PrismaMod:MiyuCheapChannelWeak"],"picked":"PrismaMod:MiyuCarnivalDefend","floor":25.0},{"not_picked":["PrismaMod:MiyuChristmas","PrismaMod:MiyuCheapChannelAttack","PrismaMod:MiyuCheapChannelWeak","PrismaMod:MiyuCarnivalAttack+1"],"picked":"PrismaMod:MiyuDefenseAbsorbMinor","floor":27.0},{"not_picked":["PrismaMod:MiyuMaid","PrismaMod:MiyuCheapAttack2+1","PrismaMod:MiyuEvokeCheapAttack+1","PrismaMod:MiyuCheapAttack1"],"picked":"PrismaMod:MiyuUncommonStrBuff","floor":29.0},{"not_picked":["PrismaMod:MiyuEvokeAllDefend","PrismaMod:MiyuCarnivalDefend","PrismaMod:MiyuUberDefend","PrismaMod:MiyuEvokeAllAttack"],"picked":"PrismaMod:MiyuBride","floor":33.0},{"not_picked":["PrismaMod:MiyuUncommonAttack","PrismaMod:MiyuEvokeCheapAttack","PrismaMod:MiyuAttackChannelWeak+1","PrismaMod:MiyuDefenseAbsorbMinor"],"picked":"PrismaMod:MiyuCheapStrBuff+1","floor":35.0},{"not_picked":["PrismaMod:MiyuEvokeCheapAttack+1","PrismaMod:MiyuUberAOEAttack","PrismaMod:MiyuCheapAttack2","PrismaMod:MiyuCheapAttack1"],"picked":"PrismaMod:MiyuCheapChannelVul","floor":36.0},{"not_picked":["PrismaMod:MiyuCommonAOEAttack+1","PrismaMod:MiyuUncommonPlate","PrismaMod:MiyuEvokeBuffDex+1","PrismaMod:MiyuCheapEvoke"],"picked":"PrismaMod:MiyuUncommonDexBuff","floor":38.0},{"not_picked":["PrismaMod:MiyuCarnivalAttack+1","PrismaMod:MiyuUncommonAttack+1","PrismaMod:MiyuDevil","PrismaMod:MiyuOrbIncreasePerm+1"],"picked":"PrismaMod:MiyuUncommonDexBuff","floor":42.0},{"not_picked":["PrismaMod:MiyuCarnivalAttack","PrismaMod:MiyuUncommonAttack+1","PrismaMod:MiyuOrbIncreasePerm+1","PrismaMod:MiyuEvokeBuffStr+1"],"picked":"PrismaMod:MiyuCheapDexBuff","floor":44.0},{"not_picked":["PrismaMod:MiyuCheapAttack2","PrismaMod:MiyuOrbIncreasePerm","PrismaMod:MiyuCheapPlate+1","PrismaMod:MiyuUberAOEAttack+1"],"picked":"PrismaMod:MiyuBride","floor":48.0},{"not_picked":["PrismaMod:MiyuCheapAttack2+1","PrismaMod:MiyuOrbIncreasePerm","PrismaMod:MiyuEvokeBuffStr","PrismaMod:MiyuUncommonDexBuff","PrismaMod:MiyuCheapDexBuff+1"],"picked":"SKIP","floor":51.0},{"not_picked":["PrismaMod:MiyuDefenseExplosion+1","PrismaMod:MiyuAttackChannelWeak+1","PrismaMod:MiyuCheapEvoke","PrismaMod:MiyuEvokeBuffStr+1"],"picked":"PrismaMod:MiyuCheapChannelRandom+1","floor":52.0},{"not_picked":["PrismaMod:MiyuCommonAOEAttack","PrismaMod:MiyuChristmas","PrismaMod:MiyuDevil+1","PrismaMod:MiyuCheapAttack1"],"picked":"PrismaMod:MiyuCheapDefend1","floor":56.0}],"player_experience":242616,"relics_obtained":[{"floor":1.0,"key":"SynthV:TestCard"},{"floor":6.0,"key":"jedi:shrinkray"},{"floor":9.0,"key":"Ccalipers"},{"floor":21.0,"key":"REME_PuzzleBoxRelic"},{"floor":25.0,"key":"Calipers"},{"floor":26.0,"key":"infinitespire:Satchel"},{"floor":27.0,"key":"Boot"},{"floor":38.0,"key":"Shovel"},{"floor":40.0,"key":"MealTicket"},{"floor":43.0,"key":"MagicDraw2"},{"floor":46.0,"key":"jedi:gremlinknob"},{"floor":47.0,"key":"Pantograph"},{"floor":49.0,"key":"jedi:kaleidoscope"},{"floor":54.0,"key":"infinitespire:Beetle Shell"},{"floor":55.0,"key":"infinitespire:Golems Mask"},{"floor":56.0,"key":"paleoftheancients:SoulOfTheBandit"},{"floor":57.0,"key":"hubris:ToyBattleship"},{"floor":58.0,"key":"SSSystem"}],"event_choices":[{"damage_healed":0.0,"max_hp_gain":0.0,"max_hp_loss":0.0,"gold_gain":0.0,"event_name":"Scrap Ooze","player_choice":"Success","floor":8.0,"gold_loss":0.0,"damage_taken":7.0,"relics_obtained":["jedi:arcanewood"]},{"damage_healed":0.0,"max_hp_gain":0.0,"max_hp_loss":0.0,"gold_gain":0.0,"event_name":"The Cleric","player_choice":"Leave","floor":14.0,"gold_loss":0.0,"damage_taken":0.0},{"damage_healed":0.0,"max_hp_gain":0.0,"max_hp_loss":0.0,"gold_gain":0.0,"event_name":"The Mausoleum","player_choice":"Opened","floor":19.0,"gold_loss":0.0,"damage_taken":0.0,"relics_obtained":["infinitespire:Bottled Soul"],"cards_obtained":["Writhe"]},{"damage_healed":0.0,"max_hp_gain":0.0,"max_hp_loss":0.0,"gold_gain":99.0,"event_name":"Nest","player_choice":"Stole From Cult","floor":31.0,"gold_loss":0.0,"damage_taken":0.0},{"damage_healed":0.0,"max_hp_gain":0.0,"max_hp_loss":0.0,"gold_gain":0.0,"event_name":"MindBloom","player_choice":"Fight","floor":38.0,"gold_loss":0.0,"damage_taken":0.0},{"damage_healed":0.0,"max_hp_gain":0.0,"max_hp_loss":0.0,"gold_gain":0.0,"event_name":"WeMeetAgain","player_choice":"Gave Potion","floor":45.0,"gold_loss":0.0,"damage_taken":0.0,"relics_obtained":["infinitespire:Magic Flask"]}],"is_beta":false,"boss_relics":[{"not_picked":["EE1DDrone","Tiny House"],"picked":"hubris:VirtuousBlindfold"},{"not_picked":["Runic Pyramid","TimeKeys"],"picked":"Fusion Hammer"}],"items_purged_floors":[12,30,37,39,53],"is_endless":false,"potions_floor_spawned":[6,7,11,27,29,33,36,44,51,52,56],"ascension_level":0}}