{"host":"njo8qgvy2a57fcny","time":1612231080,"event":{"mods":["Aspiration","BaseMod","BetterRewards","CCEM2","Colored Map","Colored Powertips","Conspire","Custom Start","Downfall","Energized Spire","GifTheSpireLib","Halation","Hermit","Hubris","Infinite Spire","Jedi Mod","Jorbs\u0027s Wanderer Trilogy","Mimic Mod","Minty Spire (QoL Compilation)","Quick Restart","Random Character Button","Random Character Mod","Rare Cards Sparkle","Relic Sorter","Reliquary","Replay The Spire","Shop Mod","StSLib","Stuff the Spire","The Animator","The Jungle","The Runesmith","The Servant 0.9.4","Unceasing Turn Reminder","thorton"],"gold_per_floor":[99,115,133,148,248,259,310,325,37,37,37,37],"floor_reached":10,"language":"ENG","playtime":895,"items_purged":[],"score":63,"play_id":"781126b1-7783-4f08-a406-6710095e4b4b","local_time":"20210202125800","is_ascension_mode":true,"campfire_choices":[{"data":"hexamod:Sear","floor":1,"key":"SMITH"}],"circlet_count":0,"master_deck":["hexamod:Strike","hexamod:Strike","hexamod:Strike","hexamod:Defend","hexamod:Defend","hexamod:Defend","hexamod:Sear+1","hexamod:Float","hexamod:FastForward+1","hexamod:GhostLash","hexamod:BurningTouch","hexamod:DynamicBlow","hexamod:HeatMetal","hexamod:EmpoweredFlame","hexamod:InspiringFlames","hexamod:InspiringFlames","hexamod:EmpoweredFlame","hexamod:Incineration","hexamod:Incineration"],"relics":["hexamod:SpiritBrand","CCEMRelics:Barrel"],"acts_visited":["Exordium"],"potions_floor_usage":[3,9],"damage_taken":[{"damage":1,"enemies":"Cultist","floor":2,"turns":3},{"damage":0,"enemies":"2 Louse","floor":3,"turns":2},{"damage":5,"enemies":"Small Slimes","floor":4,"turns":3},{"damage":54,"enemies":"downfall:Heads","floor":5,"turns":9},{"damage":4,"enemies":"Exordium Wildlife","floor":6,"turns":4},{"damage":6,"enemies":"Red Slaver","floor":8,"turns":3},{"damage":0,"enemies":"downfall:FleeingMerchant","floor":9,"turns":4},{"damage":14,"enemies":"Gremlin Nob","floor":10,"turns":2}],"seed_played":"8575606696008027390","potions_obtained":[{"floor":2,"key":"Fire Potion"},{"floor":5,"key":"hexamod:SoulburnPotion"}],"is_trial":false,"path_per_floor":["R","M","M","M","?","M","T","M","$","E"],"character_chosen":"THE_SPIRIT","items_purchased":["hexamod:EmpoweredFlame","hexamod:Incineration","CCEMRelics:Barrel"],"campfire_rested":0,"item_purchase_floors":[9,9,9],"current_hp_per_floor":[77,76,76,71,17,13,13,7,7,0,0,0],"gold":37,"neow_bonus":"TEN_PERCENT_HP_BONUS","is_daily":false,"chose_seed":false,"campfire_upgraded":1,"win_rate":0.0,"timestamp":1612231080,"path_taken":["R","M","M","?","?","M","T","M","$","E"],"items_purchased_type":["Card","Card","Relic"],"build_version":"2020-12-22","purchased_purges":0,"victory":false,"max_hp_per_floor":[77,77,77,77,77,77,77,77,77,77,77,77],"card_choices":[{"not_picked":["hexamod:SpectersWail","hexamod:NightmareGuise"],"picked":"hexamod:FastForward","floor":2},{"not_picked":["hexamod:ThermalTransfer","hexamod:NightmareGuise"],"picked":"hexamod:GhostLash","floor":3},{"not_picked":["hexamod:SkipABeat","hexamod:BacktrackSmack"],"picked":"hexamod:BurningTouch","floor":4},{"not_picked":["hexamod:BacktrackSmack","hexamod:AdvancingGuard"],"picked":"hexamod:HeatMetal","floor":5},{"not_picked":["hexamod:Hexaguard","hexamod:FourthSeal"],"picked":"hexamod:EmpoweredFlame","floor":6},{"not_picked":["hexamod:AdvancingGuard","hexamod:NightmareStrike"],"picked":"hexamod:InspiringFlames","floor":8},{"not_picked":["hexamod:HeatCrush","hexamod:SearingWound"],"picked":"hexamod:InspiringFlames","floor":9}],"player_experience":751941,"relics_obtained":[],"event_choices":[],"is_beta":false,"boss_relics":[],"items_purged_floors":[],"is_endless":false,"potions_floor_spawned":[2,5],"killed_by":"Gremlin Nob","ascension_level":1}}