{"host":"9970e6owvjk6ctny","time":1612268119,"event":{"mods":["Act Like it!","BaseMod","Better Match","Better Third Choice","Downfall","GifTheSpireLib","GungeonMod","Jorbs\u0027s Wanderer Trilogy","Luminous","Minty Spire (QoL Compilation)","Quick Restart","Rare Cards Sparkle","StSLib","The Bug Knight","The Cursed","The Disciple","The Hierophant","The Runesmith","The Servant 0.9.4"],"gold_per_floor":[117,45,60,78,78,78,153,188,188,188,216,216,266,276,276,276,276],"floor_reached":16,"language":"ZHS","playtime":870,"items_purged":[],"score":100,"play_id":"4591b965-cc44-485c-809a-d6fb0b7be325","local_time":"20210202201519","is_ascension_mode":false,"campfire_choices":[{"data":"Exchange","floor":6,"key":"SMITH"},{"data":"Rewind","floor":10,"key":"SMITH"},{"data":"ShatteredReality","floor":12,"key":"SMITH"},{"data":"ShatteredReality","floor":15,"key":"SMITH"}],"circlet_count":0,"master_deck":["Strike_S","Strike_S","Strike_S","Strike_S","Defend_S+1","Defend_S","Defend_S+1","Defend_S","KidneyShot","Exchange+1","ShatteredReality+1","SurpressingFire","Rewind+1","Starlight","ShatteredReality+1","Replace+1"],"relics":["Uniform","NeowsBlessing","DemoMod:ResourcefulSack","War Paint","Toxic Egg 2","Odd Mushroom"],"acts_visited":["Exordium"],"potions_floor_usage":[11,13],"damage_taken":[{"damage":0,"enemies":"Cultist","floor":1,"turns":1},{"damage":0,"enemies":"Small Slimes","floor":3,"turns":1},{"damage":0,"enemies":"Jaw Worm","floor":4,"turns":1},{"damage":2,"enemies":"HollowMod:MossKnight","floor":8,"turns":5},{"damage":0,"enemies":"The Mushroom Lair","floor":11,"turns":4},{"damage":0,"enemies":"Exordium Wildlife","floor":13,"turns":4},{"damage":6,"enemies":"2 Fungi Beasts","floor":14,"turns":3},{"damage":46,"enemies":"Hexaghost","floor":16,"turns":14}],"seed_played":"-6636057925859465961","potions_obtained":[{"floor":8,"key":"SpeedPotion"},{"floor":11,"key":"ColorlessPotion"}],"is_trial":false,"path_per_floor":["M","$","M","M","T","R","?","E","T","R","?","R","M","M","R","B"],"character_chosen":"THE_SERVANT","items_purchased":["SurpressingFire"],"campfire_rested":0,"item_purchase_floors":[2],"current_hp_per_floor":[65,65,65,65,65,65,54,52,52,52,52,52,52,46,46,0,0],"gold":276,"neow_bonus":"THREE_ENEMY_KILL","is_daily":false,"chose_seed":false,"campfire_upgraded":4,"win_rate":0.0,"timestamp":1612268119,"path_taken":["M","$","M","?","?","R","?","E","T","R","?","R","M","?","R","BOSS"],"items_purchased_type":["Card"],"build_version":"2020-12-22","purchased_purges":0,"victory":false,"max_hp_per_floor":[65,65,65,65,65,65,65,65,65,65,65,65,65,65,65,65,65],"card_choices":[{"not_picked":["Rewind","ShiftingGears"],"picked":"ShatteredReality","floor":1},{"not_picked":["Unruled","Revamp"],"picked":"Rewind","floor":3},{"not_picked":["Read","DoubleEdge"],"picked":"Starlight","floor":4},{"not_picked":["Spin","Desolation","Unruled"],"picked":"SKIP","floor":8},{"not_picked":["TimeWarp","Moonlight"],"picked":"ShatteredReality","floor":11},{"not_picked":["Gouge","Spin","DoubleEdge"],"picked":"SKIP","floor":13},{"not_picked":["Spin","Gouge"],"picked":"Replace+1","floor":14}],"player_experience":149081,"relics_obtained":[{"floor":5,"key":"DemoMod:ResourcefulSack"},{"floor":8,"key":"War Paint"},{"floor":9,"key":"Toxic Egg 2"},{"floor":11,"key":"Odd Mushroom"}],"event_choices":[{"damage_healed":0,"gold_gain":75,"player_choice":"Gold","damage_taken":11,"max_hp_gain":0,"max_hp_loss":0,"event_name":"betterThird:BetterGoop","floor":7,"gold_loss":0},{"damage_healed":0,"gold_gain":0,"player_choice":"Fought Mushrooms","damage_taken":0,"max_hp_gain":0,"max_hp_loss":0,"event_name":"Mushrooms","floor":11,"gold_loss":0}],"is_beta":false,"boss_relics":[],"items_purged_floors":[],"is_endless":false,"potions_floor_spawned":[8,11],"killed_by":"Hexaghost","ascension_level":0}}