{"host":"8is2j71l4wmybkoi","time":1612272668,"event":{"mods":["AchievementEnabler","BaseMod","Colored Map","Minty Spire (QoL Compilation)","Rare Cards Sparkle","StSLib","SuperFastMode"],"gold_per_floor":[19,19,37,51,66,66,81,153,153,168,188,188,206,222,222,222,222],"floor_reached":16,"language":"KOR","playtime":657,"items_purged":[],"score":172,"play_id":"02e6cc27-f42b-49e5-8e16-3fd1c414afef","local_time":"20210202223108","is_ascension_mode":true,"campfire_choices":[{"data":"Neutralize","floor":6,"key":"SMITH"},{"data":"Acrobatics","floor":12,"key":"SMITH"},{"data":"Riddle With Holes","floor":15,"key":"SMITH"}],"circlet_count":0,"master_deck":["AscendersBane","Strike_G","Strike_G","Strike_G","Defend_G","Defend_G","Defend_G","Defend_G","Survivor","Neutralize+1","Deflect","Grand Finale","Dagger Throw","Blur","Acrobatics+1","Backflip","Riddle With Holes+1"],"relics":["Ring of the Snake","Matryoshka","Eternal Feather","Kunai"],"acts_visited":["Exordium"],"potions_floor_usage":[13,16],"damage_taken":[{"damage":1,"enemies":"2 Louse","floor":1,"turns":3},{"damage":0,"enemies":"Jaw Worm","floor":3,"turns":2},{"damage":2,"enemies":"Cultist","floor":4,"turns":4},{"damage":19,"enemies":"Large Slime","floor":5,"turns":15},{"damage":7,"enemies":"Blue Slaver","floor":7,"turns":5},{"damage":3,"enemies":"2 Fungi Beasts","floor":10,"turns":6},{"damage":0,"enemies":"Looter","floor":11,"turns":4},{"damage":20,"enemies":"Exordium Wildlife","floor":13,"turns":4},{"damage":2,"enemies":"Blue Slaver","floor":14,"turns":4},{"damage":58,"enemies":"Slime Boss","floor":16,"turns":13}],"seed_played":"6959921448934086414","potions_obtained":[{"floor":1,"key":"FairyPotion"},{"floor":10,"key":"Weak Potion"},{"floor":13,"key":"Block Potion"}],"is_trial":false,"path_per_floor":["M","?","M","M","M","R","M","T","T","M","M","R","M","M","R","B"],"character_chosen":"THE_SILENT","items_purchased":[],"campfire_rested":0,"item_purchase_floors":[],"current_hp_per_floor":[58,58,58,56,37,37,30,30,30,27,27,36,16,14,23,0,0],"gold":222,"neow_bonus":"REMOVE_TWO","is_daily":false,"chose_seed":false,"campfire_upgraded":3,"win_rate":0.0,"timestamp":1612272668,"path_taken":["M","?","M","M","M","R","M","?","T","?","M","R","M","M","R","BOSS"],"items_purchased_type":[],"build_version":"2020-12-22","purchased_purges":0,"victory":false,"max_hp_per_floor":[66,66,66,66,66,66,66,66,66,66,66,66,66,66,66,66,66],"card_choices":[{"not_picked":["Infinite Blades","Concentrate"],"picked":"Deflect","floor":1},{"not_picked":["Quick Slash","Riddle With Holes"],"picked":"Dagger Throw","floor":3},{"not_picked":["Cloak And Dagger","Endless Agony"],"picked":"Blur","floor":4},{"not_picked":["Expertise","Deadly Poison"],"picked":"Acrobatics","floor":5},{"not_picked":["Endless Agony","Outmaneuver","Finisher"],"picked":"SKIP","floor":7},{"not_picked":["Sucker Punch","PiercingWail"],"picked":"Backflip","floor":10},{"not_picked":["Leg Sweep","Calculated Gamble"],"picked":"Riddle With Holes","floor":11},{"not_picked":["Outmaneuver","Choke","Expertise"],"picked":"SKIP","floor":13},{"not_picked":["Slice","Catalyst","Distraction"],"picked":"SKIP","floor":14}],"player_experience":941318,"relics_obtained":[{"floor":8,"key":"Matryoshka"},{"floor":9,"key":"Eternal Feather"},{"floor":9,"key":"Kunai"}],"event_choices":[{"damage_healed":0,"gold_gain":0,"cards_transformed":["Strike_G"],"player_choice":"Change","damage_taken":0,"max_hp_gain":0,"max_hp_loss":0,"event_name":"Living Wall","floor":2,"gold_loss":0,"cards_obtained":["Grand Finale"]}],"is_beta":false,"boss_relics":[],"items_purged_floors":[],"is_endless":false,"potions_floor_spawned":[1,10,11,13],"killed_by":"Slime Boss","ascension_level":15}}