{"host":"jpzdg3po3tjxdjri","time":1612300734,"event":{"mods":["BaseMod","Better Third Choice","Colored Map","Colored Powertips","Minty Spire (QoL Compilation)","StSLib"],"gold_per_floor":[215,92,108,118,118,157,27,27,27,27,27,42,66,88,88,201,228,239,16,35,54,54,54,84,105,182,191,191,211,248,248,248],"floor_reached":31,"language":"ENG","playtime":1125,"items_purged":["Calculated Gamble+1"],"score":343,"play_id":"9937fb6f-1c65-408f-9953-fd7dda09644f","local_time":"20210202211854","is_ascension_mode":true,"campfire_choices":[{"floor":15,"key":"REST"},{"data":"Poisoned Stab","floor":23,"key":"SMITH"}],"circlet_count":0,"master_deck":["Defend_G","Defend_G","Defend_G","Defend_G","Defend_G","Survivor","Neutralize","Slice","Footwork","Quick Slash","Dagger Spray","Infinite Blades","Backstab","Poisoned Stab+1","Footwork","Leg Sweep","Footwork","Cloak And Dagger","Corpse Explosion","Flying Knee+1","Escape Plan+1","Dodge and Roll","Deadly Poison","Deadly Poison","Necronomicurse","Sucker Punch+1"],"relics":["Ring of the Snake","CeramicFish","Anchor","Gambling Chip","Singing Bowl","Astrolabe","Boot","Oddly Smooth Stone","Bottled Lightning","Necronomicon","Molten Egg 2","Incense Burner"],"acts_visited":["Exordium","TheCity"],"potions_floor_usage":[6,24,30,30],"damage_taken":[{"damage":0,"enemies":"Small Slimes","floor":1,"turns":3},{"damage":0,"enemies":"Cultist","floor":3,"turns":5},{"damage":0,"enemies":"Jaw Worm","floor":4,"turns":5},{"damage":18,"enemies":"Lagavulin","floor":6,"turns":8},{"damage":0,"enemies":"3 Louse","floor":12,"turns":2},{"damage":0,"enemies":"Large Slime","floor":13,"turns":6},{"damage":0,"enemies":"Blue Slaver","floor":14,"turns":4},{"damage":20,"enemies":"The Guardian","floor":16,"turns":17},{"damage":0,"enemies":"3 Byrds","floor":18,"turns":3},{"damage":7,"enemies":"Chosen","floor":20,"turns":5},{"damage":5,"enemies":"Centurion and Healer","floor":21,"turns":5},{"damage":18,"enemies":"Slavers","floor":24,"turns":3},{"damage":21,"enemies":"Snake Plant","floor":25,"turns":4},{"damage":5,"enemies":"Cultist and Chosen","floor":29,"turns":5},{"damage":0,"enemies":"Gremlin Leader","floor":30,"turns":5},{"damage":6,"enemies":"Sentry and Sphere","floor":31,"turns":6}],"seed_played":"1047161700729492669","potions_obtained":[{"floor":1,"key":"Poison Potion"},{"floor":6,"key":"GhostInAJar"},{"floor":13,"key":"AttackPotion"},{"floor":16,"key":"Energy Potion"},{"floor":24,"key":"AttackPotion"}],"is_trial":false,"path_per_floor":["M","$","M","M","?","E","$","?","T","?","$","M","M","M","R","B",null,"M","$","M","M","?","R","E","M","T","?","?","M","E","M"],"character_chosen":"THE_SILENT","items_purchased":["Footwork","Quick Slash","Poisoned Stab","Footwork","Leg Sweep","Boot"],"campfire_rested":1,"item_purchase_floors":[2,2,7,7,7,19],"current_hp_per_floor":[70,70,70,70,63,45,45,14,14,14,14,16,16,16,37,17,72,74,74,67,62,62,62,46,25,25,9,9,6,6,0,0],"gold":248,"neow_bonus":"HUNDRED_GOLD","is_daily":false,"chose_seed":false,"campfire_upgraded":1,"win_rate":0.0,"timestamp":1612300734,"path_taken":["M","$","M","M","?","E","$","?","T","?","$","M","M","M","R","BOSS","M","$","M","M","?","R","E","?","T","?","?","M","E","M"],"items_purchased_type":["Card","Card","Card","Card","Card","Relic"],"build_version":"2020-12-22","purchased_purges":1,"victory":false,"max_hp_per_floor":[70,70,70,70,70,70,70,70,70,70,70,72,72,72,72,72,72,74,74,74,74,74,74,76,76,76,76,76,78,78,78,78],"card_choices":[{"not_picked":["Acrobatics","Deflect"],"picked":"Slice","floor":1},{"not_picked":["Blur","Deadly Poison"],"picked":"Dagger Spray","floor":3},{"not_picked":["All Out Attack","Setup"],"picked":"Infinite Blades","floor":4},{"not_picked":["Quick Slash","Underhanded Strike"],"picked":"Backstab","floor":6},{"not_picked":["Slice","Dash","Blade Dance"],"picked":"Singing Bowl","floor":12},{"not_picked":["Bane","Acrobatics"],"picked":"Footwork","floor":13},{"not_picked":["All Out Attack","Bullet Time"],"picked":"Cloak And Dagger","floor":14},{"not_picked":["Doppelganger","Glass Knife"],"picked":"Corpse Explosion","floor":16},{"not_picked":["Underhanded Strike","Predator","Blade Dance"],"picked":"Singing Bowl","floor":18},{"not_picked":["PiercingWail","Backflip"],"picked":"Dodge and Roll","floor":20},{"not_picked":["Dagger Spray+1","Prepared"],"picked":"Deadly Poison","floor":21},{"not_picked":["Flechettes","Bane","Accuracy"],"picked":"Singing Bowl","floor":24},{"not_picked":["Underhanded Strike","PiercingWail"],"picked":"Deadly Poison","floor":25},{"not_picked":["Flying Knee+1","Quick Slash+1","Prepared"],"picked":"Singing Bowl","floor":29},{"not_picked":["Dagger Throw+1","Blade Dance"],"picked":"Sucker Punch+1","floor":30}],"player_experience":881140,"relics_obtained":[{"floor":6,"key":"CeramicFish"},{"floor":9,"key":"Singing Bowl"},{"floor":24,"key":"Oddly Smooth Stone"},{"floor":26,"key":"Bottled Lightning"},{"floor":27,"key":"Necronomicon"},{"floor":30,"key":"Incense Burner"}],"event_choices":[{"cards_removed":["Strike_G"],"damage_healed":0,"gold_gain":0,"player_choice":"Card Removal","damage_taken":7,"max_hp_gain":0,"max_hp_loss":0,"event_name":"Golden Wing","floor":5,"gold_loss":0},{"damage_healed":0,"gold_gain":1,"player_choice":"Relic Relic ","damage_taken":31,"max_hp_gain":0,"max_hp_loss":0,"event_name":"betterThird:BetterScrap","floor":8,"gold_loss":0,"cards_obtained":["Ragnarok"]},{"damage_healed":14,"gold_gain":0,"player_choice":"Leave","damage_taken":0,"max_hp_gain":0,"max_hp_loss":70,"event_name":"betterThird:BetterShining","floor":10,"gold_loss":0},{"cards_removed":["Strike_G"],"damage_healed":0,"gold_gain":0,"player_choice":"Offered Basic","damage_taken":0,"max_hp_gain":0,"max_hp_loss":0,"event_name":"Bonfire Elementals","floor":22,"gold_loss":0},{"damage_healed":0,"gold_gain":0,"player_choice":"Obtained Book","damage_taken":16,"max_hp_gain":0,"max_hp_loss":0,"event_name":"Cursed Tome","floor":27,"gold_loss":0},{"damage_healed":0,"gold_gain":0,"player_choice":"Opened","damage_taken":0,"relics_obtained":["Molten Egg 2"],"max_hp_gain":0,"max_hp_loss":0,"event_name":"The Mausoleum","floor":28,"gold_loss":0}],"is_beta":false,"boss_relics":[{"not_picked":["Coffee Dripper","SacredBark"],"picked":"Astrolabe"}],"items_purged_floors":[19],"is_endless":false,"potions_floor_spawned":[1,6,13,16,18,24,25],"killed_by":"Sentry and Sphere","ascension_level":1}}