{"host":"gqhy17d1xpb1p3ki","time":1612290140,"event":{"mods":["2.2 Compatiblity","AchievementEnabler","BaseMod","Bestiary","BetterRewards","Colored Map","Colored Powertips","Conspire","Curses Come First","Custom Start","DeckTracker","Downfall","Duelist Mod","Hermit","Highlight Path","Hubris","Infinite Spire","Marisa????????","Minty Spire (QoL Compilation)","Quick Restart","Rare Cards Sparkle","Relic Stats","Remilia??????","Robot Space Explorer","Shop Mod","StSLib","Td1madao Mod","The Animator","The Bug Knight","The Cursed","The Disciple","The Hierophant","The Jungle","The Marked","The Mystic","The Necromancer","The Runesmith","The Senshi","The Servant 0.9.4","The Witch","TheBandit","WarShipGirlsR/????R mod","Yuri Mod"],"gold_per_floor":[99,117,128,128,128,128,128,38,48,48,58,74,91,105,118,118,118,118],"floor_reached":16,"language":"ENG","playtime":1220,"items_purged":["Regret"],"score":96,"play_id":"178c062c-ae20-486e-a4d8-c5290a94908a","local_time":"20210202132220","is_ascension_mode":false,"campfire_choices":[{"data":"Slimebound:PrepareCrush","floor":1,"key":"SMITH"},{"data":"Slimebound:Gluttony","floor":10,"key":"SMITH"}],"circlet_count":0,"master_deck":["Slimebound:Strike_Slimebound","Slimebound:Strike_Slimebound","Slimebound:Tackle","Slimebound:Defend_Slimebound","Slimebound:Defend_Slimebound","Slimebound:Defend_Slimebound","Slimebound:Defend_Slimebound","Slimebound:Split","Slimebound:CorrosiveSpit","Slimebound:PrepareCrush+1","Slimebound:Gluttony","Slimebound:ItLooksTasty","Slimebound:Gluttony+1","Slimebound:LeechEnergy","Slimebound:GoopSpray","Slimebound:ComboTackle","Slimebound:GoopSpray","Slimebound:SplitAcid","Slimebound:RainOfGoop","Slimebound:Schlurp"],"relics":["Slimebound:AbsorbEndCombat","Letter Opener","Mercury Hourglass"],"acts_visited":["Exordium"],"potions_floor_usage":[16],"damage_taken":[{"damage":9,"enemies":"2 Louse","floor":2,"turns":4},{"damage":0,"enemies":"conspire:RoseBush","floor":3,"turns":2},{"damage":10,"enemies":"downfall:FleeingMerchant","floor":8,"turns":4},{"damage":14,"enemies":"Small Slimes","floor":9,"turns":2},{"damage":13,"enemies":"Red Slaver","floor":11,"turns":3},{"damage":0,"enemies":"Large Slime","floor":12,"turns":4},{"damage":19,"enemies":"Lots of Slimes","floor":13,"turns":3},{"damage":10,"enemies":"3 Louse","floor":14,"turns":3},{"damage":8,"enemies":"2 Fungi Beasts","floor":15,"turns":3},{"damage":29,"enemies":"WA_ARCHETYPE_RETAIN","floor":16,"turns":6}],"seed_played":"-4153317778693110348","potions_obtained":[{"floor":3,"key":"SkillPotion"},{"floor":9,"key":"FearPotion"},{"floor":13,"key":"EssenceOfSteel"}],"is_trial":false,"path_per_floor":["R","M","M","?","?","?","T","$","M","R","M","M","M","M","M","B"],"character_chosen":"SLIMEBOUND","items_purchased":[],"campfire_rested":0,"item_purchase_floors":[],"current_hp_per_floor":[65,58,60,60,60,60,60,56,48,48,37,45,28,20,16,0,0,0],"gold":118,"neow_bonus":"ONE_RANDOM_RARE_CARD","is_daily":false,"chose_seed":false,"campfire_upgraded":2,"win_rate":0.0,"timestamp":1612290140,"path_taken":["R","M","M","?","?","?","T","$","M","R","M","M","?","M","M","BOSS"],"items_purchased_type":[],"build_version":"2020-12-22","purchased_purges":1,"victory":false,"max_hp_per_floor":[65,65,65,65,65,65,65,65,65,65,65,65,65,65,65,65,65,65],"relic_stats":{"counters":[10,31],"Letter Opener":[55],"obtain_stats":[{"Slimebound:AbsorbEndCombat":0,"Letter Opener":4,"Mercury Hourglass":7},{"Slimebound:AbsorbEndCombat":0,"Letter Opener":2,"Mercury Hourglass":2},{"Slimebound:AbsorbEndCombat":0,"Letter Opener":6,"Mercury Hourglass":6}],"Mercury Hourglass":[104]},"card_choices":[{"not_picked":["Slimebound:GoopTackle","Slimebound:ComboTackle"],"picked":"Slimebound:Gluttony","floor":2},{"not_picked":["Slimebound:SplitLeeching","Slimebound:LeechEnergy"],"picked":"Slimebound:ItLooksTasty","floor":3},{"not_picked":["Slimebound:ForwardTackle","Slimebound:SlimeSpikes"],"picked":"Slimebound:LeechEnergy","floor":8},{"not_picked":["Slimebound:Dissolve","Slimebound:GoopTackle"],"picked":"Slimebound:GoopSpray","floor":9},{"not_picked":["Slimebound:FlameTackle","Slimebound:GoopTackle"],"picked":"Slimebound:ComboTackle","floor":11},{"not_picked":["Slimebound:ProtectTheBoss","Slimebound:Gluttony"],"picked":"Slimebound:GoopSpray","floor":12},{"not_picked":["Slimebound:HauntingLick","Slimebound:FinishingTackle"],"picked":"Slimebound:SplitAcid","floor":13},{"not_picked":["Slimebound:ViciousTackle","Slimebound:SplitMire"],"picked":"Slimebound:RainOfGoop","floor":14},{"not_picked":["Slimebound:SlimeBarrage","Slimebound:SplitLeeching"],"picked":"Slimebound:Schlurp","floor":15}],"player_experience":486766,"relics_obtained":[{"floor":7,"key":"Mercury Hourglass"}],"event_choices":[{"damage_healed":0,"gold_gain":0,"player_choice":"Box","damage_taken":0,"relics_obtained":["Letter Opener"],"max_hp_gain":0,"max_hp_loss":0,"event_name":"Big Fish","floor":4,"gold_loss":0,"cards_obtained":["Regret"]}],"is_beta":false,"boss_relics":[],"items_purged_floors":[8],"is_endless":false,"potions_floor_spawned":[3,9,13],"killed_by":"WA_ARCHETYPE_RETAIN","ascension_level":0}}