{"host":"7gewg82ormp6yt4e","time":1612266847,"event":{"mods":["BaseMod","Block Reminder","Colored Map","DeckTracker","Highlight Path","Minty Spire (QoL Compilation)","Relic Stats","StSLib","ojb\u0027s Info Mod"],"gold_per_floor":[112,112,112,123,198,198,216,216,216,216,249,262,293,308,308,383,383,397,397,15,35,35,62,62,62,62],"floor_reached":25,"language":"JPN","playtime":1194,"items_purged":[],"score":508,"play_id":"a404a72b-84b9-4f76-8ac3-c6dc5d8fc16e","local_time":"20210202205407","is_ascension_mode":true,"campfire_choices":[{"data":"Judgement","floor":6,"key":"SMITH"},{"data":"Conclude","floor":8,"key":"SMITH"},{"data":"Eruption","floor":10,"key":"SMITH"},{"data":"SandsOfTime","floor":15,"key":"SMITH"},{"floor":24,"key":"REST"}],"circlet_count":0,"master_deck":["AscendersBane","Strike_P","Strike_P","Defend_P","Defend_P","Defend_P","Eruption+1","Vigilance","Wireheading","FlyingSleeves","EmptyFist","Judgement+1","Conclude+1","Vengeance","SandsOfTime+1","MentalFortress","ClearTheMind","Devotion","SpiritShield","Wallop","Prostrate","Consecrate+1","SpiritShield"],"relics":["PureWater","TeardropLocket","Omamori","Boot","Runic Pyramid","PreservedInsect","OrangePellets","Yang"],"acts_visited":["Exordium","TheCity"],"potions_floor_usage":[13,23,23],"damage_taken":[{"damage":12,"enemies":"Jaw Worm","floor":1,"turns":2},{"damage":0,"enemies":"2 Louse","floor":4,"turns":3},{"damage":0,"enemies":"Cultist","floor":7,"turns":1},{"damage":7,"enemies":"Lagavulin","floor":11,"turns":5},{"damage":0,"enemies":"Exordium Thugs","floor":12,"turns":2},{"damage":0,"enemies":"Gremlin Nob","floor":13,"turns":2},{"damage":4,"enemies":"Looter","floor":14,"turns":3},{"damage":11,"enemies":"The Guardian","floor":16,"turns":7},{"damage":12,"enemies":"Spheric Guardian","floor":18,"turns":4},{"damage":17,"enemies":"2 Thieves","floor":21,"turns":3},{"damage":24,"enemies":"Gremlin Leader","floor":23,"turns":3},{"damage":26,"enemies":"Slavers","floor":25,"turns":1}],"seed_played":"-5238044147372757426","potions_obtained":[{"floor":4,"key":"Ancient Potion"},{"floor":11,"key":"SpeedPotion"},{"floor":12,"key":"BlessingOfTheForge"},{"floor":16,"key":"FearPotion"},{"floor":23,"key":"SpeedPotion"}],"is_trial":false,"path_per_floor":["M","?","?","M","?","R","M","R","T","R","E","M","E","M","R","B",null,"M","?","$","M","?","E","R","E"],"character_chosen":"WATCHER","items_purchased":["PreservedInsect","OrangePellets","Prostrate"],"campfire_rested":1,"item_purchase_floors":[20,20,20],"current_hp_per_floor":[49,54,54,54,43,43,43,43,43,43,36,36,36,32,32,21,56,44,44,44,27,27,3,23,0,0],"gold":62,"neow_bonus":"TRANSFORM_TWO_CARDS","is_daily":false,"chose_seed":false,"campfire_upgraded":4,"win_rate":0.0,"timestamp":1612266847,"path_taken":["M","?","?","M","?","R","M","R","T","R","E","M","E","M","R","BOSS","M","?","?","?","?","E","R","E"],"items_purchased_type":["Relic","Relic","Card"],"build_version":"2020-12-22","purchased_purges":0,"victory":false,"max_hp_per_floor":[62,67,67,67,67,67,67,67,67,67,67,67,67,67,67,67,67,67,67,67,67,67,67,67,67,67],"relic_stats":{"OrangePellets":[1],"counters":[12,36],"Yang":[3],"PreservedInsect":87,"Boot":[0],"obtain_stats":[{"OrangePellets":20,"Yang":23,"PreservedInsect":20,"Omamori":11,"TeardropLocket":9,"PureWater":0,"Boot":13,"Runic Pyramid":17},{"OrangePellets":9,"Yang":11,"PreservedInsect":9,"Omamori":4,"TeardropLocket":3,"PureWater":0,"Boot":6,"Runic Pyramid":8},{"OrangePellets":29,"Yang":35,"PreservedInsect":29,"Omamori":11,"TeardropLocket":6,"PureWater":0,"Boot":15,"Runic Pyramid":25}]},"card_choices":[{"not_picked":["Halt","ClearTheMind"],"picked":"EmptyFist","floor":1},{"not_picked":["Perseverance","CutThroughFate"],"picked":"Conclude","floor":4},{"not_picked":["FollowUp","Worship"],"picked":"Vengeance","floor":7},{"not_picked":["BowlingBash","FlyingSleeves"],"picked":"SandsOfTime","floor":11},{"not_picked":["Prostrate","ReachHeaven"],"picked":"MentalFortress","floor":12},{"not_picked":["Crescendo","BowlingBash"],"picked":"ClearTheMind","floor":13},{"not_picked":["ThirdEye","BowlingBash"],"picked":"Devotion","floor":14},{"not_picked":["Scrawl","Ragnarok"],"picked":"SpiritShield","floor":16},{"not_picked":["Conclude","FlurryOfBlows+1"],"picked":"Wallop","floor":18},{"not_picked":["Prostrate","Halt"],"picked":"Consecrate+1","floor":21},{"not_picked":["FlyingSleeves","Crescendo","PathToVictory"],"picked":"SKIP","floor":23}],"player_experience":2748644,"relics_obtained":[{"floor":9,"key":"TeardropLocket"},{"floor":11,"key":"Omamori"},{"floor":13,"key":"Boot"},{"floor":23,"key":"Yang"}],"event_choices":[{"damage_healed":0,"gold_gain":0,"player_choice":"Donut","damage_taken":0,"max_hp_gain":5,"max_hp_loss":0,"event_name":"Big Fish","floor":2,"gold_loss":0},{"damage_healed":0,"gold_gain":0,"cards_transformed":["Strike_P"],"player_choice":"Change","damage_taken":0,"max_hp_gain":0,"max_hp_loss":0,"event_name":"Living Wall","floor":3,"gold_loss":0,"cards_obtained":["Judgement"]},{"damage_healed":0,"gold_gain":75,"player_choice":"Gather Gold","damage_taken":11,"max_hp_gain":0,"max_hp_loss":0,"event_name":"World of Goop","floor":5,"gold_loss":0},{"damage_healed":0,"gold_gain":0,"player_choice":"Got Potions","damage_taken":0,"max_hp_gain":0,"max_hp_loss":0,"event_name":"Lab","floor":19,"gold_loss":0},{"damage_healed":0,"gold_gain":0,"player_choice":"Copied","damage_taken":0,"max_hp_gain":0,"max_hp_loss":0,"event_name":"Duplicator","floor":22,"gold_loss":0,"cards_obtained":["SpiritShield"]}],"is_beta":false,"boss_relics":[{"not_picked":["Busted Crown","Sozu"],"picked":"Runic Pyramid"}],"items_purged_floors":[],"is_endless":false,"potions_floor_spawned":[4,11,12,16,23],"killed_by":"Slavers","ascension_level":20}}