{"host":"8rqsnaeml9gxb0kp","time":1612226927,"event":{"mods":["AchievementEnabler","BaseMod","Dark Map","Minty Spire (QoL Compilation)","Relic Stats","StSLib","slay the spire mod where everything is the same but ironclad has a cowboy hat"],"gold_per_floor":[110,110,110,128,148,148,73,73,147,179,190,202,45,74,74,146,146,157,157,157,137,153,184,200,200,200,200,216,56,56,72,72,149,149,159,159,170,190,90,90,123,142,142,168,0,51,51,63,63,63],"floor_reached":51,"language":"ENG","playtime":3158,"items_purged":["Strike_R","Strike_R"],"score":1258,"play_id":"f6a53553-a910-407a-a604-107d52cabb3a","local_time":"20210201164847","is_ascension_mode":true,"campfire_choices":[{"floor":6.0,"key":"REST"},{"floor":15.0,"key":"REST"},{"floor":25.0,"key":"REST"},{"data":"Berserk","floor":30.0,"key":"SMITH"},{"data":"Armaments","floor":32.0,"key":"SMITH"},{"floor":40.0,"key":"REST"},{"floor":47.0,"key":"REST"},{"floor":49.0,"key":"REST"}],"circlet_count":0,"master_deck":["AscendersBane","Strike_R","Strike_R","Strike_R+1","Defend_R","Defend_R","Defend_R","Twin Strike+1","Iron Wave","Clothesline","Armaments+1","Berserk+1","Shrug It Off","Metallicize","Immolate","Uppercut+1","Disarm+1","Fire Breathing+1","Thunderclap","Demon Form","Shrug It Off+1","Hemokinesis","Carnage","Blood for Blood","Evolve","Heavy Blade"],"relics":["Burning Blood","White Beast Statue","Eternal Feather","Dream Catcher","Lantern","Snecko Eye","MealTicket","Gremlin Horn","Toy Ornithopter","Fusion Hammer","Bronze Scales","Mummified Hand","Pen Nib","Red Mask","Peace Pipe"],"acts_visited":["Exordium","TheCity","TheBeyond"],"potions_floor_usage":[50,50],"damage_taken":[{"damage":5.0,"enemies":"Jaw Worm","floor":1.0,"turns":7.0},{"damage":12.0,"enemies":"Small Slimes","floor":4.0,"turns":2.0},{"damage":1.0,"enemies":"Cultist","floor":5.0,"turns":3.0},{"damage":20.0,"enemies":"3 Sentries","floor":10.0,"turns":8.0},{"damage":31.0,"enemies":"Exordium Thugs","floor":11.0,"turns":5.0},{"damage":9.0,"enemies":"Blue Slaver","floor":12.0,"turns":4.0},{"damage":15.0,"enemies":"Gremlin Nob","floor":14.0,"turns":4.0},{"damage":27.0,"enemies":"Hexaghost","floor":16.0,"turns":11.0},{"damage":2.0,"enemies":"3 Byrds","floor":18.0,"turns":4.0},{"damage":19.0,"enemies":"2 Thieves","floor":22.0,"turns":4.0},{"damage":47.0,"enemies":"Slavers","floor":23.0,"turns":7.0},{"damage":41.0,"enemies":"Cultist and Chosen","floor":24.0,"turns":8.0},{"damage":11.0,"enemies":"Centurion and Healer","floor":28.0,"turns":7.0},{"damage":13.0,"enemies":"Snecko","floor":31.0,"turns":5.0},{"damage":31.0,"enemies":"Automaton","floor":33.0,"turns":11.0},{"damage":41.0,"enemies":"3 Darklings","floor":35.0,"turns":4.0},{"damage":3.0,"enemies":"3 Shapes","floor":37.0,"turns":4.0},{"damage":10.0,"enemies":"Transient","floor":38.0,"turns":5.0},{"damage":50.0,"enemies":"Reptomancer","floor":41.0,"turns":5.0},{"damage":10.0,"enemies":"Maw","floor":42.0,"turns":7.0},{"damage":19.0,"enemies":"Giant Head","floor":44.0,"turns":6.0},{"damage":19.0,"enemies":"2 Orb Walkers","floor":46.0,"turns":4.0},{"damage":12.0,"enemies":"3 Darklings","floor":48.0,"turns":3.0},{"damage":80,"enemies":"Donu and Deca","floor":50,"turns":8}],"seed_played":"-2984449318851219965","potions_obtained":[{"floor":4.0,"key":"AttackPotion"},{"floor":5.0,"key":"SpeedPotion"},{"floor":10.0,"key":"ElixirPotion"},{"floor":11.0,"key":"PowerPotion"},{"floor":12.0,"key":"LiquidBronze"},{"floor":14.0,"key":"Weak Potion"},{"floor":16.0,"key":"EssenceOfSteel"},{"floor":18.0,"key":"SneckoOil"},{"floor":21.0,"key":"Weak Potion"},{"floor":22.0,"key":"Explosive Potion"},{"floor":23.0,"key":"FairyPotion"},{"floor":24.0,"key":"SteroidPotion"},{"floor":28.0,"key":"Ancient Potion"},{"floor":31.0,"key":"GamblersBrew"},{"floor":33.0,"key":"DistilledChaos"},{"floor":35.0,"key":"AttackPotion"},{"floor":37.0,"key":"Block Potion"},{"floor":38.0,"key":"BloodPotion"},{"floor":41.0,"key":"Weak Potion"},{"floor":42.0,"key":"Ancient Potion"},{"floor":44.0,"key":"LiquidMemories"},{"floor":46.0,"key":"BloodPotion"},{"floor":48.0,"key":"Dexterity Potion"}],"is_trial":false,"path_per_floor":["M","?","?","M","M","R","$","?","T","E","M","M","$","E","R","B",null,"M","?","?","?","M","E","M","R","T","$","M","$","R","M","R","B",null,"M","?","M","M","$","R","E","M","T","E","?","?","R","M","R","B",null],"character_chosen":"IRONCLAD","items_purchased":["Dream Catcher","Toy Ornithopter"],"campfire_rested":6,"item_purchase_floors":[13,29],"current_hp_per_floor":[76,76,51,45,50,74,74,62,62,48,23,20,20,11,44,23,67,71,71,71,71,58,17,8,41,41,56,51,66,78,71,82,57,76,46,46,54,55,70,82,38,55,55,42,42,50,82,76,82,13],"gold":63,"neow_bonus":"TEN_PERCENT_HP_BONUS","is_daily":false,"chose_seed":false,"campfire_upgraded":2,"win_rate":0.0,"timestamp":1612226927,"path_taken":["M","?","?","M","M","R","$","?","T","E","?","M","$","E","R","BOSS","M","?","?","?","M","E","M","R","T","$","M","$","R","M","R","BOSS","M","?","M","M","$","R","E","M","T","E","?","?","R","M","R","BOSS"],"items_purchased_type":["Relic","Relic"],"build_version":"2020-12-22","purchased_purges":2,"victory":true,"max_hp_per_floor":[82,82,82,82,82,82,82,82,82,82,82,82,82,82,82,82,82,82,82,82,82,82,82,82,82,82,82,82,82,82,82,82,82,82,82,82,82,82,82,82,82,82,82,82,82,82,82,82,82,82],"relic_stats":{"Gremlin Horn":[15,15],"counters":[24,136],"Eternal Feather":74,"Pen Nib":[4],"Burning Blood":144,"Peace Pipe":0,"Dream Catcher":5,"Mummified Hand":[20],"Bronze Scales":[69],"Snecko Eye":[162,159,152,157],"MealTicket":45,"obtain_stats":[{"Lantern":14,"Gremlin Horn":26,"Eternal Feather":10,"Pen Nib":44,"Burning Blood":0,"White Beast Statue":9,"Peace Pipe":46,"Dream Catcher":13,"Mummified Hand":43,"Bronze Scales":41,"Snecko Eye":17,"MealTicket":23,"Fusion Hammer":34,"Red Mask":45,"Toy Ornithopter":29},{"Lantern":7,"Gremlin Horn":12,"Eternal Feather":4,"Pen Nib":21,"Burning Blood":0,"White Beast Statue":3,"Peace Pipe":22,"Dream Catcher":6,"Mummified Hand":20,"Bronze Scales":19,"Snecko Eye":8,"MealTicket":11,"Fusion Hammer":15,"Red Mask":21,"Toy Ornithopter":13},{"Lantern":33,"Gremlin Horn":67,"Eternal Feather":20,"Pen Nib":121,"Burning Blood":0,"White Beast Statue":12,"Peace Pipe":125,"Dream Catcher":29,"Mummified Hand":115,"Bronze Scales":108,"Snecko Eye":44,"MealTicket":59,"Fusion Hammer":90,"Red Mask":121,"Toy Ornithopter":74}],"Toy Ornithopter":30},"card_choices":[{"not_picked":["Shrug It Off","Burning Pact"],"picked":"Twin Strike","floor":1.0},{"not_picked":["Combust","Inflame"],"picked":"Clothesline","floor":4.0},{"not_picked":["Clash","Body Slam"],"picked":"Armaments","floor":5.0},{"not_picked":["Infernal Blade","Rupture"],"picked":"Berserk","floor":10.0},{"not_picked":["Anger","Second Wind"],"picked":"Shrug It Off","floor":11.0},{"not_picked":["Thunderclap","Dark Embrace"],"picked":"Metallicize","floor":12.0},{"not_picked":["Infernal Blade","Evolve","Twin Strike"],"picked":"SKIP","floor":14.0},{"not_picked":["Barricade","Berserk"],"picked":"Immolate","floor":16.0},{"not_picked":["Thunderclap","Armaments"],"picked":"Uppercut+1","floor":18.0},{"not_picked":["Twin Strike","Warcry","Armaments"],"picked":"SKIP","floor":22.0},{"not_picked":["Headbutt","Anger","Berserk"],"picked":"SKIP","floor":23.0},{"not_picked":["Warcry","Thunderclap+1"],"picked":"Disarm+1","floor":24.0},{"not_picked":["Shrug It Off","Feel No Pain"],"picked":"Fire Breathing+1","floor":25.0},{"not_picked":["Feel No Pain","Sword Boomerang"],"picked":"Thunderclap","floor":28.0},{"not_picked":["Rupture","Sever Soul","Heavy Blade+1"],"picked":"SKIP","floor":31.0},{"not_picked":["Offering","Fiend Fire"],"picked":"Demon Form","floor":33.0},{"not_picked":["Heavy Blade","Armaments","Headbutt"],"picked":"SKIP","floor":35.0},{"not_picked":["Cleave","True Grit+1"],"picked":"Shrug It Off+1","floor":37.0},{"not_picked":["Dark Embrace+1","Flex","Perfected Strike"],"picked":"SKIP","floor":38.0},{"not_picked":["Perfected Strike","Rage+1"],"picked":"Hemokinesis","floor":40.0},{"not_picked":["True Grit+1","Burning Pact"],"picked":"Carnage","floor":41.0},{"not_picked":["Body Slam","Brutality"],"picked":"Blood for Blood","floor":42.0},{"not_picked":["True Grit","Headbutt","Berserk"],"picked":"SKIP","floor":44.0},{"not_picked":["Hemokinesis","Thunderclap"],"picked":"Evolve","floor":46.0},{"not_picked":["Warcry+1","Heavy Blade","Body Slam"],"picked":"SKIP","floor":48.0},{"not_picked":["Second Wind","Anger+1"],"picked":"Heavy Blade","floor":49.0}],"player_experience":172274,"relics_obtained":[{"floor":9.0,"key":"White Beast Statue"},{"floor":10.0,"key":"Eternal Feather"},{"floor":14.0,"key":"Lantern"},{"floor":23.0,"key":"MealTicket"},{"floor":26.0,"key":"Gremlin Horn"},{"floor":41.0,"key":"Bronze Scales"},{"floor":43.0,"key":"Mummified Hand"},{"floor":44.0,"key":"Pen Nib"},{"floor":46.0,"key":"Peace Pipe"}],"event_choices":[{"damage_healed":0.0,"max_hp_gain":0.0,"max_hp_loss":0.0,"gold_gain":0.0,"cards_transformed":["Defend_R"],"event_name":"Living Wall","player_choice":"Change","floor":2.0,"gold_loss":0.0,"damage_taken":0.0,"cards_obtained":["Iron Wave"]},{"damage_healed":0.0,"max_hp_gain":0.0,"max_hp_loss":0.0,"gold_gain":0.0,"event_name":"Shining Light","player_choice":"Entered Light","floor":3.0,"gold_loss":0.0,"damage_taken":25.0,"cards_upgraded":["Strike_R","Twin Strike"]},{"damage_healed":0.0,"max_hp_gain":0.0,"max_hp_loss":0.0,"gold_gain":0.0,"event_name":"Wheel of Change","player_choice":"Damaged","floor":8.0,"gold_loss":0.0,"damage_taken":12.0},{"damage_healed":0.0,"max_hp_gain":0.0,"max_hp_loss":0.0,"gold_gain":0.0,"event_name":"Forgotten Altar","player_choice":"Smashed Altar","floor":19.0,"gold_loss":0.0,"damage_taken":0.0,"cards_obtained":["Decay"]},{"cards_removed":["Decay"],"damage_healed":0.0,"max_hp_gain":0.0,"max_hp_loss":0.0,"gold_gain":0.0,"event_name":"Back to Basics","player_choice":"Elegance","floor":20.0,"gold_loss":0.0,"damage_taken":0.0},{"damage_healed":0.0,"max_hp_gain":0.0,"max_hp_loss":0.0,"gold_gain":0.0,"event_name":"The Woman in Blue","player_choice":"Bought 1 Potion","floor":21.0,"gold_loss":0.0,"damage_taken":0.0},{"cards_removed":["Bash"],"damage_healed":0.0,"max_hp_gain":0.0,"max_hp_loss":0.0,"gold_gain":0.0,"event_name":"Falling","player_choice":"Removed Attack","floor":36.0,"gold_loss":0.0,"damage_taken":0.0},{"damage_healed":0.0,"max_hp_gain":0.0,"max_hp_loss":0.0,"gold_gain":0.0,"event_name":"Tomb of Lord Red Mask","player_choice":"Paid","floor":45.0,"gold_loss":168.0,"damage_taken":0.0,"relics_obtained":["Red Mask"]},{"damage_healed":0.0,"max_hp_gain":0.0,"max_hp_loss":0.0,"gold_gain":0.0,"event_name":"Mysterious Sphere","player_choice":"Fight","floor":46.0,"gold_loss":0.0,"damage_taken":0.0}],"is_beta":false,"boss_relics":[{"not_picked":["Calling Bell","Velvet Choker"],"picked":"Snecko Eye"},{"not_picked":["Pandora\u0027s Box","Runic Cube"],"picked":"Fusion Hammer"}],"items_purged_floors":[7,39],"is_endless":false,"potions_floor_spawned":[4,5,10,11,12,14,16,18,22,23,24,28,31,33,35,37,38,41,42,44,46,48],"ascension_level":16}}