{"host":"og6lam4kt3nibbw0","time":1612285757,"event":{"mods":["AchievementEnabler","BaseMod","Colored Map","DeckTracker","Highlight Path","Keyboard Shortcuts","Minty Spire (QoL Compilation)","Permanent Neow","Quick Restart","StSLib","SuperFastMode"],"gold_per_floor":[115,133,133,46,65,101,134,146,158,170,182,230,258,295,307,408,420,446,481,543,555,122,122,122,156,206,255,275,290,290,304,304,304,304],"floor_reached":33,"language":"KOR","playtime":1447,"items_purged":["Double Tap"],"score":554,"play_id":"b0893dfb-7d3a-4b8a-8c4b-328b557892b2","local_time":"20210203020917","is_ascension_mode":true,"campfire_choices":[{"data":"Fire Breathing","floor":8.0,"key":"SMITH"},{"data":"Armaments","floor":11.0,"key":"SMITH"},{"data":"Sever Soul","floor":15.0,"key":"SMITH"},{"floor":23.0,"key":"REST"},{"floor":32.0,"key":"REST"}],"circlet_count":0,"master_deck":["AscendersBane","Bash","Double Tap","Evolve","Wild Strike","Pummel","Fire Breathing+1","Power Through","Armaments+1","Warcry","Shrug It Off","Sever Soul+1","Demon Form","Headbutt","Battle Trance","Uppercut","Cleave","Anger","Second Wind","Finesse","True Grit"],"relics":["Burning Blood","Golden Idol","MawBank","Ornamental Fan","Self Forming Clay","Pandora\u0027s Box","InkBottle","Bag of Marbles","Art of War"],"acts_visited":["Exordium","TheCity"],"potions_floor_usage":[],"damage_taken":[{"damage":8.0,"enemies":"Cultist","floor":1.0,"turns":5.0},{"damage":13.0,"enemies":"2 Louse","floor":2.0,"turns":4.0},{"damage":12.0,"enemies":"Jaw Worm","floor":5.0,"turns":2.0},{"damage":10.0,"enemies":"Lagavulin","floor":6.0,"turns":5.0},{"damage":5.0,"enemies":"Gremlin Gang","floor":7.0,"turns":6.0},{"damage":11.0,"enemies":"3 Sentries","floor":12.0,"turns":5.0},{"damage":8.0,"enemies":"3 Louse","floor":13.0,"turns":4.0},{"damage":7.0,"enemies":"2 Fungi Beasts","floor":14.0,"turns":4.0},{"damage":29.0,"enemies":"The Guardian","floor":16.0,"turns":13.0},{"damage":23.0,"enemies":"Chosen","floor":18.0,"turns":4.0},{"damage":24.0,"enemies":"Spheric Guardian","floor":19.0,"turns":6.0},{"damage":29.0,"enemies":"Slavers","floor":25.0,"turns":4.0},{"damage":3.0,"enemies":"3 Cultists","floor":28.0,"turns":4.0},{"damage":0.0,"enemies":"Chosen and Byrds","floor":29.0,"turns":5.0},{"damage":16.0,"enemies":"Centurion and Healer","floor":31.0,"turns":6.0},{"damage":28,"enemies":"Champ","floor":33,"turns":11}],"seed_played":"5741381740708689633","potions_obtained":[{"floor":2.0,"key":"BlessingOfTheForge"},{"floor":5.0,"key":"SkillPotion"},{"floor":7.0,"key":"DuplicationPotion"},{"floor":14.0,"key":"PowerPotion"},{"floor":16.0,"key":"SneckoOil"},{"floor":29.0,"key":"Ancient Potion"},{"floor":31.0,"key":"ColorlessPotion"}],"is_trial":false,"path_per_floor":["M","M","?","$","M","E","M","R","T","?","R","E","M","M","R","B",null,"M","M","?","?","$","R","?","E","T","T","M","M","?","M","R","B"],"character_chosen":"IRONCLAD","items_purchased":["Fire Breathing","Finesse","InkBottle"],"campfire_rested":2,"item_purchase_floors":[4,22,22],"current_hp_per_floor":[66,59,59,59,53,49,50,50,50,50,50,45,43,42,42,19,51,34,16,16,16,16,34,34,11,11,11,14,20,20,10,28,0,0],"gold":304,"neow_bonus":"TRANSFORM_TWO_CARDS","is_daily":false,"chose_seed":false,"campfire_upgraded":3,"win_rate":0.0,"timestamp":1612285757,"path_taken":["M","?","?","$","M","E","M","R","T","?","R","E","M","?","R","BOSS","M","M","?","?","$","R","?","E","T","?","M","M","?","?","R","BOSS"],"items_purchased_type":["Card","Card","Relic"],"build_version":"2020-12-22","purchased_purges":1,"victory":false,"max_hp_per_floor":[68,68,62,62,62,62,62,62,62,62,62,62,62,62,62,62,62,62,62,62,62,62,62,62,62,62,62,62,62,62,62,62,62,62],"card_choices":[{"not_picked":["Armaments","Bloodletting"],"picked":"Wild Strike","floor":1.0},{"not_picked":["Heavy Blade","Flex"],"picked":"Pummel","floor":2.0},{"not_picked":["Sword Boomerang","Inflame"],"picked":"Power Through","floor":5.0},{"not_picked":["Rampage","Bloodletting","Anger"],"picked":"SKIP","floor":6.0},{"not_picked":["True Grit","Exhume"],"picked":"Armaments","floor":7.0},{"not_picked":["Rampage","Disarm"],"picked":"Warcry","floor":12.0},{"not_picked":["Anger","Clash"],"picked":"Shrug It Off","floor":13.0},{"not_picked":["Wild Strike","Pummel"],"picked":"Sever Soul","floor":14.0},{"not_picked":["Berserk","Impervious"],"picked":"Demon Form","floor":16.0},{"not_picked":["Combust","Thunderclap","Clash"],"picked":"SKIP","floor":18.0},{"not_picked":["Searing Blow","Flex","Dropkick"],"picked":"SKIP","floor":19.0},{"not_picked":["Dropkick","Offering","Rupture"],"picked":"SKIP","floor":25.0},{"not_picked":["Whirlwind+1","Warcry"],"picked":"True Grit","floor":28.0},{"not_picked":["Cleave","Seeing Red","Perfected Strike"],"picked":"SKIP","floor":29.0},{"not_picked":["Sword Boomerang","Perfected Strike+1","Dark Embrace"],"picked":"SKIP","floor":31.0}],"player_experience":974943,"relics_obtained":[{"floor":6.0,"key":"MawBank"},{"floor":9.0,"key":"Ornamental Fan"},{"floor":12.0,"key":"Self Forming Clay"},{"floor":25.0,"key":"Bag of Marbles"},{"floor":26.0,"key":"Art of War"}],"event_choices":[{"damage_healed":0.0,"max_hp_gain":0.0,"max_hp_loss":6.0,"gold_gain":0.0,"event_name":"Golden Idol","player_choice":"Lose Max HP","floor":3.0,"gold_loss":0.0,"damage_taken":0.0,"relics_obtained":["Golden Idol"]},{"damage_healed":0.0,"max_hp_gain":0.0,"max_hp_loss":0.0,"gold_gain":0.0,"event_name":"Match and Keep!","player_choice":"0 cards matched","floor":10.0,"gold_loss":0.0,"damage_taken":0.0,"cards_obtained":[]},{"damage_healed":0.0,"max_hp_gain":0.0,"max_hp_loss":0.0,"gold_gain":50.0,"event_name":"Nest","player_choice":"Stole From Cult","floor":20.0,"gold_loss":0.0,"damage_taken":0.0},{"damage_healed":0.0,"max_hp_gain":0.0,"max_hp_loss":0.0,"gold_gain":0.0,"cards_transformed":["Carnage","Whirlwind"],"event_name":"Drug Dealer","player_choice":"Became Test Subject","floor":21.0,"gold_loss":0.0,"damage_taken":0.0,"cards_obtained":["Anger","Second Wind"]},{"damage_healed":0.0,"max_hp_gain":0.0,"max_hp_loss":0.0,"gold_gain":0.0,"event_name":"Ghosts","player_choice":"Ignored","floor":24.0,"gold_loss":0.0,"damage_taken":0.0},{"damage_healed":0.0,"max_hp_gain":0.0,"max_hp_loss":0.0,"gold_gain":0.0,"event_name":"Cursed Tome","player_choice":"Ignored","floor":30.0,"gold_loss":0.0,"damage_taken":0.0}],"is_beta":false,"boss_relics":[{"not_picked":["Empty Cage","Black Star"],"picked":"Pandora\u0027s Box"}],"items_purged_floors":[22],"is_endless":false,"potions_floor_spawned":[2,5,7,13,14,16,29,31],"killed_by":"Champ","ascension_level":20}}