{"host":"qc8p2flj7wsy3zpg","time":1612236667,"event":{"mods":["BaseMod","Highlight Path","Minty Spire (QoL Compilation)","Monster List Patch","Relic Stats","StSLib"],"gold_per_floor":[119,135,210,223,235,262,262,292,329,361,388,411,456,483,495,584,596,619,7,24,24,24,24,52,52,52,52,52,68,168,200,200,276,276,287,304,324,324,67,67,102,102,170,190,190,203,203,230,230,230,230,230,230,10,41,41],"floor_reached":57,"language":"ENG","playtime":2718,"items_purged":["Strike_R","Perfected Strike"],"score":2819,"play_id":"4a488cdf-e6a7-47ba-acc9-322a08273193","local_time":"20210201213107","is_ascension_mode":true,"campfire_choices":[{"data":"Whirlwind","floor":7.0,"key":"SMITH"},{"data":"Rupture","floor":15.0,"key":"SMITH"},{"floor":23.0,"key":"REST"},{"floor":27.0,"key":"REST"},{"floor":32.0,"key":"REST"},{"data":"True Grit","floor":40.0,"key":"SMITH"},{"data":"Feel No Pain","floor":42.0,"key":"SMITH"},{"floor":45.0,"key":"REST"},{"floor":49.0,"key":"RECALL"},{"data":"Barricade","floor":53.0,"key":"SMITH"}],"circlet_count":0,"master_deck":["AscendersBane","Bash","True Grit+1","Whirlwind+1","Combust","Shockwave","Feel No Pain+1","Rupture+1","Disarm","Spot Weakness","Limit Break","Sword Boomerang","Armaments+1","Second Wind","Necronomicurse","Shrug It Off","Battle Trance","J.A.X.","Fiend Fire","Corruption","Barricade+1","Burning Pact","Burning Pact","Shrug It Off","Limit Break","Second Wind","Flame Barrier","Heavy Blade+1","Dark Embrace","Shrug It Off+1","Fiend Fire"],"relics":["Burning Blood","Blood Vial","MawBank","Happy Flower","Dream Catcher","Philosopher\u0027s Stone","Paper Frog","Toy Ornithopter","Necronomicon","HornCleat","Bird Faced Urn","Mango","Bottled Tornado","War Paint","Pandora\u0027s Box","Bag of Preparation","Centennial Puzzle","Vajra","Lee\u0027s Waffle","Gambling Chip"],"acts_visited":["Exordium","TheCity","TheBeyond","TheEnding"],"potions_floor_usage":[56,56],"damage_taken":[{"damage":16.0,"enemies":"Small Slimes","floor":1.0,"turns":5.0},{"damage":2.0,"enemies":"Jaw Worm","floor":2.0,"turns":5.0},{"damage":0.0,"enemies":"2 Louse","floor":4.0,"turns":4.0},{"damage":7.0,"enemies":"2 Fungi Beasts","floor":5.0,"turns":3.0},{"damage":23.0,"enemies":"Gremlin Nob","floor":6.0,"turns":4.0},{"damage":10.0,"enemies":"3 Sentries","floor":8.0,"turns":3.0},{"damage":0.0,"enemies":"3 Louse","floor":10.0,"turns":1.0},{"damage":7.0,"enemies":"Exordium Wildlife","floor":11.0,"turns":3.0},{"damage":0.0,"enemies":"Lots of Slimes","floor":12.0,"turns":1.0},{"damage":10.0,"enemies":"Gremlin Nob","floor":13.0,"turns":3.0},{"damage":8.0,"enemies":"Looter","floor":14.0,"turns":3.0},{"damage":47.0,"enemies":"Slime Boss","floor":16.0,"turns":9.0},{"damage":39.0,"enemies":"Shell Parasite","floor":18.0,"turns":4.0},{"damage":14.0,"enemies":"Spheric Guardian","floor":20.0,"turns":3.0},{"damage":0.0,"enemies":"Slavers","floor":24.0,"turns":1.0},{"damage":4.0,"enemies":"3 Cultists","floor":29.0,"turns":3.0},{"damage":0.0,"enemies":"Colosseum Slavers","floor":30.0,"turns":1.0},{"damage":13.0,"enemies":"Colosseum Nobs","floor":30.0,"turns":3.0},{"damage":48.0,"enemies":"Gremlin Leader","floor":31.0,"turns":4.0},{"damage":39.0,"enemies":"Champ","floor":33.0,"turns":7.0},{"damage":4.0,"enemies":"Orb Walker","floor":35.0,"turns":3.0},{"damage":41.0,"enemies":"3 Shapes","floor":36.0,"turns":6.0},{"damage":11.0,"enemies":"Maw","floor":37.0,"turns":3.0},{"damage":19.0,"enemies":"Giant Head","floor":41.0,"turns":5.0},{"damage":27.0,"enemies":"4 Shapes","floor":44.0,"turns":6.0},{"damage":0.0,"enemies":"Jaw Worm Horde","floor":46.0,"turns":1.0},{"damage":25.0,"enemies":"Reptomancer","floor":48.0,"turns":3.0},{"damage":24.0,"enemies":"Donu and Deca","floor":50.0,"turns":5.0},{"damage":55.0,"enemies":"Time Eater","floor":51.0,"turns":5.0},{"damage":42.0,"enemies":"Shield and Spear","floor":55.0,"turns":6.0},{"damage":15,"enemies":"The Heart","floor":56,"turns":8}],"seed_played":"2653493332817014871","potions_obtained":[{"floor":2.0,"key":"HeartOfIron"},{"floor":4.0,"key":"BlessingOfTheForge"},{"floor":6.0,"key":"AttackPotion"},{"floor":10.0,"key":"BlessingOfTheForge"},{"floor":11.0,"key":"GamblersBrew"},{"floor":24.0,"key":"LiquidBronze"}],"is_trial":false,"path_per_floor":["M","M","?","M","M","E","R","E","T","M","M","M","E","M","R","B",null,"M","$","M","?","?","R","E","?","T","R","?","M","?","E","R","B",null,"M","M","M","?","$","R","E","R","T","M","R","M","?","E","R","B","B",null,"R","$","E","B",null],"character_chosen":"IRONCLAD","items_purchased":["Paper Frog","Sword Boomerang","Toy Ornithopter","Armaments","Bag of Preparation","Lee\u0027s Waffle","SteroidPotion"],"campfire_rested":4,"item_purchase_floors":[19,19,19,19,39,54,54],"current_hp_per_floor":[65,69,58,64,63,46,46,44,44,52,53,61,59,59,59,20,67,36,36,30,9,9,33,41,41,41,65,65,75,89,53,81,56,86,94,65,68,68,68,68,63,63,63,54,82,90,90,81,81,71,30,80,80,103,71,84],"gold":41,"neow_bonus":"TEN_PERCENT_HP_BONUS","is_daily":false,"chose_seed":false,"campfire_upgraded":5,"win_rate":0.0,"timestamp":1612236667,"path_taken":["M","M","?","M","M","E","R","E","T","M","M","M","E","M","R","BOSS","M","$","M","?","?","R","E","?","T","R","?","M","?","E","R","BOSS","M","M","M","?","$","R","E","R","T","M","R","?","?","E","R","BOSS","BOSS","R","$","E","BOSS"],"items_purchased_type":["Relic","Card","Relic","Card","Relic","Relic","Potion"],"build_version":"2020-12-22","purchased_purges":2,"victory":true,"max_hp_per_floor":[82,82,82,82,82,82,82,82,82,82,82,82,82,82,82,82,82,82,82,82,82,82,82,82,82,82,82,82,82,96,96,96,96,96,96,96,96,96,96,96,96,96,96,96,96,96,96,96,96,96,96,96,96,103,103,103],"relic_stats":{"Lee\u0027s Waffle":23,"Happy Flower":[32],"counters":[31,121],"Bag of Preparation":[16],"War Paint":["Defend_R","Armaments"],"MawBank":132,"Burning Blood":185,"Blood Vial":48,"Dream Catcher":4,"Centennial Puzzle":[18],"Bird Faced Urn":[76],"Gambling Chip":[3],"Pandora\u0027s Box":["Rampage","Barricade","Burning Pact","Burning Pact","Shrug It Off","Limit Break","Second Wind","Flame Barrier"],"Necronomicon":[33],"obtain_stats":[{"Lee\u0027s Waffle":54,"Happy Flower":9,"Vajra":48,"Mango":30,"Bag of Preparation":39,"Bottled Tornado":30,"War Paint":31,"MawBank":8,"Burning Blood":0,"Blood Vial":6,"Dream Catcher":13,"Centennial Puzzle":41,"HornCleat":24,"Bird Faced Urn":26,"Gambling Chip":55,"Philosopher\u0027s Stone":17,"Pandora\u0027s Box":34,"Necronomicon":21,"Toy Ornithopter":19,"Paper Frog":19},{"Lee\u0027s Waffle":29,"Happy Flower":6,"Vajra":27,"Mango":18,"Bag of Preparation":23,"Bottled Tornado":18,"War Paint":19,"MawBank":6,"Burning Blood":0,"Blood Vial":5,"Dream Catcher":10,"Centennial Puzzle":24,"HornCleat":15,"Bird Faced Urn":15,"Gambling Chip":30,"Philosopher\u0027s Stone":12,"Pandora\u0027s Box":20,"Necronomicon":14,"Toy Ornithopter":13,"Paper Frog":13},{"Lee\u0027s Waffle":107,"Happy Flower":24,"Vajra":97,"Mango":59,"Bag of Preparation":82,"Bottled Tornado":59,"War Paint":63,"MawBank":24,"Burning Blood":0,"Blood Vial":21,"Dream Catcher":32,"Centennial Puzzle":87,"HornCleat":52,"Bird Faced Urn":52,"Gambling Chip":113,"Philosopher\u0027s Stone":44,"Pandora\u0027s Box":70,"Necronomicon":51,"Toy Ornithopter":48,"Paper Frog":48}],"Toy Ornithopter":14},"card_choices":[{"not_picked":["Armaments","Clash"],"picked":"True Grit","floor":1.0},{"not_picked":["Ghostly Armor","Wild Strike"],"picked":"Whirlwind","floor":2.0},{"not_picked":["Clash","Juggernaut"],"picked":"Combust","floor":4.0},{"not_picked":["Cleave","Dual Wield"],"picked":"Perfected Strike","floor":5.0},{"not_picked":["Iron Wave","Havoc"],"picked":"Perfected Strike","floor":6.0},{"not_picked":["Flame Barrier","Metallicize"],"picked":"Shockwave","floor":8.0},{"not_picked":["Sever Soul","Clothesline"],"picked":"Feel No Pain","floor":10.0},{"not_picked":["Perfected Strike","Iron Wave"],"picked":"Rupture","floor":11.0},{"not_picked":["Metallicize","Flex"],"picked":"Disarm","floor":13.0},{"not_picked":["Feel No Pain","Cleave"],"picked":"Spot Weakness","floor":14.0},{"not_picked":["Brutality","Demon Form"],"picked":"Limit Break","floor":16.0},{"not_picked":["Wild Strike","Headbutt"],"picked":"Second Wind","floor":20.0},{"not_picked":["Havoc","Anger"],"picked":"Shrug It Off","floor":23.0},{"not_picked":["Heavy Blade","Feel No Pain+1"],"picked":"Battle Trance","floor":24.0},{"not_picked":["Flame Barrier","Dual Wield"],"picked":"Fiend Fire","floor":31.0},{"not_picked":["Berserk","Fiend Fire"],"picked":"Corruption","floor":33.0},{"not_picked":["Thunderclap","Shockwave"],"picked":"Heavy Blade+1","floor":35.0},{"not_picked":["Anger","Bloodletting"],"picked":"Dark Embrace","floor":36.0},{"not_picked":["Headbutt","Hemokinesis","Juggernaut"],"picked":"SKIP","floor":41.0},{"not_picked":["Inflame","Uppercut"],"picked":"Shrug It Off+1","floor":45.0},{"not_picked":["Havoc","Metallicize","Wild Strike"],"picked":"SKIP","floor":55.0}],"player_experience":2304542,"relics_obtained":[{"floor":6.0,"key":"Blood Vial"},{"floor":8.0,"key":"MawBank"},{"floor":9.0,"key":"Happy Flower"},{"floor":13.0,"key":"Dream Catcher"},{"floor":21.0,"key":"Necronomicon"},{"floor":24.0,"key":"HornCleat"},{"floor":26.0,"key":"Bird Faced Urn"},{"floor":30.0,"key":"Mango"},{"floor":30.0,"key":"Bottled Tornado"},{"floor":31.0,"key":"War Paint"},{"floor":41.0,"key":"Centennial Puzzle"},{"floor":48.0,"key":"Vajra"},{"floor":55.0,"key":"Gambling Chip"}],"event_choices":[{"damage_healed":0.0,"max_hp_gain":0.0,"max_hp_loss":0.0,"gold_gain":75.0,"event_name":"World of Goop","player_choice":"Gather Gold","floor":3.0,"gold_loss":0.0,"damage_taken":11.0},{"damage_healed":0.0,"max_hp_gain":0.0,"max_hp_loss":0.0,"gold_gain":0.0,"event_name":"Cursed Tome","player_choice":"Obtained Book","floor":21.0,"gold_loss":0.0,"damage_taken":21.0},{"damage_healed":0.0,"max_hp_gain":0.0,"max_hp_loss":0.0,"gold_gain":0.0,"event_name":"Ghosts","player_choice":"Ignored","floor":22.0,"gold_loss":0.0,"damage_taken":0.0},{"damage_healed":0.0,"max_hp_gain":0.0,"max_hp_loss":0.0,"gold_gain":0.0,"event_name":"Drug Dealer","player_choice":"Obtain J.A.X.","floor":28.0,"gold_loss":0.0,"damage_taken":0.0,"cards_obtained":["J.A.X."]},{"damage_healed":0.0,"max_hp_gain":0.0,"max_hp_loss":0.0,"gold_gain":0.0,"event_name":"Colosseum","player_choice":"Fight","floor":30.0,"gold_loss":0.0,"damage_taken":0.0},{"damage_healed":0.0,"max_hp_gain":0.0,"max_hp_loss":0.0,"gold_gain":0.0,"event_name":"Colosseum","player_choice":"Fought Nobs","floor":30.0,"gold_loss":0.0,"damage_taken":0.0},{"cards_removed":["Perfected Strike"],"damage_healed":0.0,"max_hp_gain":0.0,"max_hp_loss":0.0,"gold_gain":0.0,"event_name":"Purifier","player_choice":"Purged","floor":38.0,"gold_loss":0.0,"damage_taken":0.0},{"damage_healed":0.0,"max_hp_gain":0.0,"max_hp_loss":0.0,"gold_gain":0.0,"cards_transformed":["Rampage"],"event_name":"Transmorgrifier","player_choice":"Transformed","floor":47.0,"gold_loss":0.0,"damage_taken":0.0,"cards_obtained":["Fiend Fire"]}],"is_beta":false,"boss_relics":[{"not_picked":["Calling Bell","Snecko Eye"],"picked":"Philosopher\u0027s Stone"},{"not_picked":["Runic Cube","Black Star"],"picked":"Pandora\u0027s Box"}],"items_purged_floors":[19,39],"is_endless":false,"potions_floor_spawned":[2,4,6,10,11,13,24,30,31,35,36,46],"ascension_level":20}}