{"host":"evny4tziu33vpgm7","time":1612274373,"event":{"mods":["2.2 Compatiblity","BaseMod","BetterRewards","Booster Modes","Card Filter","Colored Map","Colored Powertips","Fox Events","Friendly Minions","GifTheSpireLib","Minty Spire (QoL Compilation)","Random Character Button","Random Character Mod","Rare Cards Sparkle","Relic Filter","Relic Sorter","Reliquary","Shop Mod","Spire Arcade","StS++","StSLib","SuperFastMode","The Blue Laboratory","The Dragonkin","TheSurvivalist","Yuri Mod","??????REMEMod"],"gold_per_floor":[110,285,360,360,411,411,411,411,411],"floor_reached":8,"language":"ENG","playtime":491,"items_purged":[],"score":44,"play_id":"7a7cffa9-1cf7-450a-bf99-92980d96bee2","local_time":"20210202065933","daily_mods":["SealedDeck","Heirloom","Flight","DeadlyEvents","Night Terrors"],"is_ascension_mode":true,"campfire_choices":[{"data":"survmod:FlareQuiver","floor":6,"key":"SMITH"},{"data":"survmod:FlareQuiver","floor":7,"key":"SMITH"}],"circlet_count":0,"master_deck":["survmod:NockAnArrow","survmod:MarkedFromAfar","survmod:NockAnArrow","survmod:HiddenTactic","survmod:FlareQuiver+1","survmod:FlashbangShot","survmod:AcidArrow","survmod:FlareQuiver+1","survmod:PerfectPosition","survmod:BatteringStrike","Doubt"],"relics":["survmod:InnateMutation","REME_ComplimentaryCards","Bird Faced Urn","reliquary:QuartzCube","reliquary:PartyBalloon"],"acts_visited":["Exordium"],"potions_floor_usage":[],"damage_taken":[{"damage":6,"enemies":"2 Louse","floor":1,"turns":3},{"damage":32,"enemies":"Lagavulin","floor":8,"turns":6}],"seed_played":"-7746305361136847139","potions_obtained":[{"floor":1,"key":"blueLaboratory:Moonshine"}],"is_trial":true,"path_per_floor":["M","?","?","?","T","R","R","E"],"character_chosen":"THE_SURVIVOR","items_purchased":[],"campfire_rested":0,"item_purchase_floors":[],"current_hp_per_floor":[46,46,46,28,28,28,28,0,0],"gold":411,"neow_bonus":"","is_daily":false,"chose_seed":false,"campfire_upgraded":2,"win_rate":0.0,"timestamp":1612274373,"path_taken":["M","?","?","?","?","R","R","E"],"items_purchased_type":[],"build_version":"2020-12-22","purchased_purges":0,"victory":false,"max_hp_per_floor":[50,50,50,50,50,50,50,50,50],"card_choices":[{"not_picked":["survmod:BendAndBow","survmod:AcidTrap","survmod:FocusedFire"],"picked":"SKIP","floor":1}],"player_experience":990616,"relics_obtained":[{"floor":5,"key":"reliquary:PartyBalloon"}],"event_choices":[{"damage_healed":0,"gold_gain":175,"player_choice":"AGREE","damage_taken":0,"max_hp_gain":0,"max_hp_loss":0,"event_name":"Liars Game","floor":2,"gold_loss":0,"cards_obtained":["Doubt"]},{"damage_healed":0,"gold_gain":75,"player_choice":"Gained Gold","damage_taken":0,"max_hp_gain":0,"max_hp_loss":0,"event_name":"Golden Wing","floor":3,"gold_loss":0},{"damage_healed":0,"gold_gain":0,"player_choice":"Success","damage_taken":18,"relics_obtained":["reliquary:QuartzCube"],"max_hp_gain":0,"max_hp_loss":0,"event_name":"Scrap Ooze","floor":4,"gold_loss":0}],"is_beta":false,"boss_relics":[],"items_purged_floors":[],"is_endless":false,"potions_floor_spawned":[1],"killed_by":"Lagavulin","ascension_level":1}}