{"host":"epui4f5vutxtqbca","time":1612308971,"event":{"mods":["AchievementEnabler","BaseMod","Colored Map","Colored Powertips","Minty Spire (QoL Compilation)","Permanent Neow"],"gold_per_floor":[119,133,88,100,65,65,65,65,65,94,105,118,17,36,36,133,133,147,3,3,0,11,11,11,44,44,64,94,111,111,127,127,127,127],"floor_reached":33,"language":"ENG","playtime":13361,"items_purged":[],"score":312,"play_id":"7c2a9ccd-d499-4be6-89be-c16bbca98165","local_time":"20210202183611","is_ascension_mode":false,"campfire_choices":[{"data":"Shockwave","floor":6.0,"key":"SMITH"},{"data":"Bash","floor":8.0,"key":"SMITH"},{"floor":15.0,"key":"REST"},{"data":"Ghostly","floor":23.0,"key":"SMITH"},{"data":"Ghostly","floor":30.0,"key":"SMITH"},{"floor":32.0,"key":"REST"}],"circlet_count":0,"master_deck":["Strike_R+1","Strike_R","Strike_R","Strike_R","Strike_R","Defend_R","Defend_R","Defend_R","Defend_R","Bash+1","Shockwave+1","Flex","Carnage","Fiend Fire","Cleave","Blood for Blood","Dropkick","Perfected Strike","Infernal Blade","Feed","Feel No Pain","Ghostly+1","Ghostly+1","Ghostly","Ghostly","Ghostly","Seeing Red","Shrug It Off+1","Fire Breathing+1","Blood for Blood","Infernal Blade+1","True Grit"],"relics":["Burning Blood","Pantograph","White Beast Statue","Charon\u0027s Ashes","SacredBark","TheAbacus","Meat on the Bone","Self Forming Clay","MealTicket"],"acts_visited":[],"potions_floor_usage":[33,33,33],"damage_taken":[{"damage":7.0,"enemies":"Small Slimes","floor":1.0,"turns":3.0},{"damage":16.0,"enemies":"Jaw Worm","floor":2.0,"turns":4.0},{"damage":6.0,"enemies":"Cultist","floor":4.0,"turns":3.0},{"damage":26.0,"enemies":"Lagavulin","floor":10.0,"turns":5.0},{"damage":5.0,"enemies":"2 Fungi Beasts","floor":11.0,"turns":3.0},{"damage":12.0,"enemies":"Blue Slaver","floor":12.0,"turns":2.0},{"damage":14.0,"enemies":"Exordium Wildlife","floor":14.0,"turns":3.0},{"damage":5.0,"enemies":"Slime Boss","floor":16.0,"turns":6.0},{"damage":5.0,"enemies":"Chosen","floor":18.0,"turns":4.0},{"damage":10.0,"enemies":"3 Byrds","floor":22.0,"turns":3.0},{"damage":52.0,"enemies":"Book of Stabbing","floor":25.0,"turns":7.0},{"damage":20.0,"enemies":"Sentry and Sphere","floor":27.0,"turns":7.0},{"damage":16.0,"enemies":"Slavers","floor":28.0,"turns":6.0},{"damage":3.0,"enemies":"Snake Plant","floor":29.0,"turns":4.0},{"damage":13.0,"enemies":"3 Cultists","floor":31.0,"turns":5.0},{"damage":67,"enemies":"Champ","floor":33,"turns":10}],"seed_played":"-2101153678095776912","potions_obtained":[{"floor":1.0,"key":"SkillPotion"},{"floor":4.0,"key":"HeartOfIron"},{"floor":10.0,"key":"SneckoOil"},{"floor":11.0,"key":"Explosive Potion"},{"floor":16.0,"key":"CultistPotion"},{"floor":18.0,"key":"ElixirPotion"},{"floor":22.0,"key":"Regen Potion"},{"floor":25.0,"key":"Fire Potion"},{"floor":27.0,"key":"Swift Potion"},{"floor":28.0,"key":"Energy Potion"},{"floor":29.0,"key":"FearPotion"}],"is_trial":false,"path_per_floor":["M","M","?","M","?","R","T","R","T","E","M","M","$","M","R","B",null,"M","$","?","?","M","R","?","E","T","M","E","M","R","M","R","B"],"character_chosen":"IRONCLAD","items_purchased":["Dropkick","Perfected Strike","TheAbacus"],"campfire_rested":2,"item_purchase_floors":[13,13,19],"current_hp_per_floor":[79,69,69,69,80,80,80,80,80,60,61,55,55,47,71,80,80,80,80,40,40,39,39,33,26,26,24,26,41,41,34,48,0,0],"gold":127,"neow_bonus":"UPGRADE_CARD","is_daily":false,"chose_seed":false,"campfire_upgraded":4,"win_rate":0.0,"timestamp":1612308971,"path_taken":["M","M","?","M","?","R","?","R","T","E","M","M","$","?","R","BOSS","M","$","?","?","M","R","?","E","T","M","E","M","R","M","R","BOSS"],"items_purchased_type":["Card","Card","Relic"],"build_version":"2020-12-22","purchased_purges":0,"victory":false,"max_hp_per_floor":[80,80,80,80,80,80,80,80,80,80,80,80,80,80,80,80,80,80,80,40,40,43,43,48,48,48,48,48,48,48,48,48,48,48],"card_choices":[{"not_picked":["Dark Embrace","Twin Strike"],"picked":"Shockwave","floor":1.0},{"not_picked":["True Grit","Warcry"],"picked":"Flex","floor":2.0},{"not_picked":["Cleave","Shrug It Off"],"picked":"Carnage","floor":4.0},{"not_picked":["Thunderclap","Iron Wave"],"picked":"Fiend Fire","floor":10.0},{"not_picked":["Armaments","Clash"],"picked":"Cleave","floor":11.0},{"not_picked":["Intimidate","Shrug It Off"],"picked":"Blood for Blood","floor":12.0},{"not_picked":["Armaments","Sentinel"],"picked":"Infernal Blade","floor":14.0},{"not_picked":["Impervious","Corruption"],"picked":"Feed","floor":16.0},{"not_picked":["Clothesline","Havoc"],"picked":"Feel No Pain","floor":18.0},{"not_picked":["Spot Weakness+1","Headbutt"],"picked":"Seeing Red","floor":22.0},{"not_picked":["Sword Boomerang","Entrench+1"],"picked":"Shrug It Off+1","floor":25.0},{"not_picked":["Clash","Dropkick"],"picked":"Fire Breathing+1","floor":27.0},{"not_picked":["Clash+1","Flex"],"picked":"Blood for Blood","floor":28.0},{"not_picked":["Flex","Perfected Strike"],"picked":"Infernal Blade+1","floor":29.0},{"not_picked":["Thunderclap","Twin Strike"],"picked":"True Grit","floor":31.0}],"player_experience":165598,"relics_obtained":[{"floor":7.0,"key":"Pantograph"},{"floor":9.0,"key":"White Beast Statue"},{"floor":10.0,"key":"Charon\u0027s Ashes"},{"floor":25.0,"key":"Meat on the Bone"},{"floor":26.0,"key":"Self Forming Clay"},{"floor":28.0,"key":"MealTicket"}],"event_choices":[{"damage_healed":0.0,"max_hp_gain":0.0,"max_hp_loss":0.0,"gold_gain":0.0,"event_name":"World of Goop","player_choice":"Left Gold","floor":3.0,"gold_loss":45.0,"damage_taken":0.0},{"damage_healed":20.0,"max_hp_gain":0.0,"max_hp_loss":0.0,"gold_gain":0.0,"event_name":"The Cleric","player_choice":"Healed","floor":5.0,"gold_loss":35.0,"damage_taken":0.0},{"damage_healed":0.0,"max_hp_gain":0.0,"max_hp_loss":40.0,"gold_gain":0.0,"event_name":"Ghosts","player_choice":"Became a Ghost","floor":20.0,"gold_loss":0.0,"damage_taken":0.0,"cards_obtained":["Ghostly","Ghostly","Ghostly","Ghostly","Ghostly"]},{"damage_healed":0.0,"max_hp_gain":0.0,"max_hp_loss":0.0,"gold_gain":0.0,"event_name":"Masked Bandits","player_choice":"Paid Fearfully","floor":21.0,"gold_loss":3.0,"damage_taken":0.0},{"damage_healed":0.0,"max_hp_gain":5.0,"max_hp_loss":0.0,"gold_gain":0.0,"event_name":"Forgotten Altar","player_choice":"Shed Blood","floor":24.0,"gold_loss":0.0,"damage_taken":11.0}],"is_beta":false,"boss_relics":[{"not_picked":["Ectoplasm","Runic Cube"],"picked":"SacredBark"}],"items_purged_floors":[],"is_endless":false,"potions_floor_spawned":[1,4,10,11,12,14,16,18,22,25,27,28,29,31],"killed_by":"Champ","ascension_level":0}}