{"host":"wfkvcf4y4vkrpwe0","time":1612268796,"event":{"mods":["BaseMod","Conspire","Downfall","Hermit","Minty Spire (QoL Compilation)","StSLib","The Construct","The Cursed","The Disciple","The Hierophant","The Necromancer"],"gold_per_floor":[111,286,159,176,26,26,60,60,60,87,87,107,152,166,166,266,266,284,284,284],"floor_reached":19,"language":"ENG","playtime":1018,"items_purged":["Doubt"],"score":165,"play_id":"590e852f-f5e0-44a5-8e3e-2f554a5bf843","local_time":"20210202122636","is_ascension_mode":false,"campfire_choices":[{"data":"construct:GuardCore","floor":6,"key":"SMITH"},{"floor":8,"key":"REST"},{"floor":11,"key":"REST"},{"floor":15,"key":"RECALL"}],"circlet_count":0,"master_deck":["construct:Strike_Gold","construct:Strike_Gold","construct:Strike_Gold","construct:Strike_Gold","construct:Strike_Gold","construct:Defend_Gold","construct:Defend_Gold","construct:Defend_Gold","construct:Defend_Gold","construct:Defend_Gold","construct:AttackMode","construct:DefenseMode","construct:Autoturret","construct:GuardCore+1","construct:Tumble"],"relics":["conspire:SlowCooker","construct:MasterCore","Eternal Feather","Odd Mushroom","conspire:TopHat","construct:WeddingRing"],"acts_visited":["Exordium","TheCity"],"potions_floor_usage":[16,16,16,16,16,18,18],"damage_taken":[{"damage":11,"enemies":"Small Slimes","floor":1,"turns":5},{"damage":3,"enemies":"2 Louse","floor":4,"turns":4},{"damage":22,"enemies":"Gremlin Nob","floor":7,"turns":4},{"damage":27,"enemies":"The Mushroom Lair","floor":10,"turns":4},{"damage":7,"enemies":"Jaw Worm","floor":12,"turns":4},{"damage":12,"enemies":"conspire:MimicChest","floor":13,"turns":7},{"damage":10,"enemies":"Looter","floor":14,"turns":2},{"damage":28,"enemies":"Hexaghost","floor":16,"turns":15},{"damage":18,"enemies":"2 Thieves","floor":18,"turns":4},{"damage":69,"enemies":"Masked Bandits","floor":19,"turns":4}],"seed_played":"8645991999570456003","potions_obtained":[{"floor":1,"key":"EntropicBrew"},{"floor":7,"key":"Weak Potion"},{"floor":10,"key":"Dexterity Potion"},{"floor":16,"key":"Swift Potion"}],"is_trial":false,"path_per_floor":["M","?","$","M","$","R","E","R","T","?","R","M","?","M","R","B",null,"M","?"],"character_chosen":"THE_CONSTRUCT_MOD","items_purchased":["construct:Autoturret","construct:GuardCore","construct:Tumble"],"campfire_rested":2,"item_purchase_floors":[3,5,5],"current_hp_per_floor":[74,74,74,71,71,71,49,74,74,47,81,74,62,52,61,33,85,67,0,0],"gold":284,"neow_bonus":"BOSS_RELIC","is_daily":false,"chose_seed":false,"campfire_upgraded":1,"win_rate":0.0,"timestamp":1612268796,"path_taken":["M","?","$","M","$","R","E","R","T","?","R","M","?","M","R","BOSS","M","?"],"items_purchased_type":["Card","Card","Card"],"build_version":"2020-12-22","purchased_purges":1,"victory":false,"max_hp_per_floor":[85,85,85,85,85,85,85,85,85,85,85,85,85,85,85,85,85,85,85,85],"card_choices":[{"not_picked":["construct:Zapper","construct:OmegaCannon","construct:Forcefield"],"picked":"SKIP","floor":1},{"not_picked":["construct:CriticalHit","construct:Antimatter","construct:FocusedBeam"],"picked":"SKIP","floor":4},{"not_picked":["construct:SaveState","construct:CripplingShot","construct:SweepLaser"],"picked":"SKIP","floor":7},{"not_picked":["construct:SuppressiveFire","construct:HeavyBolt","construct:ScrapCannon"],"picked":"SKIP","floor":12},{"not_picked":["construct:ScrapCannon","construct:Forcefield","construct:Backfire"],"picked":"SKIP","floor":14},{"not_picked":["construct:Boost","construct:Forcefield","construct:ShiftGuard"],"picked":"SKIP","floor":18}],"player_experience":577254,"relics_obtained":[{"floor":7,"key":"construct:MasterCore"},{"floor":9,"key":"Eternal Feather"},{"floor":10,"key":"Odd Mushroom"},{"floor":13,"key":"conspire:TopHat"}],"event_choices":[{"damage_healed":0,"gold_gain":175,"player_choice":"AGREE","damage_taken":0,"max_hp_gain":0,"max_hp_loss":0,"event_name":"Liars Game","floor":2,"gold_loss":0,"cards_obtained":["Doubt"]},{"damage_healed":0,"gold_gain":0,"player_choice":"Fought Mushrooms","damage_taken":0,"max_hp_gain":0,"max_hp_loss":0,"event_name":"Mushrooms","floor":10,"gold_loss":0},{"damage_healed":0,"gold_gain":0,"player_choice":"Fought Bandits","damage_taken":0,"max_hp_gain":0,"max_hp_loss":0,"event_name":"Masked Bandits","floor":19,"gold_loss":0}],"is_beta":false,"boss_relics":[{"not_picked":["construct:ClawGrip","SacredBark"],"picked":"construct:WeddingRing"}],"items_purged_floors":[3],"is_endless":false,"potions_floor_spawned":[1,7,10,16],"killed_by":"Masked Bandits","ascension_level":0}}