{"host":"x730sfaw5rd1mxd8","time":1612228132,"event":{"mods":["BaseMod","BetterRewards","Colored Powertips","Highlight Path","Minty Spire (QoL Compilation)","Relic Sorter","Relic Stats","Replay The Spire","StSLib"],"gold_per_floor":[115,131,143,143,155,155,170,195,195,222,222,237,254,254,254,328,328,339,351,366,380,380,380,406,406,406,406,426,459,479,511,511,590,590,602,615,615,629,216,216,243,243,295,295,312,347,397,430,430,430,430,430,127,160,160],"floor_reached":56,"language":"ENG","playtime":3053,"items_purged":["Strike_B","Strike_B","Dualcast","Strike_B+1"],"score":2316,"play_id":"305bed83-c5d0-4d28-9085-08aada58666f","local_time":"20210201200852","is_ascension_mode":true,"campfire_choices":[{"data":"Go for the Eyes","floor":6,"key":"SMITH"},{"data":"Coolheaded","floor":11,"key":"SMITH"},{"data":"Beam Cell","floor":15,"key":"SMITH"},{"data":"ReplayTheSpireMod:Calculation Training","floor":23,"key":"SMITH"},{"data":"Sweeping Beam","floor":25,"key":"SMITH"},{"data":"Ball Lightning","floor":27,"key":"SMITH"},{"data":"ReplayTheSpireMod:Calculation Training","floor":32,"key":"SMITH"},{"floor":40,"key":"RECALL"},{"data":"Defragment","floor":42,"key":"SMITH"},{"data":"Loop","floor":49,"key":"SMITH"},{"data":"Echo Form","floor":52,"key":"SMITH"}],"circlet_count":0,"master_deck":["AscendersBane","Defend_B+1","Defend_B+1","Defend_B+1","Defend_B+1","Zap+1","Gash+1","Doom and Gloom+1","Cold Snap","Beam Cell+1","Sweeping Beam+1","Ball Lightning+1","Coolheaded+1","Hologram+1","Go for the Eyes+1","Gash","Go for the Eyes+1","ReplayTheSpireMod:Calculation Training+1","Cold Snap","Scrape+1","Gash","Coolheaded+1","ReplayTheSpireMod:Calculation Training+1","Machine Learning","Defragment+1","Capacitor+1","Loop+1","Loop+1","Echo Form+1","Consume+1"],"relics":["Cracked Core","Replay:Ringing Soul","Matryoshka","Guide Book","Runic Capacitor","Replay:Bottled Eggs","ReplayTheSpireMod:Ninjato","Meat on the Bone","Gremlin Horn","Replay:Rubber Ducky","Kunai","Sozu","Prayer Wheel","Shuriken","DataDisk","Mirror","Sundial","CaptainsWheel","Nuclear Battery","Incense Burner","Darkstone Periapt","Replay:Antivirus Software","Gremlin Food","Letter Opener","ReplayTheSpireMod:TigerMarble","Ornamental Fan"],"acts_visited":["Exordium","TheCity","TheBeyond","TheEnding"],"potions_floor_usage":[8,10,16,29,55],"damage_taken":[{"damage":0,"enemies":"Jaw Worm","floor":1,"turns":3},{"damage":0,"enemies":"Cultist","floor":2,"turns":3},{"damage":2,"enemies":"Small Slimes","floor":3,"turns":2},{"damage":0,"enemies":"3 Louse","floor":5,"turns":1},{"damage":3,"enemies":"Gremlin Gang","floor":7,"turns":2},{"damage":2,"enemies":"3 Sentries","floor":8,"turns":5},{"damage":12,"enemies":"Gremlin Nob","floor":10,"turns":5},{"damage":6,"enemies":"Exordium Thugs","floor":12,"turns":3},{"damage":1,"enemies":"Looter","floor":13,"turns":2},{"damage":2,"enemies":"Hexaghost","floor":16,"turns":6},{"damage":1,"enemies":"3 Byrds","floor":18,"turns":3},{"damage":0,"enemies":"2 Thieves","floor":19,"turns":3},{"damage":15,"enemies":"Centurion and Healer","floor":20,"turns":4},{"damage":15,"enemies":"Snake Plant","floor":21,"turns":5},{"damage":0,"enemies":"Gremlin Leader","floor":24,"turns":4},{"damage":0,"enemies":"3 Cultists","floor":28,"turns":3},{"damage":2,"enemies":"Slavers","floor":29,"turns":3},{"damage":0,"enemies":"Sentry and Sphere","floor":30,"turns":2},{"damage":1,"enemies":"Book of Stabbing","floor":31,"turns":3},{"damage":6,"enemies":"Champ","floor":33,"turns":6},{"damage":0,"enemies":"3 Shapes","floor":35,"turns":3},{"damage":0,"enemies":"3 Darklings","floor":36,"turns":3},{"damage":1,"enemies":"4 Shapes","floor":38,"turns":4},{"damage":12,"enemies":"Nemesis","floor":41,"turns":6},{"damage":19,"enemies":"Spire Growth","floor":45,"turns":4},{"damage":0,"enemies":"Reptomancer","floor":46,"turns":4},{"damage":0,"enemies":"Giant Head","floor":48,"turns":6},{"damage":8,"enemies":"Replay:Hell Engine","floor":50,"turns":9},{"damage":18,"enemies":"Shield and Spear","floor":54,"turns":5},{"damage":0,"enemies":"The Heart","floor":55,"turns":8}],"seed_played":"-8830273592495002784","potions_obtained":[{"floor":3,"key":"ColorlessPotion"},{"floor":7,"key":"Strength Potion"},{"floor":8,"key":"Flashbang"},{"floor":10,"key":"Energy Potion"},{"floor":16,"key":"Flashbang"}],"is_trial":false,"path_per_floor":["M","M","M","?","M","R","M","E","T","E","R","M","M","?","R","B",null,"M","M","M","M","?","R","E","R","T","R","M","E","M","E","R","B",null,"M","M","T","M","$","R","E","R","T","?","M","E","?","E","R","B",null,"R","$","E","B",null],"character_chosen":"DEFECT","items_purchased":["Replay:Ringing Soul","Gash","Doom and Gloom","Matryoshka","Guide Book","Runic Capacitor","Cold Snap","Replay:Bottled Eggs","ReplayTheSpireMod:Ninjato","Beam Cell","Sweeping Beam","Meat on the Bone","Incense Burner","ReplayTheSpireMod:TigerMarble"],"campfire_rested":0,"item_purchase_floors":[0,0,0,0,0,0,0,0,0,0,0,0,39,53],"current_hp_per_floor":[70,73,74,74,77,77,74,72,72,60,60,57,56,29,29,42,80,82,82,70,55,55,55,58,58,58,58,61,62,65,64,64,61,100,103,103,103,105,105,105,96,96,96,91,75,78,78,78,78,70,114,114,114,96,96],"gold":160,"neow_bonus":"","is_daily":false,"chose_seed":false,"campfire_upgraded":10,"win_rate":0.0,"timestamp":1612228132,"path_taken":["M","M","M","?","M","R","M","E","T","E","R","M","?","?","R","BOSS","M","M","M","M","?","R","E","R","T","R","M","E","M","E","R","BOSS","M","?","?","M","$","R","E","R","T","?","?","E","?","E","R","BOSS","R","$","E","BOSS"],"items_purchased_type":["Relic","Card","Card","Relic","Relic","Relic","Card","Relic","Relic","Card","Card","Relic","Relic","Relic"],"build_version":"2020-12-22","purchased_purges":4,"victory":true,"max_hp_per_floor":[77,80,83,83,86,86,86,86,86,86,86,89,89,89,89,92,92,95,95,98,98,98,98,101,101,101,101,104,107,110,110,110,113,113,116,116,116,119,119,119,122,122,122,122,125,128,128,128,128,128,128,128,128,128,128],"relic_stats":{"Sozu":15,"Darkstone Periapt":6,"Gremlin Horn":[26,26],"counters":[267,1226],"Shuriken":[56],"Sundial":[18],"Ornamental Fan":[28],"Prayer Wheel":32,"Kunai":[78],"Letter Opener":[55],"obtain_stats":[{"Golden Egg":26,"Vampiric Spirits":0,"Whetstone":55,"Boot":55,"Sling":55,"Blood Vial":20,"Replay:Wanted Poster":17,"Replay:Ringing Soul":0,"Sundial":29,"Replay:Bronze Core":17,"MealTicket":27,"Fusion Hammer":36,"Kunai":10,"Replay:Wax Seal":11,"Electric Blood":17,"Replay:Bottled Steam":43,"Pear":46,"Blue Candle":30,"Velvet Choker":17,"Tingsha":0,"Paper Crane":8,"Akabeko":28,"Cables":54,"SlaversCollar":17,"Snecko Scales":34,"Bird Faced Urn":12,"Mark of Pain":0,"StrikeDummy":6,"Regal Pillow":0,"Lantern":28,"Singing Bowl":10,"Torii":0,"Magic Flower":11,"Painkiller Herb":19,"Bag of Preparation":55,"Replay:Multitool":44,"Cursed Key":34,"Burning Blood":0,"Pet Ghost":23,"Replay:Rubber Ducky":55,"Matryoshka":0,"Shovel":47,"Replay:Bottled Eggs":0,"InkBottle":27,"Inserter":17,"The Specimen":25,"Golden Idol":11,"Basket Of Snakes":39,"The Courier":14,"PreservedInsect":22,"Geode":40,"Omamori":40,"Frozen Egg 2":0,"MawBank":31,"Nuclear Battery":34,"Busted Crown":17,"Ornamental Fan":55,"Orrery":0,"Turnip":46,"Art of War":40,"ReplayTheSpireMod:Ring of Challenge":38,"ReplayTheSpireMod:Lightbulb":0,"Ice Cream":14,"Divine Protection":22,"Gremlin Horn":9,"Nilry\u0027s Codex":23,"CeramicFish":26,"Vajra":28,"Runic Capacitor":53,"Sozu":34,"Centennial Puzzle":9,"Lizard Tail":10,"Replay:Frozen Program":48,"Strawberry":28,"Prayer Wheel":0,"Iron Hammer":7,"Byrd Skull":11,"Happy Flower":55,"Oddly Smooth Stone":26,"Ring of Chaos":47,"Letter Opener":48,"War Paint":23,"Question Card":8,"OrangePellets":0,"Bottled Flame":15,"Replay:Baseball":0,"Shuriken":24,"Bronze Scales":12,"Simple Rune":55,"Onion Ring":40,"ReplayTheSpireMod:TigerMarble":6,"Mirror":26,"Pocketwatch":0,"Meat on the Bone":38,"Darkstone Periapt":5,"ReplayFunnel":55,"Mango":6,"Snake Skull":29,"Incense Burner":45,"Juzu Bracelet":39,"Dream Catcher":43,"Nunchaku":24,"Replay:Bandana":10,"Chameleon Ring":53,"Pantograph":23,"Gambling Chip":24,"Replay:Antivirus Software":43,"Cracked Core":0,"Red Skull":6,"Gremlin Food":44,"ReplayTheSpireMod:Ninjato":0,"Replay:Towering Pillar of Hats":10,"Quantum Egg":46,"Guide Book":0,"Replay:WaspNest":0,"Orichalcum":56,"Medical Kit":42,"White Beast Statue":0,"Mercury Hourglass":0,"Peace Pipe":39,"Strange Spoon":0,"Anchor":11,"CaptainsWheel":43,"Pondfish Scales":55,"DataDisk":0,"Snack Pack":8,"Bag of Marbles":31,"Membership Card":0,"FossilizedHelix":48},{"Golden Egg":166,"Vampiric Spirits":61,"Whetstone":91,"Boot":91,"Sling":91,"Blood Vial":26,"Replay:Wanted Poster":163,"Replay:Ringing Soul":237,"Sundial":254,"Replay:Bronze Core":134,"MealTicket":58,"Fusion Hammer":80,"Kunai":244,"Replay:Wax Seal":214,"Electric Blood":51,"Replay:Bottled Steam":119,"Pear":122,"Blue Candle":30,"Velvet Choker":216,"Tingsha":93,"Paper Crane":66,"Akabeko":167,"Cables":153,"SlaversCollar":24,"Snecko Scales":115,"Bird Faced Urn":22,"Mark of Pain":0,"StrikeDummy":98,"Regal Pillow":93,"Lantern":199,"Singing Bowl":21,"Torii":154,"Magic Flower":49,"Painkiller Herb":72,"Bag of Preparation":91,"Replay:Multitool":120,"Cursed Key":31,"Burning Blood":0,"Pet Ghost":56,"Replay:Rubber Ducky":91,"Matryoshka":61,"Shovel":179,"Replay:Bottled Eggs":237,"InkBottle":141,"Inserter":193,"The Specimen":76,"Golden Idol":5,"Basket Of Snakes":82,"The Courier":7,"PreservedInsect":11,"Geode":146,"Omamori":175,"Frozen Egg 2":14,"MawBank":79,"Nuclear Battery":257,"Busted Crown":8,"Ornamental Fan":91,"Orrery":209,"Turnip":38,"Art of War":36,"ReplayTheSpireMod:Ring of Challenge":81,"ReplayTheSpireMod:Lightbulb":154,"Ice Cream":23,"Divine Protection":164,"Gremlin Horn":20,"Nilry\u0027s Codex":75,"CeramicFish":198,"Vajra":77,"Runic Capacitor":180,"Sozu":170,"Centennial Puzzle":5,"Lizard Tail":213,"Replay:Frozen Program":234,"Strawberry":13,"Prayer Wheel":93,"Iron Hammer":212,"Byrd Skull":66,"Happy Flower":91,"Oddly Smooth Stone":57,"Ring of Chaos":122,"Letter Opener":264,"War Paint":139,"Question Card":188,"OrangePellets":93,"Bottled Flame":70,"Replay:Baseball":93,"Shuriken":252,"Bronze Scales":6,"Simple Rune":91,"Onion Ring":205,"ReplayTheSpireMod:TigerMarble":158,"Mirror":252,"Pocketwatch":41,"Meat on the Bone":117,"Darkstone Periapt":18,"ReplayFunnel":91,"Mango":19,"Snake Skull":78,"Incense Burner":87,"Juzu Bracelet":204,"Dream Catcher":37,"Nunchaku":75,"Replay:Bandana":100,"Chameleon Ring":235,"Pantograph":12,"Gambling Chip":27,"Replay:Antivirus Software":261,"Cracked Core":0,"Red Skull":47,"Gremlin Food":87,"ReplayTheSpireMod:Ninjato":237,"Replay:Towering Pillar of Hats":66,"Quantum Egg":87,"Guide Book":93,"Replay:WaspNest":61,"Orichalcum":92,"Medical Kit":119,"White Beast Statue":182,"Mercury Hourglass":61,"Peace Pipe":146,"Strange Spoon":209,"Anchor":66,"CaptainsWheel":86,"Pondfish Scales":91,"DataDisk":126,"Snack Pack":48,"Bag of Marbles":225,"Membership Card":61,"FossilizedHelix":151},{"Golden Egg":701,"Vampiric Spirits":244,"Whetstone":364,"Boot":364,"Sling":364,"Blood Vial":107,"Replay:Wanted Poster":686,"Replay:Ringing Soul":1108,"Sundial":1165,"Replay:Bronze Core":537,"MealTicket":230,"Fusion Hammer":315,"Kunai":1129,"Replay:Wax Seal":964,"Electric Blood":208,"Replay:Bottled Steam":471,"Pear":484,"Blue Candle":123,"Velvet Choker":978,"Tingsha":376,"Paper Crane":257,"Akabeko":708,"Cables":637,"SlaversCollar":100,"Snecko Scales":459,"Bird Faced Urn":86,"Mark of Pain":0,"StrikeDummy":392,"Regal Pillow":376,"Lantern":864,"Singing Bowl":82,"Torii":646,"Magic Flower":200,"Painkiller Herb":279,"Bag of Preparation":364,"Replay:Multitool":475,"Cursed Key":130,"Burning Blood":0,"Pet Ghost":224,"Replay:Rubber Ducky":364,"Matryoshka":244,"Shovel":766,"Replay:Bottled Eggs":1108,"InkBottle":568,"Inserter":829,"The Specimen":292,"Golden Idol":17,"Basket Of Snakes":325,"The Courier":25,"PreservedInsect":40,"Geode":594,"Omamori":747,"Frozen Egg 2":51,"MawBank":304,"Nuclear Battery":1176,"Busted Crown":30,"Ornamental Fan":364,"Orrery":932,"Turnip":156,"Art of War":146,"ReplayTheSpireMod:Ring of Challenge":318,"ReplayTheSpireMod:Lightbulb":646,"Ice Cream":93,"Divine Protection":690,"Gremlin Horn":78,"Nilry\u0027s Codex":288,"CeramicFish":857,"Vajra":296,"Runic Capacitor":779,"Sozu":726,"Centennial Puzzle":17,"Lizard Tail":956,"Replay:Frozen Program":1086,"Strawberry":48,"Prayer Wheel":376,"Iron Hammer":952,"Byrd Skull":257,"Happy Flower":364,"Oddly Smooth Stone":226,"Ring of Chaos":484,"Letter Opener":1204,"War Paint":559,"Question Card":811,"OrangePellets":376,"Bottled Flame":268,"Replay:Baseball":376,"Shuriken":1159,"Bronze Scales":20,"Simple Rune":364,"Onion Ring":895,"ReplayTheSpireMod:TigerMarble":663,"Mirror":1159,"Pocketwatch":170,"Meat on the Bone":463,"Darkstone Periapt":65,"ReplayFunnel":364,"Mango":73,"Snake Skull":300,"Incense Burner":344,"Juzu Bracelet":888,"Dream Catcher":151,"Nunchaku":288,"Replay:Bandana":399,"Chameleon Ring":1093,"Pantograph":44,"Gambling Chip":111,"Replay:Antivirus Software":1192,"Cracked Core":0,"Red Skull":189,"Gremlin Food":344,"ReplayTheSpireMod:Ninjato":1108,"Replay:Towering Pillar of Hats":257,"Quantum Egg":344,"Guide Book":376,"Replay:WaspNest":244,"Orichalcum":369,"Medical Kit":471,"White Beast Statue":795,"Mercury Hourglass":244,"Peace Pipe":594,"Strange Spoon":932,"Anchor":257,"CaptainsWheel":341,"Pondfish Scales":364,"DataDisk":505,"Snack Pack":196,"Bag of Marbles":1023,"Membership Card":244,"FossilizedHelix":621}],"Meat on the Bone":12},"card_choices":[{"not_picked":["Barrage","Hologram"],"picked":"Ball Lightning","floor":1},{"not_picked":["ReplaySort","Static Discharge"],"picked":"Coolheaded","floor":2},{"not_picked":["Undo","Genetic Algorithm"],"picked":"Hologram","floor":3},{"not_picked":["Thunder Strike","Conserve Battery"],"picked":"Go for the Eyes","floor":5},{"not_picked":["Barrage","Redo","Leap"],"picked":"SKIP","floor":7},{"not_picked":["Turbo","Coolheaded","Lockon"],"picked":"SKIP","floor":8},{"not_picked":["Hologram","Panic Button","Double Energy"],"picked":"SKIP","floor":10},{"not_picked":["Reprogram","Stack"],"picked":"Gash","floor":12},{"not_picked":["Stack","Aggregate","Panic Button"],"picked":"SKIP","floor":13},{"not_picked":["Meteor Strike","Mirror Shield"],"picked":"ReplayTheSpireMod:Fabricate Wheel","floor":16},{"not_picked":["Leap","Barrage"],"picked":"Go for the Eyes+1","floor":18},{"not_picked":["Reprogram","Steam","Steam Power"],"picked":"SKIP","floor":19},{"not_picked":["Hologram","Loop"],"picked":"ReplayTheSpireMod:Calculation Training","floor":20},{"not_picked":["Beam Cell","Turbo","Auto Shields+1"],"picked":"SKIP","floor":20},{"not_picked":["Static Discharge+1","ReplayTheSpireMod:Reroute Power","Panic Button"],"picked":"SKIP","floor":21},{"not_picked":["Tempest","Steam","Conserve Battery"],"picked":"SKIP","floor":21},{"not_picked":["Sweeping Beam+1","Aggregate"],"picked":"Cold Snap","floor":24},{"not_picked":["ReplayGash+1","Beam Cell"],"picked":"Scrape+1","floor":28},{"not_picked":["Self Repair","Sweeping Beam+1","Leap"],"picked":"SKIP","floor":28},{"not_picked":["Sweeping Beam","Barrage"],"picked":"Gash","floor":29},{"not_picked":["Turbo","FIFO Queue"],"picked":"Coolheaded+1","floor":30},{"not_picked":["Multi-Cast","Beam Cell"],"picked":"ReplayTheSpireMod:Calculation Training","floor":30},{"not_picked":["BasicCrystalCard","Conserve Battery","Turbo"],"picked":"SKIP","floor":31},{"not_picked":["ReplayTheSpireMod:Fabricate Wheel","Seek"],"picked":"Machine Learning","floor":33},{"not_picked":["Barrage+1","Cold Snap"],"picked":"Defragment","floor":35},{"not_picked":["Coolheaded","Compile Driver+1","Go for the Eyes"],"picked":"SKIP","floor":35},{"not_picked":["Steam","Cold Snap","ReplaySort+1"],"picked":"SKIP","floor":36},{"not_picked":["BasicCrystalCard","Stack+1","Redo"],"picked":"SKIP","floor":36},{"not_picked":["ReplayTheSpireMod:Repulse","Aggregate"],"picked":"Capacitor+1","floor":38},{"not_picked":["Rebound","Sweeping Beam"],"picked":"Loop","floor":38},{"not_picked":["Redo","Time Bomb"],"picked":"Loop+1","floor":41},{"not_picked":["White Noise","Steam+1"],"picked":"Echo Form","floor":45},{"not_picked":["Rebound","Redo+1","ReplayTheSpireMod:GoodbyeWorld"],"picked":"SKIP","floor":45},{"not_picked":["ReplayTheSpireMod:Repulse","Lockon"],"picked":"Consume+1","floor":46},{"not_picked":["Compile Driver","ReplayTheSpireMod:Reroute Power","Redo"],"picked":"SKIP","floor":48},{"not_picked":["Hologram","ReplayGash+1","Lockon"],"picked":"SKIP","floor":54}],"player_experience":4066756,"relics_obtained":[{"floor":8,"key":"Gremlin Horn"},{"floor":9,"key":"Replay:Rubber Ducky"},{"floor":10,"key":"Kunai"},{"floor":24,"key":"Shuriken"},{"floor":26,"key":"DataDisk"},{"floor":26,"key":"Mirror"},{"floor":29,"key":"Sundial"},{"floor":31,"key":"CaptainsWheel"},{"floor":41,"key":"Darkstone Periapt"},{"floor":43,"key":"Replay:Antivirus Software"},{"floor":46,"key":"Gremlin Food"},{"floor":48,"key":"Letter Opener"},{"floor":54,"key":"Ornamental Fan"}],"event_choices":[{"damage_healed":0,"gold_gain":0,"player_choice":"Forge","damage_taken":0,"max_hp_gain":0,"max_hp_loss":0,"event_name":"Accursed Blacksmith","floor":4,"gold_loss":0,"cards_upgraded":["Hologram"]},{"damage_healed":0,"gold_gain":0,"player_choice":"Entered Light","damage_taken":27,"max_hp_gain":0,"max_hp_loss":0,"event_name":"Shining Light","floor":14,"gold_loss":0,"cards_upgraded":["Strike_B","Zap"]},{"cards_removed":["Strike_B"],"damage_healed":0,"gold_gain":0,"player_choice":"Purged","damage_taken":0,"max_hp_gain":0,"max_hp_loss":0,"event_name":"Purifier","floor":22,"gold_loss":0},{"damage_healed":0,"gold_gain":0,"player_choice":"Punched","damage_taken":5,"max_hp_gain":0,"max_hp_loss":0,"event_name":"Designer","floor":44,"gold_loss":0},{"damage_healed":0,"gold_gain":50,"player_choice":"Pray","damage_taken":0,"max_hp_gain":0,"max_hp_loss":0,"event_name":"Golden Shrine","floor":47,"gold_loss":0}],"is_beta":false,"boss_relics":[{"not_picked":["Astrolabe","ReplayTheSpireMod:DimensionalGlitch"],"picked":"Sozu"},{"not_picked":["Runic Dome","Cursed Key"],"picked":"Nuclear Battery"}],"items_purged_floors":[0,0,39,53],"is_endless":false,"potions_floor_spawned":[3,7,8,10,12,16,19,20,29,30,36,38,46],"ascension_level":15}}