{"host":"vzugls1u57eppbds","time":1612289249,"event":{"mods":["AchievementEnabler","BaseMod","Better Third Choice","Ironclad Rager","Minty Spire (QoL Compilation)","Relic Stats","Shop Mod","StSLib"],"gold_per_floor":[112,187,187,137,137,137,148,176,176,188,207,382,382,409,409,409,409],"floor_reached":16,"language":"ENG","playtime":437,"items_purged":[],"score":142,"play_id":"cbcee92d-d269-4986-8e6a-6765c86345c8","local_time":"20210202190729","is_ascension_mode":true,"campfire_choices":[{"data":"Body Slam","floor":6.0,"key":"SMITH"},{"floor":13.0,"key":"REST"},{"data":"Entrench","floor":15.0,"key":"SMITH"}],"circlet_count":0,"master_deck":["Strike_R","Strike_R","Strike_R","Strike_R","Strike_R","Defend_R","Defend_R+1","Defend_R","Defend_R+1","Bash","Body Slam+1","Shrug It Off","Entrench+1","Iron Wave","Doubt"],"relics":["Burning Blood","War Paint","Question Card","Regal Pillow","Paper Frog","Odd Mushroom"],"acts_visited":["Exordium"],"potions_floor_usage":[16],"damage_taken":[{"damage":2.0,"enemies":"2 Louse","floor":1.0,"turns":3.0},{"damage":0.0,"enemies":"Small Slimes","floor":7.0,"turns":3.0},{"damage":53.0,"enemies":"Lagavulin","floor":8.0,"turns":10.0},{"damage":0.0,"enemies":"Jaw Worm","floor":10.0,"turns":4.0},{"damage":4.0,"enemies":"Looter","floor":11.0,"turns":4.0},{"damage":35.0,"enemies":"The Mushroom Lair","floor":14.0,"turns":6.0},{"damage":25,"enemies":"Hexaghost","floor":16,"turns":10}],"seed_played":"-9069459070170519704","potions_obtained":[{"floor":7.0,"key":"Ancient Potion"},{"floor":10.0,"key":"Weak Potion"},{"floor":11.0,"key":"AttackPotion"}],"is_trial":false,"path_per_floor":["M","?","?","?","$","R","M","E","T","M","M","?","R","?","R","B"],"character_chosen":"IRONCLAD","items_purchased":[],"campfire_rested":1,"item_purchase_floors":[],"current_hp_per_floor":[76,65,65,65,65,65,71,24,24,30,32,32,71,42,42,17,17],"gold":409,"neow_bonus":"RANDOM_COMMON_RELIC","is_daily":false,"chose_seed":false,"campfire_upgraded":2,"win_rate":0.0,"timestamp":1612289249,"path_taken":["M","?","?","?","$","R","M","E","T","M","?","?","R","?","R","BOSS"],"items_purchased_type":[],"build_version":"2020-12-22","purchased_purges":0,"victory":false,"max_hp_per_floor":[80,80,80,80,80,80,80,80,80,80,80,80,80,80,80,80,80],"relic_stats":{"Regal Pillow":15,"counters":[7,39],"War Paint":["Defend_R","Defend_R"],"Question Card":5,"obtain_stats":[{"Regal Pillow":8,"War Paint":0,"Odd Mushroom":14,"Question Card":3,"Burning Blood":0,"Paper Frog":9},{"Regal Pillow":3,"War Paint":0,"Odd Mushroom":6,"Question Card":1,"Burning Blood":0,"Paper Frog":3},{"Regal Pillow":16,"War Paint":0,"Odd Mushroom":30,"Question Card":3,"Burning Blood":0,"Paper Frog":16}],"Burning Blood":36},"card_choices":[{"not_picked":["Pommel Strike","Twin Strike"],"picked":"Body Slam","floor":1.0},{"not_picked":["Twin Strike","Iron Wave","Clash"],"picked":"Shrug It Off","floor":7.0},{"not_picked":["Heavy Blade","Havoc","Headbutt","Warcry"],"picked":"SKIP","floor":8.0},{"not_picked":["True Grit","Clothesline","Twin Strike"],"picked":"Entrench","floor":10.0},{"not_picked":["Immolate","Intimidate","Reckless Charge"],"picked":"Iron Wave","floor":11.0}],"player_experience":245786,"relics_obtained":[{"floor":8.0,"key":"Regal Pillow"},{"floor":9.0,"key":"Paper Frog"},{"floor":14.0,"key":"Odd Mushroom"}],"event_choices":[{"damage_healed":0.0,"max_hp_gain":0.0,"max_hp_loss":0.0,"gold_gain":75.0,"event_name":"betterThird:BetterGoop","player_choice":"Gold","floor":2.0,"gold_loss":0.0,"damage_taken":11.0},{"damage_healed":0.0,"max_hp_gain":0.0,"max_hp_loss":0.0,"gold_gain":0.0,"event_name":"Big Fish","player_choice":"Box","floor":3.0,"gold_loss":0.0,"damage_taken":0.0,"relics_obtained":["Question Card"],"cards_obtained":["Regret"]},{"cards_removed":["Regret"],"damage_healed":0.0,"max_hp_gain":0.0,"max_hp_loss":0.0,"gold_gain":0.0,"event_name":"The Cleric","player_choice":"Card Removal","floor":4.0,"gold_loss":50.0,"damage_taken":0.0},{"damage_healed":0.0,"max_hp_gain":0.0,"max_hp_loss":0.0,"gold_gain":175.0,"event_name":"betterThird:BetterSerpent","player_choice":"AGREE","floor":12.0,"gold_loss":0.0,"damage_taken":207.0},{"damage_healed":0.0,"max_hp_gain":0.0,"max_hp_loss":0.0,"gold_gain":0.0,"event_name":"Mushrooms","player_choice":"Fought Mushrooms","floor":14.0,"gold_loss":0.0,"damage_taken":0.0}],"is_beta":false,"boss_relics":[],"items_purged_floors":[],"is_endless":false,"potions_floor_spawned":[7,10,11],"killed_by":"Hexaghost","ascension_level":9}}