{"host":"glqsg3p5q4u9u1ra","time":1612247463,"event":{"mods":["Act Like it!","Arknights","BaseMod","Better Third Choice","BetterRewards","Colored Map","Conspire","Downfall","Friendly Minions","Gensokyo","GifTheSpireLib","Hallownest","Highlight Path","Hubris","Infinite Spire","Lobotomy","LobotomyExtend","Mimic Mod","Minty Spire (QoL Compilation)","Pale of the Ancients","Reliquary","Replay The Spire","Spicy Shops","Spikes Relics","Spire Birthday Party","StSLib","The Blackbeard","The Blue Laboratory","The Bug Knight","The Exalted","The Servant 0.9.4","Wandering Minibosses"],"gold_per_floor":[110,110,128,128,142,142,51,51,51,51,68,68,79,79,79,178,178,192,204,204,204,204,204,220,235,281,54,81,81,181,181,181,303,303,313,313,361,361,419,492,165,165,165,231,282,282,282,327,327,352,393,482,482,419,419,515,515,200,200,305],"floor_reached":61,"language":"ENG","playtime":2084,"items_purged":["Bromod:Strike_Bro","Bromod:Strike_Bro","Bromod:Stormbringer+1","Bromod:Defend_Bro"],"score":1206,"play_id":"31559157-6f7a-430c-9d78-270b621df3a3","local_time":"20210201223103","is_ascension_mode":true,"campfire_choices":[{"data":"Bromod:SlashDash","floor":6,"key":"SMITH"},{"data":"Bromod:SlashDash","floor":8,"key":"SMITH"},{"data":"Bromod:SlashDash","floor":12,"key":"SMITH"},{"data":"Bromod:NoReturn","floor":15,"key":"SMITH"},{"data":"hubris:Fate","floor":23,"key":"SMITH"},{"floor":29,"key":"REST"},{"data":"Bromod:HeatedCharge","floor":32,"key":"SMITH"},{"floor":55,"key":"REST"},{"floor":57,"key":"REST"}],"circlet_count":0,"master_deck":["Bromod:Defend_Bro","Bromod:Defend_Bro","Bromod:Defend_Bro","Bromod:SlashDash+1","Bromod:SlashDash+1","Bromod:SlashDash+1","Sadistic Nature+1","Bromod:SlashDash+1","Flash of Steel+1","Bromod:SlashDash+1","Bromod:NoReturn+1","Bromod:DriftingContact+1","wanderingMiniBosses:FinaleOfPromise+1","Bromod:Stormbringer+1","hubris:Fate+1","Bromod:HeatedCharge+1","Bromod:Vitality+1","Bromod:ContagiousSpread+1","Bromod:Blaze+1","Replay:GuardianBash","Bromod:ToxicBarrage+1","infinitespire:FinalStrike+1","Bromod:Rejuvenation+1","Bromod:QuickThinking+1","Bromod:SlashDash+1","Bromod:ContagiousSpread+1","Bromod:JaggedEdge+1","Magnetism+1"],"relics":["Bromod:Ordis","Bromod:AscarisDevice","Golden Egg","HollowMod:JonisBlessing","LetterFromLob","Orichalcum","Bromod:ArcaneVictory","hubris:RunicObelisk","wanderingMiniBosses:Blackblade","Guardian:PocketSentry","Sling","reliquary:HotPoker","Replay:Multitool","Replay:WaspNest","Membership Card","Replay:Bandana","ReplayTheSpireMod:SealedPack","Anchor","Chemical X","Omamori","HollowMod:LifeEnderRelic","Toolbox","reliquary:Firecrackers","CosmicIsotope","PreservedInsect","conspire:BottledYoYo","paleoftheancients:Timepiece","Mercury Hourglass","paleoftheancients:SoulOfTheBard","BargainBundle","Art of War","Lantern","hubris:DeckOfHolding","infinitespire:Beetle Shell","Cauldron","Lee\u0027s Waffle","BrokenLever"],"acts_visited":["Exordium","TheCity","TheBeyond","TheBeyond"],"potions_floor_usage":[16,18,18,30,51,56,56,60,60,60,60],"damage_taken":[{"damage":0,"enemies":"2 Louse","floor":1,"turns":4},{"damage":0,"enemies":"Cultist","floor":3,"turns":4},{"damage":0,"enemies":"Jaw Worm","floor":5,"turns":3},{"damage":0,"enemies":"Exordium Wildlife","floor":11,"turns":4},{"damage":0,"enemies":"Red Slaver","floor":13,"turns":3},{"damage":0,"enemies":"Fading Forest","floor":16,"turns":1},{"damage":29,"enemies":"conspire:FuzzyDice","floor":18,"turns":8},{"damage":0,"enemies":"3 Byrds","floor":19,"turns":3},{"damage":0,"enemies":"Centurion and Healer","floor":24,"turns":2},{"damage":0,"enemies":"Snake Plant","floor":25,"turns":3},{"damage":0,"enemies":"conspire:MimicChest","floor":28,"turns":2},{"damage":0,"enemies":"Colosseum Slavers","floor":30,"turns":3},{"damage":0,"enemies":"Colosseum Nobs","floor":30,"turns":2},{"damage":5,"enemies":"conspire:MysteriousRune","floor":33,"turns":3},{"damage":0,"enemies":"3 Shapes","floor":35,"turns":1},{"damage":0,"enemies":"3 Darklings","floor":37,"turns":3},{"damage":0,"enemies":"Maw","floor":39,"turns":4},{"damage":8,"enemies":"HollowMod:StalkingDevout","floor":40,"turns":5},{"damage":0,"enemies":"Sphere and 2 Shapes","floor":44,"turns":2},{"damage":9,"enemies":"4 Shapes","floor":45,"turns":5},{"damage":0,"enemies":"Jaw Worm Horde","floor":48,"turns":2},{"damage":7,"enemies":"infinitespire:MassOfShapes","floor":50,"turns":4},{"damage":47,"enemies":"infinitespire:MassOfShapes","floor":51,"turns":3},{"damage":24,"enemies":"infinitespire:MassOfShapes","floor":52,"turns":4},{"damage":0,"enemies":"infinitespire:MassOfShapes","floor":56,"turns":5},{"damage":101,"enemies":"paleoftheancients:N","floor":60,"turns":14}],"seed_played":"2398408900011399751","potions_obtained":[{"floor":1,"key":"infinitespire:BlackPotion"},{"floor":3,"key":"Bromod:ShieldRestore"},{"floor":11,"key":"blueLaboratory:CorrosionFlask"},{"floor":16,"key":"Bromod:Forma"},{"floor":19,"key":"Bromod:Forma"},{"floor":25,"key":"Bromod:AmmoRestore"},{"floor":33,"key":"Energy Potion"},{"floor":52,"key":"blueLaboratory:RememoryPotion"},{"floor":54,"key":"Regen Potion"},{"floor":54,"key":"Slimebound:ThreeZeroPotion"},{"floor":56,"key":"Block Potion"}],"is_trial":false,"path_per_floor":["M","?","M","?","M","R","$","R","T","T","M","R","M","M","R","B",null,"M","M","?","?","?","R","M","M","T","$","?","R","?","$","R","B",null,"M","?","M","?","M","E","$","R","T","M","M","AVR","?","MIM","R","B","M","M","?","$","R","M","R","$","?","B",null],"character_chosen":"THE_EXALTED","items_purchased":["Golden Egg","Sadistic Nature","HollowMod:JonisBlessing","Flash of Steel","Bromod:Stormbringer","Sling","Membership Card","Replay:Bandana","Chemical X","Omamori","HollowMod:LifeEnderRelic","Toolbox","BargainBundle","Bromod:JaggedEdge","Art of War","Lantern","hubris:DeckOfHolding","infinitespire:Beetle Shell","Cauldron","Magnetism","Lee\u0027s Waffle","BrokenLever","blueLaboratory:Moonshine","blueLaboratory:Moonshine"],"campfire_rested":3,"item_purchase_floors":[0,0,0,7,27,27,31,31,41,41,41,41,54,54,54,54,54,54,54,54,58,58,58,58],"current_hp_per_floor":[75,75,75,75,75,75,75,75,75,75,75,75,75,75,75,75,75,46,46,46,46,27,27,27,27,27,27,27,49,49,29,29,24,62,62,62,62,62,62,54,54,75,75,75,66,66,66,66,75,73,26,2,2,2,24,24,46,82,82,82],"gold":305,"neow_bonus":"","is_daily":false,"chose_seed":false,"campfire_upgraded":6,"win_rate":0.0,"timestamp":1612247463,"path_taken":["M","?","?","?","M","R","?","R","T","?","M","R","M","M","R","BOSS","M","M","?","?","?","R","M","M","T","$","?","R","?","?","R","BOSS","M","?","?","?","M","E","$","R","T","M","?","AVR","?","?","R","BOSS","M","M","?","$","R","M","R","$","?","BOSS"],"items_purchased_type":["Relic","Card","Relic","Card","Card","Relic","Relic","Relic","Relic","Relic","Relic","Relic","Relic","Card","Relic","Card","Relic","Relic","Relic","Card","Relic","Relic","Potion","Potion"],"build_version":"2020-12-22","purchased_purges":4,"victory":true,"max_hp_per_floor":[75,75,75,75,75,75,75,75,75,75,75,75,75,75,75,75,75,75,75,75,75,75,75,75,75,75,75,75,75,75,75,75,75,75,75,75,75,75,75,75,75,75,75,75,75,75,75,75,75,75,75,75,75,75,75,75,75,82,82,82],"card_choices":[{"not_picked":["Bromod:Fury","Bromod:Patagium","Bromod:BodyCount"],"picked":"SKIP","floor":1},{"not_picked":["Bromod:Redirection","Bromod:ShatteringImpact"],"picked":"Bromod:SlashDash","floor":3},{"not_picked":["Bromod:Stretch","Bromod:ShatteringImpact","Bromod:BulletJump"],"picked":"SKIP","floor":5},{"not_picked":["Bromod:BulletJump","Bromod:SlipMagazine"],"picked":"Bromod:SlashDash","floor":11},{"not_picked":["Bromod:Frostbite","Bromod:QuickDraw"],"picked":"Bromod:NoReturn","floor":13},{"not_picked":["Bromod:ConditionOverload","Bromod:ExaltedBlade"],"picked":"Bromod:DriftingContact","floor":16},{"not_picked":[],"picked":"wanderingMiniBosses:FinaleOfPromise","floor":18},{"not_picked":["Bromod:KillingBlow+1","Bromod:FormaBlueprint","Bromod:TargetCracker"],"picked":"SKIP","floor":18},{"not_picked":["Bromod:RelentlessCombination","Bromod:Redirection"],"picked":"Bromod:Stormbringer+1","floor":19},{"not_picked":["ReplayTheSpireMod:Haul","ReplayTheSpireMod:Book of Names"],"picked":"hubris:Fate","floor":22},{"not_picked":["Bromod:Reflection","Bromod:OrganShatter"],"picked":"Bromod:HeatedCharge","floor":24},{"not_picked":["Bromod:Stretch+1","Bromod:Redirection"],"picked":"Bromod:Vitality+1","floor":25},{"not_picked":["Bromod:SlipMagazine","Bromod:PressurePoint"],"picked":"Bromod:ContagiousSpread+1","floor":30},{"not_picked":["Bromod:ExaltedBlade","Bromod:Adaptation"],"picked":"Bromod:Blaze","floor":33},{"not_picked":["blackbeard:Cutlass","m_Bronzebash"],"picked":"Replay:GuardianBash","floor":34},{"not_picked":["Bromod:ChillingReload","Bromod:FocusEnergy"],"picked":"Bromod:ToxicBarrage","floor":34},{"not_picked":["infinitespire:UltimateForm","hubris:Rewind"],"picked":"infinitespire:FinalStrike","floor":34},{"not_picked":["Bromod:RelentlessCombination+1","Bromod:Maglev+1","Bromod:Serration"],"picked":"SKIP","floor":35},{"not_picked":["Bromod:PressurePoint+1","Bromod:RelentlessCombination+1"],"picked":"Bromod:ContagiousSpread+1","floor":37},{"not_picked":["Bromod:PointBlank","Bromod:TargetCracker+1"],"picked":"Bromod:Rejuvenation","floor":39},{"not_picked":["Bromod:Foundry+1","Bromod:BodyCount","Bromod:BulletJump+1"],"picked":"SKIP","floor":40},{"not_picked":["Bromod:SlipMagazine+1","Bromod:SteelFiber+1"],"picked":"Bromod:QuickThinking","floor":44},{"not_picked":["Bromod:SteelFiber","Bromod:QuickDraw+1"],"picked":"Bromod:SlashDash+1","floor":45},{"not_picked":["Bromod:BulletJump","Bromod:PressurePoint"],"picked":"Bromod:ContagiousSpread+1","floor":51},{"not_picked":["Bromod:Stormbringer","Bromod:Redirection+1","Bromod:TacticalPump+1"],"picked":"SKIP","floor":52},{"not_picked":["Bromod:QuickDraw+1","Bromod:SteelCharge","Bromod:ArchwingLauncher"],"picked":"SKIP","floor":56}],"player_experience":1221177,"relics_obtained":[{"floor":1,"key":"LetterFromLob"},{"floor":9,"key":"Orichalcum"},{"floor":10,"key":"Bromod:ArcaneVictory"},{"floor":18,"key":"wanderingMiniBosses:Blackblade"},{"floor":26,"key":"Guardian:PocketSentry"},{"floor":28,"key":"reliquary:HotPoker"},{"floor":30,"key":"Replay:Multitool"},{"floor":30,"key":"Replay:WaspNest"},{"floor":40,"key":"Anchor"},{"floor":43,"key":"reliquary:Firecrackers"},{"floor":48,"key":"conspire:BottledYoYo"},{"floor":52,"key":"paleoftheancients:SoulOfTheBard"}],"event_choices":[{"cards_removed":["Bromod:Strike_Bro"],"damage_healed":0,"gold_gain":0,"player_choice":"Offered Basic","damage_taken":0,"max_hp_gain":0,"max_hp_loss":0,"event_name":"Bonfire Elementals","floor":2,"gold_loss":0},{"damage_healed":0,"gold_gain":0,"player_choice":"Fight","damage_taken":0,"max_hp_gain":0,"max_hp_loss":0,"event_name":"Colosseum","floor":30,"gold_loss":0},{"damage_healed":0,"gold_gain":0,"player_choice":"Fought Nobs","damage_taken":0,"max_hp_gain":0,"max_hp_loss":0,"event_name":"Colosseum","floor":30,"gold_loss":0},{"damage_healed":0,"gold_gain":0,"player_choice":"Forge","damage_taken":0,"max_hp_gain":0,"max_hp_loss":0,"event_name":"Accursed Blacksmith","floor":36,"gold_loss":0,"cards_upgraded":["infinitespire:FinalStrike"]},{"damage_healed":0,"gold_gain":0,"player_choice":"0 cards matched","damage_taken":0,"max_hp_gain":0,"max_hp_loss":0,"event_name":"Match and Keep!","floor":38,"gold_loss":0,"cards_obtained":[]},{"cards_removed":["Bromod:ContagiousSpread"],"damage_healed":0,"gold_gain":0,"player_choice":"Removed Power","damage_taken":0,"max_hp_gain":0,"max_hp_loss":0,"event_name":"Falling","floor":47,"gold_loss":0},{"damage_healed":0,"gold_gain":0,"player_choice":"Leave","damage_taken":0,"max_hp_gain":0,"max_hp_loss":0,"event_name":"conspire:Investor","floor":53,"gold_loss":0}],"is_beta":false,"boss_relics":[{"not_picked":["Runic Dome","Busted Crown"],"picked":"hubris:RunicObelisk"},{"not_picked":["conspire:RunicOctahedron","hubris:Stopwatch"],"picked":"ReplayTheSpireMod:SealedPack"}],"items_purged_floors":[41,46,54,58],"is_endless":false,"potions_floor_spawned":[1,3,11,16,19,25,30,33,37,44,52,56],"ascension_level":5}}