{"host":"xwgrz7y3g1a3iikb","time":1612306454,"event":{"mods":["BaseMod","Bestiary","Minty Spire (QoL Compilation)","Permanent Neow","Quick Restart","Relic Stats","StSLib","ojb\u0027s Info Mod"],"gold_per_floor":[110,125,145,162,176,201,201,201,227,244,261,261,290,307,307,381,381,392,409,428,26,26,55,55,89,89,123,123,123,141,217,217,294,294,314,331,65,80,92,122,122,152,152,164,0,51,51,79,79,79,79,79,79,29,54,54,54],"floor_reached":56,"language":"ENG","playtime":2666,"items_purged":["Strike_G","Strike_G","Strike_G"],"score":2022,"play_id":"382dc7b4-ae84-4b17-9049-f9dc74c51c04","local_time":"20210202145414","is_ascension_mode":true,"campfire_choices":[{"data":"Terror","floor":8.0,"key":"SMITH"},{"data":"Finisher","floor":15.0,"key":"SMITH"},{"data":"After Image","floor":32.0,"key":"SMITH"},{"data":"Finisher","floor":41.0,"key":"SMITH"},{"floor":49.0,"key":"RECALL"},{"data":"Wraith Form v2","floor":53.0,"key":"SMITH"}],"circlet_count":0,"master_deck":["AscendersBane","Strike_G","Defend_G","Defend_G","Defend_G+1","Defend_G","Defend_G","Survivor","Neutralize","Blade Dance","Poisoned Stab","Choke","Terror+1","Phantasmal Killer+1","Infinite Blades","Accuracy","Footwork","Finisher+1","Venomology+1","Cloak And Dagger+1","Leg Sweep","Endless Agony","Blade Dance","Cloak And Dagger+1","After Image+1","Blade Dance","Wraith Form v2+1","Finisher+1","After Image+1","Terror+1","Expertise","Backflip+1","Escape Plan+1","Envenom+1"],"relics":["Black Star","White Beast Statue","MealTicket","Akabeko","Ancient Tea Set","Tiny Chest","Cursed Key","Toy Ornithopter","OrangePellets","Bag of Marbles","TungstenRod","Orichalcum","Omamori","Question Card","Happy Flower","Calling Bell","Pen Nib","Singing Bowl","Bird Faced Urn","DollysMirror","Turnip","Frozen Egg 2","Kunai","Snake Skull","Red Mask","Prayer Wheel","Smiling Mask","Bronze Scales","War Paint","Lizard Tail"],"acts_visited":["Exordium","TheCity","TheBeyond","TheEnding"],"potions_floor_usage":[55,55,56,56],"damage_taken":[{"damage":11.0,"enemies":"Cultist","floor":1.0,"turns":5.0},{"damage":0.0,"enemies":"2 Louse","floor":2.0,"turns":2.0},{"damage":1.0,"enemies":"Small Slimes","floor":3.0,"turns":3.0},{"damage":9.0,"enemies":"2 Fungi Beasts","floor":4.0,"turns":4.0},{"damage":0.0,"enemies":"Large Slime","floor":5.0,"turns":3.0},{"damage":17.0,"enemies":"Lagavulin","floor":6.0,"turns":5.0},{"damage":0.0,"enemies":"Lots of Slimes","floor":7.0,"turns":1.0},{"damage":0.0,"enemies":"Exordium Wildlife","floor":10.0,"turns":4.0},{"damage":3.0,"enemies":"3 Louse","floor":11.0,"turns":4.0},{"damage":7.0,"enemies":"3 Sentries","floor":13.0,"turns":6.0},{"damage":0.0,"enemies":"Looter","floor":14.0,"turns":3.0},{"damage":13.0,"enemies":"Hexaghost","floor":16.0,"turns":6.0},{"damage":0.0,"enemies":"2 Thieves","floor":18.0,"turns":3.0},{"damage":2.0,"enemies":"Shell Parasite","floor":19.0,"turns":2.0},{"damage":10.0,"enemies":"3 Cultists","floor":20.0,"turns":5.0},{"damage":30.0,"enemies":"Slavers","floor":23.0,"turns":4.0},{"damage":11.0,"enemies":"Gremlin Leader","floor":25.0,"turns":5.0},{"damage":28.0,"enemies":"Slavers","floor":27.0,"turns":5.0},{"damage":16.0,"enemies":"Snake Plant","floor":30.0,"turns":2.0},{"damage":2.0,"enemies":"Automaton","floor":33.0,"turns":5.0},{"damage":4.0,"enemies":"Orb Walker","floor":35.0,"turns":4.0},{"damage":0.0,"enemies":"3 Shapes","floor":36.0,"turns":3.0},{"damage":1.0,"enemies":"Sphere and 2 Shapes","floor":38.0,"turns":5.0},{"damage":7.0,"enemies":"Transient","floor":39.0,"turns":6.0},{"damage":34.0,"enemies":"Giant Head","floor":40.0,"turns":7.0},{"damage":16.0,"enemies":"Reptomancer","floor":42.0,"turns":7.0},{"damage":26.0,"enemies":"Jaw Worm Horde","floor":44.0,"turns":5.0},{"damage":0.0,"enemies":"2 Orb Walkers","floor":46.0,"turns":3.0},{"damage":4.0,"enemies":"Nemesis","floor":48.0,"turns":7.0},{"damage":65.0,"enemies":"Time Eater","floor":50.0,"turns":13.0},{"damage":18.0,"enemies":"Donu and Deca","floor":51.0,"turns":9.0},{"damage":45,"enemies":"Shield and Spear","floor":55,"turns":7},{"damage":134,"enemies":"The Heart","floor":56,"turns":9}],"seed_played":"834998788907531487","potions_obtained":[{"floor":2.0,"key":"CunningPotion"},{"floor":3.0,"key":"Dexterity Potion"},{"floor":5.0,"key":"BlessingOfTheForge"},{"floor":6.0,"key":"SmokeBomb"},{"floor":10.0,"key":"SkillPotion"},{"floor":11.0,"key":"SkillPotion"},{"floor":13.0,"key":"SkillPotion"},{"floor":14.0,"key":"EntropicBrew"},{"floor":16.0,"key":"Energy Potion"},{"floor":18.0,"key":"AttackPotion"},{"floor":19.0,"key":"GhostInAJar"},{"floor":20.0,"key":"ColorlessPotion"},{"floor":23.0,"key":"GamblersBrew"},{"floor":25.0,"key":"Regen Potion"},{"floor":27.0,"key":"Fire Potion"},{"floor":30.0,"key":"Explosive Potion"},{"floor":33.0,"key":"AttackPotion"},{"floor":35.0,"key":"Poison Potion"},{"floor":36.0,"key":"FearPotion"},{"floor":38.0,"key":"Explosive Potion"},{"floor":39.0,"key":"SpeedPotion"},{"floor":42.0,"key":"Regen Potion"},{"floor":44.0,"key":"PowerPotion"},{"floor":46.0,"key":"Block Potion"},{"floor":55,"key":"AttackPotion"}],"is_trial":false,"path_per_floor":["M","M","M","M","M","E","M","R","T","M","M","?","E","M","R","B",null,"M","M","M","$","?","E","$","E","T","E","?","?","M","T","R","B",null,"M","M","$","M","M","E","R","E","T","M","?","?","T","E","R","B","B",null,"R","$","E","B"],"character_chosen":"THE_SILENT","items_purchased":["Toy Ornithopter","OrangePellets","DollysMirror"],"campfire_rested":0,"item_purchase_floors":[21,21,37],"current_hp_per_floor":[48,48,47,38,38,21,21,21,21,21,18,18,11,11,11,13,53,53,51,41,56,38,23,38,32,32,28,28,28,12,12,12,20,58,65,69,73,75,75,52,52,56,56,61,61,77,77,79,79,30,29,67,67,79,52,0,0],"gold":54,"neow_bonus":"BOSS_RELIC","is_daily":false,"chose_seed":false,"campfire_upgraded":5,"win_rate":0.0,"timestamp":1612306454,"path_taken":["M","M","?","M","M","E","M","R","T","M","M","?","E","M","R","BOSS","M","M","M","$","?","E","$","E","T","E","?","?","M","?","R","BOSS","M","M","$","M","?","E","R","E","T","M","?","?","?","E","R","BOSS","BOSS","R","$","E","BOSS"],"items_purchased_type":["Relic","Relic","Relic"],"build_version":"2020-12-22","purchased_purges":3,"victory":false,"max_hp_per_floor":[66,66,66,66,66,66,66,66,66,66,66,66,66,66,66,66,66,66,66,66,66,71,71,71,71,71,71,71,71,71,71,71,71,71,71,73,73,75,77,77,77,77,77,77,77,77,77,79,79,79,79,79,79,79,79,79,79],"relic_stats":{"Happy Flower":[30],"Singing Bowl":8,"counters":[33,162],"Pen Nib":[30],"Snake Skull":[41],"Orichalcum":[12],"War Paint":["Venomology","Defend_G"],"Cursed Key":1,"Question Card":13,"Smiling Mask":75,"OrangePellets":[11],"Lizard Tail":39,"Bird Faced Urn":[87],"Bronze Scales":[226],"MealTicket":46,"Tiny Chest":2,"Prayer Wheel":0,"Turnip":[5],"Black Star":9,"Kunai":[43],"obtain_stats":[{"Singing Bowl":34,"Snake Skull":42,"Ancient Tea Set":13,"Cursed Key":17,"Smiling Mask":48,"Lizard Tail":55,"DollysMirror":37,"MealTicket":6,"Tiny Chest":13,"Prayer Wheel":46,"Red Mask":45,"Kunai":42,"Ring of the Snake":0,"Happy Flower":27,"Pen Nib":34,"Omamori":25,"Orichalcum":25,"Frozen Egg 2":40,"War Paint":55,"Question Card":27,"White Beast Statue":6,"Akabeko":9,"Calling Bell":34,"OrangePellets":21,"Bird Faced Urn":34,"Bronze Scales":48,"Turnip":40,"Black Star":0,"Bag of Marbles":23,"Toy Ornithopter":21,"TungstenRod":23},{"Singing Bowl":20,"Snake Skull":26,"Ancient Tea Set":10,"Cursed Key":12,"Smiling Mask":29,"Lizard Tail":32,"DollysMirror":22,"MealTicket":6,"Tiny Chest":10,"Prayer Wheel":28,"Red Mask":27,"Kunai":26,"Ring of the Snake":0,"Happy Flower":18,"Pen Nib":20,"Omamori":17,"Orichalcum":17,"Frozen Egg 2":25,"War Paint":32,"Question Card":18,"White Beast Statue":6,"Akabeko":7,"Calling Bell":20,"OrangePellets":15,"Bird Faced Urn":20,"Bronze Scales":29,"Turnip":25,"Black Star":0,"Bag of Marbles":16,"Toy Ornithopter":15,"TungstenRod":16},{"Singing Bowl":77,"Snake Skull":109,"Ancient Tea Set":37,"Cursed Key":46,"Smiling Mask":124,"Lizard Tail":153,"DollysMirror":84,"MealTicket":22,"Tiny Chest":37,"Prayer Wheel":117,"Red Mask":114,"Kunai":109,"Ring of the Snake":0,"Happy Flower":70,"Pen Nib":77,"Omamori":65,"Orichalcum":65,"Frozen Egg 2":102,"War Paint":153,"Question Card":70,"White Beast Statue":22,"Akabeko":23,"Calling Bell":77,"OrangePellets":56,"Bird Faced Urn":77,"Bronze Scales":124,"Turnip":102,"Black Star":0,"Bag of Marbles":60,"Toy Ornithopter":56,"TungstenRod":60}],"Toy Ornithopter":115,"TungstenRod":83},"card_choices":[{"not_picked":["Cloak And Dagger","Dagger Spray"],"picked":"Blade Dance","floor":1.0},{"not_picked":["Blur","Flechettes"],"picked":"Poisoned Stab","floor":2.0},{"not_picked":["Reflex","Sucker Punch"],"picked":"Choke","floor":3.0},{"not_picked":["PiercingWail","Sucker Punch"],"picked":"Terror","floor":4.0},{"not_picked":["Underhanded Strike","Dodge and Roll"],"picked":"Phantasmal Killer","floor":5.0},{"not_picked":["Expertise","Backflip"],"picked":"Infinite Blades","floor":6.0},{"not_picked":["Prepared","Infinite Blades","Noxious Fumes"],"picked":"SKIP","floor":10.0},{"not_picked":["Dash","Underhanded Strike"],"picked":"Accuracy","floor":11.0},{"not_picked":["Concentrate","Backflip"],"picked":"Footwork","floor":13.0},{"not_picked":["Acrobatics","Underhanded Strike"],"picked":"Finisher","floor":14.0},{"not_picked":["Malaise","Tools of the Trade"],"picked":"Venomology","floor":16.0},{"not_picked":["Blur","PiercingWail"],"picked":"Cloak And Dagger+1","floor":18.0},{"not_picked":["Bane","Dodge and Roll"],"picked":"Leg Sweep","floor":19.0},{"not_picked":["Quick Slash","Dagger Throw","Sucker Punch"],"picked":"SKIP","floor":20.0},{"not_picked":["Cloak And Dagger","Leg Sweep"],"picked":"Endless Agony","floor":23.0},{"not_picked":["Backflip","Deadly Poison"],"picked":"Blade Dance","floor":25.0},{"not_picked":["Outmaneuver+1","All Out Attack"],"picked":"Cloak And Dagger+1","floor":27.0},{"not_picked":["Choke+1","Cloak And Dagger","Dodge and Roll"],"picked":"Blade Dance","floor":30.0},{"not_picked":["Venomology","Storm of Steel","Tools of the Trade"],"picked":"Wraith Form v2","floor":33.0},{"not_picked":["Flechettes","Backflip","Bane"],"picked":"Finisher","floor":35.0},{"not_picked":["Cloak And Dagger","Slice+1","Unload","Underhanded Strike+1"],"picked":"Singing Bowl","floor":36.0},{"not_picked":["Backstab","Dash","Flying Knee","Flechettes"],"picked":"Singing Bowl","floor":38.0},{"not_picked":["Deadly Poison","Outmaneuver","Deflect","Prepared+1"],"picked":"Singing Bowl","floor":39.0},{"not_picked":["Slice","Quick Slash","Cloak And Dagger"],"picked":"Terror+1","floor":40.0},{"not_picked":["Choke","Backstab+1","Well Laid Plans+1"],"picked":"Expertise","floor":42.0},{"not_picked":["Flechettes","Sucker Punch","Setup"],"picked":"Backflip+1","floor":44.0},{"not_picked":["Flying Knee","Reflex+1","Sucker Punch+1"],"picked":"Escape Plan+1","floor":46.0},{"not_picked":["Predator","Dash","Cloak And Dagger","Finisher"],"picked":"Singing Bowl","floor":48.0},{"not_picked":["Flechettes","Blur","Adrenaline"],"picked":"Envenom+1","floor":55}],"player_experience":318823,"relics_obtained":[{"floor":6.0,"key":"White Beast Statue"},{"floor":6.0,"key":"MealTicket"},{"floor":9.0,"key":"Akabeko"},{"floor":13.0,"key":"Ancient Tea Set"},{"floor":13.0,"key":"Tiny Chest"},{"floor":23.0,"key":"Bag of Marbles"},{"floor":23.0,"key":"TungstenRod"},{"floor":25.0,"key":"Orichalcum"},{"floor":25.0,"key":"Omamori"},{"floor":27.0,"key":"Question Card"},{"floor":27.0,"key":"Happy Flower"},{"floor":34.0,"key":"Pen Nib"},{"floor":34.0,"key":"Singing Bowl"},{"floor":34.0,"key":"Bird Faced Urn"},{"floor":40.0,"key":"Turnip"},{"floor":40.0,"key":"Frozen Egg 2"},{"floor":42.0,"key":"Kunai"},{"floor":42.0,"key":"Snake Skull"},{"floor":46.0,"key":"Prayer Wheel"},{"floor":48.0,"key":"Smiling Mask"},{"floor":48.0,"key":"Bronze Scales"},{"floor":55,"key":"War Paint"},{"floor":55,"key":"Lizard Tail"}],"event_choices":[{"damage_healed":0.0,"max_hp_gain":0.0,"max_hp_loss":0.0,"gold_gain":0.0,"event_name":"Living Wall","player_choice":"Grow","floor":12.0,"gold_loss":0.0,"damage_taken":0.0,"cards_upgraded":["Phantasmal Killer"]},{"damage_healed":0.0,"max_hp_gain":5.0,"max_hp_loss":0.0,"gold_gain":0.0,"event_name":"Forgotten Altar","player_choice":"Shed Blood","floor":22.0,"gold_loss":0.0,"damage_taken":23.0},{"damage_healed":0.0,"max_hp_gain":0.0,"max_hp_loss":0.0,"gold_gain":0.0,"event_name":"The Library","player_choice":"Read","floor":28.0,"gold_loss":0.0,"damage_taken":0.0,"cards_obtained":["After Image"]},{"cards_removed":["Strike_G"],"damage_healed":0.0,"max_hp_gain":0.0,"max_hp_loss":0.0,"gold_gain":0.0,"event_name":"Purifier","player_choice":"Purged","floor":29.0,"gold_loss":0.0,"damage_taken":0.0},{"damage_healed":0.0,"max_hp_gain":0.0,"max_hp_loss":0.0,"gold_gain":0.0,"event_name":"Tomb of Lord Red Mask","player_choice":"Paid","floor":45.0,"gold_loss":164.0,"damage_taken":0.0,"relics_obtained":["Red Mask"]},{"damage_healed":0.0,"max_hp_gain":0.0,"max_hp_loss":0.0,"gold_gain":0.0,"event_name":"Mysterious Sphere","player_choice":"Fight","floor":46.0,"gold_loss":0.0,"damage_taken":0.0}],"is_beta":false,"boss_relics":[{"not_picked":["Pandora\u0027s Box","Runic Pyramid"],"picked":"Cursed Key"},{"not_picked":["Sozu","Velvet Choker"],"picked":"Calling Bell"}],"items_purged_floors":[21,37,54],"is_endless":false,"potions_floor_spawned":[2,3,5,6,7,10,11,13,14,16,18,19,20,23,25,27,30,33,35,36,38,39,40,42,44,46,48,55],"killed_by":"The Heart","ascension_level":20}}