{"host":"u94b8se4p65mmtuf","time":1612280297,"event":{"mods":["BaseMod","Hubris","Infinite Spire","Jorbs\u0027s Wanderer Trilogy","Minty Spire (QoL Compilation)","Replay The Spire","StSLib","SuperFastMode","The Animator","The Jungle"],"gold_per_floor":[114,64,76,76,163,195,195,212,238,238,238,14,30,47,47,152,152,163,11,11,25,25,59,59,71,118,118,118,136,102,121,121,222,222,263,341,341,386,51,68,103,122,122,122,159,193,207,227,227,227,227],"floor_reached":50,"language":"ENG","playtime":2417,"items_purged":[],"score":603,"play_id":"8e328fdc-4397-4dbf-bbd2-247f76d922d2","local_time":"20210202103817","is_ascension_mode":true,"campfire_choices":[{"floor":7,"key":"REST"},{"data":"ReplayTheSpireMod:Shiv Toss","floor":15,"key":"SMITH"},{"data":"Replay:Bag of Tricks","floor":24,"key":"SMITH"},{"floor":32,"key":"REST"},{"floor":44,"key":"REST"},{"floor":49,"key":"REST"}],"circlet_count":0,"master_deck":["Strike_G","Strike_G","Strike_G","Defend_G+1","Defend_G","Defend_G+1","Defend_G","Defend_G","Survivor","Neutralize","ReplayTheSpireMod:Shiv Toss+1","Finisher","Phantasmal Killer","Infinite Blades","Malaise+1","Acrobatics","Blade Dance","ReplayTheSpireMod:Scrap Shanks+1","Unload","stsjorbsmod:Godsbane","Replay:Bag of Tricks+1","Steam","Apotheosis+1","Blade Dance+1","ReplayTheSpireMod:Shiv Toss+1","Leg Sweep+1","HandOfGreed","Blade Dance+1","stsjorbsmod:Accumulation+1","stsjorbsmod:FindWeakness+1"],"relics":["hubris:ScarierMask","Dream Catcher","Boot","Centennial Puzzle","hubris:Towel","PrismaticShard","Snecko Scales","Cauldron","Toxic Egg 2","Gremlin Food","Busted Crown","Replay:Arrowhead","OrangePellets","PreservedInsect","Mummified Hand","Toy Ornithopter"],"acts_visited":["Exordium","TheCity","TheBeyond"],"potions_floor_usage":[50,50],"damage_taken":[{"damage":6,"enemies":"Jaw Worm","floor":1,"turns":6},{"damage":2,"enemies":"Small Slimes","floor":3,"turns":3},{"damage":3,"enemies":"Replay:BlueRogue","floor":6,"turns":8},{"damage":0,"enemies":"2 Louse","floor":8,"turns":3},{"damage":0,"enemies":"2 Fungi Beasts","floor":13,"turns":3},{"damage":9,"enemies":"Large Slime","floor":14,"turns":4},{"damage":32,"enemies":"Hexaghost","floor":16,"turns":9},{"damage":0,"enemies":"3 Byrds","floor":18,"turns":3},{"damage":6,"enemies":"2 Thieves","floor":21,"turns":2},{"damage":0,"enemies":"Slavers","floor":23,"turns":2},{"damage":0,"enemies":"Cultist and Chosen","floor":25,"turns":3},{"damage":6,"enemies":"3 Cultists","floor":29,"turns":3},{"damage":0,"enemies":"Centurion and Healer","floor":31,"turns":3},{"damage":27,"enemies":"hubris:MusketHawk","floor":33,"turns":4},{"damage":2,"enemies":"3 Shapes","floor":35,"turns":3},{"damage":0,"enemies":"2 Orb Walkers","floor":36,"turns":2},{"damage":2,"enemies":"Orb Walker","floor":38,"turns":4},{"damage":29,"enemies":"Maw","floor":40,"turns":7},{"damage":5,"enemies":"Giant Head","floor":41,"turns":3},{"damage":5,"enemies":"3 Darklings","floor":42,"turns":3},{"damage":2,"enemies":"4 Shapes","floor":45,"turns":5},{"damage":3,"enemies":"Nemesis","floor":46,"turns":3},{"damage":11,"enemies":"Writhing Mass","floor":47,"turns":3},{"damage":2,"enemies":"Maw","floor":48,"turns":3},{"damage":194,"enemies":"LordOfAnnihilation","floor":50,"turns":10}],"seed_played":"-7814843508710861580","potions_obtained":[{"floor":6,"key":"SneckoOil"},{"floor":13,"key":"Ancient Potion"},{"floor":14,"key":"EssenceOfSteel"},{"floor":22,"key":"CunningPotion"},{"floor":22,"key":"FairyPotion"},{"floor":22,"key":"GhostInAJar"}],"is_trial":false,"path_per_floor":["M","?","M","?","?","E","R","M","T","?","?","$","M","M","R","B",null,"M","$","?","M","AVR","E","R","M","T","?","?","M","$","M","R","B",null,"M","?","?","M","$","M","E","M","T","R","M","E","M","M","R","B"],"character_chosen":"THE_SILENT","items_purchased":["PrismaticShard","ReplayTheSpireMod:Scrap Shanks","Replay:Bag of Tricks","Leg Sweep+1","OrangePellets","PreservedInsect","Blade Dance+1"],"campfire_rested":4,"item_purchase_floors":[12,12,19,30,39,39,39],"current_hp_per_floor":[64,64,62,62,62,59,70,70,70,70,70,70,70,61,61,29,70,70,70,70,64,64,64,64,64,64,64,64,58,58,58,70,43,70,68,68,68,66,66,37,32,27,27,48,46,43,32,30,51,0,0],"gold":227,"neow_bonus":"BOSS_RELIC","is_daily":false,"chose_seed":false,"campfire_upgraded":2,"win_rate":0.0,"timestamp":1612280297,"path_taken":["M","?","M","?","?","E","R","M","T","?","?","$","M","M","R","BOSS","M","$","?","M","AVR","E","R","M","T","?","?","?","$","M","R","BOSS","M","?","?","M","$","M","E","M","T","R","M","E","M","M","R","BOSS"],"items_purchased_type":["Relic","Card","Card","Card","Relic","Relic","Card"],"build_version":"2020-12-22","purchased_purges":0,"victory":false,"max_hp_per_floor":[70,70,70,70,70,70,70,70,70,70,70,70,70,70,70,70,70,70,70,70,70,70,70,70,70,70,70,70,70,70,70,70,70,70,70,70,70,70,70,70,70,70,70,70,70,70,70,70,70,70,70],"card_choices":[{"not_picked":["Underhanded Strike","Flying Knee"],"picked":"ReplayTheSpireMod:Shiv Toss","floor":1},{"not_picked":["Riddle With Holes","Heel Hook"],"picked":"Finisher","floor":3},{"not_picked":["Prepared","PiercingWail"],"picked":"Infinite Blades","floor":5},{"not_picked":["Poisoned Stab","Accuracy"],"picked":"Malaise","floor":5},{"not_picked":["Heel Hook","Dodge and Roll","Dagger Spray"],"picked":"SKIP","floor":6},{"not_picked":["Underhanded Strike","Deadly Poison"],"picked":"Acrobatics","floor":7},{"not_picked":["Flying Knee","Flechettes"],"picked":"Blade Dance","floor":8},{"not_picked":["animator:Verdia","EmptyFist","Endless Agony"],"picked":"SKIP","floor":13},{"not_picked":["animator:Chung","Flex","animator:Ciel"],"picked":"SKIP","floor":14},{"not_picked":["Thunder Strike","Metamorphosis"],"picked":"Unload","floor":16},{"not_picked":["Havoc","Halt"],"picked":"stsjorbsmod:Godsbane","floor":18},{"not_picked":["Replay:Vibes","ReplaySolidLightProjector+1"],"picked":"Steam","floor":21},{"not_picked":["animator:Nanami+1","Phantasmal Killer+1"],"picked":"Apotheosis+1","floor":23},{"not_picked":["ReplayTheSpireMod:Strike From Hell","Infinite Blades+1"],"picked":"Blade Dance+1","floor":25},{"not_picked":["hubris:ReadiedAction+1","Panic Button+1","Iron Wave"],"picked":"SKIP","floor":29},{"not_picked":["Mayhem","stsjorbsmod:BurningFlask+1","Go for the Eyes"],"picked":"SKIP","floor":31},{"not_picked":["stsjorbsmod:Intervention","Midas Touch+1"],"picked":"HandOfGreed","floor":33},{"not_picked":["animator:Nanami+1"],"picked":"SKIP","floor":35},{"not_picked":["animator:Tatsumaki+1"],"picked":"SKIP","floor":38},{"not_picked":["Mind Blast"],"picked":"SKIP","floor":40},{"not_picked":["animator:Elsword"],"picked":"SKIP","floor":41},{"not_picked":["stsjorbsmod:BlackTentacles"],"picked":"SKIP","floor":42},{"not_picked":[],"picked":"stsjorbsmod:Accumulation+1","floor":44},{"not_picked":["ReplayTheSpireMod:Calculation Training+1"],"picked":"SKIP","floor":45},{"not_picked":["Cleave"],"picked":"SKIP","floor":46},{"not_picked":["stsjorbsmod:Damnation+1"],"picked":"SKIP","floor":47},{"not_picked":["animator:Mikaela+1"],"picked":"SKIP","floor":48},{"not_picked":[],"picked":"stsjorbsmod:FindWeakness+1","floor":49}],"player_experience":120809,"relics_obtained":[{"floor":5,"key":"Dream Catcher"},{"floor":6,"key":"Boot"},{"floor":9,"key":"Centennial Puzzle"},{"floor":23,"key":"Toxic Egg 2"},{"floor":26,"key":"Gremlin Food"},{"floor":36,"key":"Replay:Arrowhead"},{"floor":41,"key":"Mummified Hand"},{"floor":46,"key":"Toy Ornithopter"}],"event_choices":[{"cards_removed":["Strike_G"],"damage_healed":0,"gold_gain":0,"player_choice":"Card Removal","damage_taken":0,"max_hp_gain":0,"max_hp_loss":0,"event_name":"The Cleric","floor":2,"gold_loss":50},{"damage_healed":0,"gold_gain":0,"cards_transformed":["Strike_G"],"player_choice":"Change","damage_taken":0,"max_hp_gain":0,"max_hp_loss":0,"event_name":"Living Wall","floor":4,"gold_loss":0,"cards_obtained":["Phantasmal Killer"]},{"damage_healed":0,"gold_gain":0,"player_choice":"Ignored","damage_taken":0,"max_hp_gain":0,"max_hp_loss":0,"event_name":"Vampires","floor":20,"gold_loss":0},{"damage_healed":0,"gold_gain":0,"player_choice":"Copied","damage_taken":0,"max_hp_gain":0,"max_hp_loss":0,"event_name":"Duplicator","floor":28,"gold_loss":0,"cards_obtained":["ReplayTheSpireMod:Shiv Toss"]},{"damage_healed":0,"gold_gain":0,"player_choice":"Fight","damage_taken":0,"max_hp_gain":0,"max_hp_loss":0,"event_name":"Mysterious Sphere","floor":36,"gold_loss":0},{"damage_healed":0,"gold_gain":0,"player_choice":"0 cards matched","damage_taken":0,"max_hp_gain":0,"max_hp_loss":0,"event_name":"Match and Keep!","floor":37,"gold_loss":0,"cards_obtained":[]}],"is_beta":false,"boss_relics":[{"not_picked":["HoveringKite","Cursed Key"],"picked":"Snecko Scales"},{"not_picked":["Honey Jar","hubris:RunicObelisk"],"picked":"Busted Crown"}],"items_purged_floors":[],"is_endless":false,"potions_floor_spawned":[6,13,14,21,33,36,38,42,45,46],"killed_by":"LordOfAnnihilation","ascension_level":1}}