{"host":"qgrlfjrqk9z96gfi","time":1612242607,"event":{"mods":["BaseMod","Block Reminder","Colored Map","Custom Start","DeckTracker","Minty Spire (QoL Compilation)"],"gold_per_floor":[215,56,56,69,93,93,132,132,156,156,196,45,69,82,82,171,171,186,206,206,225,245,245,72,72,143,233,251,251,265,265,265,356,356,370,370,383,77,77,77,77],"floor_reached":40,"language":"ENG","playtime":1590,"items_purged":["Strike_G"],"score":792,"play_id":"c88e1d20-bb17-45f9-99f8-6d1ee33b5521","local_time":"20210201191007","is_ascension_mode":true,"campfire_choices":[{"data":"Dash","floor":6,"key":"SMITH"},{"data":"Leg Sweep","floor":8,"key":"SMITH"},{"floor":10,"key":"REST"},{"data":"Dagger Throw","floor":15,"key":"SMITH"},{"floor":23,"key":"REST"},{"data":"Noxious Fumes","floor":29,"key":"SMITH"},{"floor":32,"key":"REST"}],"circlet_count":0,"master_deck":["AscendersBane","Survivor","Neutralize","Dash+1","Calculated Gamble","Endless Agony","Quick Slash","Prepared","Leg Sweep+1","Cloak And Dagger","Underhanded Strike","Infinite Blades","Envenom","Backflip","Bouncing Flask","Flying Knee","Bullet Time","Caltrops","Well Laid Plans","Expertise","Blur","Catalyst","Backflip","Die Die Die","Footwork","Noxious Fumes+1","Adrenaline","Acrobatics+1","Terror"],"relics":["Ring of the Snake","Golden Idol","Happy Flower","Regal Pillow","Bronze Scales","Pandora\u0027s Box","Bottled Tornado","Bottled Flame","Snecko Eye","Mummified Hand"],"acts_visited":["Exordium","TheCity","TheBeyond"],"potions_floor_usage":[11,11,16,16,28,33,33,40],"damage_taken":[{"damage":4,"enemies":"Jaw Worm","floor":1,"turns":7},{"damage":0,"enemies":"2 Louse","floor":4,"turns":3},{"damage":0,"enemies":"Cultist","floor":5,"turns":3},{"damage":25,"enemies":"3 Sentries","floor":7,"turns":12},{"damage":32,"enemies":"Gremlin Nob","floor":11,"turns":5},{"damage":0,"enemies":"2 Fungi Beasts","floor":13,"turns":3},{"damage":0,"enemies":"Gremlin Gang","floor":14,"turns":4},{"damage":12,"enemies":"Hexaghost","floor":16,"turns":11},{"damage":24,"enemies":"Spheric Guardian","floor":18,"turns":5},{"damage":24,"enemies":"3 Byrds","floor":19,"turns":5},{"damage":18,"enemies":"Centurion and Healer","floor":21,"turns":8},{"damage":24,"enemies":"Snake Plant","floor":22,"turns":4},{"damage":26,"enemies":"3 Cultists","floor":28,"turns":6},{"damage":16,"enemies":"Sentry and Sphere","floor":30,"turns":6},{"damage":23,"enemies":"Automaton","floor":33,"turns":10},{"damage":0,"enemies":"3 Shapes","floor":35,"turns":3},{"damage":17,"enemies":"3 Darklings","floor":37,"turns":5},{"damage":64,"enemies":"Reptomancer","floor":40,"turns":5}],"seed_played":"-7422536368888109284","potions_obtained":[{"floor":1,"key":"SpeedPotion"},{"floor":7,"key":"FearPotion"},{"floor":14,"key":"EntropicBrew"},{"floor":19,"key":"Fire Potion"},{"floor":28,"key":"AttackPotion"},{"floor":37,"key":"DistilledChaos"}],"is_trial":false,"path_per_floor":["M","$","?","M","M","R","E","R","T","R","E","$","M","M","R","B",null,"M","M","?","M","M","R","$","?","T","?","M","R","M","T","R","B",null,"M","?","M","$","?","E"],"character_chosen":"THE_SILENT","items_purchased":["Calculated Gamble","Endless Agony","Dagger Throw","Cloak And Dagger","Die Die Die","Terror","Mummified Hand"],"campfire_rested":3,"item_purchase_floors":[2,2,12,12,24,38,38],"current_hp_per_floor":[55,55,55,55,55,55,30,30,30,60,28,28,28,28,28,16,49,25,1,70,52,28,64,64,64,64,52,26,26,10,10,46,23,58,58,58,41,41,41,0,0],"gold":77,"neow_bonus":"HUNDRED_GOLD","is_daily":false,"chose_seed":false,"campfire_upgraded":4,"win_rate":0.0,"timestamp":1612242607,"path_taken":["M","$","?","M","M","R","E","R","T","R","E","$","M","M","R","BOSS","M","M","?","M","?","R","$","?","T","?","M","R","?","?","R","BOSS","M","?","M","$","?","E"],"items_purchased_type":["Card","Card","Card","Card","Card","Card","Relic"],"build_version":"2020-12-22","purchased_purges":1,"victory":false,"max_hp_per_floor":[66,66,60,60,60,60,60,60,60,60,60,60,60,60,60,60,60,60,60,70,70,70,70,70,70,70,70,70,70,70,70,70,70,70,70,66,66,66,66,66,66],"card_choices":[{"not_picked":["Underhanded Strike","Distraction"],"picked":"Dash","floor":1},{"not_picked":["Calculated Gamble","Masterful Stab"],"picked":"Quick Slash","floor":4},{"not_picked":["Dodge and Roll","Deadly Poison"],"picked":"Prepared","floor":5},{"not_picked":["Caltrops","Quick Slash"],"picked":"Leg Sweep","floor":7},{"not_picked":["Catalyst","Prepared","Bane"],"picked":"SKIP","floor":11},{"not_picked":["Concentrate","Quick Slash"],"picked":"Underhanded Strike","floor":13},{"not_picked":["Cloak And Dagger","Choke"],"picked":"Infinite Blades","floor":14},{"not_picked":["After Image","Malaise"],"picked":"Envenom","floor":16},{"not_picked":["Flying Knee","Dodge and Roll"],"picked":"Catalyst","floor":18},{"not_picked":["Flying Knee","Prepared","Dodge and Roll"],"picked":"SKIP","floor":19},{"not_picked":["Prepared","Setup","Cloak And Dagger"],"picked":"SKIP","floor":21},{"not_picked":["Bane","Flying Knee"],"picked":"Backflip","floor":22},{"not_picked":["Malaise","Catalyst"],"picked":"Noxious Fumes","floor":28},{"not_picked":["Prepared","Expertise","Dagger Throw"],"picked":"SKIP","floor":30},{"not_picked":["Glass Knife","Venomology"],"picked":"Adrenaline","floor":33},{"not_picked":["Underhanded Strike","Poisoned Stab"],"picked":"Acrobatics+1","floor":35},{"not_picked":["Noxious Fumes","Escape Plan","Flying Knee+1"],"picked":"SKIP","floor":37}],"player_experience":1103293,"relics_obtained":[{"floor":7,"key":"Happy Flower"},{"floor":9,"key":"Regal Pillow"},{"floor":11,"key":"Bronze Scales"},{"floor":26,"key":"Bottled Tornado"},{"floor":31,"key":"Bottled Flame"}],"event_choices":[{"damage_healed":0,"gold_gain":0,"player_choice":"Lose Max HP","damage_taken":0,"relics_obtained":["Golden Idol"],"max_hp_gain":0,"max_hp_loss":6,"event_name":"Golden Idol","floor":3,"gold_loss":0},{"cards_removed":["Envenom"],"damage_healed":59,"gold_gain":0,"player_choice":"Offered Rare","damage_taken":0,"max_hp_gain":10,"max_hp_loss":0,"event_name":"Bonfire Elementals","floor":20,"gold_loss":0},{"damage_healed":0,"gold_gain":0,"player_choice":"Read","damage_taken":0,"max_hp_gain":0,"max_hp_loss":0,"event_name":"The Library","floor":25,"gold_loss":0,"cards_obtained":["Footwork"]},{"damage_healed":0,"gold_gain":90,"player_choice":"GOLD ","damage_taken":12,"max_hp_gain":0,"max_hp_loss":0,"event_name":"Knowing Skull","floor":27,"potions_obtained":[],"gold_loss":0,"cards_obtained":[]},{"damage_healed":0,"gold_gain":0,"player_choice":"Max HP","damage_taken":0,"max_hp_gain":0,"max_hp_loss":4,"event_name":"Winding Halls","floor":36,"gold_loss":0},{"cards_removed":["Dagger Throw"],"damage_healed":0,"gold_gain":0,"player_choice":"Removed Attack","damage_taken":0,"max_hp_gain":0,"max_hp_loss":0,"event_name":"Falling","floor":39,"gold_loss":0}],"is_beta":false,"boss_relics":[{"not_picked":["Cursed Key","Runic Pyramid"],"picked":"Pandora\u0027s Box"},{"not_picked":["SlaversCollar","Fusion Hammer"],"picked":"Snecko Eye"}],"items_purged_floors":[12],"is_endless":false,"potions_floor_spawned":[1,7,14,19,21,28,37],"killed_by":"Reptomancer","ascension_level":20}}