{"host":"z5bn7jsck728mmiq","time":1612227187,"event":{"mods":["BaseMod","Bestiary","DeckTracker","Minty Spire (QoL Compilation)","StSLib"],"gold_per_floor":[109,109,127,127,143,174,192,70,148,148,323,288,288,303,303,426,426,439,266,266,279,279,279,323,338,338,361,311,121,121,134,134,259,259,284,284,284,297,34,34,59,79,79,79,79],"floor_reached":44,"language":"ENG","playtime":1580,"items_purged":["Strike_P","Doubt","SashWhip"],"score":503,"play_id":"3be91bd9-41e3-471b-bae6-c21864f66263","local_time":"20210201165307","is_ascension_mode":false,"campfire_choices":[{"floor":10,"key":"REST"},{"data":"Eruption","floor":15,"key":"SMITH"},{"data":"Establishment","floor":23,"key":"SMITH"},{"data":"SandsOfTime","floor":30,"key":"SMITH"},{"floor":32,"key":"REST"},{"data":"Vault","floor":40,"key":"SMITH"}],"circlet_count":0,"master_deck":["Eruption+1","Vigilance","SandsOfTime+1","EmptyMind","BattleHymn","CutThroughFate","EmptyBody","Establishment+1","Sanctity","EmptyFist","Vault+1","ClearTheMind","ReachHeaven","SignatureMove","Halt","FlurryOfBlows","EmptyBody+1","PathToVictory","Conclude","DeceiveReality","EmptyBody","Sanctity+1","DevaForm","LessonLearned","FlurryOfBlows+1","PathToVictory","Protect+1"],"relics":["HolyWater","Golden Idol","Lizard Tail","Bottled Flame","Ancient Tea Set","Pandora\u0027s Box","Darkstone Periapt","Sundial","Ornamental Fan","Orrery","Membership Card","Letter Opener"],"acts_visited":["Exordium","TheCity","TheBeyond"],"potions_floor_usage":[6,16,27,33,33,41],"damage_taken":[{"damage":7,"enemies":"Cultist","floor":1,"turns":3},{"damage":9,"enemies":"Small Slimes","floor":3,"turns":3},{"damage":1,"enemies":"2 Louse","floor":5,"turns":3},{"damage":25,"enemies":"3 Sentries","floor":6,"turns":6},{"damage":10,"enemies":"Large Slime","floor":7,"turns":7},{"damage":0,"enemies":"2 Fungi Beasts","floor":14,"turns":2},{"damage":0,"enemies":"Slime Boss","floor":16,"turns":5},{"damage":14,"enemies":"3 Byrds","floor":18,"turns":6},{"damage":3,"enemies":"Spheric Guardian","floor":21,"turns":4},{"damage":8,"enemies":"Book of Stabbing","floor":24,"turns":3},{"damage":1,"enemies":"Snecko","floor":25,"turns":3},{"damage":3,"enemies":"Sentry and Sphere","floor":27,"turns":3},{"damage":0,"enemies":"Chosen and Byrds","floor":31,"turns":4},{"damage":88,"enemies":"Collector","floor":33,"turns":11},{"damage":28,"enemies":"3 Darklings","floor":35,"turns":6},{"damage":12,"enemies":"3 Shapes","floor":38,"turns":5},{"damage":30,"enemies":"Sphere and 2 Shapes","floor":41,"turns":5},{"damage":1,"enemies":"Transient","floor":42,"turns":6},{"damage":9,"enemies":"4 Shapes","floor":44,"turns":1}],"seed_played":"8730980615716447924","potions_obtained":[{"floor":5,"key":"Explosive Potion"},{"floor":14,"key":"DistilledChaos"},{"floor":16,"key":"Strength Potion"},{"floor":21,"key":"Energy Potion"},{"floor":24,"key":"BlessingOfTheForge"},{"floor":27,"key":"Ancient Potion"},{"floor":38,"key":"DuplicationPotion"}],"is_trial":false,"path_per_floor":["M","?","M","?","M","E","M","$","T","R","?","?","?","M","R","B",null,"M","$","?","M","?","R","E","M","T","M","?","$","R","M","R","B",null,"M","?","?","M","$","R","M","M","T","M"],"character_chosen":"WATCHER","items_purchased":["CutThroughFate","ReachHeaven","PathToVictory","Orrery","PathToVictory","Membership Card"],"campfire_rested":2,"item_purchase_floors":[8,19,29,29,39,39],"current_hp_per_floor":[72,53,44,44,43,18,8,8,8,31,31,50,50,50,50,50,79,65,65,65,62,62,62,54,53,53,50,50,50,50,50,73,39,79,51,51,51,39,39,39,9,8,8,0,0],"gold":79,"neow_bonus":"TEN_PERCENT_HP_BONUS","is_daily":false,"chose_seed":false,"campfire_upgraded":4,"win_rate":0.0,"timestamp":1612227187,"path_taken":["M","?","M","?","M","E","M","$","T","R","?","?","?","?","R","BOSS","M","$","?","M","?","R","E","M","T","?","?","?","R","M","R","BOSS","M","?","?","?","?","R","M","?","T","M"],"items_purchased_type":["Card","Card","Card","Relic","Card","Relic"],"build_version":"2020-12-22","purchased_purges":3,"victory":false,"max_hp_per_floor":[79,79,79,79,79,79,79,79,79,79,79,79,79,79,79,79,79,79,79,79,79,79,79,79,79,79,79,79,79,79,79,79,79,79,79,79,79,79,79,79,79,79,79,79,79],"card_choices":[{"not_picked":["BowlingBash","FlyingSleeves","WindmillStrike"],"picked":"SKIP","floor":1},{"not_picked":["CrushJoints","BowlingBash"],"picked":"SandsOfTime","floor":3},{"not_picked":["Crescendo","Evaluate"],"picked":"SashWhip","floor":5},{"not_picked":["FlyingSleeves","Collect"],"picked":"EmptyMind","floor":6},{"not_picked":["Crescendo","Halt"],"picked":"BattleHymn","floor":7},{"not_picked":["Study","Fasting2"],"picked":"EmptyBody","floor":14},{"not_picked":["Omniscience","ConjureBlade"],"picked":"Establishment","floor":16},{"not_picked":["Crescendo+1","WaveOfTheHand","ClearTheMind"],"picked":"SKIP","floor":18},{"not_picked":["WreathOfFlame+1","FlurryOfBlows+1"],"picked":"SignatureMove","floor":21},{"not_picked":["Devotion","Vengeance"],"picked":"Halt","floor":24},{"not_picked":["Evaluate","Prostrate"],"picked":"FlurryOfBlows","floor":25},{"not_picked":["SashWhip+1","CarveReality+1"],"picked":"EmptyBody+1","floor":27},{"not_picked":["Fasting2","ReachHeaven+1"],"picked":"Conclude","floor":29},{"not_picked":["Protect","BowlingBash"],"picked":"DeceiveReality","floor":29},{"not_picked":["Prostrate","Pray"],"picked":"EmptyBody","floor":29},{"not_picked":["DeceiveReality","Prostrate"],"picked":"Sanctity+1","floor":29},{"not_picked":["CutThroughFate","CarveReality"],"picked":"DevaForm","floor":29},{"not_picked":["Crescendo","Study","Evaluate"],"picked":"SKIP","floor":31},{"not_picked":["Omniscience","DevaForm"],"picked":"LessonLearned","floor":33},{"not_picked":["Wireheading","Protect+1"],"picked":"FlurryOfBlows+1","floor":35},{"not_picked":["EmptyBody","Weave+1","Consecrate+1"],"picked":"SKIP","floor":38},{"not_picked":["DevaForm","JustLucky","CarveReality"],"picked":"SKIP","floor":41},{"not_picked":["EmptyBody+1","CrushJoints+1"],"picked":"Protect+1","floor":42}],"player_experience":95885,"relics_obtained":[{"floor":6,"key":"Lizard Tail"},{"floor":9,"key":"Bottled Flame"},{"floor":24,"key":"Sundial"},{"floor":26,"key":"Ornamental Fan"},{"floor":43,"key":"Letter Opener"}],"event_choices":[{"damage_healed":0,"gold_gain":0,"player_choice":"Take Damage","damage_taken":19,"relics_obtained":["Golden Idol"],"max_hp_gain":0,"max_hp_loss":0,"event_name":"Golden Idol","floor":2,"gold_loss":0},{"cards_removed":["Defend_P"],"damage_healed":0,"gold_gain":0,"player_choice":"Forget","damage_taken":0,"max_hp_gain":0,"max_hp_loss":0,"event_name":"Living Wall","floor":4,"gold_loss":0},{"damage_healed":0,"gold_gain":175,"player_choice":"AGREE","damage_taken":0,"max_hp_gain":0,"max_hp_loss":0,"event_name":"Liars Game","floor":11,"gold_loss":0,"cards_obtained":["Doubt"]},{"damage_healed":19,"gold_gain":0,"player_choice":"Healed","damage_taken":0,"max_hp_gain":0,"max_hp_loss":0,"event_name":"The Cleric","floor":12,"gold_loss":35},{"damage_healed":0,"gold_gain":0,"player_choice":"Searched \u00271\u0027 times","damage_taken":0,"relics_obtained":["Ancient Tea Set"],"max_hp_gain":0,"max_hp_loss":0,"event_name":"Dead Adventurer","floor":13,"gold_loss":0},{"cards_removed":["Crescendo"],"damage_healed":0,"gold_gain":0,"player_choice":"Elegance","damage_taken":0,"max_hp_gain":0,"max_hp_loss":0,"event_name":"Back to Basics","floor":20,"gold_loss":0},{"damage_healed":0,"gold_gain":0,"player_choice":"Gave Potion","damage_taken":0,"relics_obtained":["Darkstone Periapt"],"max_hp_gain":0,"max_hp_loss":0,"event_name":"WeMeetAgain","floor":22,"gold_loss":0},{"damage_healed":0,"gold_gain":0,"player_choice":"Bet on Murderer","damage_taken":0,"max_hp_gain":0,"max_hp_loss":0,"event_name":"The Joust","floor":28,"gold_loss":50},{"cards_removed":["ClearTheMind"],"damage_healed":0,"gold_gain":0,"player_choice":"Removed Skill","damage_taken":0,"max_hp_gain":0,"max_hp_loss":0,"event_name":"Falling","floor":36,"gold_loss":0},{"damage_healed":0,"gold_gain":0,"player_choice":"0 cards matched","damage_taken":0,"max_hp_gain":0,"max_hp_loss":0,"event_name":"Match and Keep!","floor":37,"gold_loss":0,"cards_obtained":[]}],"is_beta":false,"boss_relics":[{"not_picked":["VioletLotus","Black Star"],"picked":"Pandora\u0027s Box"},{"not_picked":["Runic Dome","Fusion Hammer"],"picked":"HolyWater"}],"items_purged_floors":[8,19,39],"is_endless":false,"potions_floor_spawned":[5,14,16,21,24,27,38],"killed_by":"4 Shapes","ascension_level":0}}