{"host":"f0dbpmn0khgeoqc0","time":1612306039,"event":{"mods":["2.2 Compatiblity","AchievementEnabler","Act Like it!","Ascension Unlocker","Aspiration","BaseMod","Better Altar","Better Match","Better Sensory Stone","Better Skull","Better Third Choice","BetterRewards","Block Reminder","Colored Map","Colored Powertips","Conspire","DNKmod","Disable Question Mark Monsters","Displayed Cursed Tome","Evolution","Friendly Minions","Hermit","Highlight Path","Humility","Infinite Spire","Jorbs\u0027s Wanderer Trilogy","Koishi","Marisa????????","Minty Spire (QoL Compilation)","Monster B Gone","MostiFishMod","Permanent Neow","Random Character Button","Relic Filter","Relic Stats","Replay The Spire","Spicy Shops","Spire Arcade","StSLib","Td1madao Mod","The Gatherer","Treasure Hunter","Wandering Minibosses","??????REMEMod"],"gold_per_floor":[373,387,337,337,12,50,50,88,160,190,190,216,230,245,245,318,318,337,349,349,264,289,321,333,359,359,404,347,347,347,374,374,453,453,465,465,485,515,515,515,559,653,653,714,714,794,988,1063,1063,1076,1091,1091,1091,702,754,754],"floor_reached":57,"language":"ENG","playtime":3871,"items_purged":[],"score":3982,"play_id":"4ef1ecea-72af-4e82-8aaf-6d7d4b73ffe4","local_time":"20210202174719","is_ascension_mode":true,"campfire_choices":[{"data":"PiercingWail","floor":15,"key":"SMITH"},{"floor":32,"key":"RECALL"},{"data":"Prepared","floor":40,"key":"SMITH"},{"data":"MostiFishMod:GatherIntelligence","floor":45,"key":"SMITH"},{"floor":49,"key":"REST"},{"data":"Prepared","floor":53,"key":"SMITH"}],"circlet_count":0,"master_deck":["AscendersBane","Quick Slash","Quick Slash","Quick Slash","Quick Slash","Strike_G","Defend_G","Defend_G","Defend_G","Defend_G","Defend_G","Survivor","Neutralize","Accuracy","ReplayTheSpireMod:Speed Training+1","Riddle With Holes","REME_GreenPollution","Bane","Apotheosis+1","TH:ArmorSpikes+1","MostiFishMod:JungleRules+1","Fiend Fire+1","Wraith Form v2+1","MostiFishMod:FrostNova","conspire:SpireCoStock","Footwork","Outmaneuver+1","TH:TreasureMap+1","PiercingWail+1","Parasite","TH:DeckOfManyThings+1","MostiFishMod:AdrenalineArouse+1","TH:CursedSword+1","TH:CursedSword+1","MostiFishMod:GatherIntelligence+1","TH:TreasureMap+1","TH:CursedSword+1","Rebound","Coolheaded","Sucker Punch","TH:CursedSword+1","Tools of the Trade+1","ReplayTheSpireMod:Speed Training","FIFO Queue","Backflip+1","TH:CursedSword+1","Wraith Form v2+1","TH:CopperCoins+1","Flying Knee","TH:TreasureMap+1","TH:CursedSword+1","Blade Dance","Prepared+1","Hologram","Flying Knee","Impatience","MostiFishMod:OneDayCity+1","TH:CursedSword+1","TH:ElvenBoots+1","Bane+1","TH:CursedSword+1","MostiFishMod:DawningShadow+1","TH:CopperCoins+1","Seek+1","Blade Dance","TH:Mimic+1","TH:ArmorSpikes+1","TH:BikiniMail+1","TH:EnergyPotion+1","TH:TreasureMap+1","Biased Cognition+1","TH:PixieDust+1","TH:DeckOfManyThings+1","TH:BikiniMail+1","TH:Mimic+1","TH:CopperCoins+1","Beam Cell","TH:Mimic+1","TH:DeckOfManyThings+1","TH:EnergyPotion+1","TH:BikiniMail+1","TH:CopperCoins+1","Cloak And Dagger","TH:CopperCoins+1","TH:BikiniMail+1","TH:ElvenBoots+1","TH:ArmorSpikes+1","TH:DeckOfManyThings+1","Prepared+1","White Noise+1","Capacitor+1","Accuracy","Specialist","Leap+1","Capacitor+1","Streamline","Quick Slash","Dodge and Roll","Sweeping Beam","TH:TreasureMap+1","TH:DeckOfManyThings+1","TH:CursedSword+1","TH:Mimic+1","TH:CopperCoins+1","hermit:PistolWhip","Streamline+1","Feel No Pain+1","Hologram+1","stsjorbsmod:HedgeWizard","Gatherer:HeartToFruit+1"],"relics":["Ring of the Snake","EVO:Axolotl","DaveBox","REME_ComplimentaryCards","Medical Kit","aspiration:DSix","infinitespire:Satchel","Tiny Chest","ReplayTheSpireMod:ShopPack","Bag of Marbles","Sling","Ornamental Fan","BrkXgEgg","SynthV:TestCard","Membership Card","conspire:TreasureMap","aspiration:DefectSkillbook","Snack Pack","Bottled Tornado","Toy Ornithopter","Shuriken","Art of War","xbg","Dead Branch","Strawberry","War Paint","PreservedInsect","Potion Belt","Anchor","Vampiric Spirits","BargainBundle","WristBlade","ReplayTheSpireMod:Lightbulb","Replay:Bottled Flurry","ChewingGum","Matryoshka","REME_IWantAll","Divine Protection","infinitespire:EvilPickle","OriginationStaff","infinitespire:Broken Mirror","aspiration:Lifesprig","Akabeko","Orichalcum","PrismaticShard","REME_OnlineShoppingPlatform","ReplayTheSpireMod:TigerMarble"],"acts_visited":["Exordium","TheCity","TheBeyond","TheEnding"],"potions_floor_usage":[6,10,10,16,46,55],"damage_taken":[{"damage":0.0,"enemies":"Jaw Worm","floor":1.0,"turns":1.0},{"damage":0.0,"enemies":"2 Louse","floor":2.0,"turns":2.0},{"damage":14,"enemies":"Nightmare","floor":6,"turns":8},{"damage":1,"enemies":"Lagavulin","floor":8,"turns":5},{"damage":10,"enemies":"Gremlin Nob","floor":10,"turns":5},{"damage":4,"enemies":"Lagavulin","floor":12,"turns":4},{"damage":5,"enemies":"Small Slimes","floor":13,"turns":2},{"damage":8,"enemies":"Exordium Wildlife","floor":14,"turns":4},{"damage":22,"enemies":"Fading Forest","floor":16,"turns":13},{"damage":5,"enemies":"conspire:FuzzyDice","floor":18,"turns":5},{"damage":1,"enemies":"Shell Parasite","floor":19,"turns":3},{"damage":0,"enemies":"conspire:HollyBat","floor":22,"turns":8},{"damage":1,"enemies":"Gremlin Leader","floor":23,"turns":5},{"damage":1,"enemies":"Sentry and Sphere","floor":24,"turns":3},{"damage":2,"enemies":"conspire:SneckoGhost","floor":25,"turns":5},{"damage":21,"enemies":"Slavers","floor":27,"turns":4},{"damage":4,"enemies":"Gremlin Leader","floor":31,"turns":3},{"damage":13,"enemies":"Pondfish","floor":33,"turns":6},{"damage":0,"enemies":"3 Darklings","floor":35,"turns":2},{"damage":0,"enemies":"Orb Walker","floor":37,"turns":3},{"damage":0,"enemies":"Mind Bloom Boss Battle","floor":38,"turns":3},{"damage":0,"enemies":"Mind Bloom Boss Battle","floor":38,"turns":3},{"damage":0,"enemies":"Spire Growth","floor":41,"turns":2},{"damage":0,"enemies":"R_Hoarder","floor":42,"turns":2},{"damage":0,"enemies":"4 Shapes","floor":44,"turns":2},{"damage":0,"enemies":"Reptomancer","floor":46,"turns":3},{"damage":0,"enemies":"Jaw Worm Horde","floor":48,"turns":2},{"damage":25,"enemies":"Replay:Hell Engine","floor":50,"turns":7},{"damage":0,"enemies":"Awakened One","floor":51,"turns":8},{"damage":0,"enemies":"Shield and Spear","floor":55,"turns":4},{"damage":6,"enemies":"The Heart","floor":56,"turns":6}],"seed_played":"-5897645282063835751","potions_obtained":[{"floor":2.0,"key":"Energy Potion"},{"floor":8,"key":"SkillPotion"},{"floor":10,"key":"REME_GoldPotion"},{"floor":13,"key":"Explosive Potion"},{"floor":14,"key":"SteroidPotion"},{"floor":18,"key":"LiquidMemories"},{"floor":23,"key":"AttackPotion"},{"floor":27,"key":"Adrenaline Potion"},{"floor":46,"key":"REME_GoldPotion"},{"floor":48,"key":"AttackPotion"}],"is_trial":false,"path_per_floor":["M","M","?","?","$","NM","?","E","T","E","T","E","M","M","R","B",null,"M","M","?","?","M","E","M","E","T","E","$","T","?","E","R","B",null,"M","T","M","?","T","R","M","E","T","M","R","E","?","M","R","B","B",null,"R","$","E","B",null],"character_chosen":"THE_SILENT","items_purchased":["aspiration:DSix","Accuracy","ReplayTheSpireMod:Speed Training","Riddle With Holes","infinitespire:Satchel","Tiny Chest","ReplayTheSpireMod:ShopPack","Bag of Marbles","Sling","Ornamental Fan","REME_GreenPollution","BrkXgEgg","MostiFishMod:GrandStart+1","Bane","Membership Card","conspire:TreasureMap","Footwork","Outmaneuver+1","Anchor","Vampiric Spirits","BargainBundle","WristBlade","Prepared","Hologram","Flying Knee","Impatience","MostiFishMod:OneDayCity+1","Orichalcum","Accuracy","PrismaticShard","Specialist","REME_OnlineShoppingPlatform"],"campfire_rested":1,"item_purchase_floors":[0,0,0,0,0,0,0,0,0,0,0,0,0,0,5,5,5,5,28,28,28,28,28,28,28,28,28,54,54,54,54,54],"current_hp_per_floor":[59,59,59,59,59,45,61,60,60,55,55,51,46,38,38,49,62,59,58,58,58,64,70,69,69,69,50,50,50,50,51,51,46,66,66,66,73,73,78,78,78,83,88,88,88,93,56,63,90,79,83,91,91,91,110,106],"gold":754,"neow_bonus":"","is_daily":false,"chose_seed":false,"campfire_upgraded":4,"win_rate":0.0,"timestamp":1612306039,"path_taken":["M","M","?","?","$","NM","?","E","T","E","?","E","M","M","R","BOSS","M","M","?","?","M","E","M","E","T","E","?","?","?","E","R","BOSS","M","?","M","?","?","R","M","E","T","?","R","E","?","M","R","BOSS","BOSS","R","$","E","BOSS"],"items_purchased_type":["Relic","Card","Card","Card","Relic","Relic","Relic","Relic","Relic","Relic","Card","Relic","Card","Card","Relic","Relic","Card","Card","Relic","Relic","Relic","Relic","Card","Card","Card","Card","Card","Relic","Card","Relic","Card","Relic"],"build_version":"2020-12-22","purchased_purges":0,"victory":true,"max_hp_per_floor":[66,66,66,66,66,66,66,66,66,66,66,66,66,66,66,66,66,66,66,66,66,66,73,73,73,73,73,73,73,73,73,73,73,73,73,73,73,73,78,78,78,83,88,88,88,93,93,93,93,93,93,93,93,93,110,110],"relic_stats":{"counters":[58,242],"Dead Branch":[229],"PreservedInsect":552,"War Paint":["Doppelganger","MostiFishMod:FrostNova","Backflip","ReplayTheSpireMod:Speed Training"],"Orichalcum":[6],"Medical Kit":[13],"Ornamental Fan":[140],"Shuriken":[32],"Tiny Chest":3,"Art of War":[19],"obtain_stats":[{"TwistedFunnel":24,"Divine Protection":39,"Chi":4,"Vampiric Spirits":28,"EVO:Axolotl":0,"Bottled Tornado":29,"Sling":0,"REME_IWantAll":38,"Blood Vial":37,"DollysMirror":4,"Strawberry":29,"DaCapo":4,"HandDrill":29,"Replay:Bottled Flurry":31,"aspiration:DSix":0,"REME_OnlineShoppingPlatform":54,"hexamod:SpiritBrand":0,"aspiration:StickyExplosives":37,"conspire:TreasureMap":5,"aspiration:Nostalgia":0,"Dead Branch":21,"Eternal Feather":7,"Pen Nib":12,"conspire:Boomerang":38,"Letter Opener":24,"aspiration:SeaSaltIceCream":37,"REME_LimitBreaker":7,"War Paint":29,"aspiration:FrozenJewel":12,"Akabeko":46,"infinitespire:EvilPickle":41,"Ling":4,"Shuriken":11,"infinitespire:Broken Mirror":43,"Onion Ring":17,"OriginationStaff":42,"ReplayTheSpireMod:TigerMarble":55,"xbg":17,"StrikeDummy":40,"infinitespire:PuzzleCube":4,"ChiLing":4,"Meat on the Bone":43,"Lantern":6,"Regal Pillow":45,"aspiration:Lifesprig":43,"DaveBox":0,"Torii":9,"DiscerningMonocle":0,"Mango":14,"Snake Skull":4,"wanderingMiniBosses:AbyssPearl":35,"Ancient Tea Set":4,"PrismaticShard":54,"aspiration:StickyExplosives_weak":12,"TheAbacus":37,"Matryoshka":36,"aspiration:DefectSkillbook":6,"WristBlade":28,"Gambling Chip":7,"Toolbox":12,"Tiny Chest":0,"Chemical X":7,"aspiration:FutureDiary":34,"Ring of the Snake":0,"aspiration:ChemicalBlood":31,"Potion Belt":12,"aspiration:VileToxins":24,"BargainBundle":28,"Thread and Needle":24,"PreservedInsect":26,"BrkXgEgg":0,"Orichalcum":54,"REME_PoisonedDagger":7,"Medical Kit":7,"Anchor":28,"SynthV:TestCard":1,"HaiYi:Twilight":17,"infinitespire:WardingShard":37,"Ornamental Fan":0,"infinitespire:Satchel":25,"Orrery":29,"ChewingGum":34,"REME_HandOfSuture":24,"Turnip":29,"Bag of Marbles":0,"Snack Pack":8,"Art of War":12,"Membership Card":24,"PureWater":0,"ReplayTheSpireMod:Lightbulb":29,"Toy Ornithopter":10,"REME_ComplimentaryCards":0,"ReplayTheSpireMod:ShopPack":0},{"TwistedFunnel":11,"Divine Protection":49,"Chi":3,"Vampiric Spirits":43,"EVO:Axolotl":0,"Bottled Tornado":13,"Sling":27,"REME_IWantAll":49,"Blood Vial":17,"DollysMirror":3,"Strawberry":13,"DaCapo":3,"HandDrill":13,"Replay:Bottled Flurry":44,"aspiration:DSix":27,"REME_OnlineShoppingPlatform":56,"hexamod:SpiritBrand":0,"aspiration:StickyExplosives":17,"conspire:TreasureMap":29,"aspiration:Nostalgia":0,"Dead Branch":38,"Eternal Feather":5,"Pen Nib":6,"conspire:Boomerang":18,"Letter Opener":11,"aspiration:SeaSaltIceCream":17,"REME_LimitBreaker":5,"War Paint":13,"aspiration:FrozenJewel":6,"Akabeko":53,"infinitespire:EvilPickle":50,"Ling":3,"Shuriken":32,"infinitespire:Broken Mirror":51,"Onion Ring":36,"OriginationStaff":51,"ReplayTheSpireMod:TigerMarble":57,"xbg":36,"StrikeDummy":20,"infinitespire:PuzzleCube":3,"ChiLing":3,"Meat on the Bone":21,"Lantern":5,"Regal Pillow":23,"aspiration:Lifesprig":51,"DaveBox":0,"Torii":5,"DiscerningMonocle":0,"Mango":7,"Snake Skull":3,"wanderingMiniBosses:AbyssPearl":16,"Ancient Tea Set":3,"PrismaticShard":56,"aspiration:StickyExplosives_weak":6,"TheAbacus":17,"Matryoshka":46,"aspiration:DefectSkillbook":30,"WristBlade":43,"Gambling Chip":5,"Toolbox":6,"Tiny Chest":27,"Chemical X":5,"aspiration:FutureDiary":15,"Ring of the Snake":0,"aspiration:ChemicalBlood":14,"Potion Belt":6,"aspiration:VileToxins":11,"BargainBundle":43,"Thread and Needle":11,"PreservedInsect":12,"BrkXgEgg":27,"Orichalcum":56,"REME_PoisonedDagger":5,"Medical Kit":5,"Anchor":43,"SynthV:TestCard":1,"HaiYi:Twilight":8,"infinitespire:WardingShard":17,"Ornamental Fan":27,"infinitespire:Satchel":12,"Orrery":13,"ChewingGum":45,"REME_HandOfSuture":11,"Turnip":13,"Bag of Marbles":27,"Snack Pack":31,"Art of War":33,"Membership Card":11,"PureWater":0,"ReplayTheSpireMod:Lightbulb":43,"Toy Ornithopter":32,"REME_ComplimentaryCards":0,"ReplayTheSpireMod:ShopPack":27},{"TwistedFunnel":45,"Divine Protection":206,"Chi":18,"Vampiric Spirits":186,"EVO:Axolotl":0,"Bottled Tornado":50,"Sling":109,"REME_IWantAll":206,"Blood Vial":67,"DollysMirror":18,"Strawberry":50,"DaCapo":18,"HandDrill":50,"Replay:Bottled Flurry":189,"aspiration:DSix":109,"REME_OnlineShoppingPlatform":232,"hexamod:SpiritBrand":0,"aspiration:StickyExplosives":67,"conspire:TreasureMap":112,"aspiration:Nostalgia":0,"Dead Branch":161,"Eternal Feather":22,"Pen Nib":23,"conspire:Boomerang":70,"Letter Opener":45,"aspiration:SeaSaltIceCream":67,"REME_LimitBreaker":22,"War Paint":50,"aspiration:FrozenJewel":23,"Akabeko":215,"infinitespire:EvilPickle":206,"Ling":18,"Shuriken":130,"infinitespire:Broken Mirror":210,"Onion Ring":153,"OriginationStaff":210,"ReplayTheSpireMod:TigerMarble":236,"xbg":153,"StrikeDummy":81,"infinitespire:PuzzleCube":18,"ChiLing":18,"Meat on the Bone":84,"Lantern":22,"Regal Pillow":92,"aspiration:Lifesprig":210,"DaveBox":0,"Torii":22,"DiscerningMonocle":0,"Mango":26,"Snake Skull":18,"wanderingMiniBosses:AbyssPearl":64,"Ancient Tea Set":18,"PrismaticShard":232,"aspiration:StickyExplosives_weak":23,"TheAbacus":67,"Matryoshka":197,"aspiration:DefectSkillbook":120,"WristBlade":186,"Gambling Chip":22,"Toolbox":23,"Tiny Chest":109,"Chemical X":22,"aspiration:FutureDiary":59,"Ring of the Snake":0,"aspiration:ChemicalBlood":52,"Potion Belt":23,"aspiration:VileToxins":45,"BargainBundle":186,"Thread and Needle":45,"PreservedInsect":48,"BrkXgEgg":109,"Orichalcum":232,"REME_PoisonedDagger":22,"Medical Kit":22,"Anchor":186,"SynthV:TestCard":4,"HaiYi:Twilight":33,"infinitespire:WardingShard":67,"Ornamental Fan":109,"infinitespire:Satchel":48,"Orrery":50,"ChewingGum":195,"REME_HandOfSuture":45,"Turnip":50,"Bag of Marbles":109,"Snack Pack":125,"Art of War":134,"Membership Card":45,"PureWater":0,"ReplayTheSpireMod:Lightbulb":186,"Toy Ornithopter":130,"REME_ComplimentaryCards":0,"ReplayTheSpireMod:ShopPack":109}],"Toy Ornithopter":12,"Ring of the Snake":[116]},"card_choices":[{"not_picked":["Mind Blast","Survey Options"],"picked":"Apotheosis","floor":0.0},{"not_picked":["Replay:BasicMightCard","PanicButton"],"picked":"TH:ArmorSpikes","floor":0.0},{"not_picked":["MostiFishMod:Awakening","HandOfGreed"],"picked":"MostiFishMod:JungleRules","floor":0.0},{"not_picked":["Sucker Punch","Skewer"],"picked":"Wraith Form v2+1","floor":1.0},{"not_picked":["Underhanded Strike","MostiFishMod:PerfectParry","Slice","Outmaneuver"],"picked":"MostiFishMod:FrostNova","floor":2.0},{"not_picked":["TH:DeckOfManyThings","TH:Mimic","TH:BikiniMail"],"picked":"TH:TreasureMap","floor":6},{"not_picked":["Cloak And Dagger","Concentrate","Backflip","MostiFishMod:Wind+1"],"picked":"PiercingWail","floor":6},{"not_picked":["TH:ArmorSpikes","TH:PixieDust","TH:BikiniMail","TH:EnergyPotion"],"picked":"TH:DeckOfManyThings","floor":8},{"not_picked":["PiercingWail","Dodge and Roll","Stack","ReplayTheSpireMod:Reroute Power","Slice"],"picked":"MostiFishMod:AdrenalineArouse+1","floor":8},{"not_picked":["TH:TreasureMap","TH:EnergyPotion","TH:PixieDust","TH:DeckOfManyThings"],"picked":"TH:CursedSword","floor":9},{"not_picked":["TH:TreasureMap","TH:ArmorSpikes","TH:EnergyPotion","TH:DeckOfManyThings"],"picked":"TH:CursedSword","floor":10},{"not_picked":["Self Repair","Conserve Battery","MostiFishMod:InterfaceCompatibility+1","Crystallizer","Hologram"],"picked":"MostiFishMod:GatherIntelligence","floor":10},{"not_picked":["TH:BikiniMail","TH:PixieDust","TH:DeckOfManyThings","TH:EnergyPotion"],"picked":"TH:TreasureMap","floor":11},{"not_picked":["TH:ElvenBoots","TH:PixieDust","TH:TreasureMap","TH:DeckOfManyThings"],"picked":"TH:CursedSword","floor":12},{"not_picked":["Outmaneuver","Acrobatics","Turbo","Riddle With Holes","Distraction"],"picked":"Rebound","floor":12},{"not_picked":["Dagger Spray","Rebound","Poisoned Stab","Noxious Fumes","Deadly Poison"],"picked":"Coolheaded","floor":13},{"not_picked":["Compile Driver","Poisoned Stab","Underhanded Strike","Flying Knee","Panic Button"],"picked":"Sucker Punch","floor":14},{"not_picked":["TH:DeckOfManyThings","TH:CopperCoins","TH:ElvenBoots","TH:BikiniMail"],"picked":"TH:CursedSword","floor":16},{"not_picked":["After Image+1","ReplayTheSpireMod:Necrosis+1","Buffer+1","MostiFishMod:DawningShadow+1","MostiFishMod:Hijack+1"],"picked":"Tools of the Trade+1","floor":16},{"not_picked":["Acrobatics","MostiFishMod:PerfectParry","Hidden Blade","Choke","Catalyst"],"picked":"ReplayTheSpireMod:Speed Training","floor":18},{"not_picked":["Streamline","Dagger Throw","conspire:Rain","Deflect","MostiFishMod:AdrenalineArouse+1"],"picked":"FIFO Queue","floor":19},{"not_picked":["Aggregate","Dagger Spray","Bane","MostiFishMod:PushDownKick","Outmaneuver"],"picked":"Backflip","floor":22},{"not_picked":["TH:CopperCoins","TH:Mimic","TH:ElvenBoots","TH:BikiniMail"],"picked":"TH:CursedSword","floor":23},{"not_picked":["MostiFishMod:Distribution+1","Leap+1","REME_SelfUpgrade","Ball Lightning","Hologram"],"picked":"Wraith Form v2+1","floor":23},{"not_picked":["Panic Button+1","Recycle","Gash","MostiFishMod:PoisonShield","Compile Driver","MostiFishMod:FrostNova"],"picked":"SKIP","floor":24},{"not_picked":["TH:ElvenBoots","TH:TreasureMap","TH:PixieDust","TH:ArmorSpikes"],"picked":"TH:CopperCoins","floor":25},{"not_picked":["Doom and Gloom","ReplayTheSpireMod:System Scan","Hologram","Leap","Streamline+1"],"picked":"Flying Knee","floor":25},{"not_picked":["TH:DeckOfManyThings","TH:Mimic","TH:EnergyPotion","TH:ArmorSpikes"],"picked":"TH:TreasureMap","floor":26},{"not_picked":["TH:TreasureMap","TH:PixieDust","TH:EnergyPotion","TH:Mimic"],"picked":"TH:CursedSword","floor":27},{"not_picked":["Dagger Spray","Outmaneuver","Backstab","Doom and Gloom","Stack"],"picked":"Blade Dance","floor":27},{"not_picked":["TH:DeckOfManyThings","TH:PixieDust","TH:EnergyPotion","TH:TreasureMap"],"picked":"TH:CursedSword","floor":29},{"not_picked":["TH:PixieDust","TH:Mimic","TH:BikiniMail","TH:ArmorSpikes"],"picked":"TH:ElvenBoots","floor":31},{"not_picked":["Dagger Spray+1","Quick Slash","Compile Driver","Coolheaded","MostiFishMod:LethalBlade+1"],"picked":"Bane+1","floor":31},{"not_picked":["TH:ElvenBoots","TH:PixieDust","TH:DeckOfManyThings","TH:ArmorSpikes"],"picked":"TH:CursedSword","floor":33},{"not_picked":["Reboot+1","After Image+1","Machine Learning+1","Unload+1","Electrodynamics+1"],"picked":"MostiFishMod:DawningShadow+1","floor":33},{"not_picked":["Doom and Gloom","Stack","Sweeping Beam+1","Acrobatics","conspire:DoublingDagger","Dagger Spray+1"],"picked":"SKIP","floor":35},{"not_picked":["TH:ArmorSpikes","TH:BikiniMail","TH:DeckOfManyThings","TH:Mimic"],"picked":"TH:CopperCoins","floor":36},{"not_picked":["Dodge and Roll","Deflect","MostiFishMod:IceShield","Go for the Eyes","conspire:SharedLibrary"],"picked":"Seek+1","floor":37},{"not_picked":["Beam Cell","BasicCrystalCard","Steam Power+1","Toxin Wave+1","Steam"],"picked":"Blade Dance","floor":38},{"not_picked":["TH:Mimic","TH:ArmorSpikes","TH:BikiniMail","TH:EnergyPotion","TH:TreasureMap"],"picked":"Singing Bowl","floor":39},{"not_picked":["Genetic Algorithm","BasicCrystalCard","Dagger Throw","Sucker Punch","Panic Button+1"],"picked":"Biased Cognition+1","floor":41},{"not_picked":["TH:PixieDust","TH:DeckOfManyThings","TH:BikiniMail","TH:Mimic","TH:CopperCoins"],"picked":"Singing Bowl","floor":42},{"not_picked":["Go for the Eyes","Static Discharge+1","Coolheaded+1","Finisher","Endless Agony+1"],"picked":"Beam Cell","floor":42},{"not_picked":["TH:Mimic","TH:DeckOfManyThings","TH:EnergyPotion","TH:BikiniMail","TH:CopperCoins"],"picked":"Singing Bowl","floor":43},{"not_picked":["Amplify+1","Distraction","REME_Whirling","Sucker Punch","Go for the Eyes+1"],"picked":"Cloak And Dagger","floor":44},{"not_picked":["TH:CopperCoins","TH:BikiniMail","TH:ElvenBoots","TH:ArmorSpikes","TH:DeckOfManyThings"],"picked":"Singing Bowl","floor":46},{"not_picked":["Crippling Poison","Cloak And Dagger","REME_Whirling","Turbo","Hologram"],"picked":"Prepared","floor":46},{"not_picked":["MostiFishMod:IceShield+1","Poisoned Stab","Steam","Gash","FIFO Queue"],"picked":"White Noise+1","floor":47},{"not_picked":["Leap+1","Streamline","Quick Slash","Dodge and Roll","Sweeping Beam"],"picked":"Capacitor+1","floor":48},{"not_picked":["REME_SpectralBlade","All For One","REME_ForAll"],"picked":"Singing Bowl","floor":55},{"not_picked":["TH:TreasureMap","TH:DeckOfManyThings","TH:CursedSword","TH:Mimic","TH:CopperCoins"],"picked":"Singing Bowl","floor":55},{"not_picked":["hermit:PistolWhip","Streamline+1","Feel No Pain+1","Hologram+1","stsjorbsmod:HedgeWizard","Gatherer:HeartToFruit+1"],"picked":"Singing Bowl","floor":55}],"player_experience":560381,"relics_obtained":[{"floor":1.0,"key":"SynthV:TestCard"},{"floor":6,"key":"aspiration:DefectSkillbook"},{"floor":8,"key":"Snack Pack"},{"floor":9,"key":"Bottled Tornado"},{"floor":10,"key":"Toy Ornithopter"},{"floor":11,"key":"Shuriken"},{"floor":12,"key":"Art of War"},{"floor":23,"key":"Strawberry"},{"floor":25,"key":"War Paint"},{"floor":26,"key":"PreservedInsect"},{"floor":27,"key":"Potion Belt"},{"floor":29,"key":"ReplayTheSpireMod:Lightbulb"},{"floor":31,"key":"Replay:Bottled Flurry"},{"floor":36,"key":"Matryoshka"},{"floor":38,"key":"REME_IWantAll"},{"floor":39,"key":"Divine Protection"},{"floor":42,"key":"OriginationStaff"},{"floor":43,"key":"infinitespire:Broken Mirror"},{"floor":43,"key":"aspiration:Lifesprig"},{"floor":46,"key":"Akabeko"},{"floor":55,"key":"ReplayTheSpireMod:TigerMarble"}],"event_choices":[{"damage_healed":0.0,"max_hp_gain":0.0,"max_hp_loss":0.0,"gold_gain":0.0,"event_name":"conspire:Investor","player_choice":"Invest 1","floor":3.0,"gold_loss":0.0,"damage_taken":0.0},{"damage_healed":16,"gold_gain":0,"player_choice":"Healed and dodged fight","damage_taken":0,"max_hp_gain":0,"max_hp_loss":0,"event_name":"Mushrooms","floor":7,"gold_loss":0,"cards_obtained":["Parasite"]},{"damage_healed":0,"gold_gain":0,"player_choice":"Obtained Relic","damage_taken":0,"relics_obtained":["Dead Branch"],"max_hp_gain":0,"max_hp_loss":0,"event_name":"Addict","floor":21,"gold_loss":85},{"damage_healed":0,"gold_gain":0,"player_choice":"Ignored","damage_taken":0,"max_hp_gain":0,"max_hp_loss":0,"event_name":"Transmorgrifier","floor":30,"gold_loss":0},{"damage_healed":0,"gold_gain":0,"player_choice":"Fight","damage_taken":0,"max_hp_gain":0,"max_hp_loss":0,"event_name":"MindBloom","floor":38,"gold_loss":0}],"is_beta":false,"boss_relics":[{"not_picked":["aspiration:FutureDiary","Cursed Key"],"picked":"xbg"},{"not_picked":["aspiration:SecretTechniqueScroll","Replay:Ancient Bell"],"picked":"ChewingGum"}],"items_purged_floors":[],"is_endless":false,"potions_floor_spawned":[2,8,10,13,14,18,23,27,33,38,41,46,48],"ascension_level":20,"is_humility":true}}