{"host":"ekyl8r8j8fco3zlk","time":1612283612,"event":{"mods":["Act Like it!","Arknights","BaseMod","CapriCore","Decade(王小明)","Dota2Spire","Friendly Minions","Gensokyo","Marisa（F雨　魔理沙）","Minty Spire (QoL Compilation)","READ ME - Guardian Mod","Rare Cards Sparkle","Reimu（博丽灵梦）","StSLib","The Alterego","The Immortal","The Jungle","The Senshi","TheWitcher","Waifu the Spire","WarShipGirlsR/战舰少女R mod","Yakumo Yukari mod","【遗物卡牌】REMEMod"],"gold_per_floor":[114,131,143,218,233,233,233,233,233,233,59,74,142,168,168,272,272,285,345,364,414,237,237,262,312,312,312,345,364,414,464,464,566,566,581,546,563,583,108,108,158,259,259,273,299,319,319,329,329,329],"floor_reached":51,"language":"ZHS","playtime":2568,"items_purged":["ats:Revitalization"],"score":767,"play_id":"5d909ab3-9802-4815-a765-ae0980b79bab","local_time":"20210203003332","is_ascension_mode":false,"campfire_choices":[{"data":"ats:Assault Order","floor":6.0,"key":"SMITH"},{"data":"ats:Thermite Blade","floor":8.0,"key":"SMITH"},{"data":"ats:Armor Crushing Shot","floor":10.0,"key":"SMITH"},{"data":"ats:Part Time Job","floor":15.0,"key":"SMITH"},{"data":"ats:Healing Strengthening","floor":23.0,"key":"SMITH"},{"data":"ats:Sashimi Platter","floor":27.0,"key":"SMITH"},{"data":"ats:Nebulous Foxfire","floor":32.0,"key":"SMITH"},{"data":"ats:Directed Diagnosis","floor":40.0,"key":"SMITH"},{"data":"ats:Durian","floor":47,"key":"SMITH"},{"data":"REME_AllRoundStrike","floor":49,"key":"SMITH"}],"circlet_count":0,"master_deck":["ats:Strike C","ats:Strike G","ats:Strike S","ats:Strike V","ats:Armor Crushing Shot+1","ats:Defend","ats:Defend","ats:Defend","ats:Defend","ats:Emotion Absorption","ats:Very Hot Blade","ats:Assault Order+1","ats:Thermite Blade+1","ats:Healing Strengthening+1","ats:Part Time Job+1","ats:Shell Defense","ats:Sashimi Platter+1","ats:Shadow Assault","ats:Rapid Magazine+1","ats:Curse Doll+1","ats:Charging Defense","ats:Sunburst","ats:Explosion Area Strengthen","ats:Consecutive Shot Auto","ats:Nebulous Foxfire+1","ats:Revitalization","ats:Durian+1","ats:Serious Mode","ats:Counter Healing Mode","ats:Directed Diagnosis+1","REME_AllRoundStrike+1","REME_ShortnessOfBreath+1","ats:Song Of Battle+1","ats:Revitalization+1","ats:Cat Scratch+1"],"relics":["ats:Sanity","REME_ComplimentaryCards","NeowsBlessing","SsserpentHead","Anchor","Dota2Spire:BladeMail","ats:Originium","Letter Opener","REME_ChargedStone","Blue Candle","ats:Military Tradition","Ornamental Fan","REME_LowDesire","Tiny Chest","Art of War","Dota2Spire:EtherealBlade","Dota2Spire:PhaseBoots","CatCart","Shuriken","Akabeko"],"acts_visited":["Exordium","TheCity","TheBeyond"],"potions_floor_usage":[42,42,50],"damage_taken":[{"damage":0.0,"enemies":"2 Louse","floor":1.0,"turns":1.0},{"damage":0.0,"enemies":"Jaw Worm","floor":2.0,"turns":1.0},{"damage":0.0,"enemies":"Cultist","floor":3.0,"turns":1.0},{"damage":18.0,"enemies":"Lots of Slimes","floor":5.0,"turns":4.0},{"damage":9.0,"enemies":"Blue Slaver","floor":12.0,"turns":4.0},{"damage":1.0,"enemies":"3 Louse","floor":13.0,"turns":5.0},{"damage":28.0,"enemies":"3 Sentries","floor":14.0,"turns":10.0},{"damage":83.0,"enemies":"The Guardian","floor":16.0,"turns":10.0},{"damage":0.0,"enemies":"3 Byrds","floor":18.0,"turns":5.0},{"damage":7.0,"enemies":"2 Thieves","floor":19.0,"turns":3.0},{"damage":50.0,"enemies":"Sentry and Sphere","floor":20.0,"turns":7.0},{"damage":65.0,"enemies":"Book of Stabbing","floor":24.0,"turns":8.0},{"damage":47.0,"enemies":"Slavers","floor":28.0,"turns":6.0},{"damage":51.0,"enemies":"Snecko","floor":29.0,"turns":6.0},{"damage":153.0,"enemies":"Automaton","floor":33.0,"turns":16.0},{"damage":19.0,"enemies":"3 Shapes","floor":35.0,"turns":5.0},{"damage":17.0,"enemies":"Orb Walker","floor":37.0,"turns":5.0},{"damage":60.0,"enemies":"4 Shapes","floor":38.0,"turns":8.0},{"damage":111,"enemies":"Orin","floor":42,"turns":10},{"damage":25,"enemies":"3 Darklings","floor":44,"turns":6},{"damage":96,"enemies":"Nemesis","floor":45,"turns":11},{"damage":35,"enemies":"Transient","floor":46,"turns":5},{"damage":42,"enemies":"Spire Growth","floor":48,"turns":6},{"damage":114,"enemies":"Time Eater","floor":50,"turns":11}],"seed_played":"-5306052314238160319","potions_obtained":[{"floor":1.0,"key":"Fire Potion"},{"floor":13.0,"key":"Ancient Potion"},{"floor":14.0,"key":"ColorlessPotion"},{"floor":16.0,"key":"Fire Potion"},{"floor":19.0,"key":"Weak Potion"},{"floor":20.0,"key":"LiquidMemories"},{"floor":24.0,"key":"Dexterity Potion"},{"floor":35.0,"key":"ZuzhouPotion:ReiMu"},{"floor":37.0,"key":"Regen Potion"},{"floor":46,"key":"Weak Potion"}],"is_trial":false,"path_per_floor":["M","M","M","?","M","R","?","R","T","R","$","M","M","E","R","B",null,"M","M","M","?","$","R","E","?","T","R","E","M","?","?","R","B",null,"M","$","M","M","$","R","?","?","T","M","E","M","R","M","R","B",null],"character_chosen":"DOCTOR_CLASS","items_purchased":["Dota2Spire:BladeMail","ats:Revitalization","ats:Charging Defense","ats:Sunburst","ats:Explosion Area Strengthen","Dota2Spire:Clarity","ats:Counter Healing Mode","Dota2Spire:EtherealBlade","Dota2Spire:PhaseBoots"],"campfire_rested":0,"item_purchase_floors":[11,11,22,22,22,36,36,39,39],"current_hp_per_floor":[72,72,72,61,43,43,43,43,43,43,43,37,47,52,52,55,72,72,71,48,48,48,48,42,42,42,42,66,47,47,47,47,70,72,65,65,72,44,44,44,44,37,37,44,65,49,49,42,42,25],"gold":329,"neow_bonus":"THREE_ENEMY_KILL","is_daily":false,"chose_seed":false,"campfire_upgraded":10,"win_rate":0.0,"timestamp":1612283612,"path_taken":["M","M","M","?","M","R","?","R","T","R","$","M","?","E","R","BOSS","M","?","M","?","$","R","E","?","T","R","E","M","?","?","R","BOSS","M","?","M","M","$","R","?","?","T","M","E","M","R","M","R","BOSS"],"items_purchased_type":["Relic","Card","Card","Card","Card","Potion","Card","Relic","Relic"],"build_version":"2020-12-22","purchased_purges":1,"victory":true,"max_hp_per_floor":[72,72,72,72,72,72,72,72,72,72,72,72,72,72,72,72,72,72,72,72,72,72,72,72,72,72,72,72,72,72,72,72,72,72,72,72,72,72,72,72,72,72,72,72,72,72,72,72,72,72],"card_choices":[{"not_picked":["ats:Shadow Raid","ats:Revitalization"],"picked":"ats:Very Hot Blade","floor":1.0},{"not_picked":["ats:Demon Strength","ats:Apocalypse"],"picked":"ats:Assault Order","floor":2.0},{"not_picked":["ats:Steam Pump","ats:Absolute Focus"],"picked":"ats:Thermite Blade","floor":3.0},{"not_picked":["ats:Counter Healing Mode","ats:Poison Spread"],"picked":"ats:Healing Strengthening","floor":5.0},{"not_picked":["ats:Spore Proliferation","ats:Hammer On"],"picked":"ats:Part Time Job","floor":12.0},{"not_picked":["ats:Hook Shot","ats:Phantom"],"picked":"ats:Shell Defense","floor":13.0},{"not_picked":["ats:Ignite","ats:LN2 Cannon"],"picked":"ats:Sashimi Platter","floor":14.0},{"not_picked":["ats:True Silver Slash","ats:Wolf Pack"],"picked":"ats:Shadow Assault","floor":16.0},{"not_picked":["ats:Shell Defense","ats:Neurotoxin","ats:Poison Spread"],"picked":"SKIP","floor":18.0},{"not_picked":["ats:Powerful Strike","ats:Very Hot Blade"],"picked":"ats:Rapid Magazine+1","floor":19.0},{"not_picked":["ats:Sunburst+1","ats:Poison Spread+1"],"picked":"ats:Curse Doll+1","floor":20.0},{"not_picked":["ats:Hammer On","ats:Demon Strength"],"picked":"ats:Consecutive Shot Auto","floor":24.0},{"not_picked":["ats:Healing Strengthening","ats:Poison Spread","ats:Guardian Obelisk"],"picked":"SKIP","floor":28.0},{"not_picked":["ats:Mental Burst","ats:Guard Mode"],"picked":"ats:Nebulous Foxfire","floor":29.0},{"not_picked":["ats:Nebulous Foxfire","ats:Rat Pack"],"picked":"ats:Durian","floor":33.0},{"not_picked":["ats:Guardian Obelisk","ats:Assault Order","REME_TwoStrings"],"picked":"ats:Serious Mode","floor":35.0},{"not_picked":["ats:Guard Mode","ats:Very Hot Blade+1","ats:Shell Defense+1","REME_TwoStrings"],"picked":"SKIP","floor":37.0},{"not_picked":["ats:Assault Order","ats:Cat Scratch","Dramatic Entrance"],"picked":"ats:Directed Diagnosis","floor":38.0},{"not_picked":["The Bomb","REME_TheoryOfElimination"],"picked":"REME_AllRoundStrike","floor":41.0},{"not_picked":["ats:Cat Scratch","ats:Sunburst+1","ats:Guard Mode+1"],"picked":"REME_ShortnessOfBreath+1","floor":42},{"not_picked":["ats:Curse Doll+1","ats:Shell Defense+1","ats:Thermite Blade+1","REME_EyeOfCthun"],"picked":"SKIP","floor":44},{"not_picked":["ats:Flexible Camouflage","ats:Poison Spread","Discovery"],"picked":"ats:Song Of Battle+1","floor":45},{"not_picked":["ats:Curse Doll+1","ats:Shell Defense+1","REME_MawOfCthun"],"picked":"ats:Revitalization+1","floor":46},{"not_picked":["ats:Very Hot Blade","ats:Curse Doll","REME_TheoryOfElimination"],"picked":"ats:Cat Scratch+1","floor":48}],"player_experience":590519,"relics_obtained":[{"floor":9.0,"key":"Anchor"},{"floor":14.0,"key":"ats:Originium"},{"floor":14.0,"key":"Letter Opener"},{"floor":24.0,"key":"ats:Originium"},{"floor":24.0,"key":"Blue Candle"},{"floor":26.0,"key":"ats:Military Tradition"},{"floor":28.0,"key":"ats:Originium"},{"floor":28.0,"key":"Ornamental Fan"},{"floor":34.0,"key":"Tiny Chest"},{"floor":34.0,"key":"Art of War"},{"floor":42,"key":"CatCart"},{"floor":43,"key":"Shuriken"},{"floor":45,"key":"ats:Originium"},{"floor":45,"key":"Akabeko"}],"event_choices":[{"damage_healed":0.0,"max_hp_gain":0.0,"max_hp_loss":0.0,"gold_gain":75.0,"event_name":"World of Goop","player_choice":"Gather Gold","floor":4.0,"gold_loss":0.0,"damage_taken":11.0},{"damage_healed":0.0,"max_hp_gain":0.0,"max_hp_loss":0.0,"gold_gain":0.0,"event_name":"FaceTrader","player_choice":"Trade","floor":7.0,"gold_loss":0.0,"damage_taken":0.0,"relics_obtained":["SsserpentHead"]},{"damage_healed":0.0,"max_hp_gain":0.0,"max_hp_loss":0.0,"gold_gain":0.0,"event_name":"Cursed Tome","player_choice":"Ignored","floor":25.0,"gold_loss":0.0,"damage_taken":0.0},{"damage_healed":0.0,"max_hp_gain":0.0,"max_hp_loss":0.0,"gold_gain":0.0,"event_name":"Vampires","player_choice":"Ignored","floor":30.0,"gold_loss":0.0,"damage_taken":0.0},{"damage_healed":0.0,"max_hp_gain":0.0,"max_hp_loss":0.0,"gold_gain":0.0,"event_name":"SensoryStone","player_choice":"Memory 1","floor":41.0,"gold_loss":0.0,"damage_taken":0.0},{"damage_healed":0,"gold_gain":0,"player_choice":"Fight","damage_taken":0,"max_hp_gain":0,"max_hp_loss":0,"event_name":"OrinTheCat","floor":42,"gold_loss":0}],"is_beta":false,"boss_relics":[{"not_picked":["Sozu","Calling Bell"],"picked":"REME_ChargedStone"},{"not_picked":["Cursed Key","Runic Pyramid"],"picked":"REME_LowDesire"}],"items_purged_floors":[39],"is_endless":false,"potions_floor_spawned":[1,13,14,16,19,20,24,35,37,46],"ascension_level":0}}