{"host":"mub7l0mhxp0uccs1","time":1612285252,"event":{"mods":["2.2 Compatiblity","Abigail Mod","AchievementEnabler","Bartender","BaseMod","Bestiary","Better Match","Better Third Choice","Better Vampires","CapriCore","Colored Powertips","Conspire","DeckTracker","Duelist Mod","GifTheSpireLib","Gremlin Skip","Hermit","Highlight Path","HololiveMod","Hunter ??","Lobotomy","LobotomyExtend","Marked Mod","Minty Spire (QoL Compilation)","Prisma Mod","Rare Cards Sparkle","Relic Sorter","Relic Stats","Replay The Spire","Spicy Shops","StSLib","TheFirefly","Uncapped","Unceasing Turn Reminder","Yuyuko","everything is the same but u backflip on backflip"],"gold_per_floor":[118,118,118,118,118,118,133,133,133,152,167,180,180,195,195,195,195],"floor_reached":16,"language":"ENG","playtime":1141,"items_purged":[],"score":92,"play_id":"652e8632-d782-4e25-83d4-615ee9b37b94","local_time":"20210202180052","is_ascension_mode":false,"campfire_choices":[{"data":"Defragment","floor":6,"key":"SMITH"},{"data":"Dualcast","floor":8,"key":"SMITH"},{"data":"ReplayTheSpireMod:Repulse","floor":13,"key":"SMITH"},{"data":"Steam","floor":15,"key":"SMITH"}],"circlet_count":0,"master_deck":["Woodsman","LongBird","Strike_B","Strike_B","Strike_B","Defend_B","Defend_B","Defend_B","Zap+1","Dualcast+1","Defragment+1","CherryBlossoms","VoidDream","ReplayTheSpireMod:Repulse+1","Funeral","Steam+1"],"relics":["Cracked Core","CogitoBucket","LetterFromLob","Justitia_r","Gremlin Horn","Logging_r","AdjustmentMirror","Prayer Wheel"],"acts_visited":["Exordium"],"potions_floor_usage":[16,16],"damage_taken":[{"damage":6,"enemies":"Jaw Worm","floor":1,"turns":3},{"damage":15,"enemies":"Small Slimes","floor":7,"turns":6},{"damage":1,"enemies":"Cultist","floor":10,"turns":3},{"damage":0,"enemies":"3 Louse","floor":11,"turns":3},{"damage":11,"enemies":"Looter","floor":12,"turns":3},{"damage":43,"enemies":"Large Slime","floor":14,"turns":5},{"damage":29,"enemies":"The Guardian","floor":16,"turns":7}],"seed_played":"-2188971378476306152","potions_obtained":[{"floor":1,"key":"SkillPotion"},{"floor":10,"key":"Explosive Potion"}],"is_trial":false,"path_per_floor":["M","?","T","$","?","R","M","R","T","M","M","M","R","M","R","B"],"character_chosen":"DEFECT","items_purchased":[],"campfire_rested":0,"item_purchase_floors":[],"current_hp_per_floor":[69,69,69,69,69,69,54,54,54,53,53,42,42,23,23,0,0],"gold":195,"neow_bonus":"","is_daily":false,"chose_seed":false,"campfire_upgraded":4,"win_rate":0.0,"timestamp":1612285252,"path_taken":["M","?","?","$","?","R","M","R","T","?","M","M","R","M","R","BOSS"],"items_purchased_type":[],"build_version":"2020-12-22","purchased_purges":0,"victory":false,"max_hp_per_floor":[75,75,75,75,75,75,75,75,75,75,75,75,75,75,75,75,75],"relic_stats":{"Gremlin Horn":[6,6],"counters":[8,31],"Prayer Wheel":0,"obtain_stats":[{"Logging_r":12,"CogitoBucket":0,"Gremlin Horn":9,"Prayer Wheel":16,"LetterFromLob":1,"AdjustmentMirror":14,"Cracked Core":0,"Justitia_r":7},{"Logging_r":5,"CogitoBucket":0,"Gremlin Horn":2,"Prayer Wheel":8,"LetterFromLob":1,"AdjustmentMirror":7,"Cracked Core":0,"Justitia_r":2},{"Logging_r":18,"CogitoBucket":0,"Gremlin Horn":9,"Prayer Wheel":31,"LetterFromLob":3,"AdjustmentMirror":24,"Cracked Core":0,"Justitia_r":9}]},"card_choices":[{"not_picked":["PunishingBird","Murderer"],"picked":"LongBird","floor":1},{"not_picked":["Sweeping Beam","Crystallizer"],"picked":"Defragment","floor":1},{"not_picked":["GalaxyChild","LaLuna","Mercenary"],"picked":"Singing Bowl","floor":7},{"not_picked":["Variant","VoidDream"],"picked":"CherryBlossoms","floor":7},{"not_picked":["Cold Snap","Beam Cell","All For One"],"picked":"SKIP","floor":7},{"not_picked":["Scorched","MHz"],"picked":"VoidDream","floor":10},{"not_picked":["Turbo","FTL","Redo"],"picked":"SKIP","floor":10},{"not_picked":["MHz","HeroicMonk"],"picked":"Woodsman","floor":11},{"not_picked":["Streamline","Beam Cell","BasicCrystalCard"],"picked":"SKIP","floor":11},{"not_picked":["Redo","Rebound"],"picked":"ReplayTheSpireMod:Repulse","floor":12},{"not_picked":["Murderer","DespairKnight"],"picked":"Funeral","floor":14},{"not_picked":["Reboot","Gash"],"picked":"Steam","floor":14}],"player_experience":161839,"relics_obtained":[{"floor":1,"key":"LetterFromLob"},{"floor":9,"key":"Gremlin Horn"}],"event_choices":[{"cards_removed":["Strike_B"],"damage_healed":0,"gold_gain":0,"player_choice":"Purged","damage_taken":0,"max_hp_gain":0,"max_hp_loss":0,"event_name":"Purifier","floor":5,"gold_loss":0}],"is_beta":false,"boss_relics":[],"items_purged_floors":[],"is_endless":false,"potions_floor_spawned":[1,10],"killed_by":"The Guardian","ascension_level":0}}