{"host":"szp1d6dso4pv7ddl","time":1612230968,"event":{"mods":["AchievementEnabler","Alarm Clock","BaseMod","Bestiary","Block Reminder","Colored Map","Colored Powertips","Curses Come First","Dark Map","Displayed Cursed Tome","Highlight Path","Minty Spire (QoL Compilation)","Permanent Neow","Quick Restart","Relic Sorter","Relic Stats","StSLib","Synergy Search"],"gold_per_floor":[116,116,41,61,61,61,72,84,139,189,189,199,35,62,62,137,137,157,82,82,94,105,105,123,150,150,160,160,7,20,20,20,98,98,109,119,0,0,14,49,49,66,66,32,63,88,88,105,105,105],"floor_reached":51,"language":"ENG","playtime":2974,"items_purged":["Regret","Strike_B"],"score":1385,"play_id":"30caa0a9-e79b-4de4-afd1-aa538785cc5e","local_time":"20210201175608","is_ascension_mode":true,"campfire_choices":[{"data":"Streamline","floor":6.0,"key":"SMITH"},{"data":"Zap","floor":11.0,"key":"SMITH"},{"floor":15.0,"key":"REST"},{"data":"Sunder","floor":23.0,"key":"SMITH"},{"floor":28,"key":"REST"},{"floor":32,"key":"REST"},{"floor":41,"key":"REST"},{"floor":49,"key":"REST"}],"circlet_count":0,"master_deck":["AscendersBane","Strike_B","Strike_B","Strike_B","Defend_B","Defend_B","Defend_B","Defend_B","Zap+1","Dualcast","Streamline+1","Conserve Battery","Echo Form","Sunder+1","Echo Form+1","Glacier","Sweeping Beam","All For One","Sweeping Beam","Double Energy","Streamline+1","Sunder","Reinforced Body","Leap"],"relics":["Cracked Core","Kunai","HornCleat","Ancient Tea Set","Bag of Preparation","WarpedTongs","Orichalcum","Centennial Puzzle","Frozen Egg 2","Snecko Eye","Singing Bowl","Lantern","Black Star","Red Mask","Omamori","Dream Catcher","Pocketwatch"],"acts_visited":["Exordium","TheCity","TheBeyond"],"potions_floor_usage":[25,36,45,50],"damage_taken":[{"damage":7.0,"enemies":"Small Slimes","floor":1.0,"turns":4.0},{"damage":1.0,"enemies":"Cultist","floor":4.0,"turns":4.0},{"damage":6.0,"enemies":"Jaw Worm","floor":7.0,"turns":3.0},{"damage":6.0,"enemies":"Looter","floor":8.0,"turns":2.0},{"damage":12.0,"enemies":"Exordium Wildlife","floor":12.0,"turns":4.0},{"damage":13.0,"enemies":"Gremlin Nob","floor":14.0,"turns":3.0},{"damage":5.0,"enemies":"Slime Boss","floor":16.0,"turns":5.0},{"damage":11.0,"enemies":"Chosen","floor":18.0,"turns":3.0},{"damage":0.0,"enemies":"Spheric Guardian","floor":21.0,"turns":2.0},{"damage":3.0,"enemies":"Snecko","floor":22.0,"turns":4.0},{"damage":6,"enemies":"3 Cultists","floor":24,"turns":4},{"damage":16,"enemies":"Book of Stabbing","floor":25,"turns":5},{"damage":6,"enemies":"Cultist and Chosen","floor":27,"turns":3},{"damage":1,"enemies":"Chosen and Byrds","floor":30,"turns":3},{"damage":0,"enemies":"Collector","floor":33,"turns":11},{"damage":5,"enemies":"Orb Walker","floor":35,"turns":3},{"damage":9,"enemies":"3 Darklings","floor":36,"turns":5},{"damage":42,"enemies":"Transient","floor":39,"turns":5},{"damage":13,"enemies":"Nemesis","floor":40,"turns":7},{"damage":4,"enemies":"Maw","floor":42,"turns":6},{"damage":23,"enemies":"Giant Head","floor":45,"turns":8},{"damage":0,"enemies":"Mind Bloom Boss Battle","floor":46,"turns":6},{"damage":0,"enemies":"3 Darklings","floor":48,"turns":2},{"damage":4,"enemies":"Awakened One","floor":50,"turns":12}],"seed_played":"5647452209066800660","potions_obtained":[{"floor":1.0,"key":"AttackPotion"},{"floor":4.0,"key":"Dexterity Potion"},{"floor":18.0,"key":"Weak Potion"},{"floor":24,"key":"Ancient Potion"},{"floor":27,"key":"Swift Potion"},{"floor":40,"key":"DuplicationPotion"},{"floor":42,"key":"Block Potion"},{"floor":45,"key":"SmokeBomb"}],"is_trial":false,"path_per_floor":["M","?","$","M","?","R","M","M","T","T","R","M","$","E","R","B",null,"M","?","$","M","M","R","M","E","T","M","R","$","M","$","R","B",null,"M","M","?","?","M","E","R","M","T","$","E","?","?","M","R","B",null],"character_chosen":"DEFECT","items_purchased":["Echo Form","Sweeping Beam","Sunder"],"campfire_rested":5,"item_purchase_floors":[13,29,44],"current_hp_per_floor":[57,57,57,56,56,56,50,44,44,44,44,32,32,19,40,35,62,51,51,51,51,48,48,42,28,28,24,46,46,47,47,70,70,75,72,65,65,67,25,12,36,34,34,34,11,13,13,15,41,37],"gold":105,"neow_bonus":"RANDOM_COMMON_RELIC","is_daily":false,"chose_seed":false,"campfire_upgraded":3,"win_rate":0.0,"timestamp":1612230968,"path_taken":["M","?","$","M","?","R","?","M","T","?","R","M","$","E","R","BOSS","M","?","$","M","M","R","M","E","T","M","R","$","M","$","R","BOSS","M","M","?","?","M","E","R","?","T","?","E","?","?","M","R","BOSS"],"items_purchased_type":["Card","Card","Card"],"build_version":"2020-12-22","purchased_purges":2,"victory":true,"max_hp_per_floor":[71,71,71,71,71,71,71,71,71,71,71,71,71,71,71,71,71,71,71,71,71,71,71,71,73,73,75,75,75,77,77,77,77,77,79,81,81,83,83,83,83,85,85,85,85,87,87,89,89,89],"relic_stats":{"Centennial Puzzle":[48],"Dream Catcher":2,"Singing Bowl":18,"counters":[24,114],"Snecko Eye":[198,185,158,165],"Bag of Preparation":[46],"Black Star":2,"Kunai":[16],"Orichalcum":[102],"obtain_stats":[{"Lantern":26,"Singing Bowl":25,"Bag of Preparation":2,"Omamori":40,"Orichalcum":9,"Frozen Egg 2":14,"Ancient Tea Set":0,"WarpedTongs":5,"Centennial Puzzle":10,"Dream Catcher":40,"HornCleat":45,"Snecko Eye":17,"Black Star":34,"Red Mask":37,"Kunai":45,"Cracked Core":0,"Pocketwatch":46},{"Lantern":12,"Singing Bowl":12,"Bag of Preparation":1,"Omamori":19,"Orichalcum":4,"Frozen Egg 2":6,"Ancient Tea Set":0,"WarpedTongs":2,"Centennial Puzzle":4,"Dream Catcher":19,"HornCleat":21,"Snecko Eye":7,"Black Star":15,"Red Mask":17,"Kunai":21,"Cracked Core":0,"Pocketwatch":22},{"Lantern":43,"Singing Bowl":43,"Bag of Preparation":4,"Omamori":80,"Orichalcum":13,"Frozen Egg 2":20,"Ancient Tea Set":0,"WarpedTongs":8,"Centennial Puzzle":13,"Dream Catcher":80,"HornCleat":94,"Snecko Eye":25,"Black Star":60,"Red Mask":68,"Kunai":94,"Cracked Core":0,"Pocketwatch":100}],"WarpedTongs":[106],"Pocketwatch":[3]},"card_choices":[{"not_picked":["Hello World","Consume","Redo"],"picked":"SKIP","floor":1.0},{"not_picked":["Hologram","Lockon"],"picked":"Streamline","floor":4.0},{"not_picked":["Darkness","Fission","Aggregate"],"picked":"SKIP","floor":7.0},{"not_picked":["Go for the Eyes","Ball Lightning"],"picked":"Conserve Battery","floor":8.0},{"not_picked":["Coolheaded","Barrage","Go for the Eyes"],"picked":"SKIP","floor":12.0},{"not_picked":["Loop+1","Fission"],"picked":"Sunder","floor":14.0},{"not_picked":["Machine Learning+1","Amplify"],"picked":"Echo Form+1","floor":16.0},{"not_picked":["Compile Driver","Coolheaded"],"picked":"Glacier","floor":18.0},{"not_picked":["Redo","Hologram","Rebound"],"picked":"SKIP","floor":21.0},{"not_picked":["Stack","Barrage+1","Reprogram+1"],"picked":"SKIP","floor":22.0},{"not_picked":["Ball Lightning","Storm+1","Hologram"],"picked":"SKIP","floor":24},{"not_picked":["Recycle","Loop+1","Ball Lightning"],"picked":"Singing Bowl","floor":25},{"not_picked":["Beam Cell","Cold Snap","Chaos+1"],"picked":"Singing Bowl","floor":27},{"not_picked":["Coolheaded","Static Discharge+1","Stack"],"picked":"Singing Bowl","floor":30},{"not_picked":["Multi-Cast","Fission"],"picked":"All For One","floor":33},{"not_picked":["Coolheaded","Barrage","Conserve Battery"],"picked":"Singing Bowl","floor":35},{"not_picked":["Cold Snap","White Noise","Turbo"],"picked":"Singing Bowl","floor":36},{"not_picked":["Swift Strike","Good Instincts","Madness"],"picked":"Singing Bowl","floor":38},{"not_picked":["Redo+1","BootSequence"],"picked":"Sweeping Beam","floor":39},{"not_picked":["Hologram+1","Echo Form+1"],"picked":"Double Energy","floor":40},{"not_picked":["Ball Lightning","Hello World+1"],"picked":"Streamline+1","floor":41},{"not_picked":["Heatsinks+1","Ball Lightning","Turbo"],"picked":"Singing Bowl","floor":42},{"not_picked":["Ball Lightning","Darkness"],"picked":"Reinforced Body","floor":45},{"not_picked":["Heatsinks+1","Barrage+1","Beam Cell"],"picked":"Singing Bowl","floor":46},{"not_picked":["Stack","FTL","Cold Snap"],"picked":"Singing Bowl","floor":48},{"not_picked":["Fusion+1","Sweeping Beam+1"],"picked":"Leap","floor":49}],"player_experience":1344950,"relics_obtained":[{"floor":9.0,"key":"Orichalcum"},{"floor":10.0,"key":"Centennial Puzzle"},{"floor":14.0,"key":"Frozen Egg 2"},{"floor":25,"key":"Singing Bowl"},{"floor":26,"key":"Lantern"},{"floor":40,"key":"Omamori"},{"floor":40,"key":"Dream Catcher"},{"floor":45,"key":"HornCleat"},{"floor":45,"key":"Kunai"},{"floor":46,"key":"Pocketwatch"}],"event_choices":[{"damage_healed":0.0,"max_hp_gain":0.0,"max_hp_loss":0.0,"gold_gain":0.0,"event_name":"Big Fish","player_choice":"Box","floor":2.0,"gold_loss":0.0,"damage_taken":0.0,"relics_obtained":["Bag of Preparation"],"cards_obtained":["Regret"]},{"damage_healed":0.0,"max_hp_gain":0.0,"max_hp_loss":0.0,"gold_gain":0.0,"event_name":"Accursed Blacksmith","player_choice":"Rummage","floor":5.0,"gold_loss":0.0,"damage_taken":0.0,"relics_obtained":["WarpedTongs"],"cards_obtained":["Pain"]},{"cards_removed":["Pain"],"damage_healed":0.0,"max_hp_gain":0.0,"max_hp_loss":0.0,"gold_gain":0.0,"event_name":"Beggar","player_choice":"Gave Gold","floor":19.0,"gold_loss":75.0,"damage_taken":0.0},{"damage_healed":0,"gold_gain":0,"player_choice":"Paid","damage_taken":0,"relics_obtained":["Red Mask"],"max_hp_gain":0,"max_hp_loss":0,"event_name":"Tomb of Lord Red Mask","floor":37,"gold_loss":119},{"damage_healed":0,"gold_gain":0,"player_choice":"Memory 1","damage_taken":0,"max_hp_gain":0,"max_hp_loss":0,"event_name":"SensoryStone","floor":38,"gold_loss":0},{"damage_healed":0,"gold_gain":0,"player_choice":"Fight","damage_taken":0,"max_hp_gain":0,"max_hp_loss":0,"event_name":"MindBloom","floor":46,"gold_loss":0},{"damage_healed":0,"gold_gain":0,"player_choice":"Ignored","damage_taken":0,"max_hp_gain":0,"max_hp_loss":0,"event_name":"Mysterious Sphere","floor":47,"gold_loss":0}],"is_beta":false,"boss_relics":[{"not_picked":["Busted Crown","Astrolabe"],"picked":"Snecko Eye"},{"not_picked":["FrozenCore","Velvet Choker"],"picked":"Black Star"}],"items_purged_floors":[3,29],"is_endless":false,"potions_floor_spawned":[1,4,18,24,27,30,40,42,45,48],"ascension_level":15}}