{"host":"8rgpnls124hwjv5t","time":1612309575,"event":{"mods":["BaseMod","Colored Map","Colored Powertips","DeckTracker","Highlight Path","Minty Spire (QoL Compilation)","Permanent Neow","Quick Restart","Relic Stats","Shop Mod","StSLib"],"gold_per_floor":[116,116,127,146,160,187,187,212,239,280,302,314,352,379,391,480,492,518,530,170,85,102,146,146,174,174,212,235,245,140,164,164,244,244,264,289,317,334,284,328,328,357,357,357,45,45,86,86,86,86,86],"floor_reached":52,"language":"ENG","playtime":6376,"items_purged":["Strike_G+1"],"score":2215,"play_id":"7eb74a00-6b82-47a8-9897-9ad2fd665f4f","local_time":"20210202184615","is_ascension_mode":true,"campfire_choices":[{"data":"Dagger Spray","floor":7,"key":"SMITH"},{"floor":12,"key":"REST"},{"data":"Leg Sweep","floor":15,"key":"SMITH"},{"floor":24,"key":"DIG"},{"floor":32,"key":"DIG"},{"floor":41,"key":"DIG"},{"floor":44,"key":"DIG"},{"floor":49,"key":"DIG"}],"circlet_count":0,"master_deck":["AscendersBane","Strike_G+1","Strike_G+1","Defend_G+1","Defend_G+1","Defend_G+1","Defend_G+1","Survivor","Neutralize","Dash+1","A Thousand Cuts+1","Adrenaline+1","After Image","Escape Plan+1","Outmaneuver+1","Leg Sweep+1","Adrenaline","Footwork+1","Prepared+1","Acrobatics","Dodge and Roll","Dodge and Roll+1","Infinite Blades","Blur","Terror+1","After Image","Blade Dance","Prepared+1","Venomology","Accuracy","Footwork","Magnetism","Cloak And Dagger"],"relics":["Astrolabe","Centennial Puzzle","Toy Ornithopter","MawBank","Odd Mushroom","Ancient Tea Set","SacredBark","Shovel","War Paint","CeramicFish","FossilizedHelix","Bottled Lightning","Tough Bandages","MealTicket","The Specimen","Runic Dome","Bag of Marbles","Orichalcum","Pocketwatch","InkBottle","Calipers","HornCleat","Paper Crane"],"acts_visited":["Exordium","TheCity","TheBeyond"],"potions_floor_usage":[6,10,13,23,23,33,33,38,40,42,47,50,50,50],"damage_taken":[{"damage":0,"enemies":"2 Louse","floor":1,"turns":3},{"damage":0,"enemies":"Small Slimes","floor":3,"turns":2},{"damage":0,"enemies":"Cultist","floor":4,"turns":4},{"damage":6,"enemies":"3 Louse","floor":5,"turns":3},{"damage":4,"enemies":"3 Sentries","floor":6,"turns":5},{"damage":15,"enemies":"Lagavulin","floor":8,"turns":7},{"damage":13,"enemies":"The Mushroom Lair","floor":10,"turns":3},{"damage":0,"enemies":"2 Fungi Beasts","floor":11,"turns":3},{"damage":7,"enemies":"Gremlin Nob","floor":13,"turns":3},{"damage":1,"enemies":"Blue Slaver","floor":14,"turns":3},{"damage":25,"enemies":"Slime Boss","floor":16,"turns":11},{"damage":8,"enemies":"Chosen","floor":18,"turns":6},{"damage":3,"enemies":"2 Thieves","floor":22,"turns":4},{"damage":0,"enemies":"Gremlin Leader","floor":23,"turns":7},{"damage":4,"enemies":"Book of Stabbing","floor":25,"turns":8},{"damage":0,"enemies":"Gremlin Leader","floor":27,"turns":7},{"damage":0,"enemies":"Snake Plant","floor":28,"turns":9},{"damage":0,"enemies":"Snecko","floor":29,"turns":8},{"damage":0,"enemies":"Centurion and Healer","floor":31,"turns":9},{"damage":17,"enemies":"Champ","floor":33,"turns":22},{"damage":0,"enemies":"3 Shapes","floor":35,"turns":4},{"damage":6,"enemies":"3 Darklings","floor":36,"turns":4},{"damage":0,"enemies":"Sphere and 2 Shapes","floor":37,"turns":7},{"damage":24,"enemies":"4 Shapes","floor":38,"turns":9},{"damage":0,"enemies":"Nemesis","floor":40,"turns":7},{"damage":0,"enemies":"Reptomancer","floor":42,"turns":6},{"damage":0,"enemies":"Nemesis","floor":47,"turns":7},{"damage":39,"enemies":"Awakened One","floor":50,"turns":13},{"damage":35,"enemies":"Time Eater","floor":51,"turns":16}],"seed_played":"8952490593006376601","potions_obtained":[{"floor":1,"key":"Swift Potion"},{"floor":4,"key":"PowerPotion"},{"floor":10,"key":"CunningPotion"},{"floor":16,"key":"SpeedPotion"},{"floor":25,"key":"LiquidMemories"},{"floor":27,"key":"SpeedPotion"},{"floor":29,"key":"Fire Potion"},{"floor":36,"key":"Strength Potion"},{"floor":37,"key":"FearPotion"}],"is_trial":false,"path_per_floor":["M","?","M","M","M","E","R","E","T","?","M","R","E","M","R","B",null,"M","?","$","?","M","E","R","E","T","E","M","M","$","M","R","B",null,"M","M","M","M","?","E","R","E","T","R","$","$","E","?","R","B","B",null],"character_chosen":"THE_SILENT","items_purchased":["Shovel","Dexterity Potion","Infinite Blades","Blur","Footwork","Magnetism"],"campfire_rested":1,"item_purchase_floors":[20,20,30,30,45,45],"current_hp_per_floor":[59,64,64,64,58,54,54,39,39,31,31,52,50,49,49,24,59,51,51,51,51,48,58,58,54,54,54,54,54,69,69,69,59,68,68,62,62,43,43,48,48,53,53,53,68,71,71,71,71,47,12],"gold":86,"neow_bonus":"BOSS_RELIC","is_daily":false,"chose_seed":false,"campfire_upgraded":2,"win_rate":0.0,"timestamp":1612309575,"path_taken":["M","?","M","M","M","E","R","E","T","?","M","R","E","M","R","BOSS","M","?","$","?","M","E","R","E","T","E","M","M","$","M","R","BOSS","M","M","M","M","?","E","R","E","T","R","?","$","E","?","R","BOSS","BOSS"],"items_purchased_type":["Relic","Potion","Card","Card","Card","Card"],"build_version":"2020-12-22","purchased_purges":1,"victory":true,"max_hp_per_floor":[66,71,71,71,71,71,71,71,71,71,71,71,71,71,71,71,71,71,71,71,71,71,71,71,71,71,71,71,71,71,71,71,71,71,71,71,71,71,71,71,71,71,71,71,71,71,71,71,71,71,71],"relic_stats":{"counters":[29,200],"Astrolabe":["Dash","A Thousand Cuts","Adrenaline"],"CeramicFish":126,"War Paint":["Escape Plan","Outmaneuver"],"Orichalcum":[0],"MawBank":132,"Centennial Puzzle":[39],"Tough Bandages":[432],"Shovel":5,"MealTicket":33,"obtain_stats":[{"Calipers":44,"The Specimen":32,"Astrolabe":0,"SacredBark":17,"CeramicFish":23,"Odd Mushroom":10,"War Paint":21,"Orichalcum":41,"Paper Crane":49,"MawBank":9,"Ancient Tea Set":13,"Runic Dome":34,"Centennial Puzzle":6,"Tough Bandages":26,"Shovel":20,"HornCleat":47,"MealTicket":27,"Bag of Marbles":40,"Bottled Lightning":25,"Toy Ornithopter":8,"FossilizedHelix":24,"InkBottle":43,"Ring of the Snake":0,"Pocketwatch":42},{"Calipers":26,"The Specimen":19,"Astrolabe":0,"SacredBark":11,"CeramicFish":14,"Odd Mushroom":7,"War Paint":12,"Orichalcum":25,"Paper Crane":27,"MawBank":6,"Ancient Tea Set":9,"Runic Dome":20,"Centennial Puzzle":5,"Tough Bandages":15,"Shovel":12,"HornCleat":27,"MealTicket":16,"Bag of Marbles":25,"Bottled Lightning":15,"Toy Ornithopter":6,"FossilizedHelix":14,"InkBottle":26,"Ring of the Snake":0,"Pocketwatch":26},{"Calipers":164,"The Specimen":105,"Astrolabe":0,"SacredBark":47,"CeramicFish":64,"Odd Mushroom":27,"War Paint":53,"Orichalcum":158,"Paper Crane":171,"MawBank":24,"Ancient Tea Set":33,"Runic Dome":127,"Centennial Puzzle":17,"Tough Bandages":72,"Shovel":53,"HornCleat":171,"MealTicket":79,"Bag of Marbles":158,"Bottled Lightning":72,"Toy Ornithopter":24,"FossilizedHelix":64,"InkBottle":164,"Ring of the Snake":0,"Pocketwatch":164}],"Toy Ornithopter":57,"InkBottle":[28],"Pocketwatch":[8]},"card_choices":[{"not_picked":["Dagger Throw","Well Laid Plans","Crippling Poison"],"picked":"SKIP","floor":1},{"not_picked":["Dagger Throw","Well Laid Plans","Crippling Poison"],"picked":"SKIP","floor":1},{"not_picked":["Calculated Gamble","Underhanded Strike","Acrobatics"],"picked":"SKIP","floor":3},{"not_picked":["Poisoned Stab","Choke"],"picked":"Dagger Spray","floor":4},{"not_picked":["Quick Slash","Sucker Punch","Reflex"],"picked":"SKIP","floor":5},{"not_picked":["Quick Slash","Setup","Accuracy"],"picked":"SKIP","floor":6},{"not_picked":["Dagger Throw","Eviscerate"],"picked":"After Image","floor":8},{"not_picked":["Dagger Spray","Setup"],"picked":"Escape Plan","floor":11},{"not_picked":["PiercingWail","Setup"],"picked":"Outmaneuver","floor":13},{"not_picked":["Flying Knee","Prepared"],"picked":"Leg Sweep","floor":14},{"not_picked":["Bullet Time","A Thousand Cuts"],"picked":"Adrenaline","floor":16},{"not_picked":["Quick Slash","PiercingWail"],"picked":"Footwork+1","floor":18},{"not_picked":["Slice+1","Distraction"],"picked":"Prepared+1","floor":22},{"not_picked":["Slice","Dagger Throw"],"picked":"Acrobatics","floor":23},{"not_picked":["Masterful Stab","Underhanded Strike","Quick Slash"],"picked":"SKIP","floor":25},{"not_picked":["Masterful Stab+1","Phantasmal Killer"],"picked":"Dodge and Roll","floor":27},{"not_picked":["Choke","Deadly Poison"],"picked":"Dodge and Roll","floor":28},{"not_picked":["Eviscerate","Bane","PiercingWail"],"picked":"SKIP","floor":29},{"not_picked":["Bouncing Flask+1","Dagger Throw"],"picked":"Terror","floor":31},{"not_picked":["A Thousand Cuts","Corpse Explosion"],"picked":"After Image","floor":33},{"not_picked":["Dagger Throw+1","Backflip+1"],"picked":"Blade Dance","floor":35},{"not_picked":["Deflect+1","Accuracy"],"picked":"Prepared+1","floor":36},{"not_picked":["Bane","Acrobatics"],"picked":"Venomology","floor":37},{"not_picked":["PiercingWail","Slice","Distraction+1"],"picked":"SKIP","floor":38},{"not_picked":["Cloak And Dagger","Night Terror"],"picked":"Accuracy","floor":40},{"not_picked":["Prepared","Terror+1","Poisoned Stab"],"picked":"SKIP","floor":42},{"not_picked":["Sucker Punch","Dodge and Roll"],"picked":"Cloak And Dagger","floor":47}],"player_experience":463213,"relics_obtained":[{"floor":6,"key":"Centennial Puzzle"},{"floor":8,"key":"Toy Ornithopter"},{"floor":9,"key":"MawBank"},{"floor":10,"key":"Odd Mushroom"},{"floor":13,"key":"Ancient Tea Set"},{"floor":23,"key":"CeramicFish"},{"floor":24,"key":"FossilizedHelix"},{"floor":25,"key":"Bottled Lightning"},{"floor":26,"key":"Tough Bandages"},{"floor":27,"key":"MealTicket"},{"floor":32,"key":"The Specimen"},{"floor":40,"key":"Bag of Marbles"},{"floor":41,"key":"Orichalcum"},{"floor":42,"key":"Pocketwatch"},{"floor":43,"key":"InkBottle"},{"floor":44,"key":"Calipers"},{"floor":47,"key":"HornCleat"},{"floor":49,"key":"Paper Crane"}],"event_choices":[{"damage_healed":0,"gold_gain":0,"player_choice":"Donut","damage_taken":0,"max_hp_gain":5,"max_hp_loss":0,"event_name":"Big Fish","floor":2,"gold_loss":0},{"damage_healed":0,"gold_gain":0,"player_choice":"Fought Mushrooms","damage_taken":0,"max_hp_gain":0,"max_hp_loss":0,"event_name":"Mushrooms","floor":10,"gold_loss":0},{"damage_healed":0,"gold_gain":0,"player_choice":"Simplicity","damage_taken":0,"max_hp_gain":0,"max_hp_loss":0,"event_name":"Back to Basics","floor":19,"gold_loss":0,"cards_upgraded":["Strike_G","Strike_G","Strike_G","Defend_G","Defend_G","Defend_G","Defend_G"]},{"damage_healed":0,"gold_gain":0,"player_choice":"Obtained Relic","damage_taken":0,"relics_obtained":["War Paint"],"max_hp_gain":0,"max_hp_loss":0,"event_name":"Addict","floor":21,"gold_loss":85},{"damage_healed":0,"gold_gain":0,"player_choice":"Upgraded Two","damage_taken":0,"max_hp_gain":0,"max_hp_loss":0,"event_name":"Designer","floor":39,"gold_loss":50,"cards_upgraded":["Terror","Dodge and Roll"]},{"cards_removed":["Dagger Spray"],"damage_healed":0,"gold_gain":0,"player_choice":"Removed Attack","damage_taken":0,"max_hp_gain":0,"max_hp_loss":0,"event_name":"Falling","floor":48,"gold_loss":0}],"is_beta":false,"boss_relics":[{"not_picked":["WristBlade","Coffee Dripper"],"picked":"SacredBark"},{"not_picked":["Velvet Choker","Empty Cage"],"picked":"Runic Dome"}],"items_purged_floors":[45],"is_endless":false,"potions_floor_spawned":[1,4,5,10,16,25,27,28,29,36,37,40,47],"ascension_level":20}}