{"host":"6bsan6hkua32tfq7","time":1612244229,"event":{"mods":["BaseMod","Better Third Choice","Colored Map","Highlight Path","Minty Spire (QoL Compilation)","StSLib"],"gold_per_floor":[111,122,102,3,17,45,45,45,125,125,143,157,207,234,234,234,234],"floor_reached":16,"language":"ENG","playtime":294,"items_purged":["Defend_G"],"score":220,"play_id":"c9ecc6a8-7141-4039-bad6-79213812d534","local_time":"20210202063709","is_ascension_mode":true,"campfire_choices":[{"floor":8.0,"key":"REST"},{"floor":10.0,"key":"REST"},{"data":"Noxious Fumes","floor":15,"key":"SMITH"}],"circlet_count":0,"master_deck":["AscendersBane","Strike_G","Strike_G","Strike_G","Strike_G","Strike_G","Defend_G","Defend_G","Defend_G","Defend_G","Survivor","Neutralize","Finisher","Blade Dance","Dagger Spray","Noxious Fumes+1","Dagger Spray","Bane","Footwork"],"relics":["Ring of the Snake","NeowsBlessing","Juzu Bracelet","Bag of Preparation","Pantograph","Regal Pillow"],"acts_visited":["Exordium"],"potions_floor_usage":[],"damage_taken":[{"damage":0.0,"enemies":"Cultist","floor":1.0,"turns":1.0},{"damage":0.0,"enemies":"Jaw Worm","floor":2.0,"turns":1.0},{"damage":0.0,"enemies":"Small Slimes","floor":5.0,"turns":1.0},{"damage":52.0,"enemies":"Gremlin Nob","floor":6.0,"turns":5.0},{"damage":0.0,"enemies":"Looter","floor":11.0,"turns":2.0},{"damage":0.0,"enemies":"Red Slaver","floor":12.0,"turns":4.0},{"damage":20.0,"enemies":"Lagavulin","floor":14.0,"turns":5.0},{"damage":47,"enemies":"Hexaghost","floor":16,"turns":9}],"seed_played":"6369691915547650902","potions_obtained":[{"floor":1.0,"key":"Dexterity Potion"},{"floor":3.0,"key":"Dexterity Potion"},{"floor":6.0,"key":"DistilledChaos"}],"is_trial":false,"path_per_floor":["M","M","?","$","M","E","?","R","T","R","M","M","?","E","R","B"],"character_chosen":"THE_SILENT","items_purchased":["Dagger Spray"],"campfire_rested":2,"item_purchase_floors":[4],"current_hp_per_floor":[59,59,59,59,59,7,2,21,21,40,40,40,40,20,20,0,0],"gold":234,"neow_bonus":"THREE_ENEMY_KILL","is_daily":false,"chose_seed":false,"campfire_upgraded":1,"win_rate":0.0,"timestamp":1612244229,"path_taken":["M","?","?","?","M","E","?","R","T","R","M","M","?","E","R","BOSS"],"items_purchased_type":["Card"],"build_version":"2020-12-22","purchased_purges":1,"victory":false,"max_hp_per_floor":[66,66,66,66,66,66,66,66,66,66,66,66,66,66,66,66,66],"card_choices":[{"not_picked":["Calculated Gamble","Cloak And Dagger"],"picked":"Finisher","floor":1.0},{"not_picked":["Expertise","Backflip"],"picked":"Blade Dance","floor":2.0},{"not_picked":["Deflect","Poisoned Stab"],"picked":"Noxious Fumes","floor":5.0},{"not_picked":["Outmaneuver","Catalyst"],"picked":"Dagger Spray","floor":6.0},{"not_picked":["Calculated Gamble","Setup","Bane"],"picked":"SKIP","floor":11.0},{"not_picked":["Calculated Gamble","Setup"],"picked":"Bane","floor":11.0},{"not_picked":["Dodge and Roll","Masterful Stab","Skewer"],"picked":"SKIP","floor":12.0},{"not_picked":["Flechettes","Accuracy"],"picked":"Footwork","floor":14}],"player_experience":5371842,"relics_obtained":[{"floor":6.0,"key":"Juzu Bracelet"},{"floor":9.0,"key":"Pantograph"},{"floor":14,"key":"Regal Pillow"}],"event_choices":[{"damage_healed":0.0,"max_hp_gain":0.0,"max_hp_loss":0.0,"gold_gain":0.0,"event_name":"The Woman in Blue","player_choice":"Bought 1 Potion","floor":3.0,"gold_loss":0.0,"damage_taken":0.0},{"damage_healed":0.0,"max_hp_gain":0.0,"max_hp_loss":0.0,"gold_gain":0.0,"event_name":"betterThird:BetterScrap","player_choice":"Relic ","floor":7.0,"gold_loss":0.0,"damage_taken":5.0,"cards_obtained":["SpiritShield"]},{"damage_healed":0.0,"max_hp_gain":0.0,"max_hp_loss":0.0,"gold_gain":50.0,"event_name":"Golden Shrine","player_choice":"Pray","floor":13.0,"gold_loss":0.0,"damage_taken":0.0}],"is_beta":false,"boss_relics":[],"items_purged_floors":[4],"is_endless":false,"potions_floor_spawned":[1,6],"killed_by":"Hexaghost","ascension_level":20}}