{"host":"yq2wmfr0u0wuvxc0","time":1612302508,"event":{"mods":["Act Like it!","Aspiration","BaseMod","Colored Powertips","Curses Come First","Defuse TimeMaze Blight","Downfall","Friendly Minions","Gensokyo","Gremlin Mod","Hallownest","Hubris","Infinite Spire","Koishi","Marisa????????","Minty Spire (QoL Compilation)","Pale of the Ancients","Quick Restart","Rare Cards Sparkle","Remilia??????","Shop Mod","Smile Girya","Spicy Shops","StSLib","The Jungle","The Servant 0.9.4","Wide Potions","Youmu??????"],"gold_per_floor":[99,9,24,24,74,87,87,87,87,87,107,107,107,124,140,243,243,243,258,258,275,3,21,91,108,208,208,308,308,308,324,341,436,436,436,448,463,481,481,359,359,359,390,408,425,453,253,270,283,283],"floor_reached":51,"language":"ZHS","playtime":3695,"items_purged":["bronze:Strike","bronze:Strike","bronze:CloningBeam","bronze:Defend"],"score":701,"play_id":"21d9c7cf-8629-4bd1-99a9-f4eccbe48533","local_time":"20210202134828","is_ascension_mode":false,"campfire_choices":[{"data":"bronze:HyperBeam","floor":1.0,"key":"SMITH"},{"data":"bronze:Overheat","floor":8.0,"key":"SMITH"},{"data":"bronze:BuggyMess","floor":12.0,"key":"SMITH"},{"data":"bronze:Virus","floor":18.0,"key":"SMITH"},{"floor":27.0,"key":"REST"},{"floor":30,"key":"REST"},{"data":"bronze:Repulsor","floor":30,"key":"SMITH"},{"data":"bronze:Assembly","floor":35,"key":"SMITH"},{"floor":47,"key":"REST"},{"floor":47,"key":"RECALL"}],"circlet_count":0,"master_deck":["bronze:Defend","bronze:Replicate","bronze:Goto+1","bronze:Safeguard","bronze:HyperBeam+1","bronze:Overheat+1","bronze:WhirlingStrike","bronze:Overheat","bronze:BuggyMess+1","bronze:Repulsor+1","bronze:Virus+1","bronze:Allocate+1","bronze:NullPointer","bronze:NullPointer+1","bronze:Shield","bronze:Overheat+1","bronze:Fortify","bronze:MaxOutput","J.A.X.","bronze:Optimize+1","bronze:Assembly+1","bronze:FindAndReplace","Madness","bronze:ItsAFeature+1","bronze:BugBarrage","bronze:ShipIt","bronze:FindAndReplace","bronze:FollowUp+1","bronze:ChildClass+1"],"relics":["bronze:BronzeCore","hubris:BottledRain","hubris:Towel","Bottled Flame","aspiration:SecretTechniqueScroll","Hallownest:DreamNailRelic","Strange Spoon","Matryoshka","MutagenicStrength","infinitespire:Magic Flask","The Courier","expansioncontent:StudyCardRelic","Prayer Wheel","Regal Pillow","Unceasing Top","hubris:Backtick","Lee\u0027s Waffle","bronze:SilverBullet","infinitespire:FocusingShard","downfall:HeartBlessingGreen","downfall:HeartBlessingBlue"],"acts_visited":["Hallownest:Greenpath","TheCity","Hallownest:KingdomsEdge"],"potions_floor_usage":[33,37,40,44,50],"damage_taken":[{"damage":0.0,"enemies":"downfall:FleeingMerchant","floor":2.0,"turns":4.0},{"damage":0.0,"enemies":"Hallownest:2_Baldur","floor":3.0,"turns":3.0},{"damage":0.0,"enemies":"Hallownest:monsterHuskWarrior","floor":6.0,"turns":3.0},{"damage":2.0,"enemies":"Hallownest:monsterHuskGuard","floor":11.0,"turns":3.0},{"damage":16.0,"enemies":"Hallownest:1_Ooma_and_2_Uuma","floor":14.0,"turns":4.0},{"damage":0.0,"enemies":"Hallownest:monsterAspidMother","floor":15.0,"turns":4.0},{"damage":38.0,"enemies":"WA_ARCHETYPE_RETAIN","floor":16.0,"turns":7.0},{"damage":0.0,"enemies":"Spheric Guardian","floor":19.0,"turns":2.0},{"damage":2.0,"enemies":"3 Byrds","floor":21.0,"turns":4.0},{"damage":3.0,"enemies":"downfall:FleeingMerchant","floor":22.0,"turns":4.0},{"damage":28.0,"enemies":"Shelled Parasite and Fungi","floor":23.0,"turns":4.0},{"damage":0.0,"enemies":"Cultist and Chosen","floor":25.0,"turns":5.0},{"damage":15.0,"enemies":"downfall:Augmenter","floor":26.0,"turns":5.0},{"damage":0.0,"enemies":"Colosseum Nobs","floor":28.0,"turns":2.0},{"damage":0,"enemies":"Centurion and Healer","floor":31,"turns":4},{"damage":10,"enemies":"Snake Plant","floor":32,"turns":2},{"damage":36,"enemies":"IC_MUSHROOM_ARCHETYPE","floor":33,"turns":7},{"damage":6,"enemies":"Hallownest:3_Siblings","floor":36,"turns":3},{"damage":12,"enemies":"Hallownest:2_Littles","floor":37,"turns":4},{"damage":42,"enemies":"Hallownest:Slobbering_and_Violent","floor":38,"turns":5},{"damage":6,"enemies":"downfall:FleeingMerchant","floor":40,"turns":4},{"damage":31,"enemies":"Hallownest:StalkingDevout","floor":43,"turns":5},{"damage":0,"enemies":"Hallownest:2_Wandering_and_1_Horned","floor":44,"turns":6},{"damage":0,"enemies":"Hallownest:Xero_Hu_Marmu","floor":45,"turns":4},{"damage":0,"enemies":"Hallownest:eliteCollector","floor":46,"turns":5},{"damage":3,"enemies":"Hallownest:2_Wing_and_1_Kings","floor":48,"turns":4},{"damage":10,"enemies":"Hallownest:2_Wandering_and_1_Horned","floor":49,"turns":4},{"damage":39,"enemies":"DF_ARCHETYPE_ORBS","floor":50,"turns":6}],"seed_played":"-4670767741586915674","potions_obtained":[{"floor":3.0,"key":"Fire Potion"},{"floor":16.0,"key":"bronze:FreeFunctionsPotion"},{"floor":26.0,"key":"GamblersBrew"},{"floor":31,"key":"champ:CounterPotion"},{"floor":38,"key":"bronze:BurnAndBuffPotion"},{"floor":43,"key":"GamblersBrew"},{"floor":44,"key":"LiquidMemories"}],"is_trial":false,"path_per_floor":["R","$","M","?","?","M","T","R","?","?","M","R","T","M","M","B",null,"R","M","?","M","$","M","T","M","?","R","?","?","R","M","M","B",null,"R","M","M","M","?","$","T","AVR","E","M","M","E","R","M","M","B",null],"character_chosen":"THE_AUTOMATON","items_purchased":["Strange Spoon","Prayer Wheel","Madness"],"campfire_rested":3,"item_purchase_floors":[22,40,40],"current_hp_per_floor":[63,63,63,63,63,63,63,63,63,63,61,61,61,47,47,13,63,63,63,63,61,58,30,30,30,15,33,33,33,51,51,41,5,63,63,57,45,5,11,5,5,70,39,39,39,39,80,77,67,28],"gold":283,"neow_bonus":"TRANSFORM_TWO_CARDS","is_daily":false,"chose_seed":false,"campfire_upgraded":6,"win_rate":0.0,"timestamp":1612302508,"path_taken":["R","$","M","?","?","?","T","R","?","?","M","R","?","M","M","BOSS","R","M","?","M","?","?","T","M","?","R","?","?","R","M","M","BOSS","R","M","M","M","?","$","T","AVR","E","M","M","E","R","?","M","BOSS"],"items_purchased_type":["Relic","Relic","Card"],"build_version":"2020-12-22","purchased_purges":4,"victory":true,"max_hp_per_floor":[63,63,63,63,63,63,63,63,63,63,63,63,63,63,63,63,63,63,63,63,63,63,63,63,63,63,63,63,63,63,63,63,63,63,63,63,63,63,63,63,63,70,70,70,70,70,80,80,80,80],"card_choices":[{"not_picked":["bronze:OilSpill","bronze:Turbo"],"picked":"bronze:Overheat","floor":2.0},{"not_picked":["bronze:Backtrace","bronze:Boost"],"picked":"bronze:WhirlingStrike","floor":3.0},{"not_picked":["bronze:ClassDefault","bronze:NullPointer"],"picked":"bronze:Overheat","floor":6.0},{"not_picked":["bronze:Safeguard","bronze:DelayedSlice"],"picked":"bronze:BuggyMess","floor":11.0},{"not_picked":["bronze:Shield","bronze:Branch"],"picked":"bronze:CloningBeam","floor":14.0},{"not_picked":["bronze:Fortify","bronze:Branch"],"picked":"bronze:Repulsor","floor":15.0},{"not_picked":["bronze:ThunderWave","bronze:Assembly"],"picked":"bronze:Virus","floor":16.0},{"not_picked":["bronze:DelayedSlice","bronze:CloningBeam"],"picked":"bronze:Allocate+1","floor":19.0},{"not_picked":["bronze:FineTuning","bronze:Safeguard+1"],"picked":"bronze:NullPointer","floor":21.0},{"not_picked":["bronze:Invalidate+1","bronze:Frontload"],"picked":"bronze:NullPointer+1","floor":22.0},{"not_picked":["bronze:WhirlingStrike","bronze:Invalidate"],"picked":"bronze:Shield","floor":23.0},{"not_picked":["bronze:Return","bronze:Shell","bronze:Overheat"],"picked":"SKIP","floor":25.0},{"not_picked":["bronze:Repulsor","bronze:ChosenStrike"],"picked":"bronze:Overheat+1","floor":26.0},{"not_picked":[],"picked":"J.A.X.","floor":26.0},{"not_picked":["bronze:ForLoop","bronze:Overheat"],"picked":"bronze:Optimize+1","floor":28.0},{"not_picked":["bronze:BuggyMess","bronze:Branch","bronze:Deprecate"],"picked":"SKIP","floor":31},{"not_picked":["bronze:OilSpill+1","bronze:HyperBeam","bronze:Branch"],"picked":"SKIP","floor":32},{"not_picked":["bronze:RecursiveStrike","bronze:SpaghettiCode"],"picked":"bronze:Assembly","floor":33},{"not_picked":["bronze:OilSpill","bronze:Optimize","bronze:Allocate"],"picked":"SKIP","floor":36},{"not_picked":["bronze:CloningBeam+1","bronze:OilSpill+1","bronze:ClassDefault"],"picked":"SKIP","floor":37},{"not_picked":["bronze:FineTuning","bronze:Overheat+1","bronze:DelayedSlice+1"],"picked":"SKIP","floor":38},{"not_picked":["bronze:ItsAFeature+1","bronze:Return"],"picked":"bronze:FindAndReplace","floor":40},{"not_picked":["bronze:Iterate","bronze:Shell+1","bronze:DigitalCarnage+1"],"picked":"SKIP","floor":43},{"not_picked":["bronze:CutThrough+1","bronze:BuggyMess"],"picked":"bronze:ItsAFeature+1","floor":44},{"not_picked":["bronze:Frontload","bronze:DigitalCarnage+1","bronze:Iterate+1"],"picked":"SKIP","floor":44},{"not_picked":["bronze:Invalidate+1","bronze:DelayedSlice+1"],"picked":"bronze:BugBarrage","floor":45},{"not_picked":["bronze:DarkDash","bronze:Overheat+1"],"picked":"bronze:ShipIt","floor":45},{"not_picked":["bronze:DelayedSlice+1","bronze:Deprecate"],"picked":"bronze:FindAndReplace","floor":46},{"not_picked":["bronze:BugBarrage+1","bronze:BronzeArmor+1"],"picked":"bronze:FollowUp+1","floor":48},{"not_picked":["bronze:ForLoop+1","bronze:BitShift","bronze:Deprecate+1"],"picked":"SKIP","floor":48},{"not_picked":["bronze:FineTuning+1","bronze:Overheat+1"],"picked":"bronze:ChildClass+1","floor":49},{"not_picked":["bronze:Fortify","bronze:DelayedGuard","bronze:Overload+1"],"picked":"SKIP","floor":49}],"player_experience":317744,"relics_obtained":[{"floor":7.0,"key":"hubris:BottledRain"},{"floor":13.0,"key":"Bottled Flame"},{"floor":24.0,"key":"Matryoshka"},{"floor":26.0,"key":"MutagenicStrength"},{"floor":28.0,"key":"infinitespire:Magic Flask"},{"floor":28.0,"key":"The Courier"},{"floor":41,"key":"Regal Pillow"},{"floor":43,"key":"bronze:SilverBullet"},{"floor":46,"key":"infinitespire:FocusingShard"}],"event_choices":[],"is_beta":false,"boss_relics":[{"not_picked":["hubris:RunicObelisk","Calling Bell"],"picked":"aspiration:SecretTechniqueScroll"},{"not_picked":["Empty Cage","aspiration:WatcherSkillbook"],"picked":"expansioncontent:StudyCardRelic"}],"items_purged_floors":[2,22,40,42],"is_endless":false,"potions_floor_spawned":[3,16,25,26,31,38,43,44],"ascension_level":0}}