{"host":"phy652c7lim9lcu2","time":1612274447,"event":{"mods":["BaseMod","BetterRewards","Colored Powertips","Downfall","Googly Eyes","Hubris","Minty Spire (QoL Compilation)","Relic Stats","Spicy Shops","StSLib","everything is the same but u backflip on backflip"],"gold_per_floor":[118,118,142,158,158,202,226,266,291,326,326,344,344,47,47,176,176,191,191,191,91,91,107,132,156,179,222,222,240,240,280,280,400,400,419,419,752,327,427,427,453,453,478,531,542,592,69,87,87,87,87,87,39,65,65],"floor_reached":56,"language":"ENG","playtime":1673,"items_purged":["Defend_R","Strike_R","Strike_R","Defend_R","Strike_R","Strike_R"],"score":2156,"play_id":"197a65e1-68b7-4044-a7ed-fb75e2603407","local_time":"20210203000047","is_ascension_mode":true,"campfire_choices":[{"data":"Whirlwind","floor":13.0,"key":"SMITH"},{"data":"Pommel Strike","floor":15.0,"key":"SMITH"},{"data":"Battle Trance","floor":28.0,"key":"SMITH"},{"data":"Flex","floor":30.0,"key":"SMITH"},{"data":"Rupture","floor":32.0,"key":"SMITH"},{"data":"Flex","floor":40.0,"key":"SMITH"},{"data":"Twin Strike","floor":42.0,"key":"SMITH"},{"floor":49.0,"key":"RECALL"},{"data":"J.A.X.","floor":52.0,"key":"SMITH"}],"circlet_count":0,"master_deck":["Strike_R","Defend_R","Defend_R","Bash","Whirlwind+1","Twin Strike+1","Flex+1","Flex+1","Shrug It Off","Pommel Strike+1","Brutality","J.A.X.+1","Battle Trance+1","Flex+1","Rupture+1","Double Tap+1","Whirlwind+1"],"relics":["Burning Blood","Chemical X","Brimstone","hubris:Towel","Potion Belt","Toy Ornithopter","StrikeDummy","PreservedInsect","SacredBark","hubris:Icosahedron","Bag of Preparation","Nunchaku","Tiny Chest","hubris:Backtick","Gambling Chip","hubris:EmptyBottle","hubris:Spice","Pen Nib","Happy Flower","hubris:FunFungus","DollysMirror","Calipers"],"acts_visited":["Exordium","TheCity","TheBeyond","TheEnding"],"potions_floor_usage":[55,55,55,55,55,55,55,55,55],"damage_taken":[{"damage":0.0,"enemies":"Jaw Worm","floor":1.0,"turns":3.0},{"damage":0.0,"enemies":"Small Slimes","floor":3.0,"turns":2.0},{"damage":6.0,"enemies":"2 Louse","floor":4.0,"turns":2.0},{"damage":21.0,"enemies":"3 Sentries","floor":6.0,"turns":3.0},{"damage":0.0,"enemies":"2 Fungi Beasts","floor":7.0,"turns":2.0},{"damage":22.0,"enemies":"Lagavulin","floor":8.0,"turns":3.0},{"damage":18.0,"enemies":"Gremlin Nob","floor":10.0,"turns":3.0},{"damage":0.0,"enemies":"Exordium Thugs","floor":12.0,"turns":2.0},{"damage":0.0,"enemies":"Slime Boss","floor":16.0,"turns":4.0},{"damage":3.0,"enemies":"Spheric Guardian","floor":18.0,"turns":3.0},{"damage":0.0,"enemies":"3 Byrds","floor":23.0,"turns":3.0},{"damage":3.0,"enemies":"Centurion and Healer","floor":24.0,"turns":2.0},{"damage":17.0,"enemies":"Cultist and Chosen","floor":25.0,"turns":3.0},{"damage":2.0,"enemies":"Gremlin Leader","floor":27.0,"turns":3.0},{"damage":9.0,"enemies":"Chosen and Byrds","floor":29.0,"turns":2.0},{"damage":10.0,"enemies":"Book of Stabbing","floor":31.0,"turns":2.0},{"damage":29.0,"enemies":"hubris:MusketHawk","floor":33.0,"turns":3.0},{"damage":9.0,"enemies":"Orb Walker","floor":35.0,"turns":2.0},{"damage":3.0,"enemies":"Giant Head","floor":41.0,"turns":1.0},{"damage":0.0,"enemies":"3 Darklings","floor":45.0,"turns":1.0},{"damage":0.0,"enemies":"Mind Bloom Boss Battle","floor":46.0,"turns":2.0},{"damage":0.0,"enemies":"Transient","floor":48.0,"turns":5.0},{"damage":3.0,"enemies":"Time Eater","floor":50.0,"turns":1.0},{"damage":3.0,"enemies":"Shield and Spear","floor":54.0,"turns":1.0},{"damage":111,"enemies":"The Heart","floor":55,"turns":3}],"seed_played":"-8276055558143151832","potions_obtained":[{"floor":1.0,"key":"DuplicationPotion"},{"floor":3.0,"key":"hexamod:SoulburnPotion"},{"floor":7.0,"key":"champ:CounterPotion"},{"floor":10.0,"key":"Dexterity Potion"},{"floor":25.0,"key":"Weak Potion"},{"floor":29.0,"key":"Explosive Potion"},{"floor":31.0,"key":"champ:CounterPotion"},{"floor":33.0,"key":"SpeedPotion"},{"floor":41.0,"key":"SteroidPotion"}],"is_trial":false,"path_per_floor":["M","?","M","M","?","E","M","E","T","E","?","M","R","$","R","B",null,"M","?","?","$","?","M","M","M","T","E","R","M","R","E","R","B",null,"M","?","?","$","?","R","E","R","T","T","M","?","$","M","R","B",null,"R","$","E","B",null],"character_chosen":"IRONCLAD","items_purchased":["Chemical X","Brimstone","PreservedInsect","Pommel Strike","hubris:EmptyBottle","DollysMirror","SteroidPotion"],"campfire_rested":0,"item_purchase_floors":[0,0,14,14,38,47,53],"current_hp_per_floor":[62,42,48,48,48,33,39,23,23,11,16,22,22,22,22,28,71,74,74,74,74,74,80,83,72,72,76,76,73,73,69,69,56,78,75,75,75,75,75,75,86,86,86,86,92,93,93,93,93,93,93,93,93,93,20],"gold":65,"neow_bonus":"","is_daily":false,"chose_seed":false,"campfire_upgraded":8,"win_rate":0.0,"timestamp":1612274447,"path_taken":["M","?","M","M","?","E","M","E","T","E","?","M","R","$","R","BOSS","M","?","?","$","?","M","?","M","T","E","R","M","R","E","R","BOSS","M","?","?","$","?","R","E","R","T","?","?","?","$","M","R","BOSS","R","$","E","BOSS"],"items_purchased_type":["Relic","Relic","Relic","Card","Relic","Relic","Potion"],"build_version":"2020-12-22","purchased_purges":6,"victory":true,"max_hp_per_floor":[80,80,80,80,80,80,80,80,80,80,85,85,85,85,85,85,85,85,85,85,85,85,85,85,85,85,85,85,85,85,85,85,85,85,85,85,85,85,85,85,93,93,93,93,93,93,93,93,93,93,93,93,93,93,93],"relic_stats":{"Nunchaku":[6],"Happy Flower":[61],"counters":[132,567],"Gambling Chip":[27],"Tiny Chest":1,"PreservedInsect":492,"Pen Nib":[20],"Bag of Preparation":[24],"Chemical X":[46],"obtain_stats":[{"Tiny House":34,"Calipers":54,"Gremlin Horn":17,"CeramicFish":31,"Runic Capacitor":0,"Whetstone":54,"Boot":7,"Blood Vial":26,"Centennial Puzzle":8,"DollysMirror":47,"Strawberry":6,"downfall:ExtraCursedKey":13,"Kunai":53,"Toxic Egg 2":11,"hubris:TinFlute":7,"Pear":24,"Happy Flower":27,"hubris:DuctTape":47,"Astrolabe":17,"Blue Candle":36,"Oddly Smooth Stone":0,"Pen Nib":26,"Letter Opener":41,"Question Card":24,"Akabeko":14,"Shuriken":45,"Brimstone":0,"hubris:PeanutButter":9,"hubris:ToyBattleship":30,"StrikeDummy":10,"Darkstone Periapt":27,"SacredBark":17,"Juzu Bracelet":6,"Incense Burner":48,"Bag of Preparation":26,"hubris:EmptyBottle":12,"Smiling Mask":14,"Ancient Tea Set":0,"Empty Cage":17,"Burning Blood":0,"ClockworkSouvenir":19,"Nunchaku":26,"hubris:Icosahedron":41,"hubris:Backtick":34,"Gambling Chip":21,"Tiny Chest":17,"hubris:IronBody":23,"hubris:FunFungus":46,"Red Mask":0,"Chemical X":0,"Cracked Core":0,"hubris:GlazedTorus":8,"Potion Belt":6,"Golden Idol":2,"PreservedInsect":0,"The Courier":9,"Orichalcum":0,"hubris:Towel":22,"Calling Bell":17,"Strange Spoon":36,"Busted Crown":17,"hubris:Spice":26,"Turnip":17,"Membership Card":4,"hubris:CrackedHourglass":17,"PureWater":0,"TungstenRod":0,"Toy Ornithopter":11,"hubris:BottledRain":27},{"Tiny House":47,"Calipers":131,"Gremlin Horn":41,"CeramicFish":46,"Runic Capacitor":5,"Whetstone":57,"Boot":91,"Blood Vial":100,"Centennial Puzzle":22,"DollysMirror":128,"Strawberry":20,"downfall:ExtraCursedKey":12,"Kunai":56,"Toxic Egg 2":24,"hubris:TinFlute":36,"Pear":44,"Happy Flower":45,"hubris:DuctTape":54,"Astrolabe":14,"Blue Candle":48,"Oddly Smooth Stone":32,"Pen Nib":31,"Letter Opener":52,"Question Card":72,"Akabeko":40,"Shuriken":53,"Brimstone":107,"hubris:PeanutButter":11,"hubris:ToyBattleship":45,"StrikeDummy":114,"Darkstone Periapt":101,"SacredBark":116,"Juzu Bracelet":10,"Incense Burner":82,"Bag of Preparation":120,"hubris:EmptyBottle":24,"Smiling Mask":12,"Ancient Tea Set":32,"Empty Cage":66,"Burning Blood":0,"ClockworkSouvenir":42,"Nunchaku":44,"hubris:Icosahedron":80,"hubris:Backtick":124,"Gambling Chip":29,"Tiny Chest":41,"hubris:IronBody":99,"hubris:FunFungus":128,"Red Mask":0,"Chemical X":0,"Cracked Core":0,"hubris:GlazedTorus":63,"Potion Belt":111,"Golden Idol":108,"PreservedInsect":0,"The Courier":63,"Orichalcum":14,"hubris:Towel":29,"Calling Bell":41,"Strange Spoon":48,"Busted Crown":94,"hubris:Spice":73,"Turnip":41,"Membership Card":8,"hubris:CrackedHourglass":27,"PureWater":0,"TungstenRod":0,"Toy Ornithopter":37,"hubris:BottledRain":73},{"Tiny House":200,"Calipers":564,"Gremlin Horn":169,"CeramicFish":191,"Runic Capacitor":13,"Whetstone":252,"Boot":423,"Blood Vial":473,"Centennial Puzzle":80,"DollysMirror":557,"Strawberry":73,"downfall:ExtraCursedKey":43,"Kunai":247,"Toxic Egg 2":86,"hubris:TinFlute":151,"Pear":181,"Happy Flower":183,"hubris:DuctTape":234,"Astrolabe":56,"Blue Candle":203,"Oddly Smooth Stone":131,"Pen Nib":122,"Letter Opener":222,"Question Card":326,"Akabeko":165,"Shuriken":229,"Brimstone":506,"hubris:PeanutButter":38,"hubris:ToyBattleship":183,"StrikeDummy":524,"Darkstone Periapt":478,"SacredBark":530,"Juzu Bracelet":34,"Incense Burner":379,"Bag of Preparation":541,"hubris:EmptyBottle":86,"Smiling Mask":43,"Ancient Tea Set":131,"Empty Cage":292,"Burning Blood":0,"ClockworkSouvenir":172,"Nunchaku":181,"hubris:Icosahedron":368,"hubris:Backtick":551,"Gambling Chip":115,"Tiny Chest":169,"hubris:IronBody":469,"hubris:FunFungus":557,"Red Mask":0,"Chemical X":0,"Cracked Core":0,"hubris:GlazedTorus":278,"Potion Belt":516,"Golden Idol":509,"PreservedInsect":0,"The Courier":278,"Orichalcum":56,"hubris:Towel":115,"Calling Bell":169,"Strange Spoon":203,"Busted Crown":443,"hubris:Spice":331,"Turnip":169,"Membership Card":24,"hubris:CrackedHourglass":107,"PureWater":0,"TungstenRod":0,"Toy Ornithopter":156,"hubris:BottledRain":331}],"Burning Blood":412,"Toy Ornithopter":150},"card_choices":[{"not_picked":["Carnage","Rampage"],"picked":"Whirlwind","floor":1.0},{"not_picked":["Bloodletting","Warcry"],"picked":"Twin Strike","floor":3.0},{"not_picked":["Shockwave","Second Wind","Combust"],"picked":"SKIP","floor":4.0},{"not_picked":["Blood for Blood","Body Slam"],"picked":"Flex","floor":6.0},{"not_picked":["Havoc","Armaments"],"picked":"Flex","floor":7.0},{"not_picked":["Headbutt","Corruption","Clash"],"picked":"SKIP","floor":8.0},{"not_picked":["Bloodletting","Corruption"],"picked":"Shrug It Off","floor":10.0},{"not_picked":["Burning Pact","Uppercut","Body Slam"],"picked":"SKIP","floor":12.0},{"not_picked":["Immolate","Juggernaut"],"picked":"Brutality","floor":16.0},{"not_picked":["Anger+1","Clash+1","Intimidate"],"picked":"SKIP","floor":18.0},{"not_picked":["True Grit","Sword Boomerang+1"],"picked":"Battle Trance","floor":23.0},{"not_picked":["Twin Strike","Warcry","Sever Soul"],"picked":"SKIP","floor":24.0},{"not_picked":["Perfected Strike","hubris:ReadiedAction"],"picked":"Flex","floor":25.0},{"not_picked":["Dropkick","Infernal Blade","Warcry"],"picked":"SKIP","floor":27.0},{"not_picked":["Shockwave","Flame Barrier","Blood for Blood"],"picked":"SKIP","floor":29.0},{"not_picked":["Rampage","Exhume"],"picked":"Rupture","floor":31.0},{"not_picked":["Corruption","Bludgeon"],"picked":"Double Tap","floor":33.0},{"not_picked":["Headbutt","Heavy Blade","Iron Wave"],"picked":"SKIP","floor":35.0},{"not_picked":["Burning Pact+1","Second Wind+1","Dropkick"],"picked":"SKIP","floor":41.0},{"not_picked":["Perfected Strike","Thunderclap+1","Anger+1"],"picked":"SKIP","floor":45.0},{"not_picked":["Carnage+1","Iron Wave+1","Clash"],"picked":"SKIP","floor":48.0},{"not_picked":["Clothesline+1","Bludgeon","hubris:SharpeningStone+1"],"picked":"SKIP","floor":54.0}],"player_experience":291866,"relics_obtained":[{"floor":6.0,"key":"Potion Belt"},{"floor":8.0,"key":"Toy Ornithopter"},{"floor":10.0,"key":"StrikeDummy"},{"floor":26.0,"key":"Bag of Preparation"},{"floor":27.0,"key":"Nunchaku"},{"floor":31.0,"key":"Tiny Chest"},{"floor":41.0,"key":"hubris:Spice"},{"floor":43.0,"key":"Pen Nib"},{"floor":44.0,"key":"Happy Flower"},{"floor":46.0,"key":"hubris:FunFungus"},{"floor":54.0,"key":"Calipers"}],"event_choices":[{"damage_healed":0.0,"max_hp_gain":0.0,"max_hp_loss":0.0,"gold_gain":0.0,"event_name":"Golden Idol","player_choice":"Take Damage","floor":2.0,"gold_loss":0.0,"damage_taken":20.0,"relics_obtained":["Golden Idol"]},{"damage_healed":0.0,"max_hp_gain":5.0,"max_hp_loss":0.0,"gold_gain":0.0,"event_name":"Big Fish","player_choice":"Donut","floor":11.0,"gold_loss":0.0,"damage_taken":0.0},{"damage_healed":0.0,"max_hp_gain":0.0,"max_hp_loss":0.0,"gold_gain":0.0,"event_name":"Drug Dealer","player_choice":"Obtain J.A.X.","floor":20.0,"gold_loss":0.0,"damage_taken":0.0,"cards_obtained":["J.A.X."]},{"damage_healed":0.0,"max_hp_gain":0.0,"max_hp_loss":0.0,"gold_gain":0.0,"event_name":"Accursed Blacksmith","player_choice":"Forge","floor":22.0,"gold_loss":0.0,"damage_taken":0.0,"cards_upgraded":["Flex"]},{"damage_healed":0.0,"max_hp_gain":0.0,"max_hp_loss":0.0,"gold_gain":333.0,"event_name":"The Moai Head","player_choice":"Gave Idol","floor":37.0,"relics_lost":["Golden Idol"],"gold_loss":0.0,"damage_taken":0.0},{"damage_healed":0.0,"max_hp_gain":0.0,"max_hp_loss":0.0,"gold_gain":100.0,"event_name":"Golden Shrine","player_choice":"Pray","floor":39.0,"gold_loss":0.0,"damage_taken":0.0},{"damage_healed":0.0,"max_hp_gain":0.0,"max_hp_loss":0.0,"gold_gain":0.0,"event_name":"MindBloom","player_choice":"Fight","floor":46.0,"gold_loss":0.0,"damage_taken":0.0}],"is_beta":false,"boss_relics":[{"not_picked":["hubris:Stopwatch","hubris:TerracottaHorce"],"picked":"SacredBark"},{"not_picked":["Mark of Pain","hubris:CrackedHourglass"],"picked":"hubris:Backtick"}],"items_purged_floors":[14,21,38,38,47,47],"is_endless":false,"potions_floor_spawned":[1,3,7,10,25,29,31,33,41],"ascension_level":7}}