{"host":"kwnpvqmnt47pmyi1","time":1612284832,"event":{"mods":["AchievementEnabler","BaseMod","Bestiary","BetterRewards","Clockwork Mod","Downfall","Hermit","Hubris","Infinite Spire","Marisa????????","Minty Spire (QoL Compilation)","Reliquary","Replay The Spire","Shade Mod","StSLib","The Hierophant","The Servant 0.9.4"],"gold_per_floor":[115,129,132,132,149,149,159,159,159,177,206,206,181,181,181],"floor_reached":14,"language":"ENG","playtime":767,"items_purged":[],"score":94,"play_id":"b1f2cc50-5c67-4d51-9d44-02dd6afaf63a","local_time":"20210202085352","is_ascension_mode":false,"campfire_choices":[{"data":"hierophant:ChurchCoffers","floor":6,"key":"SMITH"},{"data":"hierophant:RepressedViolence","floor":12,"key":"SMITH"}],"circlet_count":0,"master_deck":["hierophant:Strike_Hierophant+1","hierophant:Strike_Hierophant","hierophant:Strike_Hierophant","hierophant:Strike_Hierophant","hierophant:Punish+1","hierophant:Defend_Hierophant","hierophant:Defend_Hierophant","hierophant:Defend_Hierophant+1","hierophant:Defend_Hierophant","hierophant:ChurchCoffers+1","hierophant:PassingBell","hierophant:PassingBell+1","hierophant:RepressedViolence+1","hierophant:Invocation","hierophant:OrnateBuckler"],"relics":["hierophant:PropheticMaskRelic","Whetstone"],"acts_visited":["Exordium"],"potions_floor_usage":[13,14],"damage_taken":[{"damage":9,"enemies":"Cultist","floor":1,"turns":4},{"damage":0,"enemies":"Jaw Worm","floor":2,"turns":5},{"damage":0,"enemies":"Small Slimes","floor":3,"turns":3},{"damage":19,"enemies":"Blue Slaver","floor":5,"turns":4},{"damage":11,"enemies":"Large Slime","floor":7,"turns":6},{"damage":0,"enemies":"3 Louse","floor":10,"turns":2},{"damage":24,"enemies":"Gremlin Nob","floor":11,"turns":4},{"damage":0,"enemies":"Looter","floor":13,"turns":2},{"damage":4,"enemies":"3 Sentries","floor":14,"turns":1}],"seed_played":"5691017807212220255","potions_obtained":[{"floor":1,"key":"Flashbang"},{"floor":7,"key":"champ:CounterPotion"}],"is_trial":false,"path_per_floor":["M","M","M","$","M","R","M","?","T","M","E","R","M","E"],"character_chosen":"HIEROPHANT","items_purchased":[],"campfire_rested":0,"item_purchase_floors":[],"current_hp_per_floor":[73,73,73,73,54,54,43,27,27,27,3,3,3,0,0],"gold":181,"neow_bonus":"TEN_PERCENT_HP_BONUS","is_daily":false,"chose_seed":false,"campfire_upgraded":2,"win_rate":0.0,"timestamp":1612284832,"path_taken":["M","M","M","$","M","R","M","?","T","M","E","R","M","E"],"items_purchased_type":[],"build_version":"2020-12-22","purchased_purges":0,"victory":false,"max_hp_per_floor":[82,82,82,82,82,82,82,82,82,82,82,82,82,82,82],"card_choices":[{"not_picked":["hierophant:Encroach","hierophant:Racketeering","hierophant:MorningPrayer"],"picked":"SKIP","floor":1},{"not_picked":["hierophant:Flagellation","hierophant:SealAway","hierophant:Remorse"],"picked":"SKIP","floor":2},{"not_picked":["hierophant:CursedGold","hierophant:MorningPrayer"],"picked":"hierophant:PassingBell","floor":3},{"not_picked":["hierophant:HammerAndAnvil","hierophant:DisplayOfPower"],"picked":"hierophant:PassingBell","floor":5},{"not_picked":["hierophant:Remorse","hierophant:Shelter"],"picked":"hierophant:RepressedViolence","floor":7},{"not_picked":["hierophant:Anathema","hierophant:FlamingChariot","hierophant:Remorse"],"picked":"SKIP","floor":10},{"not_picked":["hierophant:ThreeLashes","hierophant:Exaltation"],"picked":"hierophant:Invocation","floor":11},{"not_picked":["hierophant:Encroach","hierophant:Endure"],"picked":"hierophant:OrnateBuckler","floor":13}],"player_experience":293903,"relics_obtained":[{"floor":11,"key":"Whetstone"}],"event_choices":[{"damage_healed":0,"gold_gain":0,"player_choice":"Entered Light","damage_taken":16,"max_hp_gain":0,"max_hp_loss":0,"event_name":"Shining Light","floor":8,"gold_loss":0,"cards_upgraded":["hierophant:PassingBell","hierophant:Defend_Hierophant"]}],"is_beta":false,"boss_relics":[],"items_purged_floors":[],"is_endless":false,"potions_floor_spawned":[1,7],"killed_by":"3 Sentries","ascension_level":0}}