{"host":"Jay","time":1612232575,"event":{"mods":["BaseMod","Colored Map","Googly Eyes","Hermit","Hubris","Minty Spire (QoL Compilation)","Replay The Spire","Shop Mod","StSLib","The Jungle"],"gold_per_floor":[112,112,287,303,13,39,39,57,82,96,114,114,142,158,158,255,255,275,275,174,174,174,207,207,221,221,253,228,244,244,256,256,256,256],"floor_reached":33,"language":"ENG","playtime":1365,"items_purged":["Doubt"],"score":345,"play_id":"8ac80c57-5295-4b1f-bbab-201a8858491b","local_time":"20210201212255","is_ascension_mode":false,"campfire_choices":[{"data":"Double Tap","floor":7,"key":"SMITH"},{"floor":12,"key":"REST"},{"data":"Pommel Strike","floor":15,"key":"SMITH"},{"data":"Limit Break","floor":24,"key":"SMITH"},{"data":"theJungle:PetSnecko","floor":30,"key":"SMITH"},{"data":"Warcry","floor":30,"key":"SMITH"},{"data":"Shrug It Off","floor":32,"key":"SMITH"},{"data":"Thunderclap","floor":32,"key":"SMITH"}],"circlet_count":0,"master_deck":["Strike_R+1","Strike_R","Strike_R","Strike_R","Strike_R","Defend_R","Defend_R","Defend_R","Defend_R","Bash+1","Thunderclap+1","Double Tap+1","Pommel Strike+1","Shrug It Off+1","Warcry+1","theJungle:PetSnecko+1","Flex+1","Limit Break+1","Anger+1","Run Through+1"],"relics":["Burning Blood","NeowsBlessing","hubris:Spice","Blue Doll","Gremlin Food","theJungle:WildStrawberry","theJungle:BirthdayCakeSlice","Replay:Arrowhead"],"acts_visited":["Exordium","Exordium"],"potions_floor_usage":[16,23,23,33,33],"damage_taken":[{"damage":0,"enemies":"Jaw Worm","floor":1,"turns":1},{"damage":0,"enemies":"Small Slimes","floor":4,"turns":1},{"damage":0,"enemies":"Lagavulin","floor":6,"turns":1},{"damage":0,"enemies":"2 Louse","floor":8,"turns":2},{"damage":32,"enemies":"Exordium Wildlife","floor":10,"turns":5},{"damage":5,"enemies":"3 Louse","floor":11,"turns":4},{"damage":16,"enemies":"Gremlin Nob","floor":13,"turns":3},{"damage":12,"enemies":"Blue Slaver","floor":14,"turns":2},{"damage":74,"enemies":"The Guardian","floor":16,"turns":9},{"damage":8,"enemies":"theJungle:MUSHROOMGANG","floor":18,"turns":3},{"damage":0,"enemies":"theJungle:MamaSnecko","floor":23,"turns":3},{"damage":6,"enemies":"theJungle:GiantWrat","floor":25,"turns":3},{"damage":6,"enemies":"theJungle:2_Phrogs","floor":27,"turns":3},{"damage":0,"enemies":"theJungle:2_Snecko_Cultists","floor":29,"turns":2},{"damage":0,"enemies":"theJungle:JungleHuntersEncounter","floor":31,"turns":3},{"damage":60,"enemies":"theJungle:TotemBoss","floor":33,"turns":4}],"seed_played":"-1550971870837317850","potions_obtained":[{"floor":1,"key":"Regen Potion"},{"floor":11,"key":"Toxic Potion"},{"floor":13,"key":"Languid Potion"},{"floor":14,"key":"Reflective Coating"},{"floor":27,"key":"BlessingOfTheForge"},{"floor":31,"key":"SkillPotion"}],"is_trial":false,"path_per_floor":["M","?","?","M","$","E","R","M","T","M","M","R","E","M","R","B",null,"M","?","$","?","?","E","R","M","T","E","$","M","R","M","R","B"],"character_chosen":"IRONCLAD","items_purchased":["hubris:Spice","Flex+1","Anger+1"],"campfire_rested":1,"item_purchase_floors":[5,20,28],"current_hp_per_floor":[80,80,80,80,88,88,88,88,88,62,63,88,86,80,80,27,72,70,70,70,63,68,74,74,68,68,60,60,60,60,60,60,0,0],"gold":256,"neow_bonus":"THREE_ENEMY_KILL","is_daily":false,"chose_seed":false,"campfire_upgraded":7,"win_rate":0.0,"timestamp":1612232575,"path_taken":["M","?","?","M","$","E","R","M","T","M","M","R","E","M","R","BOSS","M","?","$","?","?","E","R","M","T","E","$","M","R","M","R","BOSS"],"items_purchased_type":["Relic","Card","Card"],"build_version":"2020-12-18","purchased_purges":1,"victory":false,"max_hp_per_floor":[80,80,80,80,88,88,88,88,88,88,88,88,96,88,88,80,72,72,72,72,79,84,76,76,68,68,60,60,60,60,60,60,60,60],"card_choices":[{"not_picked":["ReplayTheSpireMod:Corrosion Curse","hubris:SharpeningStone","Defy Death"],"picked":"SKIP","floor":1},{"not_picked":["Armaments","Iron Wave"],"picked":"Thunderclap","floor":4},{"not_picked":["Defy Death","ReplayTheSpireMod:Strike From Hell"],"picked":"Double Tap","floor":6},{"not_picked":["Thunderclap","ReplayTheSpireMod:Limb From Limb"],"picked":"Pommel Strike","floor":8},{"not_picked":["Searing Blow","Clothesline","Body Slam"],"picked":"SKIP","floor":10},{"not_picked":["Brutality","Dark Embrace"],"picked":"Shrug It Off","floor":11},{"not_picked":["Second Wind","ReplayTheSpireMod:Strike From Hell"],"picked":"Warcry","floor":13},{"not_picked":["Havoc","Power Through"],"picked":"hubris:SpiceAddiction","floor":14},{"not_picked":["Offering","Juggernaut"],"picked":"hubris:SpiceAddiction","floor":16},{"not_picked":["Armaments+1","Rupture","ReplayTheSpireMod:Strike From Hell"],"picked":"SKIP","floor":18},{"not_picked":["Whirlwind","Rampage"],"picked":"Limit Break","floor":23},{"not_picked":["ReplayTheSpireMod:Stacked","Run Through"],"picked":"hubris:SpiceAddiction","floor":25},{"not_picked":["Replay:Undeath\u0027s Touch","Armaments+1","hubris:SharpeningStone"],"picked":"SKIP","floor":27},{"not_picked":["Cleave","Defy Death"],"picked":"Run Through+1","floor":29},{"not_picked":["Juggernaut","Body Slam","Dropkick"],"picked":"SKIP","floor":31}],"player_experience":622635,"relics_obtained":[{"floor":6,"key":"Blue Doll"},{"floor":9,"key":"Gremlin Food"},{"floor":13,"key":"hubris:Spice"},{"floor":23,"key":"hubris:Spice"},{"floor":26,"key":"Replay:Arrowhead"},{"floor":27,"key":"hubris:Spice"}],"event_choices":[{"damage_healed":0,"gold_gain":0,"player_choice":"Grow","damage_taken":0,"max_hp_gain":0,"max_hp_loss":0,"event_name":"Living Wall","floor":2,"gold_loss":0,"cards_upgraded":["Bash"]},{"damage_healed":0,"gold_gain":175,"player_choice":"AGREE","damage_taken":0,"max_hp_gain":0,"max_hp_loss":0,"event_name":"Liars Game","floor":3,"gold_loss":0,"cards_obtained":["Doubt"]}],"is_beta":true,"boss_relics":[{"not_picked":["Mark of Pain","hubris:Spice"],"picked":"hubris:Spice"}],"items_purged_floors":[20],"is_endless":false,"potions_floor_spawned":[1,11,13,14,27,31],"killed_by":"theJungle:TotemBoss","ascension_level":0}}