{"host":"q9sqrn60n8lvmavn","time":1612225488,"event":{"mods":["AchievementEnabler","AlwaysNeverKeys","BaseMod","Better Third Choice","Better Vampires","Block Reminder","Colored Powertips","Curses Come First","DNKmod","Friendly Minions","Minty Spire (QoL Compilation)","Permanent Neow","Relic Filter Mod","StSLib","Weighted Paths"],"gold_per_floor":[1016,1016,1031,519,274,274,307,307,331,344,371,390,390,424,424,553,553,566,566,566,140,166,166,202,202,229,270,291,291,46,84,84,207,207,226,285,95,95,108,149,149,180,180,180,130,144,175,193,193,193,193,193,39,77,77],"floor_reached":56,"language":"ENG","playtime":1875,"items_purged":["Defend_R","Strike_R","Strike_R","Defend_R+1","Strike_R+1","Shrug It Off"],"score":2007,"play_id":"86c37cc4-f3fc-4aec-8c36-ba017e39d881","local_time":"20210201162448","is_ascension_mode":true,"campfire_choices":[{"data":"Bash","floor":6,"key":"SMITH"},{"data":"True Grit","floor":8,"key":"SMITH"},{"data":"Body Slam","floor":15,"key":"SMITH"},{"data":"Barricade","floor":23,"key":"SMITH"},{"data":"Heavy Blade","floor":25,"key":"SMITH"},{"data":"Iron Wave","floor":32,"key":"SMITH"},{"data":"Inflame","floor":41,"key":"SMITH"},{"data":"Sentinel","floor":44,"key":"SMITH"},{"data":"Shrug It Off","floor":49,"key":"SMITH"},{"data":"Shrug It Off","floor":52,"key":"SMITH"}],"circlet_count":0,"master_deck":["Bash+1","Heavy Blade+1","Sentinel+1","True Grit+1","Body Slam+1","Iron Wave+1","Iron Wave+1","Barricade+1","Shrug It Off+1","Shrug It Off+1","Shockwave+1","Inflame+1","Pommel Strike+1"],"relics":["Toy Ornithopter","Tiny Chest","Blood Vial","Velvet Choker","HornCleat","OrangePellets","Sling","Lantern","Dream Catcher","Bottled Lightning","Golden Idol","Gremlin Horn","Black Star","Mercury Hourglass","Brimstone","Bag of Preparation","Boot","Magic Flower","Whetstone","Ancient Tea Set","War Paint","Question Card","Paper Frog","Oddly Smooth Stone","PreservedInsect","Empty Cage","Gambling Chip","Centennial Puzzle","Omamori","MealTicket","Smiling Mask","Bag of Marbles","Torii","Molten Egg 2","Eternal Feather","Self Forming Clay"],"acts_visited":["Exordium","TheCity","TheBeyond","TheEnding"],"potions_floor_usage":[16,33,36,50,50,55,55,55],"damage_taken":[{"damage":0,"enemies":"Small Slimes","floor":1,"turns":3},{"damage":0,"enemies":"Cultist","floor":3,"turns":2},{"damage":0,"enemies":"3 Sentries","floor":7,"turns":5},{"damage":0,"enemies":"2 Louse","floor":10,"turns":3},{"damage":0,"enemies":"Gremlin Nob","floor":11,"turns":2},{"damage":0,"enemies":"Exordium Wildlife","floor":12,"turns":3},{"damage":2,"enemies":"Lagavulin","floor":14,"turns":4},{"damage":3,"enemies":"Hexaghost","floor":16,"turns":9},{"damage":3,"enemies":"Chosen","floor":18,"turns":3},{"damage":5,"enemies":"Slavers","floor":24,"turns":4},{"damage":2,"enemies":"Gremlin Leader","floor":27,"turns":3},{"damage":0,"enemies":"Shell Parasite","floor":28,"turns":2},{"damage":0,"enemies":"Book of Stabbing","floor":31,"turns":2},{"damage":0,"enemies":"Automaton","floor":33,"turns":6},{"damage":0,"enemies":"3 Shapes","floor":35,"turns":3},{"damage":0,"enemies":"2 Orb Walkers","floor":36,"turns":3},{"damage":0,"enemies":"Orb Walker","floor":39,"turns":2},{"damage":0,"enemies":"Giant Head","floor":40,"turns":3},{"damage":0,"enemies":"Reptomancer","floor":42,"turns":2},{"damage":0,"enemies":"Sphere and 2 Shapes","floor":46,"turns":2},{"damage":0,"enemies":"Nemesis","floor":47,"turns":3},{"damage":0,"enemies":"4 Shapes","floor":48,"turns":2},{"damage":0,"enemies":"Donu and Deca","floor":50,"turns":4},{"damage":8,"enemies":"Shield and Spear","floor":54,"turns":2},{"damage":37,"enemies":"The Heart","floor":55,"turns":5}],"seed_played":"5313643149919119124","potions_obtained":[{"floor":3,"key":"CultistPotion"},{"floor":11,"key":"BloodPotion"},{"floor":14,"key":"Block Potion"},{"floor":16,"key":"LiquidMemories"},{"floor":18,"key":"Ancient Potion"},{"floor":39,"key":"SkillPotion"},{"floor":47,"key":"BlessingOfTheForge"},{"floor":54,"key":"PowerPotion"}],"is_trial":false,"path_per_floor":["M","?","M","$","$","R","E","R","T","M","E","M","?","E","R","B",null,"M","T","?","$","T","R","E","R","T","E","M","T","$","E","R","B",null,"M","?","$","?","M","E","R","E","T","R","$","M","E","M","R","B",null,"R","$","E","B",null],"character_chosen":"IRONCLAD","items_purchased":["HornCleat","Shrug It Off","OrangePellets","Sling","Brimstone","Barricade","Paper Frog","Inflame","Dexterity Potion","PowerPotion"],"campfire_rested":0,"item_purchase_floors":[4,4,4,5,21,21,30,37,53,53],"current_hp_per_floor":[100,100,100,100,100,100,100,100,100,100,100,100,75,75,75,79,95,94,94,94,94,94,94,91,91,91,92,95,95,95,98,98,100,100,100,100,100,100,100,100,100,100,100,100,100,100,100,100,100,100,100,100,100,92,63],"gold":77,"neow_bonus":"BOSS_RELIC","is_daily":false,"chose_seed":false,"campfire_upgraded":10,"win_rate":0.0,"timestamp":1612225488,"path_taken":["M","?","M","?","$","R","E","R","T","?","E","M","?","E","R","BOSS","M","?","?","$","?","R","E","R","T","E","?","?","$","E","R","BOSS","M","?","$","?","?","E","R","E","T","R","$","M","E","M","R","BOSS","R","$","E","BOSS"],"items_purchased_type":["Relic","Card","Relic","Relic","Relic","Card","Relic","Card","Potion","Potion"],"build_version":"2020-12-22","purchased_purges":6,"victory":true,"max_hp_per_floor":[100,100,100,100,100,100,100,100,100,100,100,100,100,100,100,100,100,100,100,100,100,100,100,100,100,100,100,100,100,100,100,100,100,100,100,100,100,100,100,100,100,100,100,100,100,100,100,100,100,100,100,100,100,100,100],"card_choices":[{"not_picked":["Headbutt","Battle Trance"],"picked":"Heavy Blade","floor":1},{"not_picked":["Anger","Blood for Blood","Second Wind"],"picked":"SKIP","floor":3},{"not_picked":["Headbutt","Clothesline"],"picked":"True Grit","floor":7},{"not_picked":["Battle Trance","Havoc"],"picked":"Body Slam","floor":10},{"not_picked":["Battle Trance","Body Slam"],"picked":"Iron Wave","floor":11},{"not_picked":["Thunderclap","Flex","Disarm"],"picked":"SKIP","floor":12},{"not_picked":["Battle Trance","Cleave"],"picked":"Iron Wave","floor":14},{"not_picked":["Pummel+1","Intimidate","Headbutt"],"picked":"SKIP","floor":18},{"not_picked":["Flame Barrier","Flex+1","Sword Boomerang"],"picked":"SKIP","floor":24},{"not_picked":["Body Slam","Havoc+1","Fiend Fire"],"picked":"SKIP","floor":27},{"not_picked":["Spot Weakness","Anger+1"],"picked":"Shrug It Off","floor":28},{"not_picked":["Clash","Wild Strike","Entrench"],"picked":"Shrug It Off","floor":31},{"not_picked":["Flex","Body Slam","Bloodletting+1"],"picked":"Shockwave+1","floor":35},{"not_picked":["Combust","Shrug It Off+1","Headbutt","Rage+1"],"picked":"SKIP","floor":39},{"not_picked":["Dropkick+1","Pummel+1","Havoc+1","Impervious"],"picked":"SKIP","floor":40},{"not_picked":["Dropkick+1","Pummel+1","Havoc+1","Impervious"],"picked":"SKIP","floor":40},{"not_picked":["Feel No Pain","True Grit","Warcry+1","Flame Barrier+1"],"picked":"SKIP","floor":42},{"not_picked":["Twin Strike+1","Thunderclap","Shrug It Off"],"picked":"Pommel Strike+1","floor":46},{"not_picked":["Infernal Blade+1","Perfected Strike+1","Pummel+1","Burning Pact+1"],"picked":"SKIP","floor":47},{"not_picked":["Clash+1","Seeing Red","Armaments","Metallicize"],"picked":"SKIP","floor":48},{"not_picked":["Perfected Strike+1","Whirlwind+1","Sentinel","Iron Wave+1"],"picked":"SKIP","floor":54}],"player_experience":193338,"relics_obtained":[{"floor":7,"key":"Lantern"},{"floor":9,"key":"Dream Catcher"},{"floor":11,"key":"Bottled Lightning"},{"floor":14,"key":"Gremlin Horn"},{"floor":19,"key":"Mercury Hourglass"},{"floor":22,"key":"Bag of Preparation"},{"floor":24,"key":"Boot"},{"floor":24,"key":"Magic Flower"},{"floor":26,"key":"Whetstone"},{"floor":27,"key":"Ancient Tea Set"},{"floor":27,"key":"War Paint"},{"floor":29,"key":"Question Card"},{"floor":31,"key":"Oddly Smooth Stone"},{"floor":31,"key":"PreservedInsect"},{"floor":36,"key":"Gambling Chip"},{"floor":40,"key":"Centennial Puzzle"},{"floor":40,"key":"Omamori"},{"floor":42,"key":"MealTicket"},{"floor":42,"key":"Smiling Mask"},{"floor":43,"key":"Bag of Marbles"},{"floor":47,"key":"Torii"},{"floor":47,"key":"Molten Egg 2"},{"floor":54,"key":"Eternal Feather"},{"floor":54,"key":"Self Forming Clay"}],"event_choices":[{"damage_healed":0,"gold_gain":0,"cards_transformed":["Strike_R"],"player_choice":"Transformed","damage_taken":0,"max_hp_gain":0,"max_hp_loss":0,"event_name":"Transmorgrifier","floor":2,"gold_loss":0,"cards_obtained":["Sentinel"]},{"damage_healed":0,"gold_gain":0,"player_choice":"Take Damage","damage_taken":25,"relics_obtained":["Golden Idol"],"max_hp_gain":0,"max_hp_loss":0,"event_name":"Golden Idol","floor":13,"gold_loss":0},{"damage_healed":0,"gold_gain":0,"player_choice":"Ignored","damage_taken":0,"max_hp_gain":0,"max_hp_loss":0,"event_name":"Ghosts","floor":20,"gold_loss":0},{"damage_healed":0,"gold_gain":0,"player_choice":"Fight","damage_taken":0,"max_hp_gain":0,"max_hp_loss":0,"event_name":"Mysterious Sphere","floor":36,"gold_loss":0},{"cards_removed":["Defend_R"],"damage_healed":0,"gold_gain":0,"player_choice":"Purged","damage_taken":0,"max_hp_gain":0,"max_hp_loss":0,"event_name":"Purifier","floor":38,"gold_loss":0}],"is_beta":false,"boss_relics":[{"not_picked":["Fusion Hammer","Busted Crown"],"picked":"Black Star"},{"not_picked":["Runic Pyramid","Runic Dome"],"picked":"Empty Cage"}],"items_purged_floors":[4,5,21,37,45,53],"is_endless":false,"potions_floor_spawned":[3,11,14,16,18,24,39,47,48,54],"ascension_level":6}}