{"host":"f4xk8spljo3akohx","time":1612252904,"event":{"mods":["Act Like it!","Arknights","BaseMod","Downfall","Gensokyo","GifTheSpireLib","Hallownest","Hermit","Highlight Path","Marisa£®ÏF”Í°°ƒß¿Ì…≥£©","Minty Spire (QoL Compilation)","Quick Restart","StSLib","The Bug Knight"],"gold_per_floor":[116,66,76,27,27,56,69,104,129,204,204,54,71,81,81,81,81],"floor_reached":16,"language":"ZHS","playtime":438,"items_purged":["Strike_MRS"],"score":135,"play_id":"64aba304-5504-406b-99b6-4db4294bf59b","local_time":"20210202160144","is_ascension_mode":false,"campfire_choices":[{"data":"MaximisePower","floor":11,"key":"SMITH"},{"floor":15,"key":"REST"}],"circlet_count":0,"master_deck":["Strike_MRS","Strike_MRS","Defend_MRS","Defend_MRS","Defend_MRS","Defend_MRS","MasterSpark","UpSweep","GrandCross","MilkyWay","MaximisePower+1","WitchLeyline","Parasite","Parasite","DragonMeteor","BlazeAway","DarkMatter"],"relics":["MiniHakkero","NeowsBlessing","Vajra","Potion Belt","ShroomBag","Toy Ornithopter"],"acts_visited":["Exordium"],"potions_floor_usage":[16],"damage_taken":[{"damage":0,"enemies":"2 Louse","floor":1,"turns":1},{"damage":0,"enemies":"Small Slimes","floor":3,"turns":1},{"damage":0,"enemies":"Gremlin Nob","floor":6,"turns":1},{"damage":8,"enemies":"Jaw Worm","floor":7,"turns":3},{"damage":13,"enemies":"3 Sentries","floor":8,"turns":5},{"damage":7,"enemies":"Looter","floor":13,"turns":2},{"damage":7,"enemies":"Blue Slaver","floor":14,"turns":2},{"damage":54,"enemies":"Slime Boss","floor":16,"turns":11}],"seed_played":"-6917546850615354401","potions_obtained":[{"floor":1,"key":"Fire Potion"},{"floor":3,"key":"Fruit Juice"}],"is_trial":false,"path_per_floor":["M","?","M","$","?","E","M","E","T","?","R","$","M","M","R","B"],"character_chosen":"MARISA","items_purchased":["MilkyWay","DragonMeteor"],"campfire_rested":1,"item_purchase_floors":[4,12],"current_hp_per_floor":[75,75,75,75,57,57,49,36,36,25,25,25,20,17,39,0,0],"gold":81,"neow_bonus":"THREE_ENEMY_KILL","is_daily":false,"chose_seed":false,"campfire_upgraded":1,"win_rate":0.0,"timestamp":1612252904,"path_taken":["M","?","M","$","?","E","M","E","T","?","R","$","M","M","R","BOSS"],"items_purchased_type":["Card","Card"],"build_version":"2020-12-22","purchased_purges":1,"victory":false,"max_hp_per_floor":[75,75,75,75,75,75,75,75,75,75,75,75,75,75,75,75,75],"card_choices":[{"not_picked":["Occultation","GalacticHalo","Acceleration"],"picked":"SKIP","floor":1},{"not_picked":["MilkyWay","LuminesStrike"],"picked":"GrandCross","floor":3},{"not_picked":["AlicesGift","DC"],"picked":"MaximisePower","floor":6},{"not_picked":["Acceleration","GalacticHalo"],"picked":"WitchLeyline","floor":7},{"not_picked":["AsteroidBelt","WitchOfGreed","DC"],"picked":"SKIP","floor":8},{"not_picked":["AsteroidBelt","UnstableBomb"],"picked":"BlazeAway","floor":13},{"not_picked":["DeepEcoloBomb","WitchOfGreed"],"picked":"DarkMatter","floor":14}],"player_experience":75886,"relics_obtained":[{"floor":6,"key":"Potion Belt"},{"floor":8,"key":"ShroomBag"},{"floor":9,"key":"Toy Ornithopter"}],"event_choices":[{"cards_removed":["Strike_MRS"],"damage_healed":0,"gold_gain":0,"player_choice":"Card Removal","damage_taken":0,"max_hp_gain":0,"max_hp_loss":0,"event_name":"The Cleric","floor":2,"gold_loss":50},{"damage_healed":0,"gold_gain":0,"player_choice":"Success","damage_taken":18,"relics_obtained":["Vajra"],"max_hp_gain":0,"max_hp_loss":0,"event_name":"Scrap Ooze","floor":5,"gold_loss":0},{"damage_healed":0,"gold_gain":75,"player_choice":"Gather Gold","damage_taken":11,"max_hp_gain":0,"max_hp_loss":0,"event_name":"World of Goop","floor":10,"gold_loss":0}],"is_beta":false,"boss_relics":[],"items_purged_floors":[12],"is_endless":false,"potions_floor_spawned":[1,3],"killed_by":"Slime Boss","ascension_level":0}}