{"host":"f4xk8spljo3akohx","time":1612248412,"event":{"mods":["Act Like it!","Arknights","BaseMod","Downfall","Gensokyo","GifTheSpireLib","Hallownest","Highlight Path","Marisa£®ÏF”Í°°ƒß¿Ì…≥£©","Minty Spire (QoL Compilation)","Quick Restart","StSLib","The Bug Knight"],"gold_per_floor":[110,125,142,142,142,168,186,186,186],"floor_reached":8,"language":"ZHS","playtime":229,"items_purged":[],"score":60,"play_id":"72f91d6a-3b1c-43e3-982c-db4e58b85553","local_time":"20210202144652","is_ascension_mode":true,"campfire_choices":[],"circlet_count":0,"master_deck":["ats:Strike C","ats:Strike G","ats:Strike S","ats:Strike V","ats:Armor Crushing Shot","ats:Defend","ats:Defend","ats:Defend","ats:Defend","ats:Emotion Absorption","ats:Neurotoxin","Clumsy","ats:Nebulous Foxfire","ats:Powerful Strike"],"relics":["ats:Sanity","NeowsBlessing","Gensokyo:NagashiBinaDoll","Strawberry","ats:Originium","Shovel"],"acts_visited":["Gensokyo:Gensokyo"],"potions_floor_usage":[8],"damage_taken":[{"damage":0.0,"enemies":"Gensokyo:3_Fairies","floor":1.0,"turns":2.0},{"damage":0.0,"enemies":"Gensokyo:2_Kodama","floor":2.0,"turns":1.0},{"damage":0.0,"enemies":"Gensokyo:Gryphon","floor":3.0,"turns":1.0},{"damage":64,"enemies":"Gensokyo:Aya","floor":6,"turns":7},{"damage":8,"enemies":"Gensokyo:Kitsune","floor":7,"turns":5},{"damage":6,"enemies":"Gensokyo:Cirno","floor":8,"turns":3}],"seed_played":"3006751018991436142","potions_obtained":[{"floor":1.0,"key":"Explosive Potion"}],"is_trial":false,"path_per_floor":["M","M","M","?","?","E","M","E"],"character_chosen":"DOCTOR_CLASS","items_purchased":[],"campfire_rested":0,"item_purchase_floors":[],"current_hp_per_floor":[72,72,72,72,69,5,3,0,0],"gold":186,"neow_bonus":"THREE_ENEMY_KILL","is_daily":false,"chose_seed":false,"campfire_upgraded":0,"win_rate":0.0,"timestamp":1612248412,"path_taken":["M","M","?","?","?","E","?","E"],"items_purchased_type":[],"build_version":"2020-12-22","purchased_purges":0,"victory":false,"max_hp_per_floor":[72,72,72,72,79,79,79,79,79],"card_choices":[{"not_picked":["ats:Ignite","ats:Revitalization"],"picked":"ats:Neurotoxin","floor":1.0},{"not_picked":["ats:Encircling Forest","ats:Defend Order","ats:Shell Defense"],"picked":"SKIP","floor":2.0},{"not_picked":["ats:Very Hot Blade","ats:Hook Shot","ats:Hammer On"],"picked":"SKIP","floor":3.0},{"not_picked":["ats:Flexible Camouflage","ats:Cat Scratch"],"picked":"ats:Nebulous Foxfire","floor":6},{"not_picked":["ats:Leaping Hammer","ats:Assault Order"],"picked":"ats:Powerful Strike","floor":7}],"player_experience":70151,"relics_obtained":[{"floor":6,"key":"ats:Originium"},{"floor":6,"key":"Shovel"}],"event_choices":[],"is_beta":false,"boss_relics":[],"items_purged_floors":[],"is_endless":false,"potions_floor_spawned":[1],"killed_by":"Gensokyo:Cirno","ascension_level":1}}