{"host":"0m9qzqwuh9r40nrk","time":1612239130,"event":{"mods":["BaseMod","Conspire","Downfall","Hermit","Hubris","Infinite Spire","Jorbs\u0027s Wanderer Trilogy","Minty Spire (QoL Compilation)","Quick Restart","Replay The Spire","Shop Mod","StSLib","The Animator","The Construct","The Cursed","The Disciple","The Hierophant","The Necromancer","The Runesmith","everything is the same but u backflip on backflip"],"gold_per_floor":[115,40,50,50,50,86,86,122,122,140,181,181,181,216,216,342,342,363,388,388,487,503,503,503],"floor_reached":23,"language":"ENG","playtime":2286,"items_purged":["Thousand_Bone_Knives"],"score":260,"play_id":"40dde1d8-4ed4-45d3-a967-3beed9da521a","local_time":"20210201201210","daily_mods":["SealedDeck","Elite Swarm"],"is_ascension_mode":true,"campfire_choices":[{"data":"Cloudkill","floor":7,"key":"SMITH"},{"data":"Skeleton_Dragon","floor":15,"key":"SMITH"}],"circlet_count":0,"master_deck":["Death_March_Dance","Siphon_Strength","Scare","Bone_Bullets","Bone_Armor+1","Shade_Step","Bone_Bullets","Bone_Shift","Negative_Energy_Burst","Cloudkill+1","Skeleton_Dragon+1","Summon_Vampire_Lady+1","Bone_Armor+1","J.A.X.","Bone_Shift+1"],"relics":["Vampire_Amulet","Golden Idol","Replay:Bottled Eggs","FossilizedHelix","Golden Egg","hubris:DeckOfHolding","hubris:Icosahedron","infinitespire:Lucky Rock","Empty Cage"],"acts_visited":["Exordium","TheCity"],"potions_floor_usage":[6,8,23,23],"damage_taken":[{"damage":11,"enemies":"conspire:RoseBush","floor":1,"turns":3},{"damage":6,"enemies":"Small Slimes","floor":3,"turns":3},{"damage":7,"enemies":"Replay:BlueRogue","floor":6,"turns":5},{"damage":4,"enemies":"Gremlin Nob","floor":8,"turns":3},{"damage":0,"enemies":"Cultist","floor":10,"turns":3},{"damage":12,"enemies":"3 Sentries","floor":11,"turns":4},{"damage":6,"enemies":"Lagavulin","floor":14,"turns":6},{"damage":20,"enemies":"The Guardian","floor":16,"turns":9},{"damage":2,"enemies":"Shell Parasite","floor":18,"turns":6},{"damage":0,"enemies":"Spheric Guardian","floor":19,"turns":3},{"damage":24,"enemies":"conspire:HollyBat","floor":22,"turns":7},{"damage":74,"enemies":"Slavers","floor":23,"turns":3}],"seed_played":"-736110890544582365","potions_obtained":[{"floor":3,"key":"Dexterity Potion"},{"floor":6,"key":"Swift Potion"},{"floor":11,"key":"construct:ShiftPotion"},{"floor":14,"key":"Dexterity Potion"},{"floor":16,"key":"ColorlessPotion"},{"floor":18,"key":"Regen Potion"}],"is_trial":true,"path_per_floor":["M","$","M","?","?","E","R","E","T","M","E","?","?","E","R","B",null,"M","M","?","?","M","E"],"character_chosen":"NECROMANCER","items_purchased":[],"campfire_rested":0,"item_purchase_floors":[],"current_hp_per_floor":[66,66,64,64,64,59,59,57,57,59,53,53,53,61,61,60,69,69,69,69,69,53,0,0],"gold":503,"neow_bonus":"","is_daily":false,"chose_seed":false,"campfire_upgraded":2,"win_rate":0.0,"timestamp":1612239130,"path_taken":["M","$","M","?","?","E","R","E","T","M","E","?","?","E","R","BOSS","M","M","?","?","M","E"],"items_purchased_type":[],"build_version":"2020-12-22","purchased_purges":1,"victory":false,"max_hp_per_floor":[75,75,75,75,69,69,69,69,69,69,69,69,69,69,69,69,69,69,69,69,69,69,69,69],"card_choices":[{"not_picked":["Blood_Curse","Summon_Lich"],"picked":"Bone_Shift","floor":1},{"not_picked":["Necromantic_Selection","Scare"],"picked":"Negative_Energy_Burst","floor":3},{"not_picked":["Summon_Vampire_Lady","Requiem"],"picked":"Cloudkill","floor":6},{"not_picked":["Blood_Wake","Hellfire"],"picked":"Skeleton_Dragon","floor":8},{"not_picked":["Vampiric_Strike","Chill_Blood","Blood_Curse"],"picked":"SKIP","floor":10},{"not_picked":["Blood_Wake","Hellfire"],"picked":"Summon_Vampire_Lady","floor":11},{"not_picked":["Requiem","Blood_Magic","Hellfire"],"picked":"SKIP","floor":14},{"not_picked":["Scare","Death_Coil","Vampiric_Strike"],"picked":"SKIP","floor":18},{"not_picked":["Negative_Energy_Sphere","Bone_Bullets","Blood_for_Blood"],"picked":"SKIP","floor":19},{"not_picked":["Shackles_Of_Pain","Death_Coil+1"],"picked":"Bone_Shift+1","floor":22}],"player_experience":515185,"relics_obtained":[{"floor":6,"key":"Replay:Bottled Eggs"},{"floor":8,"key":"FossilizedHelix"},{"floor":9,"key":"Golden Egg"},{"floor":11,"key":"hubris:DeckOfHolding"},{"floor":14,"key":"infinitespire:Lucky Rock"}],"event_choices":[{"damage_healed":0,"gold_gain":0,"player_choice":"Disagree","damage_taken":0,"max_hp_gain":0,"max_hp_loss":0,"event_name":"conspire:LoneGhost","floor":4,"gold_loss":0},{"damage_healed":0,"gold_gain":0,"player_choice":"Lose Max HP","damage_taken":0,"relics_obtained":["Golden Idol"],"max_hp_gain":0,"max_hp_loss":6,"event_name":"Golden Idol","floor":5,"gold_loss":0},{"damage_healed":0,"gold_gain":0,"player_choice":"Obtain J.A.X.","damage_taken":0,"max_hp_gain":0,"max_hp_loss":0,"event_name":"Drug Dealer","floor":20,"gold_loss":0,"cards_obtained":["J.A.X."]},{"damage_healed":0,"gold_gain":99,"player_choice":"Stole From Cult","damage_taken":0,"max_hp_gain":0,"max_hp_loss":0,"event_name":"Nest","floor":21,"gold_loss":0}],"is_beta":false,"boss_relics":[{"not_picked":["Painkiller Herb","infinitespire:Cupcake"],"picked":"Empty Cage"}],"items_purged_floors":[2],"is_endless":false,"potions_floor_spawned":[3,6,11,14,16,18,19],"killed_by":"Slavers","ascension_level":4}}