{"host":"roto7j7840a50pxh","time":1612304899,"event":{"mods":["Act Like it!","BaseMod","Better Altar","Better Note","Better Sensory Stone","Better Skull","Better Third Choice","BetterRewards","Colored Map","Colored Powertips","Downfall","Hermit","Highlight Path","Hubris","Infinite Spire","Minty Spire (QoL Compilation)","Replay The Spire","Shade Mod","Spicy Shops","StSLib","The Construct","The Hierophant","The Necromancer"],"gold_per_floor":[99,99,99,99,99,133,160,195,9,26,37,49,49,34,51,147,147,47,64,64,64,77,89,89,134,260,275,275,304,418,568,578,678,678,678,697,717,735,754,771,797,813,52,52,52,52,52,70,84,134],"floor_reached":51,"language":"ENG","playtime":4116,"items_purged":["bronze:Strike","CommonCold","bronze:Strike","bronze:Strike"],"score":841,"play_id":"861bd305-f21e-43ee-9b0d-37f2b2b84897","local_time":"20210202172819","is_ascension_mode":true,"campfire_choices":[{"floor":1.0,"key":"RECALL"},{"floor":13.0,"key":"REST"},{"data":"bronze:Return","floor":18.0,"key":"SMITH"},{"data":"bronze:Terminator","floor":28.0,"key":"SMITH"},{"data":"bronze:SpaghettiCode","floor":45.0,"key":"SMITH"}],"circlet_count":0,"master_deck":["bronze:Strike","bronze:Defend","bronze:Defend","bronze:Defend","bronze:Defend","bronze:Replicate+1","bronze:Goto","bronze:Boost","bronze:Shield","ReplayTheSpireMod:Trickstab+1","bronze:CloningBeam","bronze:Optimize","bronze:Constructor","bronze:Return+1","bronze:BugBarrage","bronze:BronzeArmor","bronze:Fortify","bronze:Separator","bronze:Repair","bronze:InfiniteLoop","Clumsy","bronze:OilSpill","bronze:Flail+1","bronze:DelayedGuard","bronze:Terminator+1","bronze:BugBarrage","bronze:Overheat","bronze:ChildClass","bronze:Safeguard","bronze:SpaghettiCode+1","bronze:Overheat+1","bronze:Library","bronze:Philosophize","bronze:Boost+1","bronze:Assembly","bronze:Frontload+1","bronze:BugBarrage+1","bronze:FineTuning","bronze:Shell+1","bronze:ForLoop","Mind Blast+1","bronze:Return+1","bronze:DelayedGuard+1"],"relics":["bronze:BronzeCore","downfall:HeartsMalice","hubris:Towel","hubris:PeanutButter","Omamori","Potion Belt","Cauldron","Replay:Ancient Bell","Happy Flower","hubris:MobiusCoin","hubris:FunFungus","downfall:HeartBlessingRed","InkBottle","Black Star","Replay:Wax Seal","Whetstone","Strawberry","Toy Ornithopter","Replay:Ringing Soul","Replay:Baseball","infinitespire:Joker Card","Chameleon Ring","construct:WeddingRing","infinitespire:Beetle Shell","hubris:HerbalPaste","infinitespire:Golems Mask","Replay:Lucky Slots"],"acts_visited":["Exordium","TheCity","TheBeyond"],"potions_floor_usage":[],"damage_taken":[{"damage":0.0,"enemies":"Jaw Worm","floor":2.0,"turns":1.0},{"damage":0.0,"enemies":"Small Slimes","floor":4.0,"turns":1.0},{"damage":0.0,"enemies":"3 Sentries","floor":6.0,"turns":1.0},{"damage":34.0,"enemies":"Gremlin Nob","floor":8.0,"turns":5.0},{"damage":0.0,"enemies":"downfall:FleeingMerchant","floor":9.0,"turns":4.0},{"damage":0.0,"enemies":"Cultist","floor":10.0,"turns":4.0},{"damage":0.0,"enemies":"Red Slaver","floor":11.0,"turns":4.0},{"damage":0.0,"enemies":"Exordium Thugs","floor":12.0,"turns":6.0},{"damage":0.0,"enemies":"downfall:FleeingMerchant","floor":14.0,"turns":4.0},{"damage":0.0,"enemies":"Large Slime","floor":15.0,"turns":5.0},{"damage":35.0,"enemies":"DF_ARCHETYPE_STREAMLINE","floor":16.0,"turns":11.0},{"damage":17.0,"enemies":"3 Byrds","floor":19.0,"turns":6.0},{"damage":5.0,"enemies":"Spheric Guardian","floor":22.0,"turns":4.0},{"damage":13.0,"enemies":"Centurion and Healer","floor":23.0,"turns":7.0},{"damage":0.0,"enemies":"Slavers","floor":26.0,"turns":3.0},{"damage":0.0,"enemies":"Cultist and Chosen","floor":27.0,"turns":4.0},{"damage":7.0,"enemies":"Replay:Snechameleon","floor":29.0,"turns":6.0},{"damage":9.0,"enemies":"Sentry and Sphere","floor":30.0,"turns":6.0},{"damage":5.0,"enemies":"Colosseum Nobs","floor":31.0,"turns":3.0},{"damage":0.0,"enemies":"Chosen and Byrds","floor":32.0,"turns":4.0},{"damage":30.0,"enemies":"IC_MUSHROOM_ARCHETYPE","floor":33.0,"turns":7.0},{"damage":0.0,"enemies":"Orb Walker","floor":36.0,"turns":3.0},{"damage":0.0,"enemies":"3 Shapes","floor":37.0,"turns":4.0},{"damage":9.0,"enemies":"Jaw Worm Horde","floor":38.0,"turns":6.0},{"damage":0.0,"enemies":"Sphere and 2 Shapes","floor":39.0,"turns":4.0},{"damage":0.0,"enemies":"Spire Growth","floor":40.0,"turns":4.0},{"damage":0.0,"enemies":"Maw","floor":42.0,"turns":7.0},{"damage":0.0,"enemies":"downfall:FleeingMerchant","floor":43.0,"turns":4.0},{"damage":3.0,"enemies":"4 Shapes","floor":48.0,"turns":6.0},{"damage":3,"enemies":"Sphere and 2 Shapes","floor":49,"turns":3},{"damage":0,"enemies":"WA_ARCHETYPE_DIVINITY","floor":50,"turns":1}],"seed_played":"7871436170185361730","potions_obtained":[{"floor":6.0,"key":"DuplicationPotion"},{"floor":9.0,"key":"EntropicBrew"},{"floor":9.0,"key":"bronze:CleanCodePotion"},{"floor":9.0,"key":"LiquidMemories"},{"floor":9.0,"key":"Dexterity Potion"},{"floor":9.0,"key":"Doom Potion"},{"floor":11.0,"key":"bronze:CleanCodePotion"},{"floor":15.0,"key":"champ:CounterPotion"},{"floor":23.0,"key":"ColorlessPotion"},{"floor":30.0,"key":"ColorlessPotion"},{"floor":32.0,"key":"BlessingOfTheForge"},{"floor":35.0,"key":"Ancient Potion"},{"floor":35.0,"key":"Languid Potion"},{"floor":37.0,"key":"SneckoOil"},{"floor":40.0,"key":"Swift Potion"},{"floor":48.0,"key":"BlessingOfTheForge"}],"is_trial":false,"path_per_floor":["R","M","?","M","?","E","T","E","$","M","M","M","R","$","M","B",null,"R","M","AVR","?","M","M","T","T","E","M","R","E","M","?","M","B",null,"R","M","M","M","M","M","T","M","$","?","R","AVR","?","M","M","B",null],"character_chosen":"THE_AUTOMATON","items_purchased":["Cauldron","bronze:Return","hubris:HerbalPaste","bronze:ForLoop","infinitespire:Golems Mask","Mind Blast"],"campfire_rested":1,"item_purchase_floors":[9,9,43,43,43,43],"current_hp_per_floor":[70,70,70,70,70,70,70,36,36,36,36,36,57,57,57,29,70,70,61,61,61,56,55,55,55,63,73,73,74,74,84,87,80,92,92,95,98,93,104,107,107,110,113,113,113,113,113,115,119,119],"gold":134,"neow_bonus":"THREE_ENEMY_KILL","is_daily":false,"chose_seed":false,"campfire_upgraded":3,"win_rate":0.0,"timestamp":1612304899,"path_taken":["R","M","?","M","?","E","T","E","$","M","M","M","R","$","M","BOSS","R","M","AVR","?","M","?","T","?","E","M","R","E","M","?","M","BOSS","R","M","M","M","M","M","T","M","$","?","R","AVR","?","M","M","BOSS"],"items_purchased_type":["Relic","Card","Relic","Card","Relic","Card"],"build_version":"2020-12-22","purchased_purges":4,"victory":true,"max_hp_per_floor":[70,70,70,70,70,70,70,70,70,70,70,70,70,70,70,70,70,70,70,70,70,70,70,70,70,77,77,77,80,83,86,89,92,92,92,95,98,101,104,107,107,110,113,113,113,113,113,116,119,119],"card_choices":[{"not_picked":["bronze:Deprecate","bronze:Frontload"],"picked":"bronze:Boost","floor":2.0},{"not_picked":["bronze:Turbo","bronze:Invalidate"],"picked":"bronze:Shield","floor":4.0},{"not_picked":["Replay:Bootleg Shield Generator","Discovery"],"picked":"ReplayTheSpireMod:Trickstab","floor":5.0},{"not_picked":["bronze:WhirlingStrike","bronze:Refactor"],"picked":"bronze:CloningBeam","floor":6.0},{"not_picked":["bronze:WildBeam","bronze:DelayedSlice"],"picked":"bronze:Optimize","floor":8.0},{"not_picked":["bronze:ForceShield","bronze:Backtrace"],"picked":"bronze:Constructor","floor":9.0},{"not_picked":["bronze:Overheat","bronze:Branch"],"picked":"bronze:BugBarrage","floor":10.0},{"not_picked":["bronze:Return","bronze:Iterate"],"picked":"bronze:BronzeArmor","floor":11.0},{"not_picked":["bronze:FindAndReplace","bronze:BugBarrage"],"picked":"bronze:Fortify","floor":12.0},{"not_picked":["bronze:Invalidate","bronze:Boost"],"picked":"bronze:Separator","floor":14.0},{"not_picked":["bronze:WhirlingStrike","bronze:Invalidate"],"picked":"bronze:Repair","floor":15.0},{"not_picked":["bronze:FindAndReplace","bronze:HyperBeam"],"picked":"bronze:InfiniteLoop","floor":16.0},{"not_picked":["infinitespire:Pacifist","Amnesia"],"picked":"CurseOfTheBell","floor":17.0},{"not_picked":["Doubt","Writhe"],"picked":"CommonCold","floor":17.0},{"not_picked":["ReplayTheSpireMod:IOU","ReplayTheSpireMod:Restless Dread"],"picked":"Clumsy","floor":17.0},{"not_picked":["bronze:WildBeam+1","bronze:BronzeArmor"],"picked":"bronze:OilSpill","floor":19.0},{"not_picked":["bronze:Repulsor+1","bronze:Deprecate"],"picked":"bronze:DelayedGuard","floor":22.0},{"not_picked":["bronze:ChildClass","bronze:ThunderWave"],"picked":"bronze:Terminator","floor":23.0},{"not_picked":["bronze:DarkDash+1","bronze:Optimize+1"],"picked":"bronze:BugBarrage","floor":26.0},{"not_picked":["bronze:Constructor","bronze:Shield"],"picked":"bronze:Overheat","floor":27.0},{"not_picked":["bronze:Backtrace","bronze:BronzeArmor"],"picked":"bronze:ChildClass","floor":29.0},{"not_picked":["bronze:WildBeam","bronze:CloningBeam"],"picked":"bronze:Safeguard","floor":30.0},{"not_picked":["bronze:OilSpill+1","bronze:DarkDash"],"picked":"bronze:SpaghettiCode","floor":31.0},{"not_picked":["bronze:Frontload+1","bronze:BronzeArmor"],"picked":"bronze:Overheat+1","floor":32.0},{"not_picked":["bronze:ThunderWave","bronze:CleanCode"],"picked":"bronze:Library","floor":33.0},{"not_picked":["bronze:ItsAFeature","bronze:BuggyMess"],"picked":"bronze:Philosophize","floor":36.0},{"not_picked":["bronze:OilSpill","bronze:Constructor"],"picked":"bronze:Boost+1","floor":37.0},{"not_picked":["bronze:BronzeOrb+1","bronze:DarkDash+1"],"picked":"bronze:Assembly","floor":38.0},{"not_picked":["bronze:FineTuning","bronze:Iterate"],"picked":"bronze:Frontload+1","floor":39.0},{"not_picked":["bronze:ForceShield","bronze:BronzeOrb"],"picked":"bronze:BugBarrage+1","floor":40.0},{"not_picked":["bronze:Overheat","bronze:Return+1"],"picked":"bronze:FineTuning","floor":42.0},{"not_picked":["bronze:Repulsor+1","bronze:Refactor"],"picked":"bronze:Shell+1","floor":43.0},{"not_picked":["bronze:DelayedSlice","bronze:Branch+1"],"picked":"bronze:Return+1","floor":48.0},{"not_picked":["bronze:ChosenStrike","bronze:Constructor"],"picked":"bronze:DelayedGuard+1","floor":49}],"player_experience":1532356,"relics_obtained":[{"floor":6.0,"key":"hubris:PeanutButter"},{"floor":7.0,"key":"Omamori"},{"floor":8.0,"key":"Potion Belt"},{"floor":24.0,"key":"Replay:Wax Seal"},{"floor":25.0,"key":"Whetstone"},{"floor":26.0,"key":"Strawberry"},{"floor":26.0,"key":"Toy Ornithopter"},{"floor":29.0,"key":"Replay:Ringing Soul"},{"floor":29.0,"key":"Replay:Baseball"},{"floor":31.0,"key":"infinitespire:Joker Card"},{"floor":31.0,"key":"Chameleon Ring"},{"floor":41.0,"key":"infinitespire:Beetle Shell"}],"event_choices":[{"damage_healed":0.0,"max_hp_gain":0.0,"max_hp_loss":0.0,"gold_gain":1.0,"event_name":"betterStone:BetterStone","player_choice":"1","floor":5.0,"gold_loss":0.0,"damage_taken":0.0},{"cards_removed":["bronze:Repair"],"damage_healed":0.0,"max_hp_gain":0.0,"max_hp_loss":0.0,"gold_gain":0.0,"event_name":"betterNote:BetterNote","player_choice":"Take \u0026 Give","floor":21.0,"gold_loss":0.0,"damage_taken":0.0,"cards_obtained":["bronze:Flail"]}],"is_beta":false,"boss_relics":[{"not_picked":["Fusion Hammer","Kintsugi"],"picked":"Replay:Ancient Bell"},{"not_picked":["Art of War","Gremlin Food"],"picked":"Happy Flower"},{"not_picked":["construct:FoamFinger","Question Card"],"picked":"hubris:MobiusCoin"},{"not_picked":["Bird Faced Urn","construct:BoolHorns"],"picked":"hubris:FunFungus"},{"not_picked":["hubris:HollowSoul","ReplayTheSpireMod:SealedPack"],"picked":"construct:WeddingRing"}],"items_purged_floors":[9,20,43,46],"is_endless":false,"potions_floor_spawned":[6,10,11,15,23,30,32,37,40,48],"ascension_level":4}}