{"host":"vdpaduzlq0qlaikq","time":1612299506,"event":{"mods":["AchievementEnabler","BaseMod","Better Third Choice","BetterRewards","Colored Map","Downfall","Gold Saver","Hermit","Jorbs\u0027s Wanderer Trilogy","Minty Spire (QoL Compilation)","Relic Filter","Spicy Shops","StSLib","The Necromancer"],"gold_per_floor":[1526,1538,1191,1203,1221,1248,1248,1248,1301,1082,1101,1101,1114,1129,1129,1234,1234,1247,272,286,286,303,336,336,362,385,385,403,100,100,111,111,216,216,232,249,299,53,69,97,97,117,189,189,189,218,268,299,299,299,299,299,159,193,193],"floor_reached":56,"language":"ENG","playtime":9445,"items_purged":["Strike_B"],"score":2354,"play_id":"a3847cf1-9f7c-4b38-9df3-e89638f13739","local_time":"20210202185826","is_ascension_mode":true,"campfire_choices":[{"data":"Storm","floor":7,"key":"SMITH"},{"floor":15,"key":"REST"},{"data":"Storm","floor":24,"key":"SMITH"},{"data":"Seek","floor":27,"key":"SMITH"},{"data":"Storm","floor":30,"key":"SMITH"},{"data":"Defragment","floor":32,"key":"SMITH"},{"floor":45,"key":"RECALL"},{"data":"Storm","floor":49,"key":"SMITH"},{"data":"Force Field","floor":52,"key":"SMITH"}],"circlet_count":0,"master_deck":["AscendersBane","Strike_B+1","Defend_B","Zap","Dualcast","Loop","Ball Lightning","Fusion","Tempest","Loop","Capacitor","Storm+1","Storm+1","Defragment+1","Conserve Battery","Defragment","Lockon","Seek+1","Electrodynamics","Storm+1","Double Energy","Consume+1","Force Field+1","Leap+1","Amplify","Biased Cognition+1","Go for the Eyes+1","FTL+1","Conserve Battery+1","White Noise+1","Echo Form","Storm+1","Storm+1","Biased Cognition","Creative AI"],"relics":["Cracked Core","DataDisk","Pantograph","Orrery","Oddly Smooth Stone","DollysMirror","Runic Capacitor","Happy Flower","Darkstone Periapt","Lantern","Guardian:PocketSentry","Toy Ornithopter","TheAbacus","SlaversCollar","Matryoshka","Eternal Feather","Singing Bowl","Omamori","Nunchaku","Bottled Lightning","Whetstone","Ancient Tea Set","Bird Faced Urn","Astrolabe","Thread and Needle","Mummified Hand","HornCleat","Bottled Tornado","Kunai","Strawberry","Emotion Chip","Anchor"],"acts_visited":["Exordium","TheCity","TheBeyond","TheEnding"],"potions_floor_usage":[28,31,39,55,55],"damage_taken":[{"damage":14,"enemies":"Small Slimes","floor":1,"turns":3},{"damage":0,"enemies":"Cultist","floor":2,"turns":3},{"damage":0,"enemies":"Jaw Worm","floor":4,"turns":2},{"damage":10,"enemies":"2 Fungi Beasts","floor":5,"turns":3},{"damage":8,"enemies":"Gremlin Nob","floor":6,"turns":3},{"damage":7,"enemies":"3 Louse","floor":11,"turns":2},{"damage":3,"enemies":"Large Slime","floor":13,"turns":2},{"damage":0,"enemies":"2 Fungi Beasts","floor":14,"turns":2},{"damage":2,"enemies":"The Guardian","floor":16,"turns":4},{"damage":2,"enemies":"Shell Parasite","floor":18,"turns":2},{"damage":8,"enemies":"Chosen","floor":20,"turns":3},{"damage":7,"enemies":"Sentry and Sphere","floor":22,"turns":3},{"damage":30,"enemies":"Gremlin Leader","floor":23,"turns":3},{"damage":34,"enemies":"Slavers","floor":25,"turns":2},{"damage":13,"enemies":"Centurion and Healer","floor":28,"turns":2},{"damage":11,"enemies":"Snake Plant","floor":31,"turns":2},{"damage":16,"enemies":"Automaton","floor":33,"turns":4},{"damage":0,"enemies":"3 Shapes","floor":35,"turns":2},{"damage":0,"enemies":"Orb Walker","floor":36,"turns":1},{"damage":23,"enemies":"Mind Bloom Boss Battle","floor":37,"turns":3},{"damage":0,"enemies":"Spire Growth","floor":39,"turns":2},{"damage":9,"enemies":"Giant Head","floor":40,"turns":4},{"damage":1,"enemies":"Writhing Mass","floor":42,"turns":3},{"damage":0,"enemies":"Nemesis","floor":46,"turns":2},{"damage":0,"enemies":"2 Orb Walkers","floor":47,"turns":1},{"damage":0,"enemies":"Reptomancer","floor":48,"turns":2},{"damage":25,"enemies":"Awakened One","floor":50,"turns":3},{"damage":0,"enemies":"Shield and Spear","floor":54,"turns":1},{"damage":38,"enemies":"The Heart","floor":55,"turns":3}],"seed_played":"7296446036375357699","potions_obtained":[{"floor":1,"key":"GamblersBrew"},{"floor":6,"key":"Dexterity Potion"},{"floor":28,"key":"LiquidBronze"},{"floor":31,"key":"SpeedPotion"},{"floor":33,"key":"FocusPotion"},{"floor":37,"key":"Block Potion"},{"floor":39,"key":"SmokeBomb"},{"floor":40,"key":"Swift Potion"}],"is_trial":false,"path_per_floor":["M","M","$","M","M","E","R","?","T","$","M","?","M","M","R","B",null,"M","$","M","?","M","E","R","E","T","R","M","$","R","M","R","B",null,"M","M","?","$","M","E","?","M","T","?","R","E","?","E","R","B",null,"R","$","E","B",null],"character_chosen":"DEFECT","items_purchased":["Loop","DataDisk","Pantograph","Orrery","Oddly Smooth Stone","DollysMirror","Runic Capacitor","Capacitor","BlessingOfTheForge","Defragment","Happy Flower","Darkstone Periapt","Toy Ornithopter","TheAbacus","Storm","Matryoshka","Eternal Feather","Singing Bowl","Omamori","Bird Faced Urn","Mummified Hand","Biased Cognition"],"campfire_rested":1,"item_purchase_floors":[0,0,0,0,0,0,0,0,0,3,3,3,10,10,19,19,19,19,19,29,38,53],"current_hp_per_floor":[54,54,54,54,44,36,36,36,36,36,29,29,26,26,48,71,74,72,72,64,64,57,29,44,12,12,27,19,19,34,36,51,65,76,79,81,60,60,79,76,76,83,83,83,83,90,92,94,94,79,90,94,94,94,56],"gold":193,"neow_bonus":"","is_daily":false,"chose_seed":false,"campfire_upgraded":7,"win_rate":0.0,"timestamp":1612299506,"path_taken":["M","M","$","M","M","E","R","?","T","$","M","?","?","M","R","BOSS","M","$","?","?","M","E","R","E","T","R","M","$","R","M","R","BOSS","M","M","?","$","M","E","?","M","T","?","R","E","?","E","R","BOSS","R","$","E","BOSS"],"items_purchased_type":["Card","Relic","Relic","Relic","Relic","Relic","Relic","Card","Potion","Card","Relic","Relic","Relic","Relic","Card","Relic","Relic","Relic","Relic","Relic","Relic","Card"],"build_version":"2020-12-22","purchased_purges":1,"victory":true,"max_hp_per_floor":[75,75,75,75,75,75,75,75,75,75,75,75,75,75,75,75,75,75,75,75,75,75,77,77,79,79,79,79,79,79,79,79,79,79,79,81,81,81,83,83,83,83,83,83,83,90,92,94,94,94,94,94,94,94,94],"card_choices":[{"not_picked":["Recycle","Redo"],"picked":"Ball Lightning","floor":0},{"not_picked":["Rebound","FTL"],"picked":"Fusion","floor":0},{"not_picked":["Skim","Coolheaded"],"picked":"Tempest","floor":0},{"not_picked":["Gash","Coolheaded"],"picked":"Storm","floor":1},{"not_picked":["Ball Lightning","Reinforced Body"],"picked":"Storm","floor":2},{"not_picked":["Barrage","Rip and Tear"],"picked":"Conserve Battery","floor":4},{"not_picked":["Leap","Stack"],"picked":"Defragment","floor":5},{"not_picked":["Conserve Battery","Tempest"],"picked":"Lockon","floor":6},{"not_picked":["Glacier","Rebound","Scrape"],"picked":"SKIP","floor":11},{"not_picked":["Static Discharge","Barrage","Lockon"],"picked":"SKIP","floor":13},{"not_picked":["Hologram","Streamline"],"picked":"Seek","floor":14},{"not_picked":["Machine Learning","Reboot"],"picked":"Electrodynamics","floor":16},{"not_picked":["FTL","Conserve Battery","Rebound"],"picked":"SKIP","floor":18},{"not_picked":["Chill","Sweeping Beam+1"],"picked":"Double Energy","floor":20},{"not_picked":["Rebound","Steam+1"],"picked":"Consume+1","floor":22},{"not_picked":["Compile Driver","Reinforced Body","Meteor Strike"],"picked":"Singing Bowl","floor":23},{"not_picked":["Cold Snap+1","Beam Cell+1","Ball Lightning"],"picked":"Singing Bowl","floor":25},{"not_picked":["Leap","Recycle"],"picked":"Force Field","floor":28},{"not_picked":["Steam+1","Hello World"],"picked":"Leap+1","floor":31},{"not_picked":["Core Surge","All For One"],"picked":"Amplify","floor":33},{"not_picked":["Beam Cell+1","Darkness+1"],"picked":"Conserve Battery+1","floor":35},{"not_picked":["Rebound+1","Go for the Eyes","Coolheaded"],"picked":"Singing Bowl","floor":36},{"not_picked":["Static Discharge","Barrage+1"],"picked":"White Noise+1","floor":37},{"not_picked":["Steam+1","Ball Lightning","Conserve Battery+1"],"picked":"Singing Bowl","floor":39},{"not_picked":["Reprogram+1","Steam+1"],"picked":"Echo Form","floor":40},{"not_picked":["Force Field+1","Streamline"],"picked":"Storm","floor":42},{"not_picked":["FTL","All For One"],"picked":"Storm+1","floor":46},{"not_picked":["Glacier","Steam+1","BootSequence+1"],"picked":"Singing Bowl","floor":47},{"not_picked":["Barrage+1","Compile Driver+1","Ball Lightning+1"],"picked":"Singing Bowl","floor":48},{"not_picked":["Doom and Gloom+1","Hologram+1"],"picked":"Creative AI","floor":54}],"player_experience":697656,"relics_obtained":[{"floor":6,"key":"Lantern"},{"floor":23,"key":"Nunchaku"},{"floor":25,"key":"Bottled Lightning"},{"floor":26,"key":"Whetstone"},{"floor":26,"key":"Ancient Tea Set"},{"floor":37,"key":"Thread and Needle"},{"floor":40,"key":"HornCleat"},{"floor":43,"key":"Bottled Tornado"},{"floor":43,"key":"Kunai"},{"floor":46,"key":"Strawberry"},{"floor":47,"key":"Emotion Chip"},{"floor":54,"key":"Anchor"}],"event_choices":[{"damage_healed":0,"gold_gain":0,"player_choice":"Searched \u00271\u0027 times","damage_taken":0,"relics_obtained":["Guardian:PocketSentry"],"max_hp_gain":0,"max_hp_loss":0,"event_name":"Dead Adventurer","floor":8,"gold_loss":0},{"cards_removed":["Defend_B"],"damage_healed":0,"gold_gain":0,"player_choice":"Offered Basic","damage_taken":0,"max_hp_gain":0,"max_hp_loss":0,"event_name":"Bonfire Elementals","floor":12,"gold_loss":0},{"damage_healed":0,"gold_gain":0,"player_choice":"Smashed Altar","damage_taken":0,"max_hp_gain":0,"max_hp_loss":0,"event_name":"Forgotten Altar","floor":21,"gold_loss":0,"cards_obtained":["Decay"]},{"damage_healed":0,"gold_gain":0,"player_choice":"Fight","damage_taken":0,"max_hp_gain":0,"max_hp_loss":0,"event_name":"MindBloom","floor":37,"gold_loss":0},{"damage_healed":0,"gold_gain":0,"player_choice":"Ignored","damage_taken":0,"max_hp_gain":0,"max_hp_loss":0,"event_name":"Tomb of Lord Red Mask","floor":41,"gold_loss":0},{"cards_removed":["Strike_B"],"damage_healed":0,"gold_gain":0,"player_choice":"Removed Attack","damage_taken":0,"max_hp_gain":0,"max_hp_loss":0,"event_name":"Falling","floor":44,"gold_loss":0},{"damage_healed":0,"gold_gain":0,"player_choice":"Fight","damage_taken":0,"max_hp_gain":0,"max_hp_loss":0,"event_name":"Mysterious Sphere","floor":47,"gold_loss":0}],"is_beta":false,"boss_relics":[{"not_picked":["expansioncontent:StudyCardRelic","Snecko Eye"],"picked":"SlaversCollar"},{"not_picked":["Velvet Choker","Busted Crown"],"picked":"Astrolabe"}],"items_purged_floors":[0],"is_endless":false,"potions_floor_spawned":[1,6,11,16,25,28,31,33,37,39,40,47],"ascension_level":11}}