{"host":"q75fusloz6zmuoth","time":1612249152,"event":{"mods":["BaseMod","Minty Spire (QoL Compilation)","Relic Stats","StSLib","The Marked"],"gold_per_floor":[110,185,185,39,57,92,103,103,126,158,168,115,115,58,58,153,153,167,182,198,130,159,193,193,193,193],"floor_reached":25,"language":"ENG","playtime":1792,"items_purged":[],"score":254,"play_id":"cb9528da-710c-4309-afe7-83ebce54ec56","local_time":"20210202075912","is_ascension_mode":false,"campfire_choices":[{"floor":13,"key":"REST"},{"data":"theMarked:Defy","floor":15,"key":"SMITH"}],"circlet_count":0,"master_deck":["theMarked:Strike","theMarked:Strike","theMarked:Strike","theMarked:Strike","theMarked:Defend","theMarked:Defend","theMarked:Defend","theMarked:Defend","theMarked:SoldierOfQuellstein","theMarked:ComboAttacks","theMarked:Defy+1","theMarked:EnhanceMovement","theMarked:Parkour","theMarked:ChainLightning","theMarked:SelfDefenseTraining","theMarked:TwofoldDefense","theMarked:FavorableWinds","theMarked:HeightenedSenses+1","theMarked:Electrocute+1","theMarked:Polarize","theMarked:MagusForm","theMarked:Overthink","theMarked:WastefulAttack"],"relics":["theMarked:ArtifactOfAir","NeowsBlessing","Regal Pillow","Dream Catcher","Centennial Puzzle","Prayer Wheel","Smiling Mask","Snecko Eye","Red Mask","Juzu Bracelet"],"acts_visited":["Exordium","TheCity"],"potions_floor_usage":[25],"damage_taken":[{"damage":0,"enemies":"2 Louse","floor":1,"turns":1},{"damage":0,"enemies":"Jaw Worm","floor":5,"turns":1},{"damage":0,"enemies":"Gremlin Nob","floor":6,"turns":2},{"damage":1,"enemies":"Cultist","floor":7,"turns":3},{"damage":29,"enemies":"Lagavulin","floor":10,"turns":7},{"damage":0,"enemies":"3 Louse","floor":11,"turns":1},{"damage":16,"enemies":"The Guardian","floor":16,"turns":15},{"damage":5,"enemies":"3 Byrds","floor":18,"turns":5},{"damage":12,"enemies":"Spheric Guardian","floor":19,"turns":6},{"damage":9,"enemies":"Snecko","floor":20,"turns":4},{"damage":0,"enemies":"Masked Bandits","floor":22,"turns":2},{"damage":40,"enemies":"Gremlin Leader","floor":23,"turns":6},{"damage":4,"enemies":"Shelled Parasite and Fungi","floor":25,"turns":3}],"seed_played":"-1499020357475956857","potions_obtained":[{"floor":1,"key":"Ancient Potion"},{"floor":10,"key":"EssenceOfSteel"},{"floor":19,"key":"CultistPotion"}],"is_trial":false,"path_per_floor":["M","?","?","$","M","E","M","$","T","E","M","$","R","?","R","B",null,"M","M","M","$","?","E","?","M"],"character_chosen":"THE_DEFAULT","items_purchased":["Regal Pillow","theMarked:Aftermath","theMarked:Polarize"],"campfire_rested":1,"item_purchase_floors":[4,12,21],"current_hp_per_floor":[70,59,59,59,59,59,58,58,58,29,29,29,65,65,65,49,70,65,53,44,44,44,4,4,0,0],"gold":193,"neow_bonus":"THREE_ENEMY_KILL","is_daily":false,"chose_seed":false,"campfire_upgraded":1,"win_rate":0.0,"timestamp":1612249152,"path_taken":["M","?","?","?","?","E","M","?","T","E","M","$","R","?","R","BOSS","M","M","M","$","?","E","?","M"],"items_purchased_type":["Relic","Card","Card"],"build_version":"2020-12-22","purchased_purges":0,"victory":false,"max_hp_per_floor":[70,70,70,70,70,70,70,70,70,70,70,70,70,70,70,70,70,70,70,70,70,70,70,70,70,70],"relic_stats":{"Regal Pillow":15,"Dream Catcher":1,"Centennial Puzzle":[21],"counters":[13,56],"Snecko Eye":[62,50,57,43],"Prayer Wheel":4,"Juzu Bracelet":0,"Smiling Mask":0,"obtain_stats":[{"theMarked:ArtifactOfAir":0,"Regal Pillow":4,"Dream Catcher":6,"Centennial Puzzle":9,"NeowsBlessing":0,"Snecko Eye":17,"Prayer Wheel":10,"Red Mask":22,"Juzu Bracelet":23,"Smiling Mask":14},{"theMarked:ArtifactOfAir":0,"Regal Pillow":1,"Dream Catcher":3,"Centennial Puzzle":4,"NeowsBlessing":0,"Snecko Eye":7,"Prayer Wheel":5,"Red Mask":11,"Juzu Bracelet":12,"Smiling Mask":6},{"theMarked:ArtifactOfAir":0,"Regal Pillow":1,"Dream Catcher":4,"Centennial Puzzle":7,"NeowsBlessing":0,"Snecko Eye":30,"Prayer Wheel":14,"Red Mask":47,"Juzu Bracelet":53,"Smiling Mask":15}]},"card_choices":[{"not_picked":["theMarked:Overthink","theMarked:StartUp"],"picked":"theMarked:ComboAttacks","floor":1},{"not_picked":["theMarked:ChannelForce","theMarked:Heritage","theMarked:OneWithTheBlade"],"picked":"SKIP","floor":5},{"not_picked":["theMarked:RepellingDischarge","theMarked:WastefulAttack"],"picked":"theMarked:Defy","floor":6},{"not_picked":["theMarked:Frustration","theMarked:ComboAttacks"],"picked":"theMarked:EnhanceMovement","floor":7},{"not_picked":["theMarked:Standoff","theMarked:OneWithTheBlade"],"picked":"theMarked:Parkour","floor":10},{"not_picked":["theMarked:SelfDefenseTraining","theMarked:HeightenedSenses"],"picked":"theMarked:ChainLightning","floor":11},{"not_picked":["theMarked:Parkour","theMarked:WastefulAttack"],"picked":"theMarked:SelfDefenseTraining","floor":11},{"not_picked":["theMarked:Frustration","theMarked:Levitate"],"picked":"theMarked:TwofoldDefense","floor":13},{"not_picked":["theMarked:MagusForm","theMarked:Levitate"],"picked":"theMarked:FavorableWinds","floor":16},{"not_picked":["theMarked:MuscleMemory+1","theMarked:Improvise"],"picked":"theMarked:HeightenedSenses+1","floor":18},{"not_picked":["theMarked:TwofoldDefense","theMarked:Parkour","theMarked:BanishingStrike"],"picked":"SKIP","floor":18},{"not_picked":["theMarked:Aftermath","theMarked:BanishingWave","theMarked:Memento"],"picked":"SKIP","floor":19},{"not_picked":["theMarked:PowerFlow","theMarked:WardOff","theMarked:TakeCover"],"picked":"SKIP","floor":19},{"not_picked":["theMarked:Memento","theMarked:WardOff"],"picked":"theMarked:Electrocute+1","floor":20},{"not_picked":["theMarked:TakeCover","theMarked:TwofoldDefense","theMarked:SwordAndMagic+1"],"picked":"SKIP","floor":20},{"not_picked":["theMarked:Opportunist","theMarked:Pokerface+1"],"picked":"theMarked:MagusForm","floor":22},{"not_picked":["theMarked:ElectricStrings","theMarked:ResourceFulStrike","theMarked:Determination"],"picked":"SKIP","floor":23}],"player_experience":512549,"relics_obtained":[{"floor":6,"key":"Dream Catcher"},{"floor":9,"key":"Centennial Puzzle"},{"floor":10,"key":"Prayer Wheel"},{"floor":22,"key":"Red Mask"},{"floor":23,"key":"Juzu Bracelet"}],"event_choices":[{"damage_healed":0,"gold_gain":75,"player_choice":"Gather Gold","damage_taken":11,"max_hp_gain":0,"max_hp_loss":0,"event_name":"World of Goop","floor":2,"gold_loss":0},{"damage_healed":0,"gold_gain":0,"player_choice":"Ignored","damage_taken":0,"max_hp_gain":0,"max_hp_loss":0,"event_name":"Liars Game","floor":3,"gold_loss":0},{"damage_healed":0,"gold_gain":0,"player_choice":"Paid Gold","damage_taken":0,"relics_obtained":["Smiling Mask"],"max_hp_gain":0,"max_hp_loss":0,"event_name":"WeMeetAgain","floor":14,"gold_loss":57},{"damage_healed":0,"gold_gain":0,"player_choice":"Fought Bandits","damage_taken":0,"max_hp_gain":0,"max_hp_loss":0,"event_name":"Masked Bandits","floor":22,"gold_loss":0},{"damage_healed":0,"gold_gain":0,"cards_transformed":["theMarked:Aftermath","theMarked:Strike"],"player_choice":"Became Test Subject","damage_taken":0,"max_hp_gain":0,"max_hp_loss":0,"event_name":"Drug Dealer","floor":24,"gold_loss":0,"cards_obtained":["theMarked:Overthink","theMarked:WastefulAttack"]}],"is_beta":false,"boss_relics":[{"not_picked":["Tiny House","Fusion Hammer"],"picked":"Snecko Eye"}],"items_purged_floors":[],"is_endless":false,"potions_floor_spawned":[1,10,19,20,22],"killed_by":"Shelled Parasite and Fungi","ascension_level":0}}