{"host":"whyfdmrq1ty0e9zp","time":1612270784,"event":{"mods":["Act Like it!","BaseMod","Colored Map","Colored Powertips","Conspire","Energized Spire","Gensokyo","Marisa（F雨　魔理沙）","Minty Spire (QoL Compilation)","MostiFishMod","Prisma Mod","Quick Restart","Relic Stats","Remilia（蕾米莉亚）","Replay The Spire","StSLib","TestMod","The Servant 0.9.4","【遗物卡牌】REMEMod"],"gold_per_floor":[13,24,24,0,0,26,101,101,101,101,120,174,194,223,223,327,327,342,702,721,739,754,754,788,263,263,290,304,315,315,350,350,454,454,471,35,134,144,144,173,187,187,187,217,234,234,234,45,45,45],"floor_reached":51,"language":"ZHS","playtime":2818,"items_purged":["Strike_MRS+1","GrandCross+1","MasterSpark+1"],"score":1412,"play_id":"765a7836-0926-467d-9e53-e7041fae5d09","local_time":"20210202205944","is_ascension_mode":true,"campfire_choices":[{"data":"CasketOfStar","floor":8,"key":"SMITH"},{"data":"MilkyWay","floor":10,"key":"SMITH"},{"data":"AsteroidBelt","floor":15,"key":"SMITH"},{"floor":23,"key":"REST"},{"data":"FinalSpark","floor":30,"key":"SMITH"},{"data":"Strike_MRS+1","floor":32,"key":"PURGE"},{"data":"Singularity","floor":42,"key":"SMITH"},{"data":"IllusionStar","floor":49,"key":"SMITH"}],"circlet_count":0,"master_deck":["AscendersBane","Defend_MRS+1","Defend_MRS+1","Defend_MRS+1","Defend_MRS+1","UpSweep+1","Deep Breath+1","CasketOfStar+1","RefractionSpark+1","MilkyWay+1","IllusionStar+1","DoubleSpark","AsteroidBelt+1","Singularity+1","SatelliteIllusion+1","AbeCurse","Acceleration+1","ManaConvection+1","IllusionStar+1","FinalSpark+1","EarthLightRay+1","MagicChant+1","MachineGunSpark+1","SatelliteIllusion","DoubleSpark+1","Acceleration+1","BlazeAway+1","DarkMatter+1","Singularity+1","MilkyWay+1","CurseOfTheBell","IllusionStar+1","IllusionStar+1"],"relics":["MiniHakkero","testmod-TestBox","DaveBox","REME_ComplimentaryCards","DSteel32","testmod-NegativeEmotionEnhancer","SynthV:TestCard","Replay:Accelerometer","Vajra","Blue Doll","Lantern","Mercury Hourglass","Abe\u0027s Treasure","testmod-Antiphasic","testmod-EqualTreatment","The Courier","Divine Protection","Smiling Mask","energizedSpire:OgreHead","testmod-FatalChain","testmod-Charity","Mirror","Bottled Flame","testmod-Acrobat","Centennial Puzzle","conspire:DeflatedDodgeball","FossilizedHelix","Replay:Rubber Ducky","Medical Kit"],"acts_visited":["Exordium","TheCity","TheBeyond"],"potions_floor_usage":[2,16,20,21,29,31,33,41,50],"damage_taken":[{"damage":0,"enemies":"Cultist","floor":1,"turns":3},{"damage":1,"enemies":"conspire:RoseBush","floor":2,"turns":3},{"damage":29,"enemies":"3 Sentries","floor":6,"turns":6},{"damage":0,"enemies":"2 Louse","floor":11,"turns":2},{"damage":2,"enemies":"Looter","floor":13,"turns":2},{"damage":11,"enemies":"Gremlin Nob","floor":14,"turns":4},{"damage":25,"enemies":"The Guardian","floor":16,"turns":8},{"damage":5,"enemies":"conspire:FuzzyDice","floor":18,"turns":4},{"damage":0,"enemies":"2 Thieves","floor":20,"turns":2},{"damage":9,"enemies":"Cultist and Chosen","floor":21,"turns":4},{"damage":4,"enemies":"Snecko","floor":22,"turns":4},{"damage":24,"enemies":"conspire:Head Lice","floor":24,"turns":4},{"damage":34,"enemies":"Slavers","floor":27,"turns":3},{"damage":0,"enemies":"3 Cultists","floor":28,"turns":4},{"damage":0,"enemies":"Sentry and Sphere","floor":29,"turns":3},{"damage":4,"enemies":"Book of Stabbing","floor":31,"turns":4},{"damage":38,"enemies":"Pondfish","floor":33,"turns":5},{"damage":0,"enemies":"Orb Walker","floor":35,"turns":3},{"damage":2,"enemies":"3 Shapes","floor":38,"turns":2},{"damage":0,"enemies":"Nemesis","floor":40,"turns":3},{"damage":12,"enemies":"Spire Growth","floor":41,"turns":3},{"damage":13,"enemies":"R_Hoarder","floor":44,"turns":5},{"damage":0,"enemies":"Transient","floor":45,"turns":5},{"damage":24,"enemies":"Time Eater","floor":50,"turns":6}],"seed_played":"-4969076034344713483","potions_obtained":[{"floor":1,"key":"Fire Potion"},{"floor":11,"key":"Venom Potion"},{"floor":13,"key":"FairyPotion"},{"floor":16,"key":"Adrenaline Potion"},{"floor":20,"key":"Block Potion"},{"floor":27,"key":"ColorlessPotion"},{"floor":28,"key":"testmod-SpacePotion"},{"floor":29,"key":"Fire Potion"},{"floor":41,"key":"REME_GoldPotion"},{"floor":45,"key":"Swift Potion"}],"is_trial":false,"path_per_floor":["M","M","T","$","?","E","?","R","T","R","M","T","M","E","R","B",null,"M","?","M","M","M","R","E","$","T","E","M","M","R","E","R_BF","B",null,"M","$","?","M","?","E","M","R","T","E","M","?","?","$","R","B",null],"character_chosen":"MARISA","items_purchased":["IllusionStar","FinalSpark","testmod-EqualTreatment","testmod-FatalChain","testmod-Charity","Acceleration+1","Medical Kit","IllusionStar"],"campfire_rested":1,"item_purchase_floors":[4,25,25,36,36,36,48,48],"current_hp_per_floor":[70,71,71,71,71,46,35,35,35,35,38,38,38,29,29,6,63,61,25,28,22,20,45,30,30,30,30,38,41,41,39,39,9,71,77,77,78,87,87,90,81,81,81,77,109,109,109,109,109,120],"gold":45,"neow_bonus":"TRANSFORM_TWO_CARDS","is_daily":false,"chose_seed":false,"campfire_upgraded":6,"win_rate":0.0,"timestamp":1612270784,"path_taken":["M","M","?","$","?","E","?","R","T","R","M","?","M","E","R","BOSS","M","?","?","M","M","R","E","$","T","E","M","M","R","E","R_BF","BOSS","M","$","?","?","?","E","M","R","T","E","M","?","?","$","R","BOSS"],"items_purchased_type":["Card","Card","Relic","Relic","Relic","Card","Relic","Card"],"build_version":"2020-12-22","purchased_purges":3,"victory":true,"max_hp_per_floor":[76,77,77,77,77,78,78,78,78,78,79,79,80,81,81,82,82,83,83,84,85,86,86,87,87,87,88,89,90,90,91,91,92,92,93,93,94,96,91,93,95,95,95,97,122,122,122,122,122,156],"relic_stats":{"Centennial Puzzle":[3],"counters":[24,92],"Smiling Mask":80,"Medical Kit":[0],"obtain_stats":[{"Replay:Accelerometer":3,"Divine Protection":27,"Lantern":12,"DaveBox":0,"Vajra":6,"testmod-EqualTreatment":25,"Blue Doll":9,"testmod-NegativeEmotionEnhancer":0,"Smiling Mask":31,"testmod-Charity":36,"Replay:Rubber Ducky":47,"Centennial Puzzle":46,"DSteel32":0,"testmod-TestBox":0,"testmod-FatalChain":36,"The Courier":26,"energizedSpire:OgreHead":34,"Medical Kit":48,"Mercury Hourglass":14,"Calling Bell":46,"testmod-Antiphasic":24,"Bottled Flame":43,"SynthV:TestCard":1,"testmod-Acrobat":44,"MiniHakkero":0,"conspire:DeflatedDodgeball":46,"Mirror":40,"Abe\u0027s Treasure":17,"FossilizedHelix":46,"REME_ComplimentaryCards":0},{"Replay:Accelerometer":2,"Divine Protection":13,"Lantern":4,"DaveBox":0,"Vajra":3,"testmod-EqualTreatment":12,"Blue Doll":3,"testmod-NegativeEmotionEnhancer":0,"Smiling Mask":16,"testmod-Charity":18,"Replay:Rubber Ducky":23,"Centennial Puzzle":23,"DSteel32":0,"testmod-TestBox":0,"testmod-FatalChain":18,"The Courier":12,"energizedSpire:OgreHead":17,"Medical Kit":23,"Mercury Hourglass":6,"Calling Bell":23,"testmod-Antiphasic":12,"Bottled Flame":21,"SynthV:TestCard":1,"testmod-Acrobat":22,"MiniHakkero":0,"conspire:DeflatedDodgeball":23,"Mirror":20,"Abe\u0027s Treasure":7,"FossilizedHelix":23,"REME_ComplimentaryCards":0},{"Replay:Accelerometer":6,"Divine Protection":49,"Lantern":14,"DaveBox":0,"Vajra":12,"testmod-EqualTreatment":46,"Blue Doll":12,"testmod-NegativeEmotionEnhancer":0,"Smiling Mask":60,"testmod-Charity":68,"Replay:Rubber Ducky":86,"Centennial Puzzle":86,"DSteel32":0,"testmod-TestBox":0,"testmod-FatalChain":68,"The Courier":46,"energizedSpire:OgreHead":65,"Medical Kit":86,"Mercury Hourglass":20,"Calling Bell":86,"testmod-Antiphasic":46,"Bottled Flame":76,"SynthV:TestCard":3,"testmod-Acrobat":81,"MiniHakkero":0,"conspire:DeflatedDodgeball":86,"Mirror":73,"Abe\u0027s Treasure":28,"FossilizedHelix":86,"REME_ComplimentaryCards":0}],"Mercury Hourglass":[299]},"card_choices":[{"not_picked":["MysteriousBeam","EarthLightRay","DC"],"picked":"SKIP","floor":1},{"not_picked":["GrandCross","ManaConvection","DC","EventHorizon"],"picked":"MilkyWay","floor":2},{"not_picked":["ChargingUp","MysteriousBeam","RefractionSpark","IllusionStar"],"picked":"6A","floor":6},{"not_picked":["PowerUp","PulseMagic","IllusionStar","OneTimeOff"],"picked":"DoubleSpark","floor":11},{"not_picked":["GravityBeat","MagicAbsorber","OrrerysSun","CollectingQuirk"],"picked":"AsteroidBelt","floor":13},{"not_picked":["NonDirectionalLaser","EarthLightRay","GasGiant","DarkMatter"],"picked":"Singularity","floor":14},{"not_picked":["EscapeVelocity","CollectingQuirk","JA","BigCrunch"],"picked":"SatelliteIllusion","floor":16},{"not_picked":["SporeBomb","OortCloud","ChargingUp","GalacticHalo"],"picked":"Acceleration","floor":18},{"not_picked":["PowerUp","6A+1","EnergyFlow","GravityBeat+1"],"picked":"ManaConvection","floor":20},{"not_picked":["DeepEcoloBomb","IllusionStar","ManaConvection","GravityBeat","LuminesStrike"],"picked":"SKIP","floor":21},{"not_picked":["PropBag+1","MaximisePower","DoubleSpark","MeteoricShower"],"picked":"GrandCross","floor":22},{"not_picked":["LuminesStrike","SporeBomb","DC","DoubleSpark"],"picked":"IllusionStar","floor":24},{"not_picked":["LuminesStrike","DarkMatter","StarDustReverie","MaximisePower"],"picked":"EarthLightRay","floor":27},{"not_picked":["GravityBeat+1","SporeBomb+1","IllusionStar","MysteriousBeam+1"],"picked":"MagicChant","floor":28},{"not_picked":["Orbital","WitchOfGreed","SprinkleStarSeal","EarthLightRay"],"picked":"MachineGunSpark","floor":29},{"not_picked":["GalacticHalo","Acceleration","StarlightTyphoon","OrrerysSun","EnergyRecoil"],"picked":"SKIP","floor":31},{"not_picked":["MaximisePower","JA","EscapeVelocity","MillisecondPulsars"],"picked":"SatelliteIllusion","floor":33},{"not_picked":["WitchLeyline+1","6A","EventHorizon","OneTimeOff"],"picked":"DoubleSpark+1","floor":35},{"not_picked":["SporeBomb","6A","WitchOfGreed","OrrerysSun+1"],"picked":"BlazeAway","floor":38},{"not_picked":["WitchLeyline","ShootingEcho","GrandCross","Robbery"],"picked":"DarkMatter","floor":40},{"not_picked":["IllusionStar","ShootingEcho+1","PowerUp","SprinkleStarSeal"],"picked":"Singularity","floor":41},{"not_picked":["MysteriousBeam","MillisecondPulsars","NonDirectionalLaser","6A+1"],"picked":"MilkyWay+1","floor":44},{"not_picked":["ChargingUp","UnstableBomb+1","DragonMeteor","GalacticHalo+1","LuminesStrike"],"picked":"SKIP","floor":45}],"player_experience":480861,"relics_obtained":[{"floor":1,"key":"SynthV:TestCard"},{"floor":3,"key":"Replay:Accelerometer"},{"floor":6,"key":"Vajra"},{"floor":9,"key":"Blue Doll"},{"floor":12,"key":"Lantern"},{"floor":14,"key":"Mercury Hourglass"},{"floor":24,"key":"testmod-Antiphasic"},{"floor":26,"key":"The Courier"},{"floor":27,"key":"Divine Protection"},{"floor":31,"key":"Smiling Mask"},{"floor":40,"key":"Mirror"},{"floor":43,"key":"Bottled Flame"},{"floor":44,"key":"testmod-Acrobat"},{"floor":46,"key":"Centennial Puzzle"},{"floor":46,"key":"conspire:DeflatedDodgeball"},{"floor":46,"key":"FossilizedHelix"}],"event_choices":[{"damage_healed":0,"gold_gain":0,"player_choice":"Leave","damage_taken":0,"max_hp_gain":0,"max_hp_loss":0,"event_name":"conspire:Investor","floor":5,"gold_loss":0},{"damage_healed":0,"gold_gain":75,"player_choice":"Gather Gold","damage_taken":11,"max_hp_gain":0,"max_hp_loss":0,"event_name":"World of Goop","floor":7,"gold_loss":0},{"damage_healed":0,"gold_gain":360,"player_choice":"GOLD GOLD GOLD GOLD ","damage_taken":36,"max_hp_gain":0,"max_hp_loss":0,"event_name":"Knowing Skull","floor":19,"potions_obtained":[],"gold_loss":0,"cards_obtained":[]},{"damage_healed":0,"gold_gain":100,"player_choice":"Pray","damage_taken":0,"max_hp_gain":0,"max_hp_loss":0,"event_name":"Golden Shrine","floor":37,"gold_loss":0},{"damage_healed":0,"gold_gain":0,"player_choice":"Max HP","damage_taken":0,"max_hp_gain":0,"max_hp_loss":5,"event_name":"Winding Halls","floor":39,"gold_loss":0},{"damage_healed":0,"gold_gain":0,"player_choice":"Swap Relic","damage_taken":0,"relics_obtained":["Calling Bell"],"max_hp_gain":0,"max_hp_loss":0,"event_name":"给自己的盒子","floor":46,"relics_lost":["Calling Bell"],"gold_loss":0},{"cards_removed":["6A"],"damage_healed":0,"gold_gain":0,"player_choice":"Gave Card","damage_taken":0,"relics_obtained":["Replay:Rubber Ducky"],"max_hp_gain":0,"max_hp_loss":0,"event_name":"WeMeetAgain","floor":47,"gold_loss":0}],"is_beta":false,"boss_relics":[{"not_picked":["testmod-IncinerationGenerator","Coffee Dripper"],"picked":"Abe\u0027s Treasure"},{"not_picked":["xbg","testmod-Recursion"],"picked":"energizedSpire:OgreHead"}],"items_purged_floors":[25,36,48],"is_endless":false,"potions_floor_spawned":[1,11,13,16,20,27,28,29,41,45],"ascension_level":12}}