{"host":"vyiqbz5w606ur92t","time":1612243204,"event":{"mods":["BaseMod","Downfall","Minty Spire (QoL Compilation)","StSLib"],"gold_per_floor":[99,110,285,41,59,78,105,170,170,201,313,350,162,208,237,350,362,374,396,408,420,417,429,467,479,515,427,469,581,621,645,667,679,679,679],"floor_reached":33,"language":"ENG","playtime":3038,"items_purged":["Doubt"],"score":540,"play_id":"8306d4e4-ee9e-46fe-bf4f-f280c147ea08","local_time":"20210202052004","is_ascension_mode":true,"campfire_choices":[{"data":"Apotheosis","floor":1,"key":"SMITH"},{"floor":9,"key":"RECALL"},{"floor":13,"key":"REST"},{"data":"sneckomod:Nope","floor":18,"key":"SMITH"},{"data":"sneckomod:CheapStock","floor":23,"key":"SMITH"}],"circlet_count":0,"master_deck":["sneckomod:Strike","sneckomod:Strike","sneckomod:Defend","sneckomod:Defend","sneckomod:Defend","sneckomod:TailWhip","sneckomod:SnekBite","sneckomod:Unknown","sneckomod:Unknown","Apotheosis+1","sneckomod:PureSnecko","sneckomod:UnknownDraw+1","sneckomod:Nope+1","sneckomod:Unknown1Cost","sneckomod:UnknownCommonSkill","sneckomod:SoulRoll","sneckomod:Unknown2Cost","sneckomod:UnknownStrike","sneckomod:SoulDraw","sneckomod:QuickBite","sneckomod:UnknownBlock","Parasite","sneckomod:Transmogrify","sneckomod:CheapStock+1","Decay","Pain","downfall:Bewildered","Decay","Injury","Slimebound:FormOfPuddle","sneckomod:UnknownBlock","sneckomod:Nope+1","sneckomod:ImprovisedGuard","sneckomod:UnknownRarePower","sneckomod:SerpentIdol+1"],"relics":["sneckomod:SneckoSoul","bronze:BronzeIdol","downfall:HeartBlessingGreen","downfall:HeartBlessingRed","Snecko Eye","downfall:ExtraCursedKey","sneckomod:BabySnecko","Blood Vial","downfall:HeartBlessingBlue","Lantern","Peace Pipe","Centennial Puzzle","Pen Nib","Smiling Mask","sneckomod:LoadedDie"],"acts_visited":["Exordium","TheCity"],"potions_floor_usage":[11,15,30,33,33],"damage_taken":[{"damage":8,"enemies":"2 Louse","floor":2,"turns":2},{"damage":2,"enemies":"downfall:FleeingMerchant","floor":4,"turns":4},{"damage":14,"enemies":"Jaw Worm","floor":5,"turns":2},{"damage":6,"enemies":"Small Slimes","floor":6,"turns":4},{"damage":8,"enemies":"Lagavulin Event","floor":8,"turns":3},{"damage":2,"enemies":"Gremlin Nob","floor":10,"turns":3},{"damage":33,"enemies":"downfall:Heads","floor":11,"turns":6},{"damage":2,"enemies":"3 Sentries","floor":14,"turns":4},{"damage":21,"enemies":"3 Louse","floor":15,"turns":1},{"damage":6,"enemies":"WA_ARCHETYPE_RETAIN","floor":16,"turns":5},{"damage":15,"enemies":"3 Byrds","floor":19,"turns":5},{"damage":0,"enemies":"downfall:FleeingMerchant","floor":22,"turns":4},{"damage":8,"enemies":"Gremlin Leader","floor":28,"turns":5},{"damage":12,"enemies":"Colosseum Nobs","floor":29,"turns":4},{"damage":29,"enemies":"Slavers","floor":30,"turns":3},{"damage":3,"enemies":"Spheric Guardian","floor":31,"turns":3},{"damage":4,"enemies":"Centurion and Healer","floor":32,"turns":4},{"damage":80,"enemies":"DF_ARCHETYPE_CLAW","floor":33,"turns":7}],"seed_played":"4268317418140133614","potions_obtained":[{"floor":5,"key":"sneckomod:MuddlingPotion"},{"floor":10,"key":"Strength Potion"},{"floor":11,"key":"EssenceOfSteel"},{"floor":14,"key":"Energy Potion"},{"floor":15,"key":"sneckomod:MuddlingPotion"},{"floor":29,"key":"SpeedPotion"},{"floor":30,"key":"Energy Potion"},{"floor":32,"key":"Regen Potion"}],"is_trial":false,"path_per_floor":["R","M","?","$","M","M","T","?","R","E","?","T","R","E","M","B",null,"R","M","?","?","$","R","T","?","T","R","E","?","E","M","M","B"],"character_chosen":"THE_SNECKO","items_purchased":["bronze:BronzeIdol"],"campfire_rested":1,"item_purchase_floors":[4],"current_hp_per_floor":[90,82,82,80,66,60,60,52,52,50,22,22,49,47,46,40,90,90,75,75,75,75,75,75,75,75,85,79,69,47,46,44,0,0,0],"gold":679,"neow_bonus":"RANDOM_COLORLESS_2","is_daily":false,"chose_seed":false,"campfire_upgraded":3,"win_rate":0.0,"timestamp":1612243204,"path_taken":["R","M","?","$","M","M","T","?","R","E","?","?","R","E","M","BOSS","R","M","?","?","$","R","T","?","?","R","E","?","E","M","M","BOSS"],"items_purchased_type":["Relic"],"build_version":"2020-12-22","purchased_purges":1,"victory":false,"max_hp_per_floor":[90,90,90,90,90,90,90,90,90,90,90,90,90,90,90,90,90,90,90,90,90,90,90,90,90,90,100,100,100,100,100,100,100,100,100],"card_choices":[{"not_picked":["Secret Technique","Chrysalis"],"picked":"Apotheosis","floor":0},{"not_picked":["sneckomod:MixItUp","sneckomod:IronFang"],"picked":"sneckomod:PureSnecko","floor":2},{"not_picked":["sneckomod:WideSting","sneckomod:MixItUp"],"picked":"sneckomod:UnknownDraw","floor":4},{"not_picked":["sneckomod:SnekBeam","sneckomod:Rotation"],"picked":"sneckomod:Nope","floor":5},{"not_picked":["sneckomod:UnknownVulnerable","sneckomod:RainOfDice"],"picked":"sneckomod:Unknown1Cost","floor":6},{"not_picked":["sneckomod:SoulDraw","sneckomod:IronFang"],"picked":"sneckomod:UnknownCommonSkill","floor":8},{"not_picked":["sneckomod:Rotation","sneckomod:DiceBlock"],"picked":"sneckomod:SoulRoll","floor":10},{"not_picked":["sneckomod:SoulDraw","sneckomod:UnknownColorless"],"picked":"sneckomod:Unknown2Cost","floor":11},{"not_picked":["sneckomod:IronFang","sneckomod:Restock"],"picked":"sneckomod:SoulDraw","floor":14},{"not_picked":["sneckomod:RainOfDice","sneckomod:UnendingSupply"],"picked":"sneckomod:QuickBite","floor":15},{"not_picked":["sneckomod:GlitteringGambit","sneckomod:SoulExchange"],"picked":"sneckomod:Unknown3Cost","floor":16},{"not_picked":["sneckomod:UnknownClassTHE_BRONZE_AUTOMATON","sneckomod:UnknownExhaust"],"picked":"sneckomod:UnknownBlock","floor":19},{"not_picked":["sneckomod:UnknownClassRED+1","sneckomod:PureSnecko"],"picked":"sneckomod:CheapStock","floor":22},{"not_picked":["sneckomod:DefensiveFlair","sneckomod:UnknownClassRED"],"picked":"sneckomod:UnknownBlock","floor":28},{"not_picked":["sneckomod:UnknownDexterity","sneckomod:UnknownClassSLIMEBOUND"],"picked":"sneckomod:Nope+1","floor":29},{"not_picked":["sneckomod:UnknownClassRED","sneckomod:DiceBlock+1"],"picked":"sneckomod:ImprovisedGuard","floor":30},{"not_picked":["sneckomod:UnknownUncommonAttack","sneckomod:UnknownCommonAttack"],"picked":"sneckomod:UnknownRarePower","floor":31},{"not_picked":["sneckomod:DiceCrush","sneckomod:QuickBite"],"picked":"sneckomod:SerpentIdol+1","floor":32}],"player_experience":1361659,"relics_obtained":[{"floor":7,"key":"PreservedInsect"},{"floor":8,"key":"Toy Ornithopter"},{"floor":10,"key":"MawBank"},{"floor":12,"key":"Centennial Puzzle"},{"floor":14,"key":"sneckomod:LoadedDie"},{"floor":22,"key":"sneckomod:LoadedDie"},{"floor":22,"key":"PreservedInsect"},{"floor":26,"key":"Blood Vial"},{"floor":28,"key":"PreservedInsect"},{"floor":28,"key":"Lantern"},{"floor":29,"key":"Peace Pipe"},{"floor":29,"key":"StrikeDummy"},{"floor":29,"key":"Centennial Puzzle"},{"floor":30,"key":"PreservedInsect"},{"floor":30,"key":"Pen Nib"},{"floor":31,"key":"Smiling Mask"},{"floor":32,"key":"sneckomod:LoadedDie"}],"event_choices":[{"damage_healed":0,"gold_gain":0,"player_choice":"Ignored","damage_taken":0,"max_hp_gain":0,"max_hp_loss":0,"event_name":"Ghosts","floor":20,"gold_loss":0}],"is_beta":false,"boss_relics":[{"not_picked":["Runic Pyramid","Sozu"],"picked":"Snecko Eye"}],"items_purged_floors":[4],"is_endless":false,"potions_floor_spawned":[5,10,11,14,15,29,30,32],"killed_by":"DF_ARCHETYPE_CLAW","ascension_level":3}}