{"host":"lv3zv4svf9qrs9uo","time":1612251690,"event":{"mods":["AchievementEnabler","BaseMod","Minty Spire (QoL Compilation)"],"gold_per_floor":[118,118,137,153,253,253,287,287,341,372,385,400,400,400,400,524,524,538,538,558,581,596,632,632,653,653,172,197,238,98,119,119,245,245,245],"floor_reached":34,"language":"ENG","playtime":1417,"items_purged":["Defend_R"],"score":479,"play_id":"0fac30dc-b206-48a3-a427-54f2eeb12493","local_time":"20210201234130","is_ascension_mode":false,"campfire_choices":[{"data":"Clothesline","floor":6.0,"key":"SMITH"},{"data":"Armaments","floor":8.0,"key":"SMITH"},{"data":"1","floor":13.0,"key":"LIFT"},{"data":"Demon Form","floor":15.0,"key":"SMITH"},{"data":"2","floor":24.0,"key":"LIFT"},{"data":"3","floor":32.0,"key":"LIFT"}],"circlet_count":0,"master_deck":["Defend_R","Defend_R","Defend_R","Bash","Clothesline+1","Cleave","Armaments+1","Demon Form+1","True Grit","Double Tap","Pommel Strike","Bite","Bite","Bite","Bite","Bite","Whirlwind+1","Heavy Blade+1","Warcry+1","Impervious","True Grit+1","Disarm+1","Flame Barrier+1","Flex+1","Corruption"],"relics":["Burning Blood","Golden Idol","Potion Belt","Orichalcum","Girya","Velvet Choker","Champion Belt","Nunchaku","Cauldron","HornCleat","Toxic Egg 2"],"acts_visited":["Exordium","TheCity"],"potions_floor_usage":[],"damage_taken":[{"damage":0.0,"enemies":"Small Slimes","floor":1.0,"turns":3.0},{"damage":1.0,"enemies":"Jaw Worm","floor":3.0,"turns":6.0},{"damage":4.0,"enemies":"Cultist","floor":4.0,"turns":3.0},{"damage":14.0,"enemies":"Gremlin Nob","floor":7.0,"turns":4.0},{"damage":0.0,"enemies":"3 Sentries","floor":10.0,"turns":7.0},{"damage":1.0,"enemies":"Large Slime","floor":11.0,"turns":6.0},{"damage":2.0,"enemies":"Red Slaver","floor":12.0,"turns":4.0},{"damage":28.0,"enemies":"The Guardian","floor":16.0,"turns":9.0},{"damage":20.0,"enemies":"Spheric Guardian","floor":18.0,"turns":4.0},{"damage":15.0,"enemies":"2 Thieves","floor":20.0,"turns":4.0},{"damage":25.0,"enemies":"Shelled Parasite and Fungi","floor":21.0,"turns":4.0},{"damage":3.0,"enemies":"Centurion and Healer","floor":22.0,"turns":6.0},{"damage":17.0,"enemies":"Book of Stabbing","floor":23.0,"turns":4.0},{"damage":11.0,"enemies":"Snake Plant","floor":25.0,"turns":4.0},{"damage":5.0,"enemies":"Snecko","floor":28.0,"turns":4.0},{"damage":0.0,"enemies":"Slavers","floor":29.0,"turns":1.0},{"damage":4.0,"enemies":"Cultist and Chosen","floor":31.0,"turns":4.0},{"damage":53.0,"enemies":"Automaton","floor":33.0,"turns":10.0}],"seed_played":"6739253010516233835","potions_obtained":[{"floor":1.0,"key":"HeartOfIron"},{"floor":4.0,"key":"GamblersBrew"},{"floor":12.0,"key":"ColorlessPotion"},{"floor":18.0,"key":"LiquidMemories"},{"floor":27.0,"key":"HeartOfIron"},{"floor":27.0,"key":"DistilledChaos"},{"floor":27.0,"key":"GamblersBrew"},{"floor":27.0,"key":"HeartOfIron"},{"floor":28.0,"key":"SkillPotion"},{"floor":29.0,"key":"Dexterity Potion"},{"floor":31.0,"key":"Ancient Potion"}],"is_trial":false,"path_per_floor":["M","?","M","M","?","R","E","R","T","E","M","M","R","?","R","B",null,"M","?","M","M","M","E","R","M","T","$","M","E","$","M","R","B",null],"character_chosen":"IRONCLAD","items_purchased":["Cauldron","HornCleat","Disarm+1","Flame Barrier+1"],"campfire_rested":0,"item_purchase_floors":[27,27,30,30],"current_hp_per_floor":[88,66,71,73,73,73,65,65,65,71,76,80,80,80,80,58,88,74,61,60,44,57,54,54,55,55,55,61,61,61,61,61,26,26,26],"gold":245,"neow_bonus":"TEN_PERCENT_HP_BONUS","is_daily":false,"chose_seed":false,"campfire_upgraded":3,"win_rate":0.0,"timestamp":1612251690,"path_taken":["M","?","M","M","?","R","E","R","T","E","M","?","R","?","R","BOSS","M","?","M","M","M","E","R","M","T","$","M","E","?","M","R","BOSS"],"items_purchased_type":["Relic","Relic","Card","Card"],"build_version":"2020-12-22","purchased_purges":1,"victory":false,"max_hp_per_floor":[88,88,88,88,88,88,88,88,88,88,88,88,88,88,88,88,88,88,61,61,61,61,61,61,61,61,61,61,61,61,61,61,61,61,61],"card_choices":[{"not_picked":["Reckless Charge","Power Through","Havoc"],"picked":"SKIP","floor":1.0},{"not_picked":["Clash","Entrench"],"picked":"Clothesline","floor":3.0},{"not_picked":["Pommel Strike","True Grit"],"picked":"Cleave","floor":4.0},{"not_picked":["Flex","Bloodletting"],"picked":"Armaments","floor":7.0},{"not_picked":["Clash","Metallicize"],"picked":"Demon Form","floor":10.0},{"not_picked":["Headbutt","Perfected Strike"],"picked":"True Grit","floor":11.0},{"not_picked":["Headbutt","Wild Strike","Perfected Strike"],"picked":"SKIP","floor":12.0},{"not_picked":["Bludgeon","Demon Form"],"picked":"Double Tap","floor":16.0},{"not_picked":["Twin Strike","Perfected Strike"],"picked":"Pommel Strike","floor":18.0},{"not_picked":["Clothesline","Cleave","Rampage"],"picked":"SKIP","floor":20.0},{"not_picked":["Warcry","Thunderclap"],"picked":"Whirlwind+1","floor":21.0},{"not_picked":["Thunderclap","Power Through"],"picked":"Heavy Blade+1","floor":22.0},{"not_picked":["Evolve","Havoc"],"picked":"Warcry+1","floor":23.0},{"not_picked":["Feel No Pain","True Grit"],"picked":"Impervious","floor":25.0},{"not_picked":["Rupture","Body Slam","Clash"],"picked":"SKIP","floor":28.0},{"not_picked":["Warcry+1","Dark Embrace"],"picked":"True Grit+1","floor":29.0},{"not_picked":["Cleave","Flame Barrier+1"],"picked":"Flex+1","floor":31.0},{"not_picked":["Bludgeon","Impervious+1"],"picked":"Corruption","floor":33.0}],"player_experience":488287,"relics_obtained":[{"floor":7.0,"key":"Potion Belt"},{"floor":9.0,"key":"Orichalcum"},{"floor":10.0,"key":"Girya"},{"floor":23.0,"key":"Champion Belt"},{"floor":26.0,"key":"Nunchaku"},{"floor":29.0,"key":"Toxic Egg 2"}],"event_choices":[{"damage_healed":0.0,"max_hp_gain":0.0,"max_hp_loss":0.0,"gold_gain":0.0,"event_name":"Golden Idol","player_choice":"Take Damage","floor":2.0,"gold_loss":0.0,"damage_taken":22.0,"relics_obtained":["Golden Idol"]},{"damage_healed":0.0,"max_hp_gain":0.0,"max_hp_loss":0.0,"gold_gain":100.0,"event_name":"Golden Shrine","player_choice":"Pray","floor":5.0,"gold_loss":0.0,"damage_taken":0.0},{"cards_removed":["Strike_R"],"damage_healed":0.0,"max_hp_gain":0.0,"max_hp_loss":0.0,"gold_gain":0.0,"event_name":"Bonfire Elementals","player_choice":"Offered Basic","floor":14.0,"gold_loss":0.0,"damage_taken":0.0},{"damage_healed":0.0,"max_hp_gain":0.0,"max_hp_loss":27.0,"gold_gain":0.0,"event_name":"Vampires","player_choice":"Became a vampire","floor":19.0,"gold_loss":0.0,"damage_taken":0.0,"cards_obtained":["Bite","Bite","Bite","Bite","Bite"]}],"is_beta":false,"boss_relics":[{"not_picked":["Tiny House","Ectoplasm"],"picked":"Velvet Choker"}],"items_purged_floors":[27],"is_endless":false,"potions_floor_spawned":[1,4,12,18,28,29,31],"ascension_level":0}}