{"host":"ftw8honmdnhsve3j","time":1612291796,"event":{"mods":["BaseMod","Colored Powertips","Minty Spire (QoL Compilation)","StSLib","The Wild Card"],"gold_per_floor":[116,130,147,147,147,147,183,40,40,5,25,25,59,59,59,190,190,205,3,3,3,3],"floor_reached":21,"language":"ENG","playtime":841,"items_purged":[],"score":204,"play_id":"101115e7-9fdd-436d-a698-d2014bd5f1fd","local_time":"20210202194956","is_ascension_mode":true,"campfire_choices":[{"data":"theWildCard:PaleRider","floor":6,"key":"SMITH"},{"floor":12,"key":"DIG"},{"data":"Deep Breath","floor":15,"key":"SMITH"}],"circlet_count":0,"master_deck":["theWildCard:BasicStrike","theWildCard:BasicStrike","theWildCard:BasicStrike","theWildCard:BasicStrike","theWildCard:BasicDefend","theWildCard:BasicDefend","theWildCard:BasicDefend","theWildCard:BasicDefend","theWildCard:CallToAdventure","theWildCard:Arsene","theWildCard:PaleRider+1","theWildCard:PaleRider","theWildCard:MaskChange","Deep Breath+1","theWildCard:PowerOfTheArcana","theWildCard:ChangingDestiny","theWildCard:PaleRider"],"relics":["theWildCard:VelvetContract","NeowsBlessing","Golden Idol","Shovel","Shuriken","Bronze Scales","Meat on the Bone","SlaversCollar","Tiny Chest","Enchiridion"],"acts_visited":["Exordium","TheCity"],"potions_floor_usage":[13],"damage_taken":[{"damage":0,"enemies":"Cultist","floor":1,"turns":1},{"damage":0,"enemies":"Small Slimes","floor":2,"turns":1},{"damage":0,"enemies":"2 Louse","floor":3,"turns":1},{"damage":22,"enemies":"3 Sentries","floor":7,"turns":8},{"damage":9,"enemies":"Looter","floor":11,"turns":4},{"damage":14,"enemies":"Lagavulin","floor":13,"turns":7},{"damage":28,"enemies":"Slime Boss","floor":16,"turns":11},{"damage":7,"enemies":"3 Byrds","floor":18,"turns":3},{"damage":38,"enemies":"Shell Parasite","floor":21,"turns":5}],"seed_played":"-4804099992655943962","potions_obtained":[{"floor":2,"key":"Regen Potion"},{"floor":3,"key":"EssenceOfSteel"},{"floor":13,"key":"Weak Potion"}],"is_trial":false,"path_per_floor":["M","M","M","?","?","R","E","$","T","?","M","R","E","$","R","B",null,"M","$","?","M"],"character_chosen":"THE_WILD_CARD","items_purchased":["theWildCard:MaskChange","Deep Breath","theWildCard:PaleRider","Tiny Chest"],"campfire_rested":0,"item_purchase_floors":[8,8,19,19],"current_hp_per_floor":[60,60,60,45,45,45,23,23,23,38,29,29,30,30,30,14,60,53,53,37,0,0],"gold":3,"neow_bonus":"THREE_ENEMY_KILL","is_daily":false,"chose_seed":false,"campfire_upgraded":2,"win_rate":0.0,"timestamp":1612291796,"path_taken":["M","?","?","?","?","R","E","$","T","?","M","R","E","$","R","BOSS","M","$","?","M"],"items_purchased_type":["Card","Card","Card","Relic"],"build_version":"2020-12-22","purchased_purges":0,"victory":false,"max_hp_per_floor":[60,60,60,60,60,60,60,60,60,60,60,60,60,60,60,60,60,60,60,60,60,60],"card_choices":[{"not_picked":["theWildCard:Sakuya","theWildCard:SeveringSlash","theWildCard:ManOfManyFaces"],"picked":"SKIP","floor":1},{"not_picked":["theWildCard:SeveringSlash","theWildCard:Patience","theWildCard:EnergyTheft"],"picked":"SKIP","floor":2},{"not_picked":["theWildCard:StingingStrike","theWildCard:Sakuya"],"picked":"theWildCard:PaleRider","floor":3},{"not_picked":["theWildCard:ArcanaArtistry","theWildCard:ShieldOfMany"],"picked":"theWildCard:PaleRider","floor":7},{"not_picked":["theWildCard:EnergizedStroke","theWildCard:StingingStrike"],"picked":"theWildCard:PowerOfTheArcana","floor":11},{"not_picked":["theWildCard:SeveringSlash","theWildCard:Unburden"],"picked":"theWildCard:ChangingDestiny","floor":13},{"not_picked":["theWildCard:StalwartBlade","theWildCard:BladeOfGenerations","theWildCard:Sakuya+1"],"picked":"SKIP","floor":18}],"player_experience":542026,"relics_obtained":[{"floor":7,"key":"Shovel"},{"floor":9,"key":"Shuriken"},{"floor":12,"key":"Bronze Scales"},{"floor":13,"key":"Meat on the Bone"},{"floor":20,"key":"Enchiridion"}],"event_choices":[{"damage_healed":0,"gold_gain":0,"player_choice":"Take Damage","damage_taken":15,"relics_obtained":["Golden Idol"],"max_hp_gain":0,"max_hp_loss":0,"event_name":"Golden Idol","floor":4,"gold_loss":0},{"damage_healed":15,"gold_gain":0,"player_choice":"Healed","damage_taken":0,"max_hp_gain":0,"max_hp_loss":0,"event_name":"The Cleric","floor":10,"gold_loss":35},{"damage_healed":0,"gold_gain":0,"player_choice":"Obtained Book","damage_taken":16,"max_hp_gain":0,"max_hp_loss":0,"event_name":"Cursed Tome","floor":20,"gold_loss":0}],"is_beta":false,"boss_relics":[{"not_picked":["Sozu","Snecko Eye"],"picked":"SlaversCollar"}],"items_purged_floors":[],"is_endless":false,"potions_floor_spawned":[2,3,13],"killed_by":"Shell Parasite","ascension_level":2}}