{"host":"bf5upntvbdompq33","time":1612285747,"event":{"mods":["BaseMod","Colored Map","Colored Powertips","Curses Come First","Minty Spire (QoL Compilation)","StSLib","The Hierophant","The Mystic"],"gold_per_floor":[109,284,304,189,201,226,226,243,298,358,370,370,34,45,45,150,150,170,186,186,186],"floor_reached":20,"language":"ENG","playtime":857,"items_purged":["Doubt"],"score":339,"play_id":"2f4c9cbe-5158-4d63-ae35-27eece592d28","local_time":"20210202100907","is_ascension_mode":true,"campfire_choices":[{"data":"Streamline","floor":7,"key":"SMITH"},{"floor":12,"key":"REST"},{"floor":15,"key":"REST"}],"circlet_count":0,"master_deck":["AscendersBane","Strike_B","Strike_B","Strike_B","Strike_B","Defend_B","Defend_B","Defend_B","Defend_B","Zap","Dualcast","Streamline+1","Conserve Battery","Capacitor","Cold Snap","Buffer","Hologram","Ball Lightning","Beam Cell","Defragment","FTL","Beam Cell","Turbo","Ball Lightning","Electrodynamics","Rainbow","Reinforced Body"],"relics":["Cracked Core","NeowsBlessing","HornCleat","Pen Nib","Omamori","DataDisk","Orrery","Inserter"],"acts_visited":["Exordium","TheCity"],"potions_floor_usage":[16,20],"damage_taken":[{"damage":0,"enemies":"Small Slimes","floor":1,"turns":1},{"damage":0,"enemies":"Jaw Worm","floor":3,"turns":1},{"damage":0,"enemies":"Cultist","floor":5,"turns":1},{"damage":19,"enemies":"Gremlin Nob","floor":6,"turns":4},{"damage":9,"enemies":"3 Louse","floor":8,"turns":4},{"damage":12,"enemies":"Lagavulin Event","floor":10,"turns":6},{"damage":1,"enemies":"2 Fungi Beasts","floor":11,"turns":3},{"damage":5,"enemies":"Gremlin Gang","floor":14,"turns":4},{"damage":0,"enemies":"Slime Boss","floor":16,"turns":4},{"damage":12,"enemies":"3 Byrds","floor":18,"turns":3},{"damage":21,"enemies":"Shell Parasite","floor":19,"turns":4},{"damage":44,"enemies":"Shelled Parasite and Fungi","floor":20,"turns":5}],"seed_played":"2091628074599037011","potions_obtained":[{"floor":1,"key":"FocusPotion"},{"floor":10,"key":"CultistPotion"},{"floor":11,"key":"BlessingOfTheForge"},{"floor":19,"key":"SpeedPotion"}],"is_trial":false,"path_per_floor":["M","?","M","$","M","E","R","M","T","?","M","R","$","M","R","B",null,"M","M","M"],"character_chosen":"DEFECT","items_purchased":["Capacitor","DataDisk","Defragment","Orrery"],"campfire_rested":2,"item_purchase_floors":[4,13,13,13],"current_hp_per_floor":[68,68,68,68,68,49,49,40,40,28,27,49,49,44,66,66,73,61,40,0,0],"gold":186,"neow_bonus":"THREE_ENEMY_KILL","is_daily":false,"chose_seed":false,"campfire_upgraded":1,"win_rate":0.0,"timestamp":1612285747,"path_taken":["M","?","M","?","?","E","R","M","T","?","M","R","$","M","R","BOSS","M","M","M"],"items_purchased_type":["Card","Relic","Card","Relic"],"build_version":"2020-12-22","purchased_purges":1,"victory":false,"max_hp_per_floor":[75,75,75,75,75,75,75,75,75,75,75,75,75,75,75,75,75,75,75,75,75],"card_choices":[{"not_picked":["Aggregate","Cold Snap"],"picked":"Streamline","floor":1},{"not_picked":["Compile Driver","Capacitor"],"picked":"Conserve Battery","floor":3},{"not_picked":["Turbo","Compile Driver"],"picked":"Cold Snap","floor":5},{"not_picked":["Scrape","Hello World"],"picked":"Buffer","floor":6},{"not_picked":["Fusion","Rip and Tear"],"picked":"Hologram","floor":8},{"not_picked":["Hologram","Defragment"],"picked":"Ball Lightning","floor":10},{"not_picked":["Consume","Ball Lightning"],"picked":"Beam Cell","floor":11},{"not_picked":["Hologram","Go for the Eyes"],"picked":"FTL","floor":13},{"not_picked":["Hologram","Fusion"],"picked":"Beam Cell","floor":13},{"not_picked":["Compile Driver","Cold Snap"],"picked":"Turbo","floor":13},{"not_picked":["Barrage","Rebound"],"picked":"Ball Lightning","floor":13},{"not_picked":["Steam","Reboot"],"picked":"Electrodynamics","floor":13},{"not_picked":["Barrage","White Noise","FTL"],"picked":"SKIP","floor":14},{"not_picked":["Biased Cognition","Reboot"],"picked":"Rainbow","floor":16},{"not_picked":["Turbo","Rebound","Go for the Eyes"],"picked":"SKIP","floor":18},{"not_picked":["Streamline","Steam"],"picked":"Reinforced Body","floor":19}],"player_experience":1337557,"relics_obtained":[{"floor":6,"key":"HornCleat"},{"floor":9,"key":"Pen Nib"}],"event_choices":[{"damage_healed":0,"gold_gain":175,"player_choice":"AGREE","damage_taken":0,"max_hp_gain":0,"max_hp_loss":0,"event_name":"Liars Game","floor":2,"gold_loss":0,"cards_obtained":["Doubt"]},{"damage_healed":0,"gold_gain":0,"player_choice":"Searched \u00272\u0027 times","damage_taken":0,"relics_obtained":["Omamori"],"max_hp_gain":0,"max_hp_loss":0,"event_name":"Dead Adventurer","floor":10,"gold_loss":0}],"is_beta":false,"boss_relics":[{"not_picked":["SlaversCollar","FrozenCore"],"picked":"Inserter"}],"items_purged_floors":[4],"is_endless":false,"potions_floor_spawned":[1,10,11,14,19],"killed_by":"Shelled Parasite and Fungi","ascension_level":10}}