{"host":"nw4g04f085wnqcgt","time":1612238276,"event":{"mods":["AchievementEnabler","BaseMod","Colored Map","Colored Powertips","DeckTracker","Minty Spire (QoL Compilation)","Relic Sorter","SuperFastMode"],"gold_per_floor":[114,64,64,74,249,280,280,306,381,381,19,36,36,47,47,146,146,165,165,44,44,60,60,60,60],"floor_reached":24,"language":"ENG","playtime":981,"items_purged":["Doubt"],"score":242,"play_id":"ef3c6999-817b-4ebe-b8e8-5ee3d8ca0b48","local_time":"20210201225756","is_ascension_mode":true,"campfire_choices":[{"floor":7,"key":"REST"},{"data":"Zap","floor":10,"key":"SMITH"},{"floor":15,"key":"REST"},{"floor":23,"key":"REST"}],"circlet_count":0,"master_deck":["Strike_B","Strike_B","Strike_B","Defend_B","Defend_B","Defend_B","Defend_B","Zap+1","Dualcast","Turbo","Cold Snap","Ball Lightning","Undo","Coolheaded","Loop","Coolheaded","Meteor Strike","Compile Driver+1","Capacitor","Capacitor"],"relics":["Cracked Core","Tiny Chest","Smiling Mask","Akabeko","Pantograph","Mummified Hand","Busted Crown"],"acts_visited":["Exordium","TheCity"],"potions_floor_usage":[6,14,24],"damage_taken":[{"damage":2,"enemies":"Jaw Worm","floor":1,"turns":3},{"damage":0,"enemies":"2 Louse","floor":4,"turns":1},{"damage":41,"enemies":"Lagavulin","floor":6,"turns":12},{"damage":35,"enemies":"3 Sentries","floor":8,"turns":9},{"damage":5,"enemies":"Small Slimes","floor":12,"turns":3},{"damage":1,"enemies":"Blue Slaver","floor":14,"turns":2},{"damage":52,"enemies":"Slime Boss","floor":16,"turns":16},{"damage":22,"enemies":"Shell Parasite","floor":18,"turns":10},{"damage":11,"enemies":"Chosen","floor":22,"turns":6},{"damage":66,"enemies":"Slavers","floor":24,"turns":4}],"seed_played":"-3516860738624282889","potions_obtained":[{"floor":4,"key":"AttackPotion"},{"floor":8,"key":"Fire Potion"},{"floor":16,"key":"SteroidPotion"},{"floor":18,"key":"SmokeBomb"},{"floor":22,"key":"Ancient Potion"}],"is_trial":false,"path_per_floor":["M","?","?","M","?","E","R","E","T","R","$","M","T","M","R","B",null,"M","?","$","?","M","R","E"],"character_chosen":"DEFECT","items_purchased":["Mummified Hand","Coolheaded","Loop","Capacitor"],"campfire_rested":3,"item_purchase_floors":[11,11,11,20],"current_hp_per_floor":[73,73,78,78,78,37,61,26,26,26,26,21,21,20,44,17,80,58,58,58,42,31,55,0,0],"gold":60,"neow_bonus":"RANDOM_COMMON_RELIC","is_daily":false,"chose_seed":false,"campfire_upgraded":1,"win_rate":0.0,"timestamp":1612238276,"path_taken":["M","?","?","M","?","E","R","E","T","R","$","M","?","M","R","BOSS","M","?","$","?","M","R","E"],"items_purchased_type":["Relic","Card","Card","Card"],"build_version":"2020-12-22","purchased_purges":1,"victory":false,"max_hp_per_floor":[75,75,80,80,80,80,80,80,80,80,80,80,80,80,80,80,80,80,80,80,80,80,80,80,80],"card_choices":[{"not_picked":["Storm","Hologram"],"picked":"Turbo","floor":1},{"not_picked":["Barrage","Reinforced Body"],"picked":"Cold Snap","floor":4},{"not_picked":["Storm","Melter"],"picked":"Ball Lightning","floor":6},{"not_picked":["Hello World","Sunder"],"picked":"Undo","floor":8},{"not_picked":["Recycle","Barrage","Cold Snap"],"picked":"SKIP","floor":12},{"not_picked":["Steam Power","Ball Lightning"],"picked":"Coolheaded","floor":14},{"not_picked":["Electrodynamics","Creative AI"],"picked":"Meteor Strike","floor":16},{"not_picked":[],"picked":"Compile Driver+1","floor":18},{"not_picked":["FTL"],"picked":"SKIP","floor":22}],"player_experience":392460,"relics_obtained":[{"floor":6,"key":"Smiling Mask"},{"floor":8,"key":"Akabeko"},{"floor":9,"key":"Pantograph"}],"event_choices":[{"cards_removed":["Strike_B"],"damage_healed":0,"gold_gain":0,"player_choice":"Card Removal","damage_taken":0,"max_hp_gain":0,"max_hp_loss":0,"event_name":"The Cleric","floor":2,"gold_loss":50},{"damage_healed":0,"gold_gain":0,"player_choice":"Donut","damage_taken":0,"max_hp_gain":5,"max_hp_loss":0,"event_name":"Big Fish","floor":3,"gold_loss":0},{"damage_healed":0,"gold_gain":175,"player_choice":"AGREE","damage_taken":0,"max_hp_gain":0,"max_hp_loss":0,"event_name":"Liars Game","floor":5,"gold_loss":0,"cards_obtained":["Doubt"]},{"damage_healed":0,"gold_gain":0,"player_choice":"Read","damage_taken":0,"max_hp_gain":0,"max_hp_loss":0,"event_name":"The Library","floor":19,"gold_loss":0,"cards_obtained":["Capacitor"]},{"damage_healed":0,"gold_gain":0,"player_choice":"Obtained Book","damage_taken":16,"max_hp_gain":0,"max_hp_loss":0,"event_name":"Cursed Tome","floor":21,"gold_loss":0}],"is_beta":false,"boss_relics":[{"not_picked":["Pandora\u0027s Box","Ectoplasm"],"picked":"Busted Crown"}],"items_purged_floors":[20],"is_endless":false,"potions_floor_spawned":[4,8,16,18,22],"killed_by":"Slavers","ascension_level":4}}