{"host":"9m2ifqaul2xw9r3j","time":1612308636,"event":{"mods":["BaseMod","Minty Spire (QoL Compilation)"],"gold_per_floor":[113,113,133,58,73,99,99,117,164,192,192,226,226,262,262,382,382,395,395,255,276,75,106,106,129,129,153,166,201,201,225,225,350,350,368,382,382,292,316,360,360,396,396,161,199,218,237,35,35,35,35,35,5,45,45],"floor_reached":56,"language":"ENG","playtime":14228,"items_purged":["Defend_P","Defend_P","Strike_P","Defend_P"],"score":1603,"play_id":"e12feb9b-74b4-4a79-8db2-bb444d319f18","local_time":"20210203003036","is_ascension_mode":true,"campfire_choices":[{"data":"Study","floor":7.0,"key":"SMITH"},{"data":"Crescendo","floor":11.0,"key":"SMITH"},{"data":"Eruption","floor":15.0,"key":"SMITH"},{"floor":24,"key":"DIG"},{"data":"Study","floor":30,"key":"SMITH"},{"floor":32,"key":"DIG"},{"floor":41,"key":"RECALL"},{"floor":49,"key":"DIG"},{"data":"BattleHymn","floor":52,"key":"SMITH"}],"circlet_count":0,"master_deck":["Strike_P+1","Eruption+1","Vigilance","Crescendo+1","Study+1","ForeignInfluence+1","ClearTheMind+1","DeceiveReality+1","ForeignInfluence+1","EmptyBody+1","DeusExMachina+1","Adaptation+1","Meditate+1","Sanctity+1","BattleHymn+1","Study+1","Evaluate+1","CutThroughFate+1","Scrawl+1","Crescendo+1","ReachHeaven+1","Evaluate+1","Wireheading"],"relics":["PureWater","Toxic Egg 2","Boot","Art of War","Oddly Smooth Stone","Mercury Hourglass","Golden Idol","Ornamental Fan","Sozu","Shovel","The Courier","Kunai","Gremlin Horn","Strawberry","Busted Crown","Turnip","Lizard Tail","Melange","Mummified Hand","Pantograph","Centennial Puzzle","Whetstone"],"acts_visited":["Exordium","TheCity","TheBeyond","TheEnding"],"potions_floor_usage":[28],"damage_taken":[{"damage":1.0,"enemies":"2 Louse","floor":1.0,"turns":3.0},{"damage":0.0,"enemies":"Small Slimes","floor":3.0,"turns":2.0},{"damage":0.0,"enemies":"Cultist","floor":5.0,"turns":2.0},{"damage":0.0,"enemies":"3 Sentries","floor":6.0,"turns":2.0},{"damage":13.0,"enemies":"3 Louse","floor":8.0,"turns":3.0},{"damage":0.0,"enemies":"Gremlin Nob","floor":10.0,"turns":3.0},{"damage":5.0,"enemies":"Lagavulin","floor":12.0,"turns":6.0},{"damage":0.0,"enemies":"Gremlin Nob","floor":14.0,"turns":2.0},{"damage":0.0,"enemies":"The Guardian","floor":16.0,"turns":8.0},{"damage":0.0,"enemies":"Chosen","floor":18.0,"turns":6.0},{"damage":0.0,"enemies":"Shell Parasite","floor":21.0,"turns":3.0},{"damage":4,"enemies":"Book of Stabbing","floor":23,"turns":5},{"damage":1,"enemies":"Snake Plant","floor":25,"turns":3},{"damage":0,"enemies":"Sentry and Sphere","floor":27,"turns":3},{"damage":8,"enemies":"Centurion and Healer","floor":28,"turns":3},{"damage":7,"enemies":"Slavers","floor":29,"turns":4},{"damage":1,"enemies":"Snecko","floor":31,"turns":4},{"damage":16,"enemies":"Collector","floor":33,"turns":6},{"damage":0,"enemies":"3 Shapes","floor":35,"turns":2},{"damage":0,"enemies":"3 Darklings","floor":36,"turns":2},{"damage":0,"enemies":"Maw","floor":39,"turns":4},{"damage":12,"enemies":"Nemesis","floor":40,"turns":3},{"damage":0,"enemies":"Reptomancer","floor":42,"turns":2},{"damage":0,"enemies":"Nemesis","floor":45,"turns":3},{"damage":26,"enemies":"Sphere and 2 Shapes","floor":46,"turns":2},{"damage":6,"enemies":"Transient","floor":47,"turns":5},{"damage":31,"enemies":"Awakened One","floor":50,"turns":11},{"damage":0,"enemies":"Shield and Spear","floor":54,"turns":2},{"damage":87,"enemies":"The Heart","floor":55,"turns":10}],"seed_played":"3028846251577918864","potions_obtained":[{"floor":8.0,"key":"Block Potion"},{"floor":12.0,"key":"Block Potion"},{"floor":14.0,"key":"Weak Potion"}],"is_trial":false,"path_per_floor":["M","?","M","$","M","E","R","M","T","E","R","E","?","E","R","B",null,"M","?","$","M","$","E","R","M","T","M","M","E","R","M","R","B",null,"M","M","?","?","M","E","R","E","T","$","E","M","M","$","R","B",null,"R","$","E","B",null],"character_chosen":"WATCHER","items_purchased":["Meditate+1","BattleHymn","Melange","Pantograph","Wireheading"],"campfire_rested":0,"item_purchase_floors":[20,22,44,48,53],"current_hp_per_floor":[71,64,64,64,64,64,64,51,51,51,51,46,28,28,28,28,72,72,72,72,72,72,68,68,67,67,67,59,52,52,51,58,42,79,79,79,79,79,79,67,67,67,67,67,67,41,35,35,35,29,79,79,79,79,33],"gold":45,"neow_bonus":"TRANSFORM_CARD","is_daily":false,"chose_seed":false,"campfire_upgraded":5,"win_rate":0.0,"timestamp":1612308636,"path_taken":["M","?","M","$","M","E","R","M","T","E","R","E","?","E","R","BOSS","M","?","$","M","$","E","R","M","T","?","M","E","R","M","R","BOSS","M","M","?","?","?","E","R","E","T","?","E","M","M","$","R","BOSS","R","$","E","BOSS"],"items_purchased_type":["Card","Card","Relic","Relic","Card"],"build_version":"2020-12-22","purchased_purges":4,"victory":true,"max_hp_per_floor":[72,72,72,72,72,72,72,72,72,72,72,72,72,72,72,72,72,72,72,72,72,72,72,72,72,72,72,72,72,72,72,79,79,79,79,79,79,79,79,79,79,79,79,79,79,79,79,79,79,79,79,79,79,79,79],"card_choices":[{"not_picked":["FlyingSleeves","FollowUp"],"picked":"Study","floor":1.0},{"not_picked":["FollowUp","Evaluate+1"],"picked":"ForeignInfluence+1","floor":3.0},{"not_picked":["PathToVictory+1","WindmillStrike","BowlingBash"],"picked":"SKIP","floor":5.0},{"not_picked":["Conclude","PathToVictory+1","SashWhip"],"picked":"SKIP","floor":6.0},{"not_picked":["Conclude","PathToVictory+1","SashWhip"],"picked":"SKIP","floor":6.0},{"not_picked":["FlyingSleeves","FollowUp"],"picked":"ClearTheMind+1","floor":8.0},{"not_picked":["Scrawl+1","EmptyBody+1"],"picked":"DeceiveReality+1","floor":10.0},{"not_picked":["MentalFortress","Wallop"],"picked":"ForeignInfluence+1","floor":12.0},{"not_picked":["Swivel+1","CarveReality"],"picked":"EmptyBody+1","floor":14.0},{"not_picked":["SpiritShield+1","ConjureBlade+1"],"picked":"DeusExMachina+1","floor":16.0},{"not_picked":["ClearTheMind+1","FlyingSleeves"],"picked":"Adaptation","floor":18.0},{"not_picked":["JustLucky","EmptyFist"],"picked":"Sanctity+1","floor":21.0},{"not_picked":["PathToVictory+1","Prostrate+1"],"picked":"Study","floor":23},{"not_picked":["Worship+1","EmptyBody+1"],"picked":"Evaluate+1","floor":25},{"not_picked":["Pray+1","Swivel+1","Conclude+1"],"picked":"SKIP","floor":27},{"not_picked":["FlyingSleeves","SignatureMove"],"picked":"CutThroughFate","floor":28},{"not_picked":["Worship+1","Halt+1"],"picked":"Scrawl+1","floor":29},{"not_picked":["FlurryOfBlows","CrushJoints"],"picked":"Crescendo+1","floor":31},{"not_picked":[],"picked":"ReachHeaven","floor":35},{"not_picked":["SashWhip"],"picked":"SKIP","floor":36},{"not_picked":["Conclude"],"picked":"SKIP","floor":39},{"not_picked":["DeceiveReality+1"],"picked":"SKIP","floor":40},{"not_picked":["BowlingBash+1"],"picked":"SKIP","floor":42},{"not_picked":[],"picked":"Evaluate+1","floor":45},{"not_picked":["Consecrate"],"picked":"SKIP","floor":46},{"not_picked":["Prostrate+1"],"picked":"SKIP","floor":47},{"not_picked":["FlurryOfBlows"],"picked":"SKIP","floor":54}],"player_experience":326779,"relics_obtained":[{"floor":6.0,"key":"Boot"},{"floor":9.0,"key":"Art of War"},{"floor":10.0,"key":"Oddly Smooth Stone"},{"floor":12.0,"key":"Mercury Hourglass"},{"floor":14.0,"key":"Ornamental Fan"},{"floor":23,"key":"Shovel"},{"floor":24,"key":"The Courier"},{"floor":26,"key":"Kunai"},{"floor":29,"key":"Gremlin Horn"},{"floor":32,"key":"Strawberry"},{"floor":40,"key":"Turnip"},{"floor":42,"key":"Lizard Tail"},{"floor":45,"key":"Mummified Hand"},{"floor":49,"key":"Centennial Puzzle"},{"floor":54,"key":"Whetstone"}],"event_choices":[{"damage_healed":0.0,"max_hp_gain":0.0,"max_hp_loss":0.0,"gold_gain":0.0,"event_name":"Scrap Ooze","player_choice":"Success","floor":2.0,"gold_loss":0.0,"damage_taken":7.0,"relics_obtained":["Toxic Egg 2"]},{"damage_healed":0.0,"max_hp_gain":0.0,"max_hp_loss":0.0,"gold_gain":0.0,"event_name":"Golden Idol","player_choice":"Take Damage","floor":13.0,"gold_loss":0.0,"damage_taken":18.0,"relics_obtained":["Golden Idol"]},{"damage_healed":0.0,"max_hp_gain":0.0,"max_hp_loss":0.0,"gold_gain":0.0,"event_name":"Upgrade Shrine","player_choice":"Upgraded","floor":19.0,"gold_loss":0.0,"damage_taken":0.0,"cards_upgraded":["Adaptation"]},{"cards_removed":["Strike_P"],"damage_healed":0,"gold_gain":0,"player_choice":"Removed Attack","damage_taken":0,"max_hp_gain":0,"max_hp_loss":0,"event_name":"Falling","floor":37,"gold_loss":0},{"cards_removed":["Defend_P"],"damage_healed":0,"gold_gain":0,"player_choice":"Upgrade and Remove","damage_taken":0,"max_hp_gain":0,"max_hp_loss":0,"event_name":"Designer","floor":38,"gold_loss":90,"cards_upgraded":["Strike_P"]}],"is_beta":false,"boss_relics":[{"not_picked":["Tiny House","Runic Pyramid"],"picked":"Sozu"},{"not_picked":["Empty Cage","Runic Dome"],"picked":"Busted Crown"}],"items_purged_floors":[4,20,22,44],"is_endless":false,"potions_floor_spawned":[8,12,14,23,31,33,36,40,45,47],"ascension_level":2}}