{"host":"fuszjwm6fqgjjp4d","time":1612251053,"event":{"mods":["BaseMod","Bestiary","Colored Map","DeckTracker","Minty Spire (QoL Compilation)","Permanent Neow","Relic Sorter","Relic Stats","StSLib"],"gold_per_floor":[113,128,143,108,161,173,212,224,236,273,302,314,120,120,120],"floor_reached":14,"language":"ENG","playtime":422,"items_purged":[],"score":196,"play_id":"77abad94-9480-4d2c-a334-0de9a4898951","local_time":"20210202013053","is_ascension_mode":true,"campfire_choices":[{"data":"Hologram","floor":6,"key":"SMITH"},{"data":"Zap","floor":8,"key":"SMITH"},{"data":"Reboot","floor":12,"key":"SMITH"}],"circlet_count":0,"master_deck":["AscendersBane","Strike_B","Strike_B","Strike_B","Strike_B","Defend_B","Defend_B","Defend_B","Defend_B","Zap+1","Dualcast","Auto Shields","Go for the Eyes","Hologram+1","Reboot+1","Rebound","Leap","Apotheosis"],"relics":["Cracked Core","StoneCalendar","MawBank","Anchor","Bottled Lightning","Bag of Preparation"],"acts_visited":["Exordium"],"potions_floor_usage":[7,7,14],"damage_taken":[{"damage":0,"enemies":"Cultist","floor":1,"turns":3},{"damage":0,"enemies":"Small Slimes","floor":2,"turns":4},{"damage":4,"enemies":"Jaw Worm","floor":3,"turns":5},{"damage":15,"enemies":"Lagavulin","floor":7,"turns":5},{"damage":25,"enemies":"3 Sentries","floor":10,"turns":7},{"damage":0,"enemies":"Exordium Wildlife","floor":11,"turns":3},{"damage":33,"enemies":"Gremlin Nob","floor":14,"turns":3}],"seed_played":"-3148981157774023639","potions_obtained":[{"floor":1,"key":"FearPotion"},{"floor":2,"key":"SteroidPotion"},{"floor":11,"key":"AttackPotion"}],"is_trial":false,"path_per_floor":["M","M","M","?","T","R","E","R","T","E","M","R","$","E"],"character_chosen":"DEFECT","items_purchased":["Apotheosis"],"campfire_rested":0,"item_purchase_floors":[13],"current_hp_per_floor":[46,46,42,59,59,59,44,44,44,19,19,19,19,0,0],"gold":120,"neow_bonus":"ONE_RARE_RELIC","is_daily":false,"chose_seed":false,"campfire_upgraded":3,"win_rate":0.0,"timestamp":1612251053,"path_taken":["M","?","?","?","?","R","E","R","T","E","M","R","$","E"],"items_purchased_type":["Card"],"build_version":"2020-12-22","purchased_purges":0,"victory":false,"max_hp_per_floor":[71,71,71,71,71,71,71,71,71,71,71,71,71,71,71],"relic_stats":{"counters":[7,30],"StoneCalendar":[42],"Bag of Preparation":[4],"MawBank":96,"obtain_stats":[{"Anchor":7,"StoneCalendar":0,"Bag of Preparation":10,"Bottled Lightning":9,"Cracked Core":0,"MawBank":5},{"Anchor":4,"StoneCalendar":0,"Bag of Preparation":5,"Bottled Lightning":4,"Cracked Core":0,"MawBank":3},{"Anchor":17,"StoneCalendar":0,"Bag of Preparation":24,"Bottled Lightning":17,"Cracked Core":0,"MawBank":12}]},"card_choices":[{"not_picked":["Aggregate","Barrage"],"picked":"Auto Shields","floor":1},{"not_picked":["Leap","Blizzard"],"picked":"Go for the Eyes","floor":2},{"not_picked":["Go for the Eyes","Redo"],"picked":"Hologram","floor":3},{"not_picked":["Aggregate","Conserve Battery"],"picked":"Reboot","floor":7},{"not_picked":["Compile Driver","Storm"],"picked":"Rebound","floor":10},{"not_picked":["Barrage","Rebound"],"picked":"Leap","floor":11}],"player_experience":1422089,"relics_obtained":[{"floor":5,"key":"MawBank"},{"floor":7,"key":"Anchor"},{"floor":9,"key":"Bottled Lightning"},{"floor":10,"key":"Bag of Preparation"}],"event_choices":[{"damage_healed":17,"gold_gain":0,"player_choice":"Healed","damage_taken":0,"max_hp_gain":0,"max_hp_loss":0,"event_name":"The Cleric","floor":4,"gold_loss":35}],"is_beta":false,"boss_relics":[],"items_purged_floors":[],"is_endless":false,"potions_floor_spawned":[1,2,11],"killed_by":"Gremlin Nob","ascension_level":20}}