{"host":"yq2wmfr0u0wuvxc0","time":1612244750,"event":{"mods":["Act Like it!","Aspiration","BaseMod","Colored Powertips","Curses Come First","Defuse TimeMaze Blight","Downfall","Friendly Minions","Gensokyo","Gremlin Mod","Hubris","Infinite Spire","Koishi","Marisa????????","Minty Spire (QoL Compilation)","Pale of the Ancients","Quick Restart","Rare Cards Sparkle","Remilia??????","Shop Mod","Smile Girya","Spicy Shops","StSLib","The Jungle","The Servant 0.9.4","Wide Potions","Youmu??????"],"gold_per_floor":[99,113,113,113,126,126,126,146,161,161,161,172,203,221,237,237,237],"floor_reached":16,"language":"ZHS","playtime":1031,"items_purged":[],"score":102,"play_id":"02c3740b-5ec5-460f-9b68-a1354cc4fb45","local_time":"20210201214550","is_ascension_mode":false,"campfire_choices":[{"data":"Gremlin:TagTeam","floor":1,"key":"SMITH"},{"data":"Gremlin:BulkUp","floor":6,"key":"SMITH"},{"data":"Gremlin:ShadowShiv","floor":10,"key":"SMITH"}],"circlet_count":0,"master_deck":["Gremlin:Strike","Gremlin:Strike","Gremlin:Defend","Gremlin:Defend","Gremlin:Defend","Gremlin:Defend","Gremlin:TagTeam+1","Gremlin:GremlinDance","Gremlin:Irritability","Gremlin:BulkUp+1","Gremlin:Pinprick","Gremlin:ShadowShiv+1","Gremlin:SharpenBlades+1","Gremlin:Tadah+1","Gremlin:Heckle","Gremlin:GlitterGuard+1"],"relics":["Gremlin:GremlinKnob","Toxic Egg 2","Odd Mushroom","hubris:Towel","Toy Ornithopter"],"acts_visited":["Exordium"],"potions_floor_usage":[16],"damage_taken":[{"damage":0,"enemies":"Small Slimes","floor":2,"turns":3},{"damage":7,"enemies":"2 Louse","floor":5,"turns":2},{"damage":14,"enemies":"The Mushroom Lair","floor":8,"turns":5},{"damage":1,"enemies":"Jaw Worm","floor":9,"turns":6},{"damage":2,"enemies":"2 Fungi Beasts","floor":12,"turns":5},{"damage":7,"enemies":"Lagavulin","floor":13,"turns":12},{"damage":21,"enemies":"Exordium Thugs","floor":14,"turns":9},{"damage":6,"enemies":"Blue Slaver","floor":15,"turns":5},{"damage":197,"enemies":"DF_ARCHETYPE_STREAMLINE","floor":16,"turns":22}],"seed_played":"296508824949410922","potions_obtained":[{"floor":13,"key":"SteroidPotion"},{"floor":14,"key":"Swift Potion"}],"is_trial":false,"path_per_floor":["R","M","?","?","M","R","T","?","M","R","?","M","E","M","M","B"],"character_chosen":"GREMLIN","items_purchased":[],"campfire_rested":0,"item_purchase_floors":[],"current_hp_per_floor":[21,21,21,21,21,21,21,21,7,7,7,14,14,12,5,0,0],"gold":237,"neow_bonus":"TEN_PERCENT_HP_BONUS","is_daily":false,"chose_seed":false,"campfire_upgraded":3,"win_rate":0.0,"timestamp":1612244750,"path_taken":["R","M","?","?","M","R","T","?","M","R","?","?","E","M","M","BOSS"],"items_purchased_type":[],"build_version":"2020-12-22","purchased_purges":0,"victory":false,"max_hp_per_floor":[21,21,21,21,21,21,21,21,21,21,21,21,21,21,21,21,21],"card_choices":[{"not_picked":["Gremlin:Patsy","Gremlin:Pinprick"],"picked":"Gremlin:Irritability","floor":2},{"not_picked":["Gremlin:Patsy","Gremlin:Presto"],"picked":"Gremlin:BulkUp","floor":5},{"not_picked":["Gremlin:Patsy+1","Gremlin:Glimmer"],"picked":"Gremlin:Pinprick","floor":8},{"not_picked":["Gremlin:Pretaliation","Gremlin:TwistTheKnife"],"picked":"Gremlin:ShadowShiv","floor":9},{"not_picked":["Gremlin:FanOfKnives","Gremlin:Pinprick"],"picked":"Gremlin:SharpenBlades+1","floor":12},{"not_picked":["Gremlin:PinNeedle","Gremlin:Mockery+1"],"picked":"Gremlin:Tadah+1","floor":13},{"not_picked":["Gremlin:Jeer","Gremlin:GremlinMeal+1"],"picked":"Gremlin:Heckle","floor":14},{"not_picked":["Gremlin:Irritability+1","Gremlin:CatScratch"],"picked":"Gremlin:GlitterGuard+1","floor":15}],"player_experience":313429,"relics_obtained":[{"floor":7,"key":"Toxic Egg 2"},{"floor":8,"key":"Odd Mushroom"},{"floor":13,"key":"Toy Ornithopter"}],"event_choices":[{"cards_removed":["Gremlin:Strike"],"damage_healed":0,"gold_gain":0,"player_choice":"Card Removal","damage_taken":0,"max_hp_gain":0,"max_hp_loss":0,"event_name":"The Cleric","floor":3,"gold_loss":0},{"damage_healed":0,"gold_gain":0,"player_choice":"Fought Mushrooms","damage_taken":0,"max_hp_gain":0,"max_hp_loss":0,"event_name":"Mushrooms","floor":8,"gold_loss":0}],"is_beta":false,"boss_relics":[],"items_purged_floors":[],"is_endless":false,"potions_floor_spawned":[13,14],"killed_by":"DF_ARCHETYPE_STREAMLINE","ascension_level":0}}