{"host":"sup1rd0ujr5jgopq","time":1612238528,"event":{"mods":["BaseMod","Colored Map","Minty Spire (QoL Compilation)","StSLib"],"gold_per_floor":[113,188,188,188,188,216,216,10,10,10,10,23,35,49,49,146,146,128,128,228,247,259,259,286,299,367,386,386,137,169,21,21,125,125,140,140,151,201,212,212,244,244,269,269,44,98,0,30,30,30],"floor_reached":51,"playtime":4538,"items_purged":["Defend_R","Strike_R"],"score":739,"play_id":"4ab9362b-7d26-46a5-b16a-240bab27f143","local_time":"20210201230208","is_ascension_mode":false,"campfire_choices":[{"floor":7,"key":"REST"},{"data":"Apotheosis","floor":10,"key":"SMITH"},{"data":"Rampage","floor":15,"key":"SMITH"},{"floor":23,"key":"REST"},{"floor":32,"key":"REST"},{"floor":40,"key":"REST"},{"floor":42,"key":"REST"},{"floor":44,"key":"REST"},{"floor":49,"key":"REST"}],"circlet_count":0,"master_deck":["Strike_R","Strike_R","Strike_R","Defend_R","Defend_R","Defend_R","Bash","Offering","Spot Weakness","Rupture","Apotheosis+1","Rampage+1","Iron Wave","Thunderclap","Seeing Red","Reaper","Warcry+1","Pommel Strike+1","Metallicize","Pummel","Pummel","Flex","Rage","Brutality","Rupture","Double Tap","CurseOfTheBell","Heavy Blade+1","Rupture","Burning Pact"],"relics":["Burning Blood","Unceasing Top","Magic Flower","Fusion Hammer","Happy Flower","Ornamental Fan","Paper Frog","Letter Opener","DollysMirror","Calling Bell","Bag of Preparation","Mercury Hourglass","Mango","Incense Burner","Centennial Puzzle","Toy Ornithopter","Membership Card","Calipers","Red Mask","Regal Pillow"],"acts_visited":["Exordium","TheCity","TheBeyond"],"potions_floor_usage":[16,30,33,33,33,35,39,50,50],"damage_taken":[{"damage":9,"enemies":"Jaw Worm","floor":1,"turns":3},{"damage":50,"enemies":"Lagavulin","floor":6,"turns":7},{"damage":3,"enemies":"Small Slimes","floor":12,"turns":3},{"damage":6,"enemies":"2 Louse","floor":13,"turns":3},{"damage":10,"enemies":"Large Slime","floor":14,"turns":3},{"damage":31,"enemies":"Hexaghost","floor":16,"turns":6},{"damage":26,"enemies":"2 Thieves","floor":18,"turns":4},{"damage":8,"enemies":"Chosen","floor":21,"turns":4},{"damage":6,"enemies":"Centurion and Healer","floor":22,"turns":5},{"damage":25,"enemies":"Slavers","floor":24,"turns":4},{"damage":15,"enemies":"Shelled Parasite and Fungi","floor":25,"turns":5},{"damage":36,"enemies":"Snake Plant","floor":27,"turns":4},{"damage":17,"enemies":"Book of Stabbing","floor":30,"turns":4},{"damage":11,"enemies":"Collector","floor":33,"turns":5},{"damage":37,"enemies":"3 Shapes","floor":35,"turns":4},{"damage":6,"enemies":"3 Darklings","floor":37,"turns":2},{"damage":50,"enemies":"Mind Bloom Boss Battle","floor":38,"turns":5},{"damage":10,"enemies":"Jaw Worm Horde","floor":39,"turns":4},{"damage":9,"enemies":"Nemesis","floor":41,"turns":5},{"damage":32,"enemies":"2 Orb Walkers","floor":46,"turns":4},{"damage":8,"enemies":"Giant Head","floor":48,"turns":4},{"damage":67,"enemies":"Awakened One","floor":50,"turns":6}],"seed_played":"-4554916715642880597","potions_obtained":[{"floor":6,"key":"ElixirPotion"},{"floor":12,"key":"FearPotion"},{"floor":14,"key":"GamblersBrew"},{"floor":21,"key":"BloodPotion"},{"floor":33,"key":"Explosive Potion"},{"floor":41,"key":"Energy Potion"},{"floor":46,"key":"SteroidPotion"}],"is_trial":false,"path_per_floor":["M","?","?","?","?","E","R","$","T","R","$","M","M","M","R","B",null,"M","?","?","M","M","R","E","M","T","M","T","$","E","$","R","B",null,"M","?","M","?","M","R","E","R","T","R","$","?","?","E","R","B",null],"character_chosen":"IRONCLAD","items_purchased":["Apotheosis","Rampage","EntropicBrew","Rage","DollysMirror","Membership Card","Rupture"],"campfire_rested":7,"item_purchase_floors":[8,8,29,29,31,45,45],"current_hp_per_floor":[77,66,71,71,64,20,45,45,45,45,45,51,54,53,53,31,85,83,83,83,85,85,85,69,83,83,61,61,61,59,59,84,85,99,71,71,94,94,93,94,94,94,94,94,94,71,71,72,94,89],"gold":30,"neow_bonus":"ONE_RANDOM_RARE_CARD","is_daily":false,"chose_seed":false,"campfire_upgraded":2,"win_rate":0.0,"timestamp":1612238528,"path_taken":["M","?","?","?","?","E","R","$","T","R","$","M","M","M","R","BOSS","M","?","?","M","M","R","E","M","T","?","?","$","E","$","R","BOSS","M","?","M","?","M","R","E","R","T","R","$","?","?","E","R","BOSS"],"items_purchased_type":["Card","Card","Potion","Card","Relic","Relic","Card"],"build_version":"2020-12-13","purchased_purges":2,"victory":true,"max_hp_per_floor":[80,80,85,85,85,85,85,85,85,85,85,85,85,85,85,85,85,85,85,85,85,85,85,85,85,85,85,85,85,85,85,85,85,99,99,94,94,94,94,94,94,94,94,94,94,94,94,94,94,94],"card_choices":[{"not_picked":["Shrug It Off","Iron Wave"],"picked":"Spot Weakness","floor":1},{"not_picked":["Reckless Charge","Inflame"],"picked":"Rupture","floor":6},{"not_picked":["Sword Boomerang","Carnage"],"picked":"Iron Wave","floor":12},{"not_picked":["Warcry","Cleave"],"picked":"Thunderclap","floor":13},{"not_picked":["Twin Strike","Cleave"],"picked":"Seeing Red","floor":14},{"not_picked":["Offering","Juggernaut"],"picked":"Reaper","floor":16},{"not_picked":["Anger","True Grit+1"],"picked":"Warcry+1","floor":18},{"not_picked":["Body Slam","Perfected Strike+1"],"picked":"Pommel Strike+1","floor":21},{"not_picked":["Intimidate","Spot Weakness"],"picked":"Metallicize","floor":22},{"not_picked":["Uppercut","Reckless Charge+1"],"picked":"Pummel","floor":24},{"not_picked":["Second Wind+1","Perfected Strike"],"picked":"Pummel","floor":25},{"not_picked":["Seeing Red","Whirlwind"],"picked":"Flex","floor":27},{"not_picked":["Sword Boomerang","Heavy Blade"],"picked":"Brutality","floor":30},{"not_picked":["Berserk","Barricade"],"picked":"Double Tap","floor":33},{"not_picked":["Ghostly Armor","Spot Weakness"],"picked":"Heavy Blade+1","floor":35},{"not_picked":["Inflame","Headbutt+1","Shrug It Off"],"picked":"SKIP","floor":37},{"not_picked":["Body Slam","Clash+1","Shrug It Off"],"picked":"SKIP","floor":39},{"not_picked":["Rampage","Entrench+1","Corruption"],"picked":"SKIP","floor":41},{"not_picked":["Power Through+1","Twin Strike"],"picked":"Burning Pact","floor":46},{"not_picked":["Flex+1","Cleave","True Grit"],"picked":"SKIP","floor":48}],"player_experience":2417,"relics_obtained":[{"floor":6,"key":"Unceasing Top"},{"floor":9,"key":"Magic Flower"},{"floor":24,"key":"Happy Flower"},{"floor":26,"key":"Ornamental Fan"},{"floor":28,"key":"Paper Frog"},{"floor":30,"key":"Letter Opener"},{"floor":34,"key":"Bag of Preparation"},{"floor":34,"key":"Mercury Hourglass"},{"floor":34,"key":"Mango"},{"floor":38,"key":"Incense Burner"},{"floor":41,"key":"Centennial Puzzle"},{"floor":43,"key":"Toy Ornithopter"},{"floor":46,"key":"Calipers"},{"floor":48,"key":"Regal Pillow"}],"event_choices":[{"damage_healed":0,"gold_gain":75,"player_choice":"Gather Gold","damage_taken":11,"max_hp_gain":0,"max_hp_loss":0,"event_name":"World of Goop","floor":2,"gold_loss":0},{"damage_healed":0,"gold_gain":0,"player_choice":"Donut","damage_taken":0,"max_hp_gain":5,"max_hp_loss":0,"event_name":"Big Fish","floor":3,"gold_loss":0},{"damage_healed":0,"gold_gain":0,"player_choice":"Ignored","damage_taken":0,"max_hp_gain":0,"max_hp_loss":0,"event_name":"Liars Game","floor":4,"gold_loss":0},{"cards_removed":["Strike_R"],"damage_healed":0,"gold_gain":0,"player_choice":"Card Removal","damage_taken":7,"max_hp_gain":0,"max_hp_loss":0,"event_name":"Golden Wing","floor":5,"gold_loss":0},{"damage_healed":0,"gold_gain":0,"player_choice":"Ignored","damage_taken":0,"max_hp_gain":0,"max_hp_loss":0,"event_name":"Ghosts","floor":19,"gold_loss":0},{"damage_healed":0,"gold_gain":100,"player_choice":"Pray","damage_taken":0,"max_hp_gain":0,"max_hp_loss":0,"event_name":"Golden Shrine","floor":20,"gold_loss":0},{"damage_healed":0,"gold_gain":0,"player_choice":"Max HP","damage_taken":0,"max_hp_gain":0,"max_hp_loss":5,"event_name":"Winding Halls","floor":36,"gold_loss":0},{"damage_healed":0,"gold_gain":0,"player_choice":"Fight","damage_taken":0,"max_hp_gain":0,"max_hp_loss":0,"event_name":"MindBloom","floor":38,"gold_loss":0},{"damage_healed":0,"gold_gain":0,"player_choice":"Fight","damage_taken":0,"max_hp_gain":0,"max_hp_loss":0,"event_name":"Mysterious Sphere","floor":46,"gold_loss":0},{"damage_healed":0,"gold_gain":0,"player_choice":"Paid","damage_taken":0,"relics_obtained":["Red Mask"],"max_hp_gain":0,"max_hp_loss":0,"event_name":"Tomb of Lord Red Mask","floor":47,"gold_loss":98}],"is_beta":false,"boss_relics":[{"not_picked":["Runic Pyramid","Runic Cube"],"picked":"Fusion Hammer"},{"not_picked":["Velvet Choker","SlaversCollar"],"picked":"Calling Bell"}],"items_purged_floors":[29,45],"is_endless":false,"potions_floor_spawned":[6,12,14,21,24,25,33,41,46,48],"ascension_level":0}}