{"host":"815dqs41i1y8uxms","time":1612280329,"event":{"mods":["A Penny For Your Troubles","Act Like it!","BaseMod","Elementarium","Fox Events","Jorbs\u0027s Wanderer Trilogy","Minty Spire (QoL Compilation)","Rare Cards Sparkle","Shop Mod","Spire Arcade","StSLib","The Marked"],"gold_per_floor":[119,152,8,8,28,28,68,141,218,218,237,253,302,267,267,377,454,476,494,510,128,167,167,167,192,292,297,297],"floor_reached":27,"language":"ENG","playtime":2252,"items_purged":["Elementarium:StickyTar"],"score":246,"play_id":"efaab676-2ebc-4cf3-b992-2bada07288c6","local_time":"20210202163849","is_ascension_mode":false,"campfire_choices":[{"floor":10,"key":"REST"},{"floor":15,"key":"REST"},{"floor":23,"key":"REST"}],"circlet_count":0,"master_deck":["stsjorbsmod:ForbiddenGrimoire+1","stsjorbsmod:Strike_Wanderer","stsjorbsmod:Strike_Wanderer","stsjorbsmod:Strike_Wanderer","stsjorbsmod:Strike_Wanderer","stsjorbsmod:Defend_Wanderer","stsjorbsmod:Defend_Wanderer","stsjorbsmod:Defend_Wanderer","stsjorbsmod:Defend_Wanderer","stsjorbsmod:FreshAdventure+1","stsjorbsmod:EyeOfTheStorm+1","stsjorbsmod:SchoolsOfMagic","stsjorbsmod:OldPocket","stsjorbsmod:AnimateObjects+1","stsjorbsmod:ChainLightning","stsjorbsmod:FindFamiliar","stsjorbsmod:Channel","stsjorbsmod:Entangle+1","stsjorbsmod:Feast","stsjorbsmod:FaerieFire","stsjorbsmod:SmithingStrike+1","stsjorbsmod:RefuseToForget","stsjorbsmod:BookOfTongues","stsjorbsmod:Channel+1","stsjorbsmod:Hibernate"],"relics":["stsjorbsmod:GrimoireRelic","foxEvents:LuckyCharm","MerchantsRug","WarpedTongs","stsjorbsmod:BottledMemoryRelic","stsjorbsmod:MindPalaceRelic","Black Star","ClockworkSouvenir","CeramicFish","The Courier"],"acts_visited":["Exordium","Elementarium:Elementarium"],"potions_floor_usage":[7,13],"damage_taken":[{"damage":0,"enemies":"2 Louse","floor":1,"turns":3},{"damage":39,"enemies":"Colosseum Slavers","floor":2,"turns":5},{"damage":4,"enemies":"Cultist","floor":5,"turns":5},{"damage":30,"enemies":"3 Sentries","floor":7,"turns":7},{"damage":0,"enemies":"Small Slimes","floor":11,"turns":4},{"damage":4,"enemies":"Blue Slaver","floor":12,"turns":5},{"damage":2,"enemies":"Lagavulin","floor":13,"turns":7},{"damage":40,"enemies":"Hexaghost","floor":16,"turns":8},{"damage":8,"enemies":"Elementarium:2_ELEMENTALS","floor":18,"turns":4},{"damage":11,"enemies":"Elementarium:MUD_AND_TAR_GOLEMS","floor":19,"turns":5},{"damage":22,"enemies":"Elementarium:RubyGolem","floor":20,"turns":5},{"damage":42,"enemies":"Book of Stabbing","floor":22,"turns":7},{"damage":19,"enemies":"Elementarium:3_ELEMENTALS","floor":25,"turns":6},{"damage":30,"enemies":"Elementarium:CYCLONE_AND_LIVING_STORMCLOUD","floor":27,"turns":6}],"seed_played":"3173489322262526036","potions_obtained":[{"floor":2,"key":"Energy Potion"},{"floor":5,"key":"Weak Potion"},{"floor":12,"key":"Fire Potion"},{"floor":20,"key":"LiquidMemories"},{"floor":22,"key":"Dexterity Potion"},{"floor":25,"key":"Strength Potion"}],"is_trial":false,"path_per_floor":["M","?","$","?","M","?","E","$","T","R","M","M","E","?","R","B",null,"M","M","M","$","?","R","?","M","T","M"],"character_chosen":"WANDERER","items_purchased":["MerchantsRug","stsjorbsmod:ChainLightning","stsjorbsmod:BookOfTongues","ClockworkSouvenir","CeramicFish"],"campfire_rested":3,"item_purchase_floors":[3,8,21,21,21],"current_hp_per_floor":[68,32,32,32,31,31,1,1,1,22,24,24,26,43,64,24,70,65,63,48,48,14,37,37,28,28,0,0],"gold":297,"neow_bonus":"UPGRADE_CARD","is_daily":false,"chose_seed":false,"campfire_upgraded":0,"win_rate":0.0,"timestamp":1612280329,"path_taken":["M","?","$","?","?","?","E","$","T","R","M","M","E","?","R","BOSS","M","M","M","$","?","R","?","M","T","M"],"items_purchased_type":["Relic","Card","Card","Relic","Relic"],"build_version":"2020-12-22","purchased_purges":1,"victory":false,"max_hp_per_floor":[68,70,70,70,70,70,70,70,70,70,70,70,70,70,70,70,70,70,74,76,76,78,78,78,84,84,86,86],"card_choices":[{"not_picked":["stsjorbsmod:Will","stsjorbsmod:Materialize"],"picked":"stsjorbsmod:SchoolsOfMagic","floor":1},{"not_picked":["stsjorbsmod:Message","stsjorbsmod:UnseenServant"],"picked":"stsjorbsmod:OldPocket","floor":5},{"not_picked":["stsjorbsmod:LoseGrip","stsjorbsmod:Materialize"],"picked":"stsjorbsmod:AnimateObjects","floor":7},{"not_picked":["stsjorbsmod:BurningFlask","stsjorbsmod:Thorns"],"picked":"stsjorbsmod:FindFamiliar","floor":11},{"not_picked":["stsjorbsmod:FaerieFire","stsjorbsmod:BlackTentacles"],"picked":"stsjorbsmod:Channel","floor":12},{"not_picked":["stsjorbsmod:Message","stsjorbsmod:FlameWard"],"picked":"stsjorbsmod:Entangle","floor":13},{"not_picked":["stsjorbsmod:Trauma","stsjorbsmod:GatherPower"],"picked":"stsjorbsmod:Feast","floor":16},{"not_picked":["stsjorbsmod:Rest","stsjorbsmod:FindFamiliar"],"picked":"stsjorbsmod:FaerieFire","floor":18},{"not_picked":["stsjorbsmod:BlackTentacles+1","stsjorbsmod:LoseGrip"],"picked":"stsjorbsmod:SmithingStrike+1","floor":19},{"not_picked":["stsjorbsmod:Rest","stsjorbsmod:FaerieFire"],"picked":"stsjorbsmod:RefuseToForget","floor":20},{"not_picked":["stsjorbsmod:DisguiseSelf","stsjorbsmod:RayOfFrost"],"picked":"stsjorbsmod:Channel+1","floor":22},{"not_picked":["stsjorbsmod:AnimateObjects","stsjorbsmod:TollTheDead"],"picked":"stsjorbsmod:Hibernate","floor":25}],"player_experience":3853350,"relics_obtained":[{"floor":2,"key":"foxEvents:LuckyCharm"},{"floor":7,"key":"Du-Vu Doll"},{"floor":9,"key":"stsjorbsmod:BottledMemoryRelic"},{"floor":13,"key":"stsjorbsmod:MindPalaceRelic"},{"floor":22,"key":"The Courier"}],"event_choices":[{"damage_healed":0,"gold_gain":0,"player_choice":"Rummage","damage_taken":0,"relics_obtained":["WarpedTongs"],"max_hp_gain":0,"max_hp_loss":0,"event_name":"Accursed Blacksmith","floor":4,"gold_loss":0,"cards_obtained":["Pain"]},{"cards_removed":["Pain"],"damage_healed":0,"gold_gain":0,"player_choice":"Forget","damage_taken":0,"max_hp_gain":0,"max_hp_loss":0,"event_name":"Living Wall","floor":6,"gold_loss":0},{"damage_healed":17,"gold_gain":0,"player_choice":"Healed","damage_taken":0,"max_hp_gain":0,"max_hp_loss":0,"event_name":"The Cleric","floor":14,"gold_loss":35},{"damage_healed":0,"gold_gain":0,"player_choice":"Enter","damage_taken":0,"max_hp_gain":0,"max_hp_loss":0,"event_name":"Elementarium:OtherworldlyPassage","floor":22,"gold_loss":0},{"damage_healed":0,"gold_gain":0,"player_choice":"Meditate","damage_taken":0,"max_hp_gain":0,"max_hp_loss":0,"event_name":"Elementarium:SculptureGarden","floor":24,"gold_loss":0,"cards_upgraded":["stsjorbsmod:FreshAdventure","stsjorbsmod:AnimateObjects","stsjorbsmod:Entangle"]}],"is_beta":false,"boss_relics":[{"not_picked":["Fusion Hammer","Runic Dome"],"picked":"Black Star"}],"items_purged_floors":[21],"is_endless":false,"potions_floor_spawned":[2,5,12,20,22,25],"killed_by":"Elementarium:CYCLONE_AND_LIVING_STORMCLOUD","ascension_level":0}}