{"host":"rn4c402gwd40h2z6","time":1612278148,"event":{"mods":["100% Spire Juice","A Penny For Your Troubles","AchievementEnabler","Act Like it!","Astrologer","BaseMod","CapriCore","Card Forge","Challenge The Spire","DNKmod","Data Control","Downfall","Friendly Minions","Gensokyo","Good Game Mod","Hallownest","Hermit","Infinite Spire","KinomotoSakuraMod(Ä¾Ö®±¾Ó£)","Koishi","Lobotomy","LobotomyExtend","Mad Scientist","Marisa£¨ìFÓê¡¡Ä§ÀíÉ³£©","Minty Spire (QoL Compilation)","Quick Restart","Random Character Button","Reimu£¨²©ÀöÁéÃÎ£©","Relic Filter Mod","Reliquary","Remilia£¨ÀÙÃ×ÀòÑÇ£©","Replay The Spire","Robot Space Explorer","RumiaBox-Â¶Ã×æ«µÄÉñÃØºÐ×Ó","StSLib","Td1madao Mod","The Administrix","The Bug Knight","The Construct","The Cursed","The Gatherer","The Immortal","The Runesmith","The Saiyan","The Senshi","Yakumo Yukari mod","Youmu£¨»êÆÇÑýÃÎ£©","[GremlinLeader]The Maniac","noobMod","¡¾¹¦ÄÜMod¡¿»ìãçÖ®»·ÐÞ¸´²¹¶¡"],"gold_per_floor":[113,113,130,147,112,127,127,147,147,210,183,197,208,185,185,281,281,296,296,313,313,324,324,324,382,382,382,399,399,457,467,929,1026,1026,1045,1045,1045,1055,639,649,684,759,771,783,811,839,851,507,519,531,555],"floor_reached":52,"language":"ENG","playtime":4696,"items_purged":[],"score":1098,"play_id":"575f6f50-b675-47ee-ab64-bb1bf6753b5d","local_time":"20210202230228","is_ascension_mode":false,"campfire_choices":[{"floor":15.0,"key":"RECALL"},{"floor":23.0,"key":"REST"},{"floor":27.0,"key":"REST"},{"floor":44.0,"key":"REST"},{"floor":49.0,"key":"REST"}],"circlet_count":0,"master_deck":["theSenshi:SailorKick+1","theSenshi:SailorKick+1","theSenshi:SailorKick+1","theSenshi:SailorKick+1","theSenshi:SailorBlock+1","theSenshi:SailorBlock+1","theSenshi:SailorBlock+1","theSenshi:SailorBlock+1","theSenshi:RoseThrow+1","theSenshi:MoonPrismPowerMakeUp+1","theSenshi:SailorStarFighterAssists+1","theSenshi:TallSilhouette+1","theSenshi:SupersonicWaves+1","theSenshi:MoonTiaraMagic+1","theSenshi:NeptunesGrace+1","theSenshi:CrisisMakeUp+1","theSenshi:MoonSpiralHeartAttack+1","ReplayTheSpireMod:Black Plague+1","theSenshi:SailorMercuryAssists+1","infinitespire:Fortify+1","infinitespire:Oblivion+1","theSenshi:Sidestep+1","theSenshi:SailorMarsAssists+1","theSenshi:SailorVenusAssists+1","theSenshi:SaturnsMystery+1","theSenshi:CrisisMakeUp+1","theSenshi:SailorStarMakerAssists+1","theSenshi:MoonKick+1","theSenshi:SailorStarMakerAssists+1"],"relics":["theSenshi:TransformationBroochRelic","Hammer of Thor","Seething Fire","Anvil of the Gods","ice","REME:ComplimentaryCards","CogitoBucket","LetterFromLob","theSenshi:RoseRelic","Baka2","CaptainsWheel","StrikeDummy","reliquary:RoseTintedGlasses","Sozu","reliquary:BallBearing","ReplayTheSpireMod:Ring of Exchange","Molten Egg 2","HandDrill","Hallownest:BeastSealRelic","MagicDraw4","theSenshi:TiaraRelic","MawBank","Incense Burner","theSenshi:HolyGrailRelic","Bronze Scales","reliquary:OuijaBoard"],"acts_visited":["Exordium","Hallownest:CityofTears","Hallownest:KingdomsEdge"],"potions_floor_usage":[],"damage_taken":[{"damage":0.0,"enemies":"Cultist","floor":1.0,"turns":3.0},{"damage":15.0,"enemies":"Jaw Worm","floor":3.0,"turns":1.0},{"damage":12.0,"enemies":"Small Slimes","floor":4.0,"turns":5.0},{"damage":4.0,"enemies":"2 Fungi Beasts","floor":6.0,"turns":3.0},{"damage":19.0,"enemies":"Exordium Wildlife","floor":8.0,"turns":3.0},{"damage":0.0,"enemies":"Lagavulin","floor":11.0,"turns":3.0},{"damage":0.0,"enemies":"Red Slaver","floor":12.0,"turns":3.0},{"damage":0.0,"enemies":"3 Louse","floor":13.0,"turns":1.0},{"damage":0.0,"enemies":"3 Sentries","floor":14.0,"turns":1.0},{"damage":0.0,"enemies":"Hexaghost","floor":16.0,"turns":4.0},{"damage":0.0,"enemies":"Hallownest:3_Youths","floor":18.0,"turns":2.0},{"damage":83.0,"enemies":"Hallownest:2_Mistakes","floor":20.0,"turns":11.0},{"damage":0.0,"enemies":"Hallownest:Master_and_Novice","floor":22.0,"turns":3.0},{"damage":6.0,"enemies":"Hallownest:Glutton_and_Coward","floor":25.0,"turns":3.0},{"damage":0.0,"enemies":"Hallownest:Warrior_and_Youth","floor":28.0,"turns":1.0},{"damage":2.0,"enemies":"Hallownest:monsterShrumalOgre","floor":31.0,"turns":2.0},{"damage":0.0,"enemies":"Hallownest:BossSoulMaster","floor":33.0,"turns":2.0},{"damage":0.0,"enemies":"Hallownest:3_Siblings","floor":35.0,"turns":1.0},{"damage":15.0,"enemies":"Hallownest:2_Littles","floor":38.0,"turns":4.0},{"damage":0.0,"enemies":"Hallownest:2_Great","floor":40.0,"turns":3.0},{"damage":24.0,"enemies":"Hallownest:eliteHiveKnight","floor":41.0,"turns":5.0},{"damage":29.0,"enemies":"Hallownest:2_Primals","floor":42.0,"turns":3.0},{"damage":24.0,"enemies":"Hallownest:monsterPrimalAspid","floor":45.0,"turns":3.0},{"damage":3.0,"enemies":"Hallownest:2_Soldiers_and_1_Guardian","floor":46.0,"turns":2.0},{"damage":0.0,"enemies":"Hallownest:2_Great","floor":48.0,"turns":4.0},{"damage":0.0,"enemies":"Hallownest:BossGreyPrinceZote","floor":50.0,"turns":3.0},{"damage":24.0,"enemies":"Malkuth","floor":51.0,"turns":4.0},{"damage":33.0,"enemies":"Yesod","floor":51.0,"turns":4.0},{"damage":0,"enemies":"Tiphereth","floor":52,"turns":1},{"damage":0,"enemies":"Hokma","floor":52,"turns":1},{"damage":0,"enemies":"Angela","floor":52,"turns":1}],"seed_played":"-3736186303135031059","potions_obtained":[{"floor":4.0,"key":"bronze:BurnAndBuffPotion"},{"floor":8.0,"key":"champ:CounterPotion"},{"floor":13.0,"key":"EntropicBrew"}],"is_trial":false,"path_per_floor":["M","?","M","M","?","M","?","M","T","?","E","M","M","E","R","B",null,"M","?","M","?","M","R","AVR","M","T","R","M","?","?","M","R","B",null,"M","?","?","M","$","M","E","?","T","R","M","M","?","M","R","B",null,null,null],"character_chosen":"THE_SENSHI","items_purchased":["MagicDraw4","theSenshi:TiaraRelic"],"campfire_rested":4,"item_purchase_floors":[39,39],"current_hp_per_floor":[75,42,37,25,43,39,39,20,20,20,20,20,20,20,20,20,75,75,75,56,42,42,58,58,52,52,58,58,58,58,56,56,58,58,36,36,36,51,51,53,44,15,15,36,71,68,68,72,73,73,70],"gold":567,"neow_bonus":"","is_daily":false,"chose_seed":false,"campfire_upgraded":0,"win_rate":0.0,"timestamp":1612278148,"path_taken":["M","?","M","M","?","M","?","M","T","?","E","M","M","E","R","BOSS","M","?","?","?","M","R","AVR","M","T","R","M","?","?","M","R","BOSS","M","?","?","M","$","M","E","?","T","R","M","?","?","M","R","BOSS"],"items_purchased_type":["Relic","Relic"],"build_version":"2020-12-22","purchased_purges":0,"victory":true,"max_hp_per_floor":[75,75,75,75,75,75,75,75,75,75,75,75,75,75,75,75,75,75,75,58,58,58,58,58,58,58,58,58,58,58,58,58,58,58,71,71,71,71,71,71,71,71,71,71,71,71,71,73,73,94,99],"card_choices":[{"not_picked":["theSenshi:SupersonicWaves","theSenshi:MoonTiaraMagic"],"picked":"theSenshi:SailorStarFighterAssists","floor":1.0},{"not_picked":["theSenshi:MoonsReflection","theSenshi:MoonPunch"],"picked":"theSenshi:TallSilhouette","floor":3.0},{"not_picked":["theSenshi:TallSilhouette","theSenshi:LunasBite"],"picked":"theSenshi:SupersonicWaves","floor":4.0},{"not_picked":["theSenshi:SailorChibiMoonAssists","theSenshi:GatheringStrength"],"picked":"theSenshi:MoonTiaraMagic","floor":6.0},{"not_picked":["theSenshi:LunasBite","theSenshi:SailorNeptuneAssists"],"picked":"theSenshi:NeptunesGrace","floor":8.0},{"not_picked":["theSenshi:MoonTiaraMagic","theSenshi:InTheNameOfTheMoon"],"picked":"theSenshi:CrisisMakeUp","floor":11.0},{"not_picked":["theSenshi:LunasBite","theSenshi:MoonKick","theSenshi:EncouragingSpeech"],"picked":"SKIP","floor":12.0},{"not_picked":["theSenshi:SailorPlanetPower","theSenshi:TallSilhouette"],"picked":"theSenshi:RainbowMoonHeartAche","floor":13.0},{"not_picked":["theSenshi:TallSilhouette","theSenshi:LunaWiseMentor","theSenshi:KlutzyLuck"],"picked":"SKIP","floor":14.0},{"not_picked":["theSenshi:MoonKick+1","theSenshi:SupersonicWaves"],"picked":"theSenshi:MoonSpiralHeartAttack","floor":18.0},{"not_picked":["theSenshi:MoonPrincessHalation","theSenshi:LunasBite","theSenshi:SailorChibiMoonAssists"],"picked":"SKIP","floor":20.0},{"not_picked":["ReplayTheSpireMod:??????????????????????","infinitespire:Oblivion"],"picked":"ReplayTheSpireMod:Black Plague","floor":21.0},{"not_picked":["theSenshi:MoonPunch","theSenshi:MoonsReflection"],"picked":"theSenshi:SailorMercuryAssists","floor":22.0},{"not_picked":["theSenshi:SailorChibiMoonAssists","theSenshi:PlutosSolemnity+1"],"picked":"theSenshi:Sidestep+1","floor":25.0},{"not_picked":["theSenshi:MoonPunch","theSenshi:SupersonicWaves+1"],"picked":"theSenshi:SailorMarsAssists","floor":28.0},{"not_picked":["theSenshi:FatedKiss","theSenshi:LateForSchool"],"picked":"theSenshi:SailorVenusAssists+1","floor":30.0},{"not_picked":["theSenshi:MoonPrincessHalation+1","theSenshi:SailorPlanetPower+1"],"picked":"theSenshi:SaturnsMystery+1","floor":30.0},{"not_picked":["theSenshi:SailorPlutoAssists+1","theSenshi:SupersonicWaves+1"],"picked":"theSenshi:CrisisMakeUp+1","floor":31.0},{"not_picked":["theSenshi:LateForSchool","theSenshi:YouCanTalk+1"],"picked":"theSenshi:SailorStarMakerAssists+1","floor":35.0},{"not_picked":["theSenshi:SchoolBag+1","theSenshi:DramaticEntrance+1","theSenshi:StudyParty"],"picked":"SKIP","floor":38.0},{"not_picked":["theSenshi:SailorMarsAssists+1","theSenshi:DramaticEntrance","theSenshi:MoonPrincessHalation+1"],"picked":"SKIP","floor":40.0},{"not_picked":["theSenshi:SailorMarsAssists+1","theSenshi:LateForSchool+1","theSenshi:SailorUranusAssists+1"],"picked":"SKIP","floor":41.0},{"not_picked":["theSenshi:HesSoDreamy+1","theSenshi:MoonKick+1"],"picked":"theSenshi:SailorStarMakerAssists","floor":42.0},{"not_picked":["theSenshi:SailorPlanetAttack+1","theSenshi:EncouragingSpeech+1","theSenshi:OdangoHead+1"],"picked":"SKIP","floor":45.0},{"not_picked":["theSenshi:MoonsReflection","theSenshi:MoonlightKnight","theSenshi:SteeledNerves+1"],"picked":"SKIP","floor":46.0},{"not_picked":["theSenshi:TuxedoMaskAssists+1","theSenshi:EncouragingSpeech+1","theSenshi:MoonKick+1"],"picked":"SKIP","floor":48.0}],"player_experience":191084,"relics_obtained":[{"floor":1.0,"key":"Baka"},{"floor":1.0,"key":"LetterFromLob"},{"floor":3.0,"key":"Baka2"},{"floor":4.0,"key":"CaptainsWheel"},{"floor":11.0,"key":"StrikeDummy"},{"floor":14.0,"key":"reliquary:RoseTintedGlasses"},{"floor":26.0,"key":"reliquary:BallBearing"},{"floor":29.0,"key":"ReplayTheSpireMod:Ring of Exchange"},{"floor":29.0,"key":"Ring of Fury"},{"floor":30.0,"key":"Molten Egg 2"},{"floor":41.0,"key":"MawBank"},{"floor":42.0,"key":"Incense Burner"},{"floor":43.0,"key":"theSenshi:HolyGrailRelic"},{"floor":45.0,"key":"Bronze Scales"},{"floor":48.0,"key":"reliquary:OuijaBoard"}],"event_choices":[{"damage_healed":0.0,"max_hp_gain":0.0,"max_hp_loss":0.0,"gold_gain":0.0,"event_name":"Scrap Ooze","player_choice":"Success","floor":2.0,"gold_loss":0.0,"damage_taken":33.0,"relics_obtained":["theSenshi:RoseRelic"]},{"damage_healed":18.0,"max_hp_gain":0.0,"max_hp_loss":0.0,"gold_gain":0.0,"event_name":"The Cleric","player_choice":"Healed","floor":5.0,"gold_loss":35.0,"damage_taken":0.0},{"damage_healed":0.0,"max_hp_gain":0.0,"max_hp_loss":0.0,"gold_gain":63.0,"event_name":"Golden Wing","player_choice":"Gained Gold","floor":10.0,"gold_loss":0.0,"damage_taken":0.0}],"is_beta":false,"boss_relics":[{"not_picked":["reliquary:KinkedSpring","reliquary:Craggleroot"],"picked":"Sozu"},{"not_picked":["reliquary:RedCape","Medical Kit"],"picked":"HandDrill"}],"items_purged_floors":[],"is_endless":false,"potions_floor_spawned":[4,8,13,14,22,25,33,40,41,42,48],"ascension_level":0}}