{"host":"n3vqtvx9hbigdfc4","time":1612246378,"event":{"mods":["AchievementEnabler","BaseMod","Better Third Choice","Block Reminder","Colored Map","Colored Powertips","Downfall","Minty Spire (QoL Compilation)","Permanent Neow","Rare Cards Sparkle","Relic Stats","Replay The Spire","Shop Mod","StSLib"],"gold_per_floor":[112,131,148,161,172,204,217,217,217,259,259,302,302,322,322,426,426,454,115,136,163,186,186,206,306,306,340,16,16,58,78,78,188,197,226,244,244,270,292,336,336,370,420,420,429,429,467,74,74,74],"floor_reached":51,"language":"ENG","playtime":5280,"items_purged":["Defend_B","Defend_B"],"score":1353,"play_id":"78c0798f-854c-47e5-b68b-d9ec5a334949","local_time":"20210202001258","is_ascension_mode":true,"campfire_choices":[{"data":"Genetic Algorithm","floor":8.0,"key":"SMITH"},{"data":"Rebound","floor":11.0,"key":"SMITH"},{"floor":13.0,"key":"REST"},{"data":"ReplayTheSpireMod:Calculation Training","floor":15.0,"key":"SMITH"},{"data":"Creative AI","floor":23.0,"key":"SMITH"},{"data":"Chill","floor":29.0,"key":"SMITH"},{"data":"ReplayTheSpireMod:Calculation Training","floor":32.0,"key":"SMITH"},{"data":"Machine Learning","floor":41,"key":"SMITH"},{"floor":49,"key":"REST"}],"circlet_count":0,"master_deck":["Defend_B","Defend_B","Zap","Dualcast","Sweeping Beam","Steam","ReplayTheSpireMod:Calculation Training+1","Leap","BootSequence","Genetic Algorithm+1","Rebound+1","Chill+1","ReplayTheSpireMod:Calculation Training+1","Ball Lightning","Creative AI+1","Hologram","Barrage","Panacea","Redo","Slimebound:Tackle+1","Slimebound:Tackle+1","Coolheaded","Chill+1","FTL","Barrage","Ball Lightning","Machine Learning+1","CurseOfTheBell","Beam Cell+1","Madness","Madness","Cold Snap+1","Double Energy+1","Storm+1","Loop+1","Finesse+1","Cold Snap+1"],"relics":["Honey Jar","Quantum Egg","CeramicFish","Bottled Flame","Toy Ornithopter","Inserter","Strawberry","Chameleon Ring","Gremlin Horn","Mummified Hand","Smiling Mask","Calling Bell","Emotion Chip","Replay:Ringing Soul","ReplayTheSpireMod:Lightbulb","Gremlin Food","Mercury Hourglass","Oddly Smooth Stone","FossilizedHelix","Turnip","Geode"],"acts_visited":["Exordium","TheCity","TheBeyond"],"potions_floor_usage":[40,42,50,50,50,50,50,50,50],"damage_taken":[{"damage":0.0,"enemies":"2 Louse","floor":1.0,"turns":4.0},{"damage":2.0,"enemies":"Jaw Worm","floor":2.0,"turns":3.0},{"damage":0.0,"enemies":"Cultist","floor":3.0,"turns":3.0},{"damage":9.0,"enemies":"2 Fungi Beasts","floor":4.0,"turns":3.0},{"damage":2.0,"enemies":"3 Louse","floor":5.0,"turns":3.0},{"damage":9.0,"enemies":"3 Sentries","floor":6.0,"turns":6.0},{"damage":0.0,"enemies":"Blue Slaver","floor":7.0,"turns":4.0},{"damage":1.0,"enemies":"Lagavulin","floor":10.0,"turns":7.0},{"damage":40.0,"enemies":"Gremlin Nob","floor":12.0,"turns":6.0},{"damage":0.0,"enemies":"Large Slime","floor":14.0,"turns":5.0},{"damage":31.0,"enemies":"Slime Boss","floor":16.0,"turns":9.0},{"damage":0.0,"enemies":"3 Byrds","floor":18.0,"turns":6.0},{"damage":20.0,"enemies":"2 Thieves","floor":20.0,"turns":5.0},{"damage":7.0,"enemies":"Snake Plant","floor":22.0,"turns":6.0},{"damage":4.0,"enemies":"Shelled Parasite and Fungi","floor":24.0,"turns":8.0},{"damage":4.0,"enemies":"Slavers","floor":27.0,"turns":7.0},{"damage":0.0,"enemies":"Book of Stabbing","floor":30.0,"turns":8.0},{"damage":0.0,"enemies":"Chosen and Byrds","floor":31.0,"turns":4.0},{"damage":0.0,"enemies":"Collector","floor":33.0,"turns":9.0},{"damage":0.0,"enemies":"Orb Walker","floor":35.0,"turns":4.0},{"damage":0.0,"enemies":"3 Darklings","floor":38.0,"turns":5.0},{"damage":4.0,"enemies":"Transient","floor":39.0,"turns":5.0},{"damage":0,"enemies":"Reptomancer","floor":40,"turns":6},{"damage":0,"enemies":"R_Hoarder","floor":42,"turns":8},{"damage":22,"enemies":"Nemesis","floor":47,"turns":7},{"damage":31,"enemies":"Time Eater","floor":50,"turns":7}],"seed_played":"4225716781321101568","potions_obtained":[{"floor":2.0,"key":"BlessingOfTheForge"},{"floor":4.0,"key":"Fire Potion"},{"floor":6.0,"key":"SpeedPotion"},{"floor":12.0,"key":"Explosive Potion"},{"floor":16.0,"key":"Explosive Potion"},{"floor":24.0,"key":"PotionOfCapacity"},{"floor":27.0,"key":"Reflective Coating"},{"floor":30.0,"key":"Doom Potion"},{"floor":35.0,"key":"Adrenaline Potion"},{"floor":39.0,"key":"FearPotion"}],"is_trial":false,"path_per_floor":["M","M","M","M","M","E","M","R","T","E","R","E","R","M","R","B",null,"M","$","M","?","M","R","M","?","T","E","$","R","E","M","R","B",null,"M","?","?","M","M","E","R","E","T","T","?","?","E","$","R","B",null],"character_chosen":"DEFECT","items_purchased":["Strawberry","Barrage","Panacea","Mummified Hand","Regen Potion","Geode","Fruit Juice","EntropicBrew"],"campfire_rested":2,"item_purchase_floors":[19,19,19,28,28,48,48,48],"current_hp_per_floor":[68,66,66,57,55,46,46,46,46,45,45,5,27,27,27,1,57,57,64,49,49,42,42,38,38,38,34,34,34,67,67,67,67,78,81,73,73,81,80,88,88,96,96,96,99,103,84,84,106,111],"gold":74,"neow_bonus":"BOSS_RELIC","is_daily":false,"chose_seed":false,"campfire_upgraded":7,"win_rate":0.0,"timestamp":1612246378,"path_taken":["M","M","M","M","M","E","M","R","T","E","R","E","R","M","R","BOSS","M","$","M","?","M","R","M","?","T","E","$","R","E","?","R","BOSS","M","?","?","M","M","E","R","E","T","?","?","?","E","$","R","BOSS"],"items_purchased_type":["Relic","Card","Card","Relic","Potion","Relic","Potion","Potion"],"build_version":"2020-12-22","purchased_purges":2,"victory":true,"max_hp_per_floor":[75,75,75,75,75,75,75,75,75,75,75,75,75,75,75,75,75,75,82,82,82,82,82,82,82,82,82,82,82,82,82,82,82,82,85,88,88,91,94,97,97,100,100,100,103,103,106,106,106,113],"relic_stats":{"Emotion Chip":[45,22,23,0,0],"Inserter":[47],"Gremlin Horn":[12,12],"counters":[26,147],"Mummified Hand":[40],"CeramicFish":243,"Turnip":[0],"Smiling Mask":50,"obtain_stats":[{"Gremlin Food":40,"Inserter":17,"Gremlin Horn":27,"Quantum Egg":6,"CeramicFish":9,"Oddly Smooth Stone":43,"Geode":48,"Smiling Mask":30,"Mercury Hourglass":42,"Calling Bell":34,"Replay:Ringing Soul":34,"Bottled Flame":10,"Emotion Chip":34,"Chameleon Ring":26,"Mummified Hand":28,"Strawberry":19,"Honey Jar":0,"Turnip":47,"Cracked Core":0,"ReplayTheSpireMod:Lightbulb":34,"Toy Ornithopter":12,"FossilizedHelix":44},{"Gremlin Food":23,"Inserter":11,"Gremlin Horn":16,"Quantum Egg":6,"CeramicFish":7,"Oddly Smooth Stone":24,"Geode":25,"Smiling Mask":17,"Mercury Hourglass":24,"Calling Bell":19,"Replay:Ringing Soul":19,"Bottled Flame":8,"Emotion Chip":19,"Chameleon Ring":15,"Mummified Hand":16,"Strawberry":12,"Honey Jar":0,"Turnip":25,"Cracked Core":0,"ReplayTheSpireMod:Lightbulb":19,"Toy Ornithopter":9,"FossilizedHelix":24},{"Gremlin Food":126,"Inserter":53,"Gremlin Horn":85,"Quantum Egg":22,"CeramicFish":26,"Oddly Smooth Stone":133,"Geode":140,"Smiling Mask":93,"Mercury Hourglass":133,"Calling Bell":106,"Replay:Ringing Soul":106,"Bottled Flame":33,"Emotion Chip":106,"Chameleon Ring":78,"Mummified Hand":85,"Strawberry":59,"Honey Jar":0,"Turnip":140,"Cracked Core":0,"ReplayTheSpireMod:Lightbulb":106,"Toy Ornithopter":39,"FossilizedHelix":133}],"Toy Ornithopter":59,"Mercury Hourglass":[36]},"card_choices":[{"not_picked":["Go for the Eyes","BasicCrystalCard","Ball Lightning"],"picked":"Sweeping Beam","floor":1.0},{"not_picked":["Leap","Panic Button","Compile Driver"],"picked":"Steam","floor":2.0},{"not_picked":["Blizzard","Barrage","Storm"],"picked":"ReplayTheSpireMod:Calculation Training","floor":3.0},{"not_picked":["Tempest","Redo","Melter"],"picked":"Leap","floor":4.0},{"not_picked":["ReplayRNGCard","ReplayTheSpireMod:Repulse","Barrage"],"picked":"BootSequence","floor":5.0},{"not_picked":["Fusion","BootSequence","Redo"],"picked":"Genetic Algorithm","floor":6.0},{"not_picked":["Streamline","Gash","Stack"],"picked":"Rebound","floor":7.0},{"not_picked":["Reprogram","Rainbow","Streamline"],"picked":"Chill","floor":10.0},{"not_picked":["Fission","BasicCrystalCard","Conserve Battery"],"picked":"ReplayTheSpireMod:Calculation Training","floor":12.0},{"not_picked":["ReplayTheSpireMod:Reroute Power","BasicCrystalCard","Steam"],"picked":"Ball Lightning","floor":14.0},{"not_picked":["Fission","All For One","Rainbow"],"picked":"Creative AI","floor":16.0},{"not_picked":["Coolheaded","Stack","Turbo"],"picked":"Hologram","floor":18.0},{"not_picked":["Multi-Cast","Hologram+1","Turbo"],"picked":"Redo","floor":20.0},{"not_picked":["Skim","Hologram","Steam Power"],"picked":"Coolheaded","floor":22.0},{"not_picked":["Panic Button","Skim","Ball Lightning"],"picked":"Chill+1","floor":24.0},{"not_picked":["Beam Cell","Hyperbeam","Sweeping Beam+1"],"picked":"FTL","floor":27.0},{"not_picked":["Genetic Algorithm+1","BootSequence","Reprogram"],"picked":"Barrage","floor":30.0},{"not_picked":["Hologram","Sweeping Beam","Undo+1"],"picked":"Ball Lightning","floor":31.0},{"not_picked":["Amplify","Core Surge","Meteor Strike"],"picked":"Machine Learning","floor":33.0},{"not_picked":["Go for the Eyes","Hologram+1","Undo"],"picked":"Beam Cell+1","floor":35.0},{"not_picked":["Barrage+1","Rebound","Hologram"],"picked":"Cold Snap+1","floor":38.0},{"not_picked":["Coolheaded+1","Barrage+1","Multi-Cast"],"picked":"Double Energy+1","floor":39.0},{"not_picked":["ReplaySort","Panic Button+1","Compile Driver+1"],"picked":"Storm+1","floor":40},{"not_picked":["All For One","Streamline+1","Hyperbeam"],"picked":"Loop+1","floor":42},{"not_picked":["Replay:BasicMightCard","HandOfGreed","Jack Of All Trades"],"picked":"Finesse","floor":45},{"not_picked":["Consume+1","Turbo","Scrape+1"],"picked":"Cold Snap+1","floor":47}],"player_experience":497366,"relics_obtained":[{"floor":6.0,"key":"Quantum Egg"},{"floor":9.0,"key":"CeramicFish"},{"floor":10.0,"key":"Bottled Flame"},{"floor":12.0,"key":"Toy Ornithopter"},{"floor":26.0,"key":"Chameleon Ring"},{"floor":27.0,"key":"Gremlin Horn"},{"floor":30.0,"key":"Smiling Mask"},{"floor":34.0,"key":"Emotion Chip"},{"floor":34.0,"key":"Replay:Ringing Soul"},{"floor":34.0,"key":"ReplayTheSpireMod:Lightbulb"},{"floor":40,"key":"Gremlin Food"},{"floor":42,"key":"Mercury Hourglass"},{"floor":43,"key":"Oddly Smooth Stone"},{"floor":44,"key":"FossilizedHelix"},{"floor":47,"key":"Turnip"}],"event_choices":[{"damage_healed":0.0,"max_hp_gain":0.0,"max_hp_loss":0.0,"gold_gain":100.0,"event_name":"Golden Shrine","player_choice":"Pray","floor":25.0,"gold_loss":0.0,"damage_taken":0.0},{"damage_healed":0.0,"max_hp_gain":0.0,"max_hp_loss":0.0,"gold_gain":0.0,"event_name":"Winding Halls","player_choice":"Embrace Madness","floor":36.0,"gold_loss":0.0,"damage_taken":11.0,"cards_obtained":["Madness","Madness"]},{"cards_removed":["Slimebound:Tackle"],"damage_healed":0.0,"max_hp_gain":0.0,"max_hp_loss":0.0,"gold_gain":0.0,"event_name":"Falling","player_choice":"Removed Attack","floor":37.0,"gold_loss":0.0,"damage_taken":0.0},{"damage_healed":0,"gold_gain":0,"player_choice":"Memory 1","damage_taken":0,"max_hp_gain":0,"max_hp_loss":0,"event_name":"SensoryStone","floor":45,"gold_loss":0},{"damage_healed":4,"gold_gain":0,"player_choice":"Full Heal","damage_taken":0,"max_hp_gain":0,"max_hp_loss":0,"event_name":"Wheel of Change","floor":46,"gold_loss":0}],"is_beta":false,"boss_relics":[{"not_picked":["Tiny House","Replay:Bronze Core"],"picked":"Inserter"},{"not_picked":["Kintsugi","Black Star"],"picked":"Calling Bell"}],"items_purged_floors":[19,48],"is_endless":false,"potions_floor_spawned":[2,4,6,12,16,24,27,30,35,39],"ascension_level":8}}