{"host":"vgmhxp0kxvybuvcq","time":1612240467,"event":{"mods":["BaseMod","Minty Spire (QoL Compilation)","Replay The Spire","StSLib"],"gold_per_floor":[116,116,116,135,146,172,183,196,246,264,12,12,12,25,25,122,122,142,67,92,92,102,102,116,116,142,155,155,183,193,211,211,311,361,380,380,73,141,154,180,180,55,55,55,71,71,106,117,117,117,117,117,67,98,98,98],"floor_reached":55,"language":"ENG","playtime":3751,"items_purged":["Regret","Delirium","Doubt","Strike_B"],"score":1099,"play_id":"b8e492f0-9d4c-4019-9252-2577b0024d57","local_time":"20210201203427","is_ascension_mode":true,"campfire_choices":[{"data":"Zap","floor":12,"key":"SMITH"},{"data":"Dualcast","floor":15,"key":"SMITH"},{"data":"Double Energy","floor":23,"key":"SMITH"},{"data":"ReplayTheSpireMod:Calculation Training","floor":25,"key":"SMITH"},{"data":"Buffer","floor":28,"key":"SMITH"},{"data":"Beam Cell","floor":32,"key":"SMITH"},{"data":"Double Energy","floor":41,"key":"SMITH"},{"data":"Pot Of Greed","floor":46,"key":"SMITH"},{"floor":49,"key":"RECALL"},{"data":"Pot Of Greed","floor":52,"key":"SMITH"}],"circlet_count":0,"master_deck":["Strike_B","Defend_B+1","Defend_B+1","Zap+1","Dualcast+1","Double Energy+1","Conserve Battery","ReplayTheSpireMod:Calculation Training+1","FTL","Scrape","Beam Cell+1","Go for the Eyes","Gash","All For One+1","Clumsy","Genetic Algorithm","Turbo","Chill","Buffer+1","Double Energy+1","Tempest","BootSequence+1","Seek","Go for the Eyes","Gash","All For One+1","Pot Of Greed","Pot Of Greed+1","Pot Of Greed+1","Double Energy+1","Sadistic Nature","Gash+1","Chaos+1","Double Energy+1","Streamline+1"],"relics":["Replay:Drink Me","Simple Rune","Bronze Scales","Replay:Bottled Flurry","Meat on the Bone","Replay:Ancient Bell","Happy Flower","ReplayTheSpireMod:Ninjato","Calipers","Red Mask","Anchor","Lantern","Tiny House","White Beast Statue","DollysMirror","Cables","Grinning Jar","StoneCalendar","Smiling Mask","Eternal Feather"],"acts_visited":["Exordium","TheCity","TheBeyond","TheEnding"],"potions_floor_usage":[16,18,20,33,33,50,54,54,55],"damage_taken":[{"damage":5,"enemies":"Small Slimes","floor":1,"turns":5},{"damage":0,"enemies":"Jaw Worm","floor":4,"turns":6},{"damage":0,"enemies":"Cultist","floor":5,"turns":4},{"damage":7,"enemies":"Replay:BlueRogue","floor":6,"turns":7},{"damage":0,"enemies":"Exordium Wildlife","floor":7,"turns":4},{"damage":3,"enemies":"3 Louse","floor":8,"turns":3},{"damage":13,"enemies":"Large Slime","floor":10,"turns":4},{"damage":0,"enemies":"Red Slaver","floor":14,"turns":2},{"damage":3,"enemies":"Slime Boss","floor":16,"turns":7},{"damage":0,"enemies":"3 Byrds","floor":18,"turns":3},{"damage":23,"enemies":"Masked Bandits","floor":20,"turns":5},{"damage":13,"enemies":"2 Thieves","floor":22,"turns":4},{"damage":6,"enemies":"Snake Plant","floor":24,"turns":3},{"damage":10,"enemies":"Snecko","floor":27,"turns":5},{"damage":14,"enemies":"Book of Stabbing","floor":29,"turns":6},{"damage":0,"enemies":"3 Cultists","floor":30,"turns":4},{"damage":0,"enemies":"Cultist and Chosen","floor":31,"turns":3},{"damage":0,"enemies":"Automaton","floor":33,"turns":6},{"damage":0,"enemies":"3 Shapes","floor":35,"turns":3},{"damage":0,"enemies":"3 Darklings","floor":39,"turns":3},{"damage":0,"enemies":"Reptomancer","floor":40,"turns":4},{"damage":0,"enemies":"Maw","floor":45,"turns":6},{"damage":0,"enemies":"Giant Head","floor":47,"turns":6},{"damage":0,"enemies":"Spire Growth","floor":48,"turns":3},{"damage":0,"enemies":"Replay:Hell Engine","floor":50,"turns":4},{"damage":0,"enemies":"Shield and Spear","floor":54,"turns":5},{"damage":63,"enemies":"The Heart","floor":55,"turns":5}],"seed_played":"5929568981923009988","potions_obtained":[{"floor":4,"key":"Swift Potion"},{"floor":6,"key":"DistilledChaos"},{"floor":14,"key":"Elixir"},{"floor":16,"key":"LiquidBronze"},{"floor":20,"key":"EssenceOfDarkness"},{"floor":27,"key":"AttackPotion"},{"floor":29,"key":"Dexterity Potion"},{"floor":34,"key":"Venom Potion"},{"floor":39,"key":"Languid Potion"},{"floor":40,"key":"DistilledChaos"},{"floor":45,"key":"LiquidBronze"},{"floor":48,"key":"Swift Potion"},{"floor":54,"key":"Weak Potion"}],"is_trial":false,"path_per_floor":["M","?","T","M","M","E","M","M","T","M","$","R","?","M","R","B",null,"M","$","?","?","M","R","M","R","T","M","R","E","M","M","R","B",null,"M","?","$","T","M","E","R","$","T","?","M","R","E","M","R","B",null,"R","$","E","B"],"character_chosen":"DEFECT","items_purchased":["Replay:Bottled Flurry","Gash","DollysMirror"],"campfire_rested":0,"item_purchase_floors":[11,37,37],"current_hp_per_floor":[52,45,45,45,45,38,38,35,35,22,22,22,22,34,34,31,51,51,51,40,40,39,39,33,33,33,35,35,33,33,33,33,33,56,56,56,56,56,56,56,56,56,56,56,56,56,56,56,56,56,61,61,61,61,0,0],"gold":98,"neow_bonus":"BOSS_RELIC","is_daily":false,"chose_seed":false,"campfire_upgraded":9,"win_rate":0.0,"timestamp":1612240467,"path_taken":["M","?","?","M","M","E","M","M","T","?","$","R","?","M","R","BOSS","M","$","?","?","M","R","M","R","T","M","R","E","?","M","R","BOSS","M","?","$","?","M","E","R","$","T","?","M","R","E","M","R","BOSS","R","$","E","BOSS"],"items_purchased_type":["Relic","Card","Relic"],"build_version":"2020-12-22","purchased_purges":4,"victory":false,"max_hp_per_floor":[57,57,57,57,57,57,57,57,57,57,57,57,57,57,57,57,57,57,57,57,57,57,57,57,57,57,57,57,57,57,57,57,57,62,62,62,62,62,62,62,62,62,62,62,62,62,62,62,62,62,62,62,62,62,62,62],"card_choices":[{"not_picked":["Cold Snap","Streamline"],"picked":"Double Energy","floor":1},{"not_picked":["Doom and Gloom","Steam"],"picked":"Conserve Battery","floor":4},{"not_picked":["Cold Snap","Panic Button"],"picked":"ReplayTheSpireMod:Calculation Training","floor":5},{"not_picked":["Stack","Rebound"],"picked":"FTL","floor":6},{"not_picked":["Sweeping Beam","Compile Driver"],"picked":"Scrape","floor":7},{"not_picked":["Auto Shields","FIFO Queue"],"picked":"Beam Cell","floor":8},{"not_picked":["BasicCrystalCard","ReplayTheSpireMod:System Scan"],"picked":"Go for the Eyes","floor":10},{"not_picked":["Tempest","Sweeping Beam"],"picked":"Gash","floor":14},{"not_picked":["Hyperbeam","Machine Learning"],"picked":"All For One","floor":16},{"not_picked":["Normality","Amnesia"],"picked":"Delirium","floor":17},{"not_picked":["Spreading Infection","Amnesia"],"picked":"Doubt","floor":17},{"not_picked":["Amnesia","Replay:Hysterical Blindness"],"picked":"Clumsy","floor":17},{"not_picked":["Beam Cell","Redo"],"picked":"Genetic Algorithm","floor":18},{"not_picked":["Hologram","Barrage+1"],"picked":"Turbo","floor":22},{"not_picked":["Streamline+1","Sweeping Beam"],"picked":"Chill","floor":24},{"not_picked":["ReplayTheSpireMod:GoodbyeWorld","Barrage"],"picked":"Buffer","floor":27},{"not_picked":["Streamline","Doom and Gloom"],"picked":"Double Energy+1","floor":29},{"not_picked":["Hologram+1","Conserve Battery"],"picked":"Tempest","floor":30},{"not_picked":["Consume","Stack+1"],"picked":"BootSequence+1","floor":31},{"not_picked":["Amplify","Mirror Shield"],"picked":"Seek","floor":33},{"not_picked":["Compile Driver","Barrage+1"],"picked":"Go for the Eyes","floor":34},{"not_picked":["Coolheaded+1","Ball Lightning+1","Meteor Strike"],"picked":"SKIP","floor":35},{"not_picked":["Panic Button","Doom and Gloom","Steam Power+1"],"picked":"SKIP","floor":39},{"not_picked":["Chaos","Genetic Algorithm+1"],"picked":"Double Energy","floor":40},{"not_picked":["PanicButton","Apotheosis"],"picked":"Sadistic Nature","floor":44},{"not_picked":["Beam Cell","Blizzard"],"picked":"Gash+1","floor":45},{"not_picked":["BasicCrystalCard","Buffer"],"picked":"Chaos+1","floor":47},{"not_picked":["Ball Lightning+1","Leap"],"picked":"Double Energy+1","floor":48},{"not_picked":["Electrodynamics","Beam Cell+1"],"picked":"Streamline+1","floor":54}],"player_experience":288617,"relics_obtained":[{"floor":3,"key":"Simple Rune"},{"floor":6,"key":"Bronze Scales"},{"floor":20,"key":"Red Mask"},{"floor":26,"key":"Anchor"},{"floor":29,"key":"Lantern"},{"floor":38,"key":"Cables"},{"floor":40,"key":"Grinning Jar"},{"floor":43,"key":"StoneCalendar"},{"floor":47,"key":"Smiling Mask"},{"floor":54,"key":"Eternal Feather"}],"event_choices":[{"cards_removed":["Strike_B"],"damage_healed":0,"gold_gain":0,"player_choice":"Card Removal","damage_taken":7,"max_hp_gain":0,"max_hp_loss":0,"event_name":"Golden Wing","floor":2,"gold_loss":0},{"damage_healed":0,"gold_gain":0,"player_choice":"Box","damage_taken":0,"relics_obtained":["Meat on the Bone"],"max_hp_gain":0,"max_hp_loss":0,"event_name":"Big Fish","floor":13,"gold_loss":0,"cards_obtained":["Regret"]},{"damage_healed":0,"gold_gain":0,"player_choice":"Fought Bandits","damage_taken":0,"max_hp_gain":0,"max_hp_loss":0,"event_name":"Masked Bandits","floor":20,"gold_loss":0},{"damage_healed":0,"gold_gain":0,"player_choice":"Bought 0 Potions","damage_taken":0,"max_hp_gain":0,"max_hp_loss":0,"event_name":"The Woman in Blue","floor":21,"gold_loss":0},{"damage_healed":0,"gold_gain":0,"player_choice":"Gave Potion","damage_taken":0,"relics_obtained":["White Beast Statue"],"max_hp_gain":0,"max_hp_loss":0,"event_name":"WeMeetAgain","floor":36,"gold_loss":0},{"damage_healed":0,"gold_gain":0,"player_choice":"Memory 1","damage_taken":0,"max_hp_gain":0,"max_hp_loss":0,"event_name":"SensoryStone","floor":44,"gold_loss":0}],"is_beta":false,"boss_relics":[{"not_picked":["Velvet Choker","Ring of Chaos"],"picked":"Replay:Ancient Bell"},{"not_picked":["ReplayTheSpireMod:TigerMarble","Replay:Bandana"],"picked":"Happy Flower"},{"not_picked":["Blue Candle","Molten Egg 2"],"picked":"ReplayTheSpireMod:Ninjato"},{"not_picked":["Mango","Dead Branch"],"picked":"Calipers"},{"not_picked":["Busted Crown","Inserter"],"picked":"Tiny House"}],"items_purged_floors":[19,37,42,53],"is_endless":false,"potions_floor_spawned":[4,6,14,16,20,27,29,39,40,45,47,48,54],"killed_by":"The Heart","ascension_level":8}}