{"host":"sp1f3sybb350mzsh","time":1612242787,"event":{"mods":["AchievementEnabler","BaseMod","Bestiary","Colored Map","Colored Powertips","Filter the Spire","Minty Spire (QoL Compilation)","Puzzle Mod","Relic Stats","StSLib"],"gold_per_floor":[119,119,135,135,159,159,159,172,172,215,34,34,34,72,72,191,191,212,230,47,71,71,71,87,105,105,6,44,44,44,85,85,216,216,236,140,203,222,240,275,275,309,309,309,342,675,675,721,721,721],"floor_reached":51,"language":"ENG","playtime":2721,"items_purged":["Strike_B","Strike_B","Strike_B"],"score":868,"play_id":"e707f7fe-8dff-4a02-a2b2-c0bb4ab120fa","local_time":"20210201231307","is_ascension_mode":true,"campfire_choices":[{"data":"1","floor":6.0,"key":"LIFT"},{"data":"2","floor":12.0,"key":"LIFT"},{"floor":15.0,"key":"REST"},{"data":"Biased Cognition","floor":23.0,"key":"SMITH"},{"data":"Defragment","floor":30.0,"key":"SMITH"},{"data":"Sunder","floor":32.0,"key":"SMITH"},{"data":"Buffer","floor":41.0,"key":"SMITH"},{"data":"Coolheaded","floor":44,"key":"SMITH"},{"data":"Strike_B","floor":47,"key":"PURGE"},{"data":"Dark Shackles","floor":49,"key":"SMITH"}],"circlet_count":0,"master_deck":["Defend_B","Defend_B","Defend_B","Defend_B","Zap","Dualcast","Cold Snap","Loop","Rebound","White Noise","Sunder+1","Steam","Dark Shackles+1","Coolheaded+1","Rainbow","Steam+1","Streamline+1","Self Repair","Biased Cognition+1","Static Discharge+1","Defragment+1","Stack+1","Auto Shields+1","Amplify+1","Buffer+1","Ball Lightning+1","Redo+1","Go for the Eyes+1","Cold Snap+1","Skim+1","Hologram+1","Stack+1","Glacier+1"],"relics":["Cracked Core","Girya","Cables","Potion Belt","Strawberry","Medical Kit","Smiling Mask","Nuclear Battery","Toxic Egg 2","Kunai","Bag of Marbles","Molten Egg 2","Philosopher\u0027s Stone","Peace Pipe","Centennial Puzzle","Lantern","Pen Nib","Du-Vu Doll","Lizard Tail"],"acts_visited":["Exordium","TheCity","TheBeyond"],"potions_floor_usage":[42,42,50,50,50],"damage_taken":[{"damage":6.0,"enemies":"Jaw Worm","floor":1.0,"turns":2.0},{"damage":5.0,"enemies":"2 Louse","floor":3.0,"turns":3.0},{"damage":2.0,"enemies":"Cultist","floor":5.0,"turns":4.0},{"damage":0.0,"enemies":"Looter","floor":8.0,"turns":2.0},{"damage":16.0,"enemies":"3 Sentries","floor":10.0,"turns":7.0},{"damage":10.0,"enemies":"Gremlin Nob","floor":14.0,"turns":4.0},{"damage":18.0,"enemies":"Hexaghost","floor":16.0,"turns":13.0},{"damage":26.0,"enemies":"2 Thieves","floor":18.0,"turns":4.0},{"damage":1.0,"enemies":"Chosen","floor":19.0,"turns":3.0},{"damage":16.0,"enemies":"3 Cultists","floor":21.0,"turns":6.0},{"damage":8.0,"enemies":"Cultist and Chosen","floor":24.0,"turns":8.0},{"damage":13.0,"enemies":"Snake Plant","floor":25.0,"turns":4.0},{"damage":4.0,"enemies":"Slavers","floor":28.0,"turns":3.0},{"damage":13.0,"enemies":"Book of Stabbing","floor":31.0,"turns":4.0},{"damage":38.0,"enemies":"Automaton","floor":33.0,"turns":7.0},{"damage":7.0,"enemies":"Orb Walker","floor":35.0,"turns":4.0},{"damage":3.0,"enemies":"Mind Bloom Boss Battle","floor":37.0,"turns":8.0},{"damage":12.0,"enemies":"3 Darklings","floor":38.0,"turns":6.0},{"damage":0.0,"enemies":"4 Shapes","floor":39.0,"turns":7.0},{"damage":39.0,"enemies":"Nemesis","floor":40.0,"turns":7.0},{"damage":6,"enemies":"Reptomancer","floor":42,"turns":10},{"damage":0,"enemies":"Nemesis","floor":45,"turns":9},{"damage":14,"enemies":"2 Orb Walkers","floor":48,"turns":4},{"damage":10,"enemies":"Time Eater","floor":50,"turns":9}],"seed_played":"6943904553171766319","potions_obtained":[{"floor":3.0,"key":"AttackPotion"},{"floor":5.0,"key":"Swift Potion"},{"floor":16.0,"key":"AttackPotion"},{"floor":18.0,"key":"Regen Potion"},{"floor":21.0,"key":"DuplicationPotion"},{"floor":24.0,"key":"LiquidMemories"},{"floor":25.0,"key":"Block Potion"},{"floor":33.0,"key":"DuplicationPotion"},{"floor":35.0,"key":"Dexterity Potion"},{"floor":40.0,"key":"FearPotion"},{"floor":42,"key":"PowerPotion"},{"floor":45,"key":"Regen Potion"},{"floor":48,"key":"EssenceOfSteel"}],"is_trial":false,"path_per_floor":["M","?","M","?","M","R","T","M","T","E","$","R","?","E","R","B",null,"M","M","$","M","?","R","M","M","T","$","E","?","R","E","R","B",null,"M","$","?","M","M","E","R","E","T","R","E","?","R","?","R","B",null],"character_chosen":"DEFECT","items_purchased":["Medical Kit","Steam","Self Repair","BlessingOfTheForge","Dexterity Potion","Redo+1"],"campfire_rested":1,"item_purchase_floors":[11,11,20,20,27,36],"current_hp_per_floor":[62,45,40,45,43,43,43,43,43,34,34,34,34,24,48,30,80,54,53,53,56,56,56,55,52,52,52,55,55,55,49,49,18,80,73,73,77,72,79,54,54,62,62,62,69,69,69,55,55,52],"gold":721,"neow_bonus":"ONE_RARE_RELIC","is_daily":false,"chose_seed":false,"campfire_upgraded":6,"win_rate":0.0,"timestamp":1612242787,"path_taken":["M","?","M","?","M","R","?","M","T","E","$","R","?","E","R","BOSS","M","M","?","M","?","R","M","M","T","$","E","?","R","E","R","BOSS","M","$","?","M","M","E","R","E","T","R","E","?","R","?","R","BOSS"],"items_purchased_type":["Relic","Card","Card","Potion","Potion","Card"],"build_version":"2020-12-22","purchased_purges":3,"victory":true,"max_hp_per_floor":[68,68,68,73,73,73,73,73,73,80,80,80,80,80,80,80,80,80,80,80,80,80,80,80,80,80,80,80,80,80,80,80,80,80,80,80,80,80,80,80,80,80,80,80,80,80,80,80,80,80],"relic_stats":{"Peace Pipe":1,"Centennial Puzzle":[9],"Lizard Tail":0,"counters":[24,137],"Pen Nib":[2],"Kunai":[5],"Medical Kit":[0],"Smiling Mask":150,"obtain_stats":[{"Potion Belt":9,"Girya":0,"Lantern":42,"Golden Idol":2,"Pen Nib":43,"Medical Kit":11,"Smiling Mask":14,"Cables":7,"Nuclear Battery":17,"Peace Pipe":37,"Du-Vu Doll":45,"Centennial Puzzle":40,"Lizard Tail":48,"Strawberry":10,"Molten Egg 2":31,"Philosopher\u0027s Stone":34,"Bag of Marbles":28,"Kunai":26,"Toxic Egg 2":22,"Cracked Core":0},{"Potion Belt":4,"Girya":0,"Lantern":21,"Golden Idol":1,"Pen Nib":21,"Medical Kit":5,"Smiling Mask":6,"Cables":3,"Nuclear Battery":7,"Peace Pipe":17,"Du-Vu Doll":22,"Centennial Puzzle":20,"Lizard Tail":23,"Strawberry":5,"Molten Egg 2":14,"Philosopher\u0027s Stone":15,"Bag of Marbles":13,"Kunai":12,"Toxic Egg 2":10,"Cracked Core":0},{"Potion Belt":11,"Girya":0,"Lantern":115,"Golden Idol":2,"Pen Nib":115,"Medical Kit":18,"Smiling Mask":21,"Cables":9,"Nuclear Battery":34,"Peace Pipe":85,"Du-Vu Doll":124,"Centennial Puzzle":105,"Lizard Tail":128,"Strawberry":18,"Molten Egg 2":66,"Philosopher\u0027s Stone":73,"Bag of Marbles":62,"Kunai":59,"Toxic Egg 2":47,"Cracked Core":0}],"Cables":[113,44,43,8,18]},"card_choices":[{"not_picked":["Rebound","Gash"],"picked":"Cold Snap","floor":1.0},{"not_picked":["Hologram","Leap"],"picked":"Loop","floor":3.0},{"not_picked":["Steam","Undo"],"picked":"Rebound","floor":5.0},{"not_picked":["Barrage","Rebound"],"picked":"White Noise","floor":8.0},{"not_picked":["Rip and Tear","Capacitor"],"picked":"Sunder","floor":10.0},{"not_picked":["Conserve Battery","Turbo"],"picked":"Coolheaded","floor":14.0},{"not_picked":["Buffer","Fission"],"picked":"Rainbow","floor":16.0},{"not_picked":["Rebound","Melter+1"],"picked":"Steam+1","floor":18.0},{"not_picked":["Rip and Tear","Storm+1"],"picked":"Streamline+1","floor":19.0},{"not_picked":["Streamline","Gash"],"picked":"Biased Cognition","floor":21.0},{"not_picked":["Recycle+1","Ball Lightning"],"picked":"Static Discharge+1","floor":24.0},{"not_picked":["BootSequence+1","Barrage"],"picked":"Defragment","floor":25.0},{"not_picked":["Force Field+1","Redo+1"],"picked":"Stack+1","floor":28.0},{"not_picked":["Hello World","Ball Lightning+1"],"picked":"Amplify+1","floor":31.0},{"not_picked":["Amplify+1","Thunder Strike+1"],"picked":"Buffer","floor":33.0},{"not_picked":["Self Repair+1","Compile Driver+1"],"picked":"Ball Lightning+1","floor":35.0},{"not_picked":["Gash+1","Conserve Battery+1"],"picked":"Go for the Eyes+1","floor":37.0},{"not_picked":["Leap+1","Storm+1"],"picked":"Cold Snap+1","floor":38.0},{"not_picked":["Amplify+1","Doom and Gloom+1"],"picked":"Skim+1","floor":39.0},{"not_picked":["Capacitor","Go for the Eyes+1"],"picked":"Hologram+1","floor":40.0},{"not_picked":["Steam+1","Auto Shields+1"],"picked":"Stack+1","floor":42},{"not_picked":["Barrage+1","Static Discharge+1","Genetic Algorithm+1"],"picked":"SKIP","floor":45},{"not_picked":["Self Repair+1","Hologram+1"],"picked":"Glacier+1","floor":48}],"player_experience":154201,"relics_obtained":[{"floor":7.0,"key":"Cables"},{"floor":9.0,"key":"Potion Belt"},{"floor":10.0,"key":"Strawberry"},{"floor":14.0,"key":"Smiling Mask"},{"floor":26.0,"key":"Kunai"},{"floor":28.0,"key":"Bag of Marbles"},{"floor":31.0,"key":"Molten Egg 2"},{"floor":37.0,"key":"Peace Pipe"},{"floor":40.0,"key":"Centennial Puzzle"},{"floor":42,"key":"Lantern"},{"floor":43,"key":"Pen Nib"},{"floor":45,"key":"Du-Vu Doll"},{"floor":48,"key":"Lizard Tail"}],"event_choices":[{"damage_healed":0.0,"max_hp_gain":0.0,"max_hp_loss":0.0,"gold_gain":0.0,"event_name":"Golden Idol","player_choice":"Take Damage","floor":2.0,"gold_loss":0.0,"damage_taken":17.0,"relics_obtained":["Golden Idol"]},{"damage_healed":0.0,"max_hp_gain":5.0,"max_hp_loss":0.0,"gold_gain":0.0,"event_name":"Big Fish","player_choice":"Donut","floor":4.0,"gold_loss":0.0,"damage_taken":0.0},{"damage_healed":0.0,"max_hp_gain":0.0,"max_hp_loss":0.0,"gold_gain":0.0,"event_name":"Match and Keep!","player_choice":"1 cards matched","floor":13.0,"gold_loss":0.0,"damage_taken":0.0,"cards_obtained":["Dark Shackles"]},{"damage_healed":0.0,"max_hp_gain":0.0,"max_hp_loss":0.0,"gold_gain":0.0,"event_name":"The Mausoleum","player_choice":"Opened","floor":22.0,"gold_loss":0.0,"damage_taken":0.0,"relics_obtained":["Toxic Egg 2"]},{"damage_healed":0.0,"max_hp_gain":0.0,"max_hp_loss":0.0,"gold_gain":0.0,"event_name":"The Library","player_choice":"Read","floor":29.0,"gold_loss":0.0,"damage_taken":0.0,"cards_obtained":["Auto Shields"]},{"damage_healed":0.0,"max_hp_gain":0.0,"max_hp_loss":0.0,"gold_gain":0.0,"event_name":"MindBloom","player_choice":"Fight","floor":37.0,"gold_loss":0.0,"damage_taken":0.0},{"damage_healed":0,"gold_gain":333,"player_choice":"Gave Idol","damage_taken":0,"max_hp_gain":0,"max_hp_loss":0,"event_name":"The Moai Head","floor":46,"relics_lost":["Golden Idol"],"gold_loss":0},{"damage_healed":0,"gold_gain":0,"player_choice":"Fight","damage_taken":0,"max_hp_gain":0,"max_hp_loss":0,"event_name":"Mysterious Sphere","floor":48,"gold_loss":0}],"is_beta":false,"boss_relics":[{"not_picked":["Runic Pyramid","SacredBark"],"picked":"Nuclear Battery"},{"not_picked":["Calling Bell","Black Star"],"picked":"Philosopher\u0027s Stone"}],"items_purged_floors":[20,27,36],"is_endless":false,"potions_floor_spawned":[3,5,16,18,21,24,25,33,35,40,42,45,48],"ascension_level":1}}