{"host":"3a1ypf1irl30q4k8","time":1612296719,"event":{"mods":["AchievementEnabler","BaseMod","Bestiary","Colored Map","Minty Spire (QoL Compilation)","Relic Stats"],"gold_per_floor":[118,138,155,46,57,57,70,0,0,0,0,12,12,29,29,29,29],"floor_reached":16,"language":"ENG","playtime":566,"items_purged":["Strike_R"],"score":118,"play_id":"175ed222-586f-473f-8cf7-e890f5338a18","local_time":"20210202201159","is_ascension_mode":true,"campfire_choices":[{"data":"Searing Blow","floor":6,"key":"SMITH"},{"data":"Searing Blow+1","floor":13,"key":"SMITH"},{"data":"Searing Blow+2","floor":15,"key":"SMITH"}],"circlet_count":0,"master_deck":["Strike_R","Strike_R","Strike_R","Strike_R","Defend_R","Defend_R","Defend_R","Defend_R","Bash","Body Slam","Shrug It Off","Searing Blow+3","Metallicize","Pommel Strike","Second Wind"],"relics":["Burning Blood","MealTicket","Centennial Puzzle"],"acts_visited":["Exordium"],"potions_floor_usage":[7,12],"damage_taken":[{"damage":0,"enemies":"2 Louse","floor":1,"turns":2},{"damage":18,"enemies":"Jaw Worm","floor":2,"turns":4},{"damage":7,"enemies":"Small Slimes","floor":3,"turns":4},{"damage":17,"enemies":"Looter","floor":5,"turns":4},{"damage":9,"enemies":"Lots of Slimes","floor":7,"turns":7},{"damage":3,"enemies":"3 Louse","floor":12,"turns":4},{"damage":5,"enemies":"Blue Slaver","floor":14,"turns":4},{"damage":54,"enemies":"The Guardian","floor":16,"turns":11}],"seed_played":"-3168492425824119145","potions_obtained":[{"floor":5,"key":"EssenceOfSteel"},{"floor":7,"key":"Block Potion"}],"is_trial":false,"path_per_floor":["M","M","M","$","M","R","M","$","T","?","?","M","R","M","R","B"],"character_chosen":"IRONCLAD","items_purchased":["Metallicize","Second Wind"],"campfire_rested":0,"item_purchase_floors":[4,8],"current_hp_per_floor":[88,76,75,75,64,64,61,61,61,61,49,52,52,53,53,0,0],"gold":29,"neow_bonus":"TEN_PERCENT_HP_BONUS","is_daily":false,"chose_seed":false,"campfire_upgraded":3,"win_rate":0.0,"timestamp":1612296719,"path_taken":["M","M","M","$","M","R","M","$","T","?","?","M","R","M","R","BOSS"],"items_purchased_type":["Card","Card"],"build_version":"2020-12-22","purchased_purges":1,"victory":false,"max_hp_per_floor":[88,88,88,88,88,88,88,88,88,88,88,88,88,88,88,88,88],"relic_stats":{"Centennial Puzzle":[9],"counters":[8,40],"MealTicket":0,"obtain_stats":[{"Centennial Puzzle":11,"MealTicket":9,"Burning Blood":0},{"Centennial Puzzle":5,"MealTicket":5,"Burning Blood":0},{"Centennial Puzzle":21,"MealTicket":21,"Burning Blood":0}],"Burning Blood":36},"card_choices":[{"not_picked":["Armaments","Flex"],"picked":"Body Slam","floor":1},{"not_picked":["Clash","Entrench"],"picked":"Shrug It Off","floor":2},{"not_picked":["Clash","Iron Wave"],"picked":"Searing Blow","floor":3},{"not_picked":["Sword Boomerang","Blood for Blood","Bloodletting"],"picked":"SKIP","floor":5},{"not_picked":["Shockwave","Wild Strike"],"picked":"Pommel Strike","floor":7},{"not_picked":["Shrug It Off","Dropkick","Wild Strike"],"picked":"SKIP","floor":12},{"not_picked":["Burning Pact","Sentinel","Sword Boomerang"],"picked":"SKIP","floor":14}],"player_experience":1295026,"relics_obtained":[{"floor":9,"key":"MealTicket"}],"event_choices":[{"damage_healed":0,"gold_gain":0,"player_choice":"Ignored","damage_taken":0,"max_hp_gain":0,"max_hp_loss":0,"event_name":"Liars Game","floor":10,"gold_loss":0},{"damage_healed":0,"gold_gain":0,"player_choice":"Success","damage_taken":12,"relics_obtained":["Centennial Puzzle"],"max_hp_gain":0,"max_hp_loss":0,"event_name":"Scrap Ooze","floor":11,"gold_loss":0}],"is_beta":false,"boss_relics":[],"items_purged_floors":[4],"is_endless":false,"potions_floor_spawned":[5,7],"killed_by":"The Guardian","ascension_level":5}}