{"host":"soyfmymeou4emntr","time":1612251444,"event":{"mods":["BaseMod","BetterRewards","Minty Spire (QoL Compilation)","Relic Sorter","Relic Stats","StSLib"],"gold_per_floor":[116,129,32,51,63,63,63,88,115,115,115,115,145,157,157,231,231,251,251,251,34,34,34,67,83,83,83,83,97,109,124,124,203,203,223,277,277,198,198,198],"floor_reached":39,"language":"ENG","playtime":1981,"items_purged":[],"score":839,"play_id":"93c73dfa-8419-4775-a33d-c838157f3381","local_time":"20210202003724","is_ascension_mode":true,"campfire_choices":[{"data":"Flex","floor":7.0,"key":"SMITH"},{"data":"Demon Form","floor":15.0,"key":"SMITH"},{"data":"Bash","floor":23.0,"key":"SMITH"},{"data":"Bite","floor":28.0,"key":"SMITH"},{"data":"Bite","floor":32.0,"key":"SMITH"}],"circlet_count":0,"master_deck":["AscendersBane","Defend_R","Defend_R","Defend_R","Bash+1","Sword Boomerang","Sword Boomerang","Flex+1","Rupture","Armaments","Whirlwind+1","Ghostly Armor","Hemokinesis","Demon Form+1","Immolate","Combust","RitualDagger","Shrug It Off","Heavy Blade+1","Bite+1","Bite+1","Bite","Bite","Bite","Reaper","Flame Barrier"],"relics":["Coffee Dripper","Bronze Scales","Anchor","Strawberry","SlaversCollar","Nilry\u0027s Codex","MutagenicStrength","Toy Ornithopter","Boot","Bottled Tornado","Black Star","Du-Vu Doll"],"acts_visited":["Exordium","TheCity","TheBeyond"],"potions_floor_usage":[36,36,39,39],"damage_taken":[{"damage":1.0,"enemies":"Small Slimes","floor":1.0,"turns":3.0},{"damage":6.0,"enemies":"2 Louse","floor":2.0,"turns":3.0},{"damage":7.0,"enemies":"Jaw Worm","floor":4.0,"turns":3.0},{"damage":20.0,"enemies":"Exordium Thugs","floor":5.0,"turns":6.0},{"damage":15.0,"enemies":"Lagavulin","floor":8.0,"turns":4.0},{"damage":8.0,"enemies":"Gremlin Nob","floor":13.0,"turns":3.0},{"damage":2.0,"enemies":"Large Slime","floor":14.0,"turns":2.0},{"damage":3.0,"enemies":"Hexaghost","floor":16.0,"turns":5.0},{"damage":2.0,"enemies":"Chosen","floor":18.0,"turns":3.0},{"damage":28.0,"enemies":"Book of Stabbing","floor":24.0,"turns":4.0},{"damage":3.0,"enemies":"Spheric Guardian","floor":25.0,"turns":3.0},{"damage":5.0,"enemies":"Cultist and Chosen","floor":29.0,"turns":4.0},{"damage":0.0,"enemies":"Chosen and Byrds","floor":30.0,"turns":3.0},{"damage":14.0,"enemies":"Sentry and Sphere","floor":31.0,"turns":4.0},{"damage":7.0,"enemies":"Automaton","floor":33.0,"turns":6.0},{"damage":4,"enemies":"Orb Walker","floor":35,"turns":3},{"damage":70,"enemies":"2 Orb Walkers","floor":36,"turns":5},{"damage":20,"enemies":"3 Darklings","floor":39,"turns":2}],"seed_played":"3570352159300848726","potions_obtained":[{"floor":2.0,"key":"HeartOfIron"},{"floor":4.0,"key":"Block Potion"},{"floor":8.0,"key":"Explosive Potion"},{"floor":14.0,"key":"SpeedPotion"},{"floor":24.0,"key":"ColorlessPotion"},{"floor":31.0,"key":"SkillPotion"},{"floor":33.0,"key":"Block Potion"},{"floor":35,"key":"ElixirPotion"},{"floor":36,"key":"Fire Potion"}],"is_trial":false,"path_per_floor":["M","M","$","M","M","?","R","E","T","?","?","?","E","M","R","B",null,"M","?","?","$","?","R","E","M","T","?","R","M","M","M","R","B",null,"M","?","?","$","M"],"character_chosen":"IRONCLAD","items_purchased":["Flex","Rupture","Toy Ornithopter","Swift Potion","LiquidMemories"],"campfire_rested":0,"item_purchase_floors":[3,3,21,21,38],"current_hp_per_floor":[67,61,61,54,34,34,34,19,19,19,19,19,18,16,16,13,65,63,42,42,42,36,36,13,10,10,10,10,17,22,19,19,29,50,57,5,5,5,0,0],"gold":198,"neow_bonus":"BOSS_RELIC","is_daily":false,"chose_seed":false,"campfire_upgraded":5,"win_rate":0.0,"timestamp":1612251444,"path_taken":["M","M","$","M","M","?","R","E","T","?","?","?","E","M","R","BOSS","M","?","?","$","?","R","E","M","T","?","R","?","M","M","R","BOSS","M","?","?","$","M"],"items_purchased_type":["Card","Card","Relic","Potion","Potion"],"build_version":"2020-12-22","purchased_purges":0,"victory":false,"max_hp_per_floor":[75,75,75,75,75,75,75,75,75,75,75,75,82,82,82,82,82,82,82,82,82,82,82,82,82,82,57,57,57,57,57,57,57,57,57,57,57,57,57,57],"relic_stats":{"counters":[18,66],"Bronze Scales":[135],"Black Star":0,"Boot":[6],"obtain_stats":[{"Nilry\u0027s Codex":19,"Bottled Tornado":26,"Boot":24,"Burning Blood":0,"Du-Vu Doll":36,"SlaversCollar":17,"Anchor":9,"Bronze Scales":8,"Strawberry":13,"MutagenicStrength":20,"Coffee Dripper":0,"Black Star":34,"Toy Ornithopter":21},{"Nilry\u0027s Codex":9,"Bottled Tornado":11,"Boot":10,"Burning Blood":0,"Du-Vu Doll":17,"SlaversCollar":8,"Anchor":5,"Bronze Scales":5,"Strawberry":6,"MutagenicStrength":9,"Coffee Dripper":0,"Black Star":15,"Toy Ornithopter":9},{"Nilry\u0027s Codex":32,"Bottled Tornado":39,"Boot":36,"Burning Blood":0,"Du-Vu Doll":64,"SlaversCollar":29,"Anchor":19,"Bronze Scales":19,"Strawberry":22,"MutagenicStrength":32,"Coffee Dripper":0,"Black Star":56,"Toy Ornithopter":32}],"Toy Ornithopter":40},"card_choices":[{"not_picked":["Clash","Thunderclap"],"picked":"Sword Boomerang","floor":1.0},{"not_picked":["Sentinel","Seeing Red"],"picked":"Sword Boomerang","floor":2.0},{"not_picked":["Headbutt","Body Slam"],"picked":"Armaments","floor":4.0},{"not_picked":["Wild Strike","Dual Wield"],"picked":"Whirlwind","floor":5.0},{"not_picked":["Bloodletting","Infernal Blade"],"picked":"Ghostly Armor","floor":8.0},{"not_picked":["Dropkick","Pommel Strike"],"picked":"Hemokinesis","floor":13.0},{"not_picked":["True Grit","Flex"],"picked":"Demon Form","floor":14.0},{"not_picked":["Berserk","Brutality"],"picked":"Immolate","floor":16.0},{"not_picked":["Havoc","Carnage"],"picked":"Combust","floor":18.0},{"not_picked":["Pommel Strike","Anger"],"picked":"Shrug It Off","floor":24.0},{"not_picked":["Twin Strike","Anger+1"],"picked":"Heavy Blade+1","floor":25.0},{"not_picked":["Clothesline","Berserk","Havoc"],"picked":"SKIP","floor":29.0},{"not_picked":["Perfected Strike+1","Fire Breathing","Headbutt"],"picked":"SKIP","floor":30.0},{"not_picked":["Iron Wave","Anger+1","Cleave"],"picked":"SKIP","floor":31.0},{"not_picked":["Exhume","Feed"],"picked":"Reaper","floor":33.0},{"not_picked":["Perfected Strike+1","Havoc"],"picked":"Flame Barrier","floor":35}],"player_experience":2995477,"relics_obtained":[{"floor":8.0,"key":"Bronze Scales"},{"floor":9.0,"key":"Anchor"},{"floor":13.0,"key":"Strawberry"},{"floor":19.0,"key":"Nilry\u0027s Codex"},{"floor":24.0,"key":"Boot"},{"floor":26.0,"key":"Bottled Tornado"},{"floor":36,"key":"Du-Vu Doll"}],"event_choices":[{"damage_healed":0.0,"max_hp_gain":0.0,"max_hp_loss":0.0,"gold_gain":0.0,"event_name":"Living Wall","player_choice":"Grow","floor":6.0,"gold_loss":0.0,"damage_taken":0.0,"cards_upgraded":["Whirlwind"]},{"damage_healed":0.0,"max_hp_gain":0.0,"max_hp_loss":0.0,"gold_gain":0.0,"event_name":"Shining Light","player_choice":"Ignored","floor":10.0,"gold_loss":0.0,"damage_taken":0.0},{"damage_healed":0.0,"max_hp_gain":0.0,"max_hp_loss":0.0,"gold_gain":0.0,"event_name":"Liars Game","player_choice":"Ignored","floor":11.0,"gold_loss":0.0,"damage_taken":0.0},{"damage_healed":0.0,"max_hp_gain":0.0,"max_hp_loss":0.0,"gold_gain":0.0,"event_name":"Golden Wing","player_choice":"Ignored","floor":12.0,"gold_loss":0.0,"damage_taken":0.0},{"damage_healed":0.0,"max_hp_gain":0.0,"max_hp_loss":0.0,"gold_gain":0.0,"event_name":"Cursed Tome","player_choice":"Obtained Book","floor":19.0,"gold_loss":0.0,"damage_taken":21.0},{"damage_healed":0.0,"max_hp_gain":0.0,"max_hp_loss":0.0,"gold_gain":0.0,"event_name":"Drug Dealer","player_choice":"Inject Mutagens","floor":20.0,"gold_loss":0.0,"damage_taken":0.0,"relics_obtained":["MutagenicStrength"]},{"damage_healed":0.0,"max_hp_gain":0.0,"max_hp_loss":0.0,"gold_gain":0.0,"event_name":"Nest","player_choice":"Joined the Cult","floor":22.0,"gold_loss":0.0,"damage_taken":6.0,"cards_obtained":["RitualDagger"]},{"damage_healed":0.0,"max_hp_gain":0.0,"max_hp_loss":25.0,"gold_gain":0.0,"event_name":"Vampires","player_choice":"Became a vampire","floor":27.0,"gold_loss":0.0,"damage_taken":0.0,"cards_obtained":["Bite","Bite","Bite","Bite","Bite"]},{"damage_healed":0,"gold_gain":0,"player_choice":"Fight","damage_taken":0,"max_hp_gain":0,"max_hp_loss":0,"event_name":"Mysterious Sphere","floor":36,"gold_loss":0},{"cards_removed":["Defend_R"],"damage_healed":0,"gold_gain":0,"player_choice":"Removed Skill","damage_taken":0,"max_hp_gain":0,"max_hp_loss":0,"event_name":"Falling","floor":37,"gold_loss":0}],"is_beta":false,"boss_relics":[{"not_picked":["Busted Crown","Ectoplasm"],"picked":"SlaversCollar"},{"not_picked":["Velvet Choker","Astrolabe"],"picked":"Black Star"}],"items_purged_floors":[],"is_endless":false,"potions_floor_spawned":[2,4,8,14,24,25,31,33,35,36],"killed_by":"3 Darklings","ascension_level":20}}