{"host":"gqhy17d1xpb1p3ki","time":1612290952,"event":{"mods":["2.2 Compatiblity","AchievementEnabler","BaseMod","Bestiary","BetterRewards","Colored Map","Colored Powertips","Conspire","Curses Come First","Custom Start","DeckTracker","Downfall","Duelist Mod","Hermit","Highlight Path","Hubris","Infinite Spire","Marisa????????","Minty Spire (QoL Compilation)","Quick Restart","Rare Cards Sparkle","Relic Stats","Remilia??????","Robot Space Explorer","Shop Mod","StSLib","Td1madao Mod","The Animator","The Bug Knight","The Cursed","The Disciple","The Hierophant","The Jungle","The Marked","The Mystic","The Necromancer","The Runesmith","The Senshi","The Servant 0.9.4","The Witch","TheBandit","WarShipGirlsR/????R mod","Yuri Mod"],"gold_per_floor":[99,114,133,143,154,154,178,178,196,215,215,215,215,233,245,245,245],"floor_reached":16,"language":"ENG","playtime":769,"items_purged":[],"score":96,"play_id":"3f537e39-f205-4ea5-bd83-7d87d473026a","local_time":"20210202133552","is_ascension_mode":false,"campfire_choices":[{"data":"hermit:Snapshot","floor":1,"key":"SMITH"},{"data":"hermit:Dive","floor":6,"key":"SMITH"},{"data":"hermit:HoleUp","floor":8,"key":"SMITH"},{"data":"hermit:Desperado","floor":13,"key":"SMITH"}],"circlet_count":0,"master_deck":["hermit:Strike_Hermit","hermit:Strike_Hermit","hermit:Defend_Hermit","hermit:Defend_Hermit","hermit:Defend_Hermit","hermit:Defend_Hermit","hermit:Snapshot+1","hermit:Covet","hermit:Misfire","hermit:HoleUp+1","hermit:Desperado+1","hermit:Dive+1","hermit:LowProfile","hermit:HoleUp","hermit:SprayPray","hermit:Quickdraw"],"relics":["hermit:Momento","theSenshi:SailorFukuRelic","Potion Belt"],"acts_visited":["Exordium"],"potions_floor_usage":[16],"damage_taken":[{"damage":2,"enemies":"2 Louse","floor":2,"turns":3},{"damage":0,"enemies":"Cultist","floor":3,"turns":3},{"damage":0,"enemies":"Jaw Worm","floor":4,"turns":3},{"damage":22,"enemies":"Gremlin Gang","floor":5,"turns":5},{"damage":1,"enemies":"conspire:2 RoseBushes","floor":9,"turns":3},{"damage":0,"enemies":"Exordium Wildlife","floor":10,"turns":5},{"damage":0,"enemies":"Red Slaver","floor":14,"turns":3},{"damage":0,"enemies":"Exordium Thugs","floor":15,"turns":6},{"damage":56,"enemies":"SI_SHIV_ARCHETYPE","floor":16,"turns":10}],"seed_played":"2730543892361131301","potions_obtained":[{"floor":3,"key":"PowerPotion"},{"floor":4,"key":"BlessingOfTheForge"},{"floor":10,"key":"Fruit Juice"}],"is_trial":false,"path_per_floor":["R","M","M","M","M","R","T","R","M","M","?","?","R","M","M","B"],"character_chosen":"HERMIT","items_purchased":[],"campfire_rested":0,"item_purchase_floors":[],"current_hp_per_floor":[75,73,73,73,51,51,51,51,50,50,50,50,50,50,50,0,0],"gold":245,"neow_bonus":"RANDOM_COMMON_RELIC","is_daily":false,"chose_seed":false,"campfire_upgraded":4,"win_rate":0.0,"timestamp":1612290952,"path_taken":["R","M","M","M","M","R","T","R","M","M","?","?","R","M","M","BOSS"],"items_purchased_type":[],"build_version":"2020-12-22","purchased_purges":0,"victory":false,"max_hp_per_floor":[75,75,75,75,75,75,75,75,75,75,75,75,75,75,75,75,75],"relic_stats":{"counters":[9,41],"obtain_stats":[{"Potion Belt":7,"theSenshi:SailorFukuRelic":0,"hermit:Momento":0},{"Potion Belt":4,"theSenshi:SailorFukuRelic":0,"hermit:Momento":0},{"Potion Belt":14,"theSenshi:SailorFukuRelic":0,"hermit:Momento":0}]},"card_choices":[{"not_picked":["hermit:Headshot","hermit:Manifest"],"picked":"hermit:Misfire","floor":2},{"not_picked":["hermit:FinalCanter","hermit:Snipe"],"picked":"hermit:HoleUp","floor":3},{"not_picked":["hermit:Coalescence","hermit:Scavenge"],"picked":"hermit:Desperado","floor":4},{"not_picked":["hermit:ShadowCloak","hermit:ItchyTrigger"],"picked":"hermit:Dive","floor":5},{"not_picked":["hermit:LuckOfTheDraw","hermit:Malice"],"picked":"hermit:LowProfile","floor":9},{"not_picked":["hermit:LuckOfTheDraw","hermit:BigShot"],"picked":"hermit:HoleUp","floor":10},{"not_picked":["hermit:Dive","hermit:Grudge"],"picked":"hermit:SprayPray","floor":14},{"not_picked":["hermit:Shortfuse","hermit:NoHoldsBarred"],"picked":"hermit:Quickdraw","floor":15}],"player_experience":487986,"relics_obtained":[{"floor":7,"key":"Potion Belt"}],"event_choices":[],"is_beta":false,"boss_relics":[],"items_purged_floors":[],"is_endless":false,"potions_floor_spawned":[3,4,10],"killed_by":"SI_SHIV_ARCHETYPE","ascension_level":0}}