{"host":"xc18ixkpjvqrt8st","time":1612227744,"event":{"mods":["Act Like it!","BaseMod","Better Match","Better Third Choice","Conspire","Downfall","Hallownest","Hermit","Hubris","Infinite Spire","JesterMod","Minty Spire (QoL Compilation)","Reliquary","Replay The Spire","Robot Space Explorer","Shop Mod","Spicy Shops","Spire Arcade","StSLib","The Animator","The Edgeheg","The Jungle","The Marked","The Sage"],"gold_per_floor":[80,97,113,113,113,113,139,139,164,164,164],"floor_reached":10,"language":"ENG","playtime":575,"items_purged":[],"score":66,"play_id":"c41385bf-e840-411e-bc2a-b722e92e72ea","local_time":"20210201190224","is_ascension_mode":false,"campfire_choices":[{"floor":6,"key":"RECALL"}],"circlet_count":0,"master_deck":["theEdgeheg:StarterShootAttack","theEdgeheg:StarterShootAttack","theEdgeheg:StarterShootAttack","theEdgeheg:StarterShootAttack","theEdgeheg:StarterDodgeSkill","theEdgeheg:StarterDodgeSkill","theEdgeheg:StarterDodgeSkill","theEdgeheg:BloodyKatana","theEdgeheg:ChaosControlSkill","theEdgeheg:GatherChaos","theEdgeheg:BetterDodge","theEdgeheg:RegularGun","theEdgeheg:UnplayableBomb","animator:Curse_GriefSeed","Conserve Battery"],"relics":["theEdgeheg:UltimateLifeformRelic","theEdgeheg:GreenEmeraldRelic","NeowsBlessing","hubris:Icosahedron","hubris:DisguiseKit","Potion Belt","Replay:Bottled Snecko"],"acts_visited":["Exordium"],"potions_floor_usage":[],"damage_taken":[{"damage":0,"enemies":"Jaw Worm","floor":1,"turns":1},{"damage":0,"enemies":"2 Louse","floor":2,"turns":1},{"damage":0,"enemies":"conspire:RoseBush","floor":3,"turns":1},{"damage":1,"enemies":"Lagavulin","floor":7,"turns":14},{"damage":0,"enemies":"Replay:BlueRogue","floor":10,"turns":1}],"seed_played":"-7255315065148756032","potions_obtained":[{"floor":3,"key":"Venom Potion"}],"is_trial":false,"path_per_floor":["M","M","M","?","?","R","E","?","T","E"],"character_chosen":"THE_DEFAULT","items_purchased":[],"campfire_rested":0,"item_purchase_floors":[],"current_hp_per_floor":[5,5,5,5,5,5,4,4,4,4,4],"gold":164,"neow_bonus":"THREE_ENEMY_KILL","is_daily":false,"chose_seed":false,"campfire_upgraded":0,"win_rate":0.0,"timestamp":1612227744,"path_taken":["M","M","M","?","?","R","E","?","T","E"],"items_purchased_type":[],"build_version":"2020-12-22","purchased_purges":0,"victory":false,"max_hp_per_floor":[5,5,5,5,5,5,5,5,5,5,5],"card_choices":[{"not_picked":["theEdgeheg:Girlfriend","theEdgeheg:BlackKatana"],"picked":"theEdgeheg:BetterDodge","floor":1},{"not_picked":["theEdgeheg:Butt","theEdgeheg:CrazyGirlfriend"],"picked":"theEdgeheg:RegularGun","floor":2},{"not_picked":["theEdgeheg:BetterDodge","theEdgeheg:SkateboardTrick"],"picked":"theEdgeheg:UnplayableBomb","floor":3},{"not_picked":["theEdgeheg:BloodyKatana","theEdgeheg:EmeraldGirlfriend","theEdgeheg:BetterDodge"],"picked":"Conserve Battery","floor":7}],"player_experience":692909,"relics_obtained":[{"floor":7,"key":"Potion Belt"},{"floor":8,"key":"Replay:Bottled Snecko"}],"event_choices":[],"is_beta":false,"boss_relics":[],"items_purged_floors":[],"is_endless":false,"potions_floor_spawned":[3],"killed_by":"Replay:BlueRogue","ascension_level":0}}