{"host":"28bpuzdckreop5i0","time":1612228573,"event":{"mods":["BaseMod","Challenge The Spire","Defuse TimeMaze Blight","Downfall","Energized Spire","Googly Eyes","Minty Spire (QoL Compilation)","Relic Stats","Shop Mod","Spicy Shops","StSLib","The Awakened One except there are too many feathers","The IronCluck","Transform Curses","slay the spire mod where everything is the same but ironclad has a cowboy hat"],"gold_per_floor":[99,112,128,140,240,268,268,6,6,106,121,121,121,121,140,140,140,140],"floor_reached":16,"language":"ENG","playtime":928,"items_purged":["champ:Strike"],"score":105,"play_id":"863252e4-2b3e-49f6-8172-700fa4599731","local_time":"20210201191613","is_ascension_mode":true,"campfire_choices":[{"data":"champ:Taunt","floor":1,"key":"SMITH"},{"floor":9,"key":"REST"},{"floor":13,"key":"REST"}],"circlet_count":0,"master_deck":["champ:Strike","champ:Strike","champ:Strike","champ:Defend","champ:Defend","champ:Defend","champ:Defend","champ:Execute","champ:Taunt+1","champ:ShieldSlam","champ:AdrenalArmor","champ:RapidStrikes","champ:BerserkersShout","champ:ShieldSigil","champ:FocusedBerserking","champ:BringItOn","champ:Encircle"],"relics":["champ:ChampionCrown","Question Card","Guardian:PocketSentry","Juzu Bracelet","CloakClasp","downfall:BrokenWingStatue"],"acts_visited":["Exordium"],"potions_floor_usage":[16],"damage_taken":[{"damage":28,"enemies":"Jaw Worm","floor":2,"turns":4},{"damage":0,"enemies":"2 Louse","floor":3,"turns":2},{"damage":22,"enemies":"Small Slimes","floor":4,"turns":4},{"damage":85,"enemies":"Gremlin Nob","floor":6,"turns":6},{"damage":28,"enemies":"downfall:FleeingMerchant","floor":8,"turns":4},{"damage":126,"enemies":"downfall:FleeingMerchant","floor":10,"turns":10},{"damage":25,"enemies":"Blue Slaver","floor":11,"turns":4},{"damage":49,"enemies":"Exordium Thugs","floor":15,"turns":6},{"damage":88,"enemies":"IC_STATUS_ARCHETYPE","floor":16,"turns":8}],"seed_played":"6694508263067002416","potions_obtained":[{"floor":3,"key":"champ:TechniquePotion"},{"floor":11,"key":"SkillPotion"},{"floor":15,"key":"Ancient Potion"}],"is_trial":false,"path_per_floor":["R","M","M","M","?","E","T","$","R","?","M","?","R","?","M","B"],"character_chosen":"THE_CHAMP","items_purchased":["champ:ShieldSigil","Juzu Bracelet"],"campfire_rested":2,"item_purchase_floors":[8,8],"current_hp_per_floor":[99,91,91,89,89,29,29,24,53,17,17,17,46,46,42,0,0,0],"gold":140,"neow_bonus":"TEN_PERCENT_HP_BONUS","is_daily":false,"chose_seed":false,"campfire_upgraded":1,"win_rate":0.0,"timestamp":1612228573,"path_taken":["R","M","M","M","?","E","T","$","R","?","M","?","R","?","M","BOSS"],"items_purchased_type":["Card","Relic"],"build_version":"2020-12-22","purchased_purges":1,"victory":false,"max_hp_per_floor":[99,99,99,99,99,99,99,99,99,99,99,99,99,99,99,99,99,99],"relic_stats":{"counters":[9,47],"Juzu Bracelet":0,"CloakClasp":[28],"Question Card":4,"obtain_stats":[{"downfall:BrokenWingStatue":12,"champ:ChampionCrown":0,"Guardian:PocketSentry":7,"Juzu Bracelet":8,"CloakClasp":10,"Question Card":6},{"downfall:BrokenWingStatue":7,"champ:ChampionCrown":0,"Guardian:PocketSentry":4,"Juzu Bracelet":5,"CloakClasp":6,"Question Card":4},{"downfall:BrokenWingStatue":33,"champ:ChampionCrown":0,"Guardian:PocketSentry":16,"Juzu Bracelet":20,"CloakClasp":30,"Question Card":16}]},"card_choices":[{"not_picked":["champ:PreciseThrust","champ:FlashCut"],"picked":"champ:ShieldSlam","floor":2},{"not_picked":["champ:Backstep","champ:StanceDance"],"picked":"champ:AdrenalArmor","floor":3},{"not_picked":["champ:FancyFootwork","champ:EnGarde"],"picked":"champ:RapidStrikes","floor":4},{"not_picked":["champ:CrownThrow","champ:EnchantCrown"],"picked":"champ:BerserkersShout","floor":6},{"not_picked":["champ:FaceSlap","champ:EnGarde","champ:FocusedDefense","champ:Haymaker"],"picked":"SKIP","floor":8},{"not_picked":["champ:PreciseThrust","champ:Backstep","champ:FanOfKnives"],"picked":"champ:FocusedBerserking","floor":10},{"not_picked":["champ:EnGarde","champ:PreemptiveStrike","champ:BerserkersShout"],"picked":"champ:BringItOn","floor":11},{"not_picked":["champ:BringItOn","champ:GutPunch","champ:DeathBlow"],"picked":"champ:Encircle","floor":15}],"player_experience":943575,"relics_obtained":[{"floor":6,"key":"Question Card"},{"floor":7,"key":"Guardian:PocketSentry"},{"floor":10,"key":"CloakClasp"}],"event_choices":[],"is_beta":false,"boss_relics":[],"items_purged_floors":[8],"is_endless":false,"potions_floor_spawned":[3,11,15],"killed_by":"IC_STATUS_ARCHETYPE","ascension_level":1}}