{"host":"cjhtzh7tp54jdfyv","time":1612276913,"event":{"mods":["AchievementEnabler","BaseMod","Colored Map","Colored Powertips","Curses Come First","DeckTracker","Minty Spire (QoL Compilation)","RNG Fix","Relic Sorter","Relic Stats","StSLib","UnlockEverythingMod","ojb\u0027s Better Paths Mod","ojb\u0027s Info Mod"],"gold_per_floor":[114,114,127,38,115,143,162,192,192,192,212,212,243,22,22,96,96,113,125,139,163,163,191,5,32,57,57,87,100,116,150,150,222,222,239,77,94,94,94,125,140,156,456,470,500,500,510,510,510,510,510,510,510,18,43,43],"floor_reached":57,"language":"ENG","playtime":5920,"items_purged":["Defend_G","Pain","Strike_G","Strike_G"],"score":3070,"play_id":"7c03fd86-5591-4af9-afe5-53332956d3b1","local_time":"20210202094153","is_ascension_mode":true,"campfire_choices":[{"data":"Phantasmal Killer","floor":10,"key":"SMITH"},{"data":"Predator","floor":12,"key":"SMITH"},{"data":"Envenom","floor":15,"key":"SMITH"},{"data":"Terror","floor":27,"key":"SMITH"},{"floor":32,"key":"DIG"},{"floor":49,"key":"RECALL"},{"floor":53,"key":"DIG"}],"circlet_count":0,"master_deck":["AscendersBane","Strike_G","Strike_G","Strike_G+1","Defend_G","Defend_G","Defend_G+1","Survivor","Neutralize+1","Predator+1","Backstab","Phantasmal Killer+1","Backflip+1","Backstab","Envenom+1","After Image","Slice","Terror+1","Deflect+1","Poisoned Stab+1","Prepared+1","Venomology+1","Reflex+1","Tactician+1","Adrenaline+1","Blade Dance+1","Blade Dance+1","Footwork+1","Concentrate+1","Backflip+1","Blade Dance+1","Infinite Blades","Blind+1","Blade Dance+1","Flash of Steel","Predator","Acrobatics+1"],"relics":["Ring of the Snake","Nunchaku","Tiny Chest","Meat on the Bone","Smiling Mask","Dream Catcher","Ninja Scroll","Whetstone","Membership Card","WristBlade","Centennial Puzzle","WarpedTongs","MawBank","Toxic Egg 2","Boot","Bottled Lightning","Shovel","Fusion Hammer","ClockworkSouvenir","Darkstone Periapt","PreservedInsect","Old Coin","The Courier","White Beast Statue","HornCleat","OrangePellets","Oddly Smooth Stone","War Paint","Bronze Scales","Ginger","Orichalcum"],"acts_visited":["Exordium","TheCity","TheBeyond","TheEnding"],"potions_floor_usage":[6,16,23,25,30,31,33,33,33,40,40,40,42,44,47,50,50,51,56,56,56],"damage_taken":[{"damage":4,"enemies":"Small Slimes","floor":1,"turns":4},{"damage":0,"enemies":"Jaw Worm","floor":3,"turns":3},{"damage":30,"enemies":"Gremlin Nob","floor":6,"turns":4},{"damage":0,"enemies":"2 Louse","floor":7,"turns":2},{"damage":20,"enemies":"3 Sentries","floor":8,"turns":6},{"damage":6,"enemies":"Exordium Thugs","floor":11,"turns":3},{"damage":0,"enemies":"Gremlin Nob","floor":13,"turns":2},{"damage":47,"enemies":"Slime Boss","floor":16,"turns":11},{"damage":13,"enemies":"Shell Parasite","floor":18,"turns":2},{"damage":12,"enemies":"3 Byrds","floor":19,"turns":5},{"damage":1,"enemies":"Cultist and Chosen","floor":20,"turns":5},{"damage":18,"enemies":"Slavers","floor":23,"turns":7},{"damage":0,"enemies":"Gremlin Leader","floor":25,"turns":3},{"damage":15,"enemies":"Book of Stabbing","floor":28,"turns":3},{"damage":17,"enemies":"Snake Plant","floor":29,"turns":2},{"damage":0,"enemies":"Centurion and Healer","floor":30,"turns":4},{"damage":6,"enemies":"Slavers","floor":31,"turns":5},{"damage":27,"enemies":"Champ","floor":33,"turns":10},{"damage":0,"enemies":"3 Shapes","floor":35,"turns":2},{"damage":4,"enemies":"3 Darklings","floor":37,"turns":4},{"damage":5,"enemies":"Nemesis","floor":40,"turns":3},{"damage":0,"enemies":"Sphere and 2 Shapes","floor":41,"turns":3},{"damage":0,"enemies":"Jaw Worm Horde","floor":42,"turns":4},{"damage":0,"enemies":"Transient","floor":44,"turns":6},{"damage":0,"enemies":"Reptomancer","floor":45,"turns":3},{"damage":0,"enemies":"Sphere and 2 Shapes","floor":47,"turns":2},{"damage":14,"enemies":"Time Eater","floor":50,"turns":6},{"damage":8,"enemies":"Donu and Deca","floor":51,"turns":8},{"damage":12,"enemies":"Shield and Spear","floor":55,"turns":3},{"damage":31,"enemies":"The Heart","floor":56,"turns":6}],"seed_played":"5675172273923705697","potions_obtained":[{"floor":1,"key":"FairyPotion"},{"floor":3,"key":"Swift Potion"},{"floor":11,"key":"GamblersBrew"},{"floor":20,"key":"ColorlessPotion"},{"floor":23,"key":"LiquidMemories"},{"floor":30,"key":"Regen Potion"},{"floor":33,"key":"SmokeBomb"},{"floor":35,"key":"Weak Potion"},{"floor":41,"key":"Strength Potion"},{"floor":44,"key":"ColorlessPotion"},{"floor":45,"key":"AttackPotion"},{"floor":55,"key":"Fire Potion"}],"is_trial":false,"path_per_floor":["M","?","M","$","T","E","M","E","T","R","M","R","E","$","R","B",null,"M","M","M","T","?","E","$","E","T","R","E","M","M","E","R","B",null,"M","$","M","?","T","E","M","M","T","M","E","?","M","T","R","B","B",null,"R","$","E","B",null],"character_chosen":"THE_SILENT","items_purchased":["Backstab","Membership Card","Toxic Egg 2","Prepared+1","Blade Dance+1","ClockworkSouvenir","OrangePellets","Oddly Smooth Stone","War Paint","Bronze Scales","Flash of Steel","Ginger","Predator"],"campfire_rested":0,"item_purchase_floors":[4,14,24,24,36,36,54,54,54,54,54,54,54],"current_hp_per_floor":[55,48,48,48,48,30,42,34,34,34,40,40,40,40,40,24,56,43,43,42,42,42,36,36,36,36,36,33,28,40,43,43,28,57,57,57,53,53,53,48,48,48,48,48,48,38,38,38,38,36,42,60,60,60,48,29],"gold":43,"neow_bonus":"RANDOM_COMMON_RELIC","is_daily":false,"chose_seed":false,"campfire_upgraded":4,"win_rate":0.0,"timestamp":1612276913,"path_taken":["M","?","?","?","?","E","?","E","T","R","M","R","E","?","R","BOSS","M","?","M","?","?","E","$","E","T","R","E","M","?","E","R","BOSS","M","$","M","?","?","E","M","?","T","M","E","?","?","?","R","BOSS","BOSS","R","$","E","BOSS"],"items_purchased_type":["Card","Relic","Relic","Card","Card","Relic","Relic","Relic","Relic","Relic","Card","Relic","Card"],"build_version":"2020-12-22","purchased_purges":4,"victory":true,"max_hp_per_floor":[66,66,66,66,66,66,66,66,66,66,66,66,66,66,66,66,66,66,66,66,66,66,66,66,66,66,66,66,66,66,66,66,66,66,66,66,66,66,66,66,66,66,66,66,66,66,66,66,66,66,66,66,66,66,66,66],"relic_stats":{"Darkstone Periapt":0,"counters":[30,131],"PreservedInsect":138,"Whetstone":["Neutralize","Strike_G"],"Ginger":[2],"War Paint":["Backflip","Defend_G"],"Orichalcum":[6],"Smiling Mask":11,"MawBank":12,"Boot":[22],"WarpedTongs":[83],"OrangePellets":[1],"Nunchaku":[29],"Dream Catcher":0,"Centennial Puzzle":[33],"Shovel":2,"Bronze Scales":[55],"Tiny Chest":4,"obtain_stats":[{"Darkstone Periapt":39,"Whetstone":13,"Ginger":54,"Smiling Mask":6,"Boot":25,"ClockworkSouvenir":36,"Old Coin":43,"Dream Catcher":8,"Centennial Puzzle":21,"Nunchaku":32,"Shovel":31,"HornCleat":53,"WristBlade":17,"Ninja Scroll":9,"Tiny Chest":0,"Fusion Hammer":34,"Toxic Egg 2":24,"Ring of the Snake":0,"Oddly Smooth Stone":54,"PreservedInsect":40,"The Courier":45,"War Paint":54,"Orichalcum":55,"MawBank":23,"White Beast Statue":48,"WarpedTongs":22,"OrangePellets":54,"Bronze Scales":54,"Membership Card":14,"Bottled Lightning":28,"Meat on the Bone":5},{"Darkstone Periapt":20,"Whetstone":7,"Ginger":28,"Smiling Mask":3,"Boot":13,"ClockworkSouvenir":19,"Old Coin":23,"Dream Catcher":5,"Centennial Puzzle":11,"Nunchaku":17,"Shovel":17,"HornCleat":28,"WristBlade":8,"Ninja Scroll":5,"Tiny Chest":0,"Fusion Hammer":18,"Toxic Egg 2":12,"Ring of the Snake":0,"Oddly Smooth Stone":28,"PreservedInsect":21,"The Courier":25,"War Paint":28,"Orichalcum":29,"MawBank":12,"White Beast Statue":26,"WarpedTongs":11,"OrangePellets":28,"Bronze Scales":28,"Membership Card":7,"Bottled Lightning":14,"Meat on the Bone":2},{"Darkstone Periapt":87,"Whetstone":24,"Ginger":122,"Smiling Mask":11,"Boot":57,"ClockworkSouvenir":83,"Old Coin":97,"Dream Catcher":19,"Centennial Puzzle":47,"Nunchaku":71,"Shovel":71,"HornCleat":122,"WristBlade":35,"Ninja Scroll":19,"Tiny Chest":0,"Fusion Hammer":81,"Toxic Egg 2":54,"Ring of the Snake":0,"Oddly Smooth Stone":122,"PreservedInsect":90,"The Courier":106,"War Paint":122,"Orichalcum":125,"MawBank":54,"White Beast Statue":108,"WarpedTongs":47,"OrangePellets":122,"Bronze Scales":122,"Membership Card":24,"Bottled Lightning":60,"Meat on the Bone":7}],"Ring of the Snake":[60],"Meat on the Bone":156},"card_choices":[{"not_picked":["Prepared","PiercingWail"],"picked":"Predator","floor":1},{"not_picked":["Concentrate","PiercingWail","Accuracy"],"picked":"SKIP","floor":3},{"not_picked":["Catalyst","Bullet Time"],"picked":"Phantasmal Killer","floor":6},{"not_picked":["Quick Slash","Setup"],"picked":"Backflip","floor":7},{"not_picked":["Crippling Poison","Catalyst","Deflect"],"picked":"SKIP","floor":8},{"not_picked":["Sucker Punch","Prepared"],"picked":"Backstab","floor":11},{"not_picked":["A Thousand Cuts","Deadly Poison"],"picked":"Envenom","floor":13},{"not_picked":["Grand Finale","Burst"],"picked":"After Image","floor":16},{"not_picked":["Sucker Punch","Flying Knee","Slice"],"picked":"SKIP","floor":18},{"not_picked":["Sucker Punch","Flying Knee"],"picked":"Slice","floor":18},{"not_picked":["Quick Slash","Outmaneuver"],"picked":"Terror","floor":19},{"not_picked":["Quick Slash","Expertise+1"],"picked":"Deflect+1","floor":20},{"not_picked":["Outmaneuver","Dodge and Roll"],"picked":"Poisoned Stab+1","floor":23},{"not_picked":["Well Laid Plans","Flying Knee"],"picked":"Venomology+1","floor":25},{"not_picked":["Acrobatics+1","Expertise+1"],"picked":"Reflex+1","floor":28},{"not_picked":["Deflect+1","Slice"],"picked":"Tactician+1","floor":29},{"not_picked":["Deadly Poison+1","Masterful Stab","Skewer"],"picked":"SKIP","floor":30},{"not_picked":["Reflex+1","Distraction+1","Footwork"],"picked":"SKIP","floor":31},{"not_picked":["Reflex+1","Distraction+1","Footwork"],"picked":"SKIP","floor":31},{"not_picked":["Night Terror+1","Envenom"],"picked":"Adrenaline+1","floor":33},{"not_picked":["Dagger Throw","Quick Slash"],"picked":"Blade Dance+1","floor":35},{"not_picked":["Accuracy","Caltrops"],"picked":"Footwork+1","floor":37},{"not_picked":["Slice","Bouncing Flask+1","Outmaneuver+1"],"picked":"SKIP","floor":40},{"not_picked":["PiercingWail+1","Bane"],"picked":"Concentrate+1","floor":41},{"not_picked":["Quick Slash","Dagger Spray"],"picked":"Backflip+1","floor":42},{"not_picked":["All Out Attack","PiercingWail+1"],"picked":"Blade Dance+1","floor":44},{"not_picked":["Crippling Poison+1","Flying Knee"],"picked":"Infinite Blades","floor":45},{"not_picked":["HandOfGreed","Discovery+1"],"picked":"Blind+1","floor":46},{"not_picked":["Slice+1","Crippling Poison+1"],"picked":"Blade Dance+1","floor":47},{"not_picked":["Tactician+1","Deflect+1"],"picked":"Acrobatics+1","floor":55}],"player_experience":4583511,"relics_obtained":[{"floor":5,"key":"Meat on the Bone"},{"floor":6,"key":"Smiling Mask"},{"floor":8,"key":"Dream Catcher"},{"floor":9,"key":"Ninja Scroll"},{"floor":13,"key":"Whetstone"},{"floor":21,"key":"Centennial Puzzle"},{"floor":23,"key":"MawBank"},{"floor":25,"key":"Boot"},{"floor":28,"key":"Bottled Lightning"},{"floor":31,"key":"Shovel"},{"floor":32,"key":"Nunchaku"},{"floor":39,"key":"Darkstone Periapt"},{"floor":40,"key":"PreservedInsect"},{"floor":43,"key":"Old Coin"},{"floor":45,"key":"The Courier"},{"floor":48,"key":"White Beast Statue"},{"floor":53,"key":"HornCleat"},{"floor":55,"key":"Orichalcum"}],"event_choices":[{"cards_removed":["Defend_G"],"damage_healed":0,"gold_gain":0,"player_choice":"Card Removal","damage_taken":7,"max_hp_gain":0,"max_hp_loss":0,"event_name":"Golden Wing","floor":2,"gold_loss":0},{"damage_healed":0,"gold_gain":0,"player_choice":"Rummage","damage_taken":0,"relics_obtained":["WarpedTongs"],"max_hp_gain":0,"max_hp_loss":0,"event_name":"Accursed Blacksmith","floor":22,"gold_loss":0,"cards_obtained":["Pain"]},{"damage_healed":0,"gold_gain":0,"player_choice":"Ignored","damage_taken":0,"max_hp_gain":0,"max_hp_loss":0,"event_name":"SecretPortal","floor":38,"gold_loss":0},{"damage_healed":0,"gold_gain":0,"player_choice":"Memory 3","damage_taken":10,"max_hp_gain":0,"max_hp_loss":0,"event_name":"SensoryStone","floor":46,"gold_loss":0}],"is_beta":false,"boss_relics":[{"not_picked":["SacredBark","Snecko Eye"],"picked":"WristBlade"},{"not_picked":["Empty Cage","Velvet Choker"],"picked":"Fusion Hammer"}],"items_purged_floors":[14,24,36,54],"is_endless":false,"potions_floor_spawned":[1,3,11,20,23,30,33,35,41,44,45,55],"ascension_level":20}}