{"host":"12g8pzxdn4uh7yby","time":1612267601,"event":{"mods":["AchievementEnabler","BaseMod","Colored Map","Highlight Path","Minty Spire (QoL Compilation)","Relic Stats","StSLib"],"gold_per_floor":[115,128,128,3,21,21,52,52,52,82,97,97,110,110,110,205,205,252,296,296,346,386,386,418,435,481,529,529,560,205,263,263,362,362,402,442,170,170,20,45,94,119,196,252,252,316,316,328,328,328,328,328,21,48,48,48],"floor_reached":55,"playtime":6365,"items_purged":["Pain","Strike_P","Strike_P","Strike_P","Strike_P"],"score":1021,"play_id":"d4106c55-fb8b-4d3f-9452-f597e92edf65","local_time":"20210202050641","is_ascension_mode":true,"campfire_choices":[{"data":"WheelKick","floor":6,"key":"SMITH"},{"data":"ThirdEye","floor":12,"key":"SMITH"},{"data":"Madness","floor":15,"key":"SMITH"},{"data":"Wish","floor":23,"key":"SMITH"},{"data":"1","floor":28,"key":"LIFT"},{"data":"2","floor":32,"key":"LIFT"},{"floor":47,"key":"RECALL"},{"floor":49,"key":"DIG"},{"data":"3","floor":52,"key":"LIFT"}],"circlet_count":0,"master_deck":["Defend_P","Defend_P","Defend_P","Defend_P","Eruption","Vigilance","InnerPeace","CutThroughFate","WheelKick+1","ThirdEye+1","EmptyMind","Adaptation","Adaptation","CrushJoints+1","Adaptation","Madness+1","Wish+1","CutThroughFate+1","Wallop+1","LikeWater+1","LikeWater+1","Tantrum+1","Wireheading+1","Vault","TalkToTheHand+1","Collect","Wireheading+1","FearNoEvil+1","Madness","Madness","Ragnarok+1","LikeWater+1","Devotion+1"],"relics":["PureWater","WarpedTongs","Molten Egg 2","Meat on the Bone","Bird Faced Urn","Snecko Eye","Frozen Egg 2","Girya","Lantern","Bottled Tornado","Happy Flower","Bag of Preparation","VioletLotus","TheAbacus","Nunchaku","Centennial Puzzle","Shovel","Blood Vial","White Beast Statue","Membership Card","Sundial"],"acts_visited":["Exordium","TheCity","TheBeyond","TheEnding"],"potions_floor_usage":[7,13,18,21,25,29,31,36,41,50,55],"damage_taken":[{"damage":6,"enemies":"Jaw Worm","floor":1,"turns":6},{"damage":0,"enemies":"Cultist","floor":2,"turns":2},{"damage":0,"enemies":"2 Louse","floor":5,"turns":3},{"damage":0,"enemies":"Gremlin Nob","floor":7,"turns":2},{"damage":17,"enemies":"Lagavulin","floor":10,"turns":7},{"damage":0,"enemies":"2 Fungi Beasts","floor":11,"turns":4},{"damage":22,"enemies":"Lots of Slimes","floor":13,"turns":5},{"damage":3,"enemies":"The Guardian","floor":16,"turns":9},{"damage":27,"enemies":"Spheric Guardian","floor":18,"turns":6},{"damage":11,"enemies":"Shell Parasite","floor":19,"turns":6},{"damage":0,"enemies":"Snecko","floor":21,"turns":2},{"damage":0,"enemies":"Snake Plant","floor":22,"turns":3},{"damage":7,"enemies":"Book of Stabbing","floor":24,"turns":4},{"damage":18,"enemies":"Shelled Parasite and Fungi","floor":25,"turns":5},{"damage":0,"enemies":"Centurion and Healer","floor":27,"turns":3},{"damage":9,"enemies":"Gremlin Leader","floor":29,"turns":5},{"damage":6,"enemies":"Slavers","floor":31,"turns":6},{"damage":8,"enemies":"Automaton","floor":33,"turns":5},{"damage":5,"enemies":"3 Shapes","floor":35,"turns":4},{"damage":12,"enemies":"3 Darklings","floor":36,"turns":4},{"damage":1,"enemies":"Giant Head","floor":40,"turns":4},{"damage":8,"enemies":"Writhing Mass","floor":41,"turns":6},{"damage":0,"enemies":"Nemesis","floor":42,"turns":5},{"damage":4,"enemies":"Reptomancer","floor":44,"turns":5},{"damage":0,"enemies":"Giant Head","floor":46,"turns":5},{"damage":0,"enemies":"Transient","floor":48,"turns":6},{"damage":1,"enemies":"Awakened One","floor":50,"turns":6},{"damage":18,"enemies":"Shield and Spear","floor":54,"turns":4},{"damage":127,"enemies":"The Heart","floor":55,"turns":3}],"seed_played":"8650390289669914538","potions_obtained":[{"floor":1,"key":"SpeedPotion"},{"floor":5,"key":"DistilledChaos"},{"floor":10,"key":"Swift Potion"},{"floor":16,"key":"EssenceOfSteel"},{"floor":18,"key":"Energy Potion"},{"floor":21,"key":"DistilledChaos"},{"floor":25,"key":"AttackPotion"},{"floor":29,"key":"EssenceOfSteel"},{"floor":33,"key":"SmokeBomb"},{"floor":35,"key":"LiquidBronze"},{"floor":36,"key":"DistilledChaos"},{"floor":40,"key":"PowerPotion"},{"floor":44,"key":"SmokeBomb"},{"floor":54,"key":"SteroidPotion"}],"is_trial":false,"path_per_floor":["M","M","?","$","M","R","E","?","T","E","M","R","M","?","R","B",null,"M","M","T","M","M","R","E","M","T","M","R","E","$","E","R","B",null,"M","M","$","?","$","E","M","E","T","E","?","E","R","M","R","B",null,"R","$","E","B"],"character_chosen":"WATCHER","items_purchased":["ThirdEye","Tantrum+1","DistilledChaos","Happy Flower","TheAbacus","Membership Card","Ragnarok+1","LikeWater+1"],"campfire_rested":0,"item_purchase_floors":[4,30,30,30,37,53,53,53],"current_hp_per_floor":[66,66,66,66,66,66,66,71,71,54,58,58,40,40,40,43,77,52,47,47,49,55,55,54,42,42,48,48,47,47,51,51,55,77,76,69,69,62,62,73,71,77,77,77,67,77,77,77,77,77,77,77,77,67,0,0],"gold":48,"neow_bonus":"THREE_CARDS","is_daily":false,"chose_seed":false,"campfire_upgraded":4,"win_rate":0.0,"timestamp":1612267601,"path_taken":["M","M","?","$","?","R","E","?","T","E","M","R","M","?","R","BOSS","M","?","?","M","M","R","E","M","T","M","R","E","$","E","R","BOSS","M","M","$","?","?","E","M","E","T","E","?","E","R","M","R","BOSS","R","$","E","BOSS"],"items_purchased_type":["Card","Card","Potion","Relic","Relic","Relic","Card","Card"],"build_version":"2020-12-13","purchased_purges":5,"victory":false,"max_hp_per_floor":[72,72,72,72,72,72,72,77,77,77,77,77,77,77,77,77,77,77,77,77,77,77,77,77,77,77,77,77,77,77,77,77,77,77,77,77,77,77,77,77,77,77,77,77,77,77,77,77,77,77,77,77,77,77,77,77],"relic_stats":{"Happy Flower":[21],"counters":[29,135],"Bag of Preparation":[24],"WarpedTongs":[127],"Blood Vial":2,"Nunchaku":[11],"Centennial Puzzle":[12],"TheAbacus":[126],"Shovel":1,"Sundial":[0],"Bird Faced Urn":[144],"Snecko Eye":[259,238,219,267],"VioletLotus":[25],"obtain_stats":[{"Girya":24,"Lantern":26,"Happy Flower":30,"Bag of Preparation":31,"Frozen Egg 2":20,"Bottled Tornado":29,"White Beast Statue":49,"WarpedTongs":3,"Blood Vial":46,"Nunchaku":40,"Centennial Puzzle":42,"TheAbacus":37,"Shovel":44,"Sundial":54,"Bird Faced Urn":10,"Snecko Eye":17,"Molten Egg 2":7,"VioletLotus":34,"Membership Card":53,"PureWater":0,"Meat on the Bone":9},{"Girya":13,"Lantern":14,"Happy Flower":16,"Bag of Preparation":17,"Frozen Egg 2":10,"Bottled Tornado":16,"White Beast Statue":26,"WarpedTongs":2,"Blood Vial":25,"Nunchaku":21,"Centennial Puzzle":23,"TheAbacus":20,"Shovel":24,"Sundial":28,"Bird Faced Urn":5,"Snecko Eye":8,"Molten Egg 2":4,"VioletLotus":18,"Membership Card":27,"PureWater":0,"Meat on the Bone":4},{"Girya":59,"Lantern":64,"Happy Flower":72,"Bag of Preparation":78,"Frozen Egg 2":50,"Bottled Tornado":72,"White Beast Statue":122,"WarpedTongs":8,"Blood Vial":116,"Nunchaku":95,"Centennial Puzzle":106,"TheAbacus":91,"Shovel":111,"Sundial":132,"Bird Faced Urn":20,"Snecko Eye":38,"Molten Egg 2":13,"VioletLotus":83,"Membership Card":128,"PureWater":0,"Meat on the Bone":13}],"Meat on the Bone":0},"card_choices":[{"not_picked":["Study","Evaluate"],"picked":"InnerPeace","floor":0},{"not_picked":["Prostrate","Halt"],"picked":"CutThroughFate","floor":1},{"not_picked":["SignatureMove","EmptyFist"],"picked":"WheelKick","floor":2},{"not_picked":["ClearTheMind","ThirdEye"],"picked":"EmptyMind","floor":5},{"not_picked":["CarveReality+1","Perseverance"],"picked":"Adaptation","floor":7},{"not_picked":["SashWhip+1","JustLucky+1"],"picked":"Adaptation","floor":10},{"not_picked":["Prostrate","ClearTheMind"],"picked":"CrushJoints+1","floor":11},{"not_picked":["Consecrate+1","FlurryOfBlows+1","FollowUp+1"],"picked":"SKIP","floor":13},{"not_picked":["Blasphemy","MasterReality"],"picked":"Wish","floor":16},{"not_picked":["Indignation","BowlingBash+1"],"picked":"CutThroughFate+1","floor":18},{"not_picked":["Prostrate","JustLucky+1","BattleHymn"],"picked":"SKIP","floor":19},{"not_picked":["ThirdEye","Evaluate"],"picked":"Wallop+1","floor":21},{"not_picked":["Evaluate","PathToVictory+1","Consecrate+1"],"picked":"SKIP","floor":22},{"not_picked":["ConjureBlade","Judgement","SignatureMove+1"],"picked":"SKIP","floor":24},{"not_picked":["Halt+1","Consecrate+1","CarveReality+1"],"picked":"SKIP","floor":25},{"not_picked":["ThirdEye+1","Halt"],"picked":"LikeWater+1","floor":27},{"not_picked":["BowlingBash+1","Evaluate"],"picked":"LikeWater+1","floor":29},{"not_picked":["Evaluate","PathToVictory"],"picked":"Wireheading+1","floor":31},{"not_picked":["Establishment+1","Wish"],"picked":"Vault","floor":33},{"not_picked":["Weave+1","CrushJoints+1"],"picked":"TalkToTheHand+1","floor":35},{"not_picked":["CrushJoints+1","BowlingBash+1","JustLucky+1"],"picked":"SKIP","floor":36},{"not_picked":["WaveOfTheHand","ClearTheMind+1"],"picked":"Collect","floor":40},{"not_picked":["EmptyFist+1","ThirdEye"],"picked":"Wireheading+1","floor":41},{"not_picked":["EmptyFist+1","SandsOfTime+1"],"picked":"FearNoEvil+1","floor":42},{"not_picked":["Evaluate","Swivel+1","Halt"],"picked":"SKIP","floor":44},{"not_picked":["FollowUp+1","Worship+1","Alpha"],"picked":"SKIP","floor":46},{"not_picked":["EmptyBody+1","ThirdEye+1","Evaluate"],"picked":"SKIP","floor":48},{"not_picked":["InnerPeace","Wallop+1"],"picked":"Devotion+1","floor":54}],"player_experience":97417,"relics_obtained":[{"floor":7,"key":"Molten Egg 2"},{"floor":9,"key":"Meat on the Bone"},{"floor":10,"key":"Bird Faced Urn"},{"floor":20,"key":"Frozen Egg 2"},{"floor":24,"key":"Girya"},{"floor":26,"key":"Lantern"},{"floor":29,"key":"Bottled Tornado"},{"floor":31,"key":"Bag of Preparation"},{"floor":40,"key":"Nunchaku"},{"floor":42,"key":"Centennial Puzzle"},{"floor":44,"key":"Shovel"},{"floor":46,"key":"Blood Vial"},{"floor":49,"key":"White Beast Statue"},{"floor":54,"key":"Sundial"}],"event_choices":[{"damage_healed":0,"gold_gain":0,"player_choice":"Rummage","damage_taken":0,"relics_obtained":["WarpedTongs"],"max_hp_gain":0,"max_hp_loss":0,"event_name":"Accursed Blacksmith","floor":3,"gold_loss":0,"cards_obtained":["Pain"]},{"damage_healed":0,"gold_gain":0,"player_choice":"Donut","damage_taken":0,"max_hp_gain":5,"max_hp_loss":0,"event_name":"Big Fish","floor":8,"gold_loss":0},{"damage_healed":0,"gold_gain":0,"player_choice":"2 cards matched","damage_taken":0,"max_hp_gain":0,"max_hp_loss":0,"event_name":"Match and Keep!","floor":14,"gold_loss":0,"cards_obtained":["Adaptation","Madness"]},{"damage_healed":0,"gold_gain":0,"player_choice":"Damaged","damage_taken":7,"max_hp_gain":0,"max_hp_loss":0,"event_name":"Wheel of Change","floor":38,"gold_loss":0},{"damage_healed":0,"gold_gain":0,"player_choice":"Embrace Madness","damage_taken":10,"max_hp_gain":0,"max_hp_loss":0,"event_name":"Winding Halls","floor":45,"gold_loss":0,"cards_obtained":["Madness","Madness"]}],"is_beta":false,"boss_relics":[{"not_picked":["Cursed Key","Empty Cage"],"picked":"Snecko Eye"},{"not_picked":["Runic Dome","HolyWater"],"picked":"VioletLotus"}],"items_purged_floors":[4,30,37,39,53],"is_endless":false,"potions_floor_spawned":[1,5,10,16,18,21,25,29,33,35,36,40,44,54],"killed_by":"The Heart","ascension_level":2}}