{"host":"8jwif9mna8ud19ho","time":1612259425,"event":{"mods":["BaseMod","Better Vampires","Marisa£¨ìFÓê¡¡Ä§ÀíÉ³£©","Minty Spire (QoL Compilation)","Reimu£¨²©ÀöÁéÃÎ£©","RumiaBox-Â¶Ã×æ«µÄÉñÃØºÐ×Ó","StSLib","¡¾ÒÅÎï¿¨ÅÆ¡¿REMEMod"],"gold_per_floor":[114,114,114,133,143,172,247,276,327,327,327,361,374,402,402,476,476,492,417,430,430,445,445,478,478,478,513,533,561,581,581,581,656,656,666,682,211,229,276,311,311,356,356,386,386,65,83,103,103,183,183,183,22,130,130],"floor_reached":56,"language":"ZHS","playtime":1550,"items_purged":["Defend_P","Defend_P","Defend_P"],"score":2774,"play_id":"4e708613-1deb-4c79-9dd8-2b8d3906d5b3","local_time":"20210202175025","is_ascension_mode":true,"campfire_choices":[{"floor":11.0,"key":"REST"},{"floor":15.0,"key":"RECALL"},{"floor":23.0,"key":"REST"},{"floor":32.0,"key":"REST"},{"floor":41.0,"key":"REST"},{"floor":49,"key":"REST"},{"floor":52,"key":"REST"}],"circlet_count":0,"master_deck":["AscendersBane","Strike_P","Strike_P","Strike_P","Eruption+1","Vigilance","OctopathSalyBorderN:ReiMu+1","FlurryOfBlows","DeusExMachina","Vault+1","ForeignInfluence+1","FollowUp+1","Omniscience","Scrawl","WheelKick","FearNoEvil","REME_WheelOfFate","InnerPeace","Wallop"],"relics":["REME_ComplimentaryCards","Fusion Hammer","Kunai","Ancient Tea Set","PureWhite:ReiMu","Pen Nib","Happy Flower","Whetstone","Gremlin Horn","Astrolabe","Mastiff:ReiMu","Centennial Puzzle","Unceasing Top","Lantern","REME_HandOfSuture","Runic Dome","Bag of Preparation","Melange","Du-Vu Doll","Mango","Anchor","Potion Belt","Akabeko","PlanX"],"acts_visited":["Exordium","TheCity","TheBeyond","TheEnding"],"potions_floor_usage":[42,50,55,55,55,55],"damage_taken":[{"damage":0.0,"enemies":"Small Slimes","floor":1.0,"turns":1.0},{"damage":4.0,"enemies":"Jaw Worm","floor":4.0,"turns":2.0},{"damage":0.0,"enemies":"Cultist","floor":5.0,"turns":2.0},{"damage":22.0,"enemies":"Lagavulin","floor":6.0,"turns":7.0},{"damage":0.0,"enemies":"3 Sentries","floor":8.0,"turns":2.0},{"damage":0.0,"enemies":"Lagavulin","floor":12.0,"turns":3.0},{"damage":1.0,"enemies":"Blue Slaver","floor":13.0,"turns":2.0},{"damage":15.0,"enemies":"3 Sentries","floor":14.0,"turns":3.0},{"damage":24.0,"enemies":"Hexaghost","floor":16.0,"turns":6.0},{"damage":0.0,"enemies":"Chosen","floor":18.0,"turns":1.0},{"damage":0.0,"enemies":"Spheric Guardian","floor":20.0,"turns":1.0},{"damage":0.0,"enemies":"Centurion and Healer","floor":22.0,"turns":1.0},{"damage":0.0,"enemies":"REME_1_Revenger","floor":24.0,"turns":3.0},{"damage":3.0,"enemies":"Book of Stabbing","floor":27.0,"turns":2.0},{"damage":0.0,"enemies":"Chosen and Byrds","floor":28.0,"turns":2.0},{"damage":0.0,"enemies":"REME_1_Revenger","floor":29.0,"turns":3.0},{"damage":0.0,"enemies":"Snake Plant","floor":30.0,"turns":1.0},{"damage":34.0,"enemies":"Collector","floor":33.0,"turns":5.0},{"damage":18.0,"enemies":"3 Shapes","floor":35.0,"turns":1.0},{"damage":22.0,"enemies":"3 Darklings","floor":36.0,"turns":2.0},{"damage":18.0,"enemies":"4 Shapes","floor":38.0,"turns":1.0},{"damage":0.0,"enemies":"2 Orb Walkers","floor":39.0,"turns":1.0},{"damage":0.0,"enemies":"Nemesis","floor":40.0,"turns":2.0},{"damage":0,"enemies":"Reptomancer","floor":42,"turns":1},{"damage":0,"enemies":"Nemesis","floor":44,"turns":2},{"damage":0,"enemies":"Jaw Worm Horde","floor":47,"turns":2},{"damage":0,"enemies":"3 Darklings","floor":48,"turns":2},{"damage":10,"enemies":"Time Eater","floor":50,"turns":3},{"damage":0,"enemies":"Shield and Spear","floor":54,"turns":2},{"damage":71,"enemies":"The Heart","floor":55,"turns":6}],"seed_played":"6802562446024783520","potions_obtained":[{"floor":1.0,"key":"ZuzhouPotion:ReiMu"},{"floor":3.0,"key":"Fruit Juice"},{"floor":3.0,"key":"Dexterity Potion"},{"floor":8.0,"key":"CultistPotion"},{"floor":24.0,"key":"Block Potion"},{"floor":27.0,"key":"GamblersBrew"},{"floor":29.0,"key":"LiquidBronze"},{"floor":35.0,"key":"GamblersBrew"},{"floor":47,"key":"Weak Potion"},{"floor":48,"key":"SkillPotion"},{"floor":54,"key":"Strength Potion"}],"is_trial":false,"path_per_floor":["M","?","?","M","M","E","?","E","T","T","R","E","M","E","R","B",null,"M","$","M","?","M","R","E","?","T","E","M","E","M","?","R","B",null,"M","M","$","M","?","E","R","E","T","E","?","$","M","M","R","B",null,"R","$","E","B",null],"character_chosen":"WATCHER","items_purchased":["Bag of Preparation","FearNoEvil","Melange","REME_WheelOfFate","Wallop","GamblersBrew"],"campfire_rested":6,"item_purchase_floors":[37,37,37,46,53,53],"current_hp_per_floor":[61,56,61,57,57,35,24,24,24,24,45,45,44,29,29,5,56,56,56,56,56,56,73,73,73,73,70,70,70,70,70,73,39,65,47,25,25,7,7,21,47,47,47,47,47,47,47,47,73,63,81,87,87,87,16],"gold":130,"neow_bonus":"BOSS_RELIC","is_daily":false,"chose_seed":false,"campfire_upgraded":0,"win_rate":0.0,"timestamp":1612259425,"path_taken":["M","?","?","?","M","E","?","E","T","?","R","E","M","E","R","BOSS","M","$","M","?","?","R","E","?","T","E","M","E","M","?","R","BOSS","M","M","$","M","?","E","R","E","T","E","?","$","M","M","R","BOSS","R","$","E","BOSS"],"items_purchased_type":["Relic","Card","Relic","Card","Card","Potion"],"build_version":"2020-12-22","purchased_purges":3,"victory":true,"max_hp_per_floor":[68,68,73,73,73,73,73,73,73,73,73,73,73,73,73,73,73,73,73,73,73,73,73,73,73,73,73,73,73,73,73,73,73,73,73,73,73,73,73,87,87,87,87,87,87,87,87,87,87,87,87,87,87,87,87],"card_choices":[{"not_picked":["Swivel","BattleHymn","Prostrate"],"picked":"SKIP","floor":1.0},{"not_picked":["SandsOfTime","CrushJoints","Evaluate"],"picked":"SKIP","floor":4.0},{"not_picked":["Protect","JustLucky"],"picked":"MentalFortress","floor":5.0},{"not_picked":["FollowUp","Nirvana","JustLucky"],"picked":"SKIP","floor":6.0},{"not_picked":["Evaluate","WindmillStrike","EmptyMind"],"picked":"SKIP","floor":8.0},{"not_picked":["FollowUp","REME_WorshipGod"],"picked":"ClearTheMind","floor":12.0},{"not_picked":["SashWhip","FlurryOfBlows","PathToVictory"],"picked":"SKIP","floor":13.0},{"not_picked":["SashWhip","PathToVictory"],"picked":"FlurryOfBlows","floor":13.0},{"not_picked":["Judgement","BowlingBash","Consecrate"],"picked":"SKIP","floor":14.0},{"not_picked":["Establishment","Alpha"],"picked":"DeusExMachina","floor":16.0},{"not_picked":["Perseverance","FollowUp","Crescendo"],"picked":"SKIP","floor":18.0},{"not_picked":["BowlingBash","Halt","Protect"],"picked":"SKIP","floor":20.0},{"not_picked":["JustLucky","EmptyBody","Meditate"],"picked":"SKIP","floor":22.0},{"not_picked":["LikeWater","JustLucky","Halt"],"picked":"SKIP","floor":24.0},{"not_picked":["Study","EmptyBody"],"picked":"Omniscience","floor":27.0},{"not_picked":["BowlingBash","Halt","JustLucky"],"picked":"SKIP","floor":28.0},{"not_picked":["FollowUp","FlyingSleeves","DeceiveReality+1"],"picked":"SKIP","floor":29.0},{"not_picked":["ClearTheMind","Crescendo","Indignation"],"picked":"SKIP","floor":30.0},{"not_picked":["REME_EmptyShield","Ragnarok"],"picked":"Scrawl","floor":33.0},{"not_picked":["ReachHeaven","Protect"],"picked":"WheelKick","floor":35.0},{"not_picked":["EmptyBody","FlyingSleeves","FollowUp+1"],"picked":"SKIP","floor":36.0},{"not_picked":["CutThroughFate","Halt","Prostrate+1"],"picked":"SKIP","floor":38.0},{"not_picked":["DeusExMachina","Worship","FearNoEvil"],"picked":"SKIP","floor":40.0},{"not_picked":["Halt","Collect","BattleHymn+1"],"picked":"SKIP","floor":42},{"not_picked":["Study+1","Swivel","SpiritShield"],"picked":"SKIP","floor":44},{"not_picked":["FlurryOfBlows+1","REME_Repentance","Prostrate"],"picked":"SKIP","floor":47},{"not_picked":["DeceiveReality+1","SashWhip+1"],"picked":"InnerPeace","floor":48},{"not_picked":["Protect+1","SignatureMove","ClearTheMind"],"picked":"SKIP","floor":54}],"player_experience":1120730,"relics_obtained":[{"floor":6.0,"key":"Ancient Tea Set"},{"floor":8.0,"key":"PureWhite:ReiMu"},{"floor":9.0,"key":"Pen Nib"},{"floor":10.0,"key":"Happy Flower"},{"floor":12.0,"key":"Whetstone"},{"floor":14.0,"key":"Gremlin Horn"},{"floor":24.0,"key":"Centennial Puzzle"},{"floor":26.0,"key":"Unceasing Top"},{"floor":27.0,"key":"Lantern"},{"floor":29.0,"key":"REME_HandOfSuture"},{"floor":39.0,"key":"Du-Vu Doll"},{"floor":40.0,"key":"Mango"},{"floor":42,"key":"Anchor"},{"floor":44,"key":"Potion Belt"},{"floor":54,"key":"PlanX"}],"event_choices":[{"damage_healed":0.0,"max_hp_gain":0.0,"max_hp_loss":0.0,"gold_gain":0.0,"event_name":"Scrap Ooze","player_choice":"Success","floor":2.0,"gold_loss":0.0,"damage_taken":5.0,"relics_obtained":["Kunai"]},{"damage_healed":0.0,"max_hp_gain":0.0,"max_hp_loss":0.0,"gold_gain":0.0,"event_name":"Lab","player_choice":"Got Potions","floor":3.0,"gold_loss":0.0,"damage_taken":0.0},{"damage_healed":0.0,"max_hp_gain":0.0,"max_hp_loss":0.0,"gold_gain":75.0,"event_name":"World of Goop","player_choice":"Gather Gold","floor":7.0,"gold_loss":0.0,"damage_taken":11.0},{"damage_healed":0.0,"max_hp_gain":0.0,"max_hp_loss":0.0,"gold_gain":0.0,"event_name":"WeMeetAgain","player_choice":"Gave Potion","floor":21.0,"gold_loss":0.0,"damage_taken":0.0,"relics_obtained":["Mastiff:ReiMu"]},{"damage_healed":0.0,"max_hp_gain":0.0,"max_hp_loss":0.0,"gold_gain":0.0,"event_name":"Vampires","player_choice":"Ignored","floor":31.0,"gold_loss":0.0,"damage_taken":0.0},{"damage_healed":0.0,"max_hp_gain":0.0,"max_hp_loss":0.0,"gold_gain":0.0,"event_name":"Mysterious Sphere","player_choice":"Fight","floor":39.0,"gold_loss":0.0,"damage_taken":0.0},{"cards_removed":["Strike_P"],"damage_healed":0,"gold_gain":0,"player_choice":"Removed Attack","damage_taken":0,"max_hp_gain":0,"max_hp_loss":0,"event_name":"Falling","floor":45,"gold_loss":0}],"is_beta":false,"boss_relics":[{"not_picked":["REME_DemonsWealth","Empty Cage"],"picked":"Astrolabe"},{"not_picked":["AddBug","Coffee Dripper"],"picked":"Runic Dome"}],"items_purged_floors":[19,37,46],"is_endless":false,"potions_floor_spawned":[1,5,6,8,16,24,27,29,35,39,47,48,54],"ascension_level":18}}