{"host":"8is2j71l4wmybkoi","time":1612255765,"event":{"mods":["AchievementEnabler","BaseMod","Colored Map","Minty Spire (QoL Compilation)","Rare Cards Sparkle","StSLib","SuperFastMode"],"gold_per_floor":[113,113,132,132,9,9,48,66,93,93,118,151,163,189,201,306,318,350,378,390,416,62,62,112,143,143,156,81,81,117,136,136,136,136],"floor_reached":33,"language":"KOR","playtime":1150,"items_purged":["Strike_B","Sunder"],"score":648,"play_id":"a5f3cc82-36e6-4c94-bf29-d8baeaa6655a","local_time":"20210202174925","is_ascension_mode":true,"campfire_choices":[{"data":"Zap","floor":6.0,"key":"SMITH"},{"data":"Sweeping Beam","floor":15,"key":"SMITH"},{"data":"Static Discharge","floor":23,"key":"SMITH"},{"floor":29,"key":"REST"},{"data":"Beam Cell","floor":32,"key":"SMITH"}],"circlet_count":0,"master_deck":["AscendersBane","Zap+1","Dualcast+1","Sweeping Beam+1","Seek","Cold Snap","Gash","Gash","Chill","Reboot","Conserve Battery","Beam Cell+1","Darkness","Chill","Lockon","Turbo","Static Discharge+1","Compile Driver","Meteor Strike","Coolheaded","Conserve Battery","Redo+1","Hologram+1","Undo+1"],"relics":["Cracked Core","NeowsBlessing","Regal Pillow","Golden Idol","Cables","War Paint","MawBank","Mercury Hourglass","Pandora\u0027s Box","Mango","Toxic Egg 2","Lantern"],"acts_visited":["Exordium","TheCity"],"potions_floor_usage":[12,16,25,30],"damage_taken":[{"damage":0.0,"enemies":"2 Louse","floor":1.0,"turns":1.0},{"damage":0.0,"enemies":"Cultist","floor":3.0,"turns":1.0},{"damage":0.0,"enemies":"3 Sentries","floor":7.0,"turns":1.0},{"damage":13.0,"enemies":"Small Slimes","floor":8.0,"turns":2.0},{"damage":0.0,"enemies":"Exordium Wildlife","floor":11.0,"turns":2.0},{"damage":17,"enemies":"Lagavulin","floor":12,"turns":6},{"damage":0,"enemies":"2 Fungi Beasts","floor":14,"turns":2},{"damage":0,"enemies":"Slime Boss","floor":16,"turns":8},{"damage":12,"enemies":"Chosen","floor":18,"turns":3},{"damage":2,"enemies":"3 Byrds","floor":19,"turns":3},{"damage":12,"enemies":"Centurion and Healer","floor":21,"turns":3},{"damage":21,"enemies":"Book of Stabbing","floor":25,"turns":4},{"damage":11,"enemies":"Cultist and Chosen","floor":27,"turns":4},{"damage":11,"enemies":"Gremlin Leader","floor":30,"turns":5},{"damage":5,"enemies":"Shelled Parasite and Fungi","floor":31,"turns":3},{"damage":54,"enemies":"Champ","floor":33,"turns":8}],"seed_played":"-914655553588136742","potions_obtained":[{"floor":7.0,"key":"LiquidMemories"},{"floor":14,"key":"SteroidPotion"},{"floor":25,"key":"EssenceOfSteel"},{"floor":30,"key":"Fire Potion"}],"is_trial":false,"path_per_floor":["M","?","M","?","$","R","E","M","T","?","M","E","T","M","R","B",null,"M","M","?","M","$","R","?","E","T","M","?","R","E","M","R","B"],"character_chosen":"DEFECT","items_purchased":["FocusPotion","Meteor Strike","Coolheaded","Fire Potion"],"campfire_rested":1,"item_purchase_floors":[5,22,22,22],"current_hp_per_floor":[64,64,64,64,64,64,64,51,51,56,56,39,39,39,39,39,62,50,48,48,36,36,36,36,29,29,18,18,57,46,41,41,0,0],"gold":136,"neow_bonus":"THREE_ENEMY_KILL","is_daily":false,"chose_seed":false,"campfire_upgraded":4,"win_rate":0.0,"timestamp":1612255765,"path_taken":["M","?","?","?","?","R","E","M","T","?","M","E","?","M","R","BOSS","M","M","?","M","$","R","?","E","T","M","?","R","E","M","R","BOSS"],"items_purchased_type":["Potion","Card","Card","Potion"],"build_version":"2020-12-22","purchased_purges":2,"victory":false,"max_hp_per_floor":[71,71,71,64,64,64,64,64,64,69,69,69,69,69,69,69,69,69,69,69,69,69,69,69,83,83,83,83,83,83,83,83,83,83],"card_choices":[{"not_picked":["Stack","Auto Shields"],"picked":"Streamline","floor":1.0},{"not_picked":["Leap","Aggregate"],"picked":"Sweeping Beam","floor":3.0},{"not_picked":["Self Repair","Skim"],"picked":"Seek","floor":7.0},{"not_picked":["Turbo","Double Energy"],"picked":"Cold Snap","floor":8.0},{"not_picked":["Stack","Steam"],"picked":"Gash","floor":11.0},{"not_picked":["Conserve Battery","Turbo"],"picked":"Gash","floor":12},{"not_picked":["Barrage","Rebound"],"picked":"Chill","floor":14},{"not_picked":["Thunder Strike","Hyperbeam"],"picked":"Reboot","floor":16},{"not_picked":["Hello World","Sweeping Beam"],"picked":"Turbo","floor":18},{"not_picked":["Sunder","Chill"],"picked":"Static Discharge","floor":19},{"not_picked":["Go for the Eyes","Conserve Battery"],"picked":"Compile Driver","floor":21},{"not_picked":["Beam Cell","Steam Power+1"],"picked":"Conserve Battery","floor":25},{"not_picked":["Ball Lightning","Beam Cell"],"picked":"Redo+1","floor":27},{"not_picked":["FTL","Beam Cell"],"picked":"Hologram+1","floor":30},{"not_picked":["Barrage","Cold Snap"],"picked":"Undo+1","floor":31}],"player_experience":925146,"relics_obtained":[{"floor":7.0,"key":"Cables"},{"floor":9.0,"key":"War Paint"},{"floor":12,"key":"MawBank"},{"floor":13,"key":"Mercury Hourglass"},{"floor":25,"key":"Mango"},{"floor":26,"key":"Toxic Egg 2"},{"floor":30,"key":"Lantern"}],"event_choices":[{"cards_removed":["Streamline"],"damage_healed":0.0,"max_hp_gain":0.0,"max_hp_loss":0.0,"gold_gain":0.0,"event_name":"WeMeetAgain","player_choice":"Gave Card","floor":2.0,"gold_loss":0.0,"damage_taken":0.0,"relics_obtained":["Regal Pillow"]},{"damage_healed":0.0,"max_hp_gain":0.0,"max_hp_loss":7.0,"gold_gain":0.0,"event_name":"Golden Idol","player_choice":"Lose Max HP","floor":4.0,"gold_loss":0.0,"damage_taken":0.0,"relics_obtained":["Golden Idol"]},{"damage_healed":0.0,"max_hp_gain":5.0,"max_hp_loss":0.0,"gold_gain":0.0,"event_name":"Big Fish","player_choice":"Donut","floor":10.0,"gold_loss":0.0,"damage_taken":0.0},{"damage_healed":0,"gold_gain":0,"player_choice":"Ignored","damage_taken":0,"max_hp_gain":0,"max_hp_loss":0,"event_name":"Vampires","floor":20,"gold_loss":0},{"damage_healed":0,"gold_gain":50,"player_choice":"Stole From Cult","damage_taken":0,"max_hp_gain":0,"max_hp_loss":0,"event_name":"Nest","floor":24,"gold_loss":0},{"cards_removed":["Blizzard"],"damage_healed":0,"gold_gain":0,"player_choice":"Gave Gold","damage_taken":0,"max_hp_gain":0,"max_hp_loss":0,"event_name":"Beggar","floor":28,"gold_loss":75}],"is_beta":false,"boss_relics":[{"not_picked":["Nuclear Battery","Cursed Key"],"picked":"Pandora\u0027s Box"}],"items_purged_floors":[5,22],"is_endless":false,"potions_floor_spawned":[7,8,11,14,25,30],"killed_by":"Champ","ascension_level":15}}