{"host":"vl29iwkwnyytuw8q","time":1612283292,"event":{"mods":["BaseMod","Minty Spire (QoL Compilation)","Permanent Neow","Relic Stats","StSLib"],"gold_per_floor":[115,135,150,150,161,192,211,211,286,286,299,299,11,28,28,104,104,115,30,46,56,56,56,56,56],"floor_reached":24,"language":"ENG","playtime":842,"items_purged":["Strike_R"],"score":380,"play_id":"6ef27fa2-abcd-4323-8945-c0f9f6481483","local_time":"20210202172812","is_ascension_mode":true,"campfire_choices":[{"data":"Whirlwind","floor":8.0,"key":"SMITH"},{"data":"Flame Barrier","floor":10.0,"key":"SMITH"},{"data":"True Grit","floor":15.0,"key":"SMITH"},{"data":"Feed","floor":23,"key":"SMITH"}],"circlet_count":0,"master_deck":["AscendersBane","Strike_R","Strike_R","Defend_R","Defend_R","Defend_R","Bash","Whirlwind+1","Carnage","Flame Barrier+1","Feel No Pain","Iron Wave","Wild Strike","Feed+1","Burning Pact","True Grit+1","Exhume","Spot Weakness","Shrug It Off","True Grit","Corruption"],"relics":["Sozu","Anchor","Matryoshka","Medical Kit","Empty Cage","Shovel"],"acts_visited":["Exordium","TheCity"],"potions_floor_usage":[],"damage_taken":[{"damage":9.0,"enemies":"2 Louse","floor":1.0,"turns":3.0},{"damage":0.0,"enemies":"Small Slimes","floor":2.0,"turns":2.0},{"damage":0.0,"enemies":"Jaw Worm","floor":3.0,"turns":2.0},{"damage":9.0,"enemies":"Blue Slaver","floor":5.0,"turns":3.0},{"damage":9.0,"enemies":"3 Sentries","floor":6.0,"turns":8.0},{"damage":2.0,"enemies":"Large Slime","floor":7.0,"turns":4.0},{"damage":0.0,"enemies":"Red Slaver","floor":11.0,"turns":2.0},{"damage":0.0,"enemies":"Blue Slaver","floor":14.0,"turns":2.0},{"damage":23.0,"enemies":"Hexaghost","floor":16.0,"turns":16.0},{"damage":15.0,"enemies":"2 Thieves","floor":18.0,"turns":4.0},{"damage":19.0,"enemies":"3 Byrds","floor":20.0,"turns":5.0},{"damage":9,"enemies":"3 Cultists","floor":21,"turns":4},{"damage":31,"enemies":"Book of Stabbing","floor":24,"turns":4}],"seed_played":"-1714663241106236378","potions_obtained":[],"is_trial":false,"path_per_floor":["M","M","M","?","M","E","M","R","T","R","M","?","$","M","R","B",null,"M","?","M","M","?","R","E"],"character_chosen":"IRONCLAD","items_purchased":["Burning Pact","Medical Kit"],"campfire_rested":0,"item_purchase_floors":[13,13],"current_hp_per_floor":[59,59,59,59,50,41,39,39,39,39,39,32,32,35,35,12,62,50,50,34,25,25,25,0,0],"gold":56,"neow_bonus":"BOSS_RELIC","is_daily":false,"chose_seed":false,"campfire_upgraded":4,"win_rate":0.0,"timestamp":1612283292,"path_taken":["M","M","M","?","M","E","M","R","T","R","M","?","$","M","R","BOSS","M","?","M","M","?","R","E"],"items_purchased_type":["Card","Relic"],"build_version":"2020-12-22","purchased_purges":1,"victory":false,"max_hp_per_floor":[75,75,75,75,75,75,75,75,75,75,75,75,75,78,78,78,78,81,81,84,84,84,84,84,84],"relic_stats":{"Sozu":7,"Shovel":0,"counters":[13,59],"Medical Kit":[10],"obtain_stats":[{"Sozu":0,"Anchor":6,"Matryoshka":9,"Shovel":19,"Medical Kit":13,"Empty Cage":17,"Burning Blood":0},{"Sozu":0,"Anchor":5,"Matryoshka":6,"Shovel":10,"Medical Kit":7,"Empty Cage":9,"Burning Blood":0},{"Sozu":0,"Anchor":18,"Matryoshka":22,"Shovel":46,"Medical Kit":24,"Empty Cage":42,"Burning Blood":0}]},"card_choices":[{"not_picked":["Shrug It Off","Heavy Blade"],"picked":"Whirlwind","floor":1.0},{"not_picked":["Whirlwind","Infernal Blade"],"picked":"Carnage","floor":2.0},{"not_picked":["Searing Blow","Clothesline"],"picked":"Flame Barrier","floor":3.0},{"not_picked":["Seeing Red","Anger"],"picked":"Feel No Pain","floor":5.0},{"not_picked":["Whirlwind","Sword Boomerang"],"picked":"Iron Wave","floor":6.0},{"not_picked":["Hemokinesis","Clash"],"picked":"Wild Strike","floor":7.0},{"not_picked":["Wild Strike","Shrug It Off"],"picked":"Feed","floor":11.0},{"not_picked":["Warcry","Twin Strike"],"picked":"True Grit","floor":14.0},{"not_picked":["Brutality","Feed"],"picked":"Exhume","floor":16.0},{"not_picked":["Twin Strike","Intimidate"],"picked":"Spot Weakness","floor":18.0},{"not_picked":["Clash","Pommel Strike"],"picked":"Shrug It Off","floor":20.0},{"not_picked":["Burning Pact","Clothesline"],"picked":"True Grit","floor":21}],"player_experience":657807,"relics_obtained":[{"floor":6.0,"key":"Anchor"},{"floor":9.0,"key":"Matryoshka"}],"event_choices":[{"damage_healed":0.0,"max_hp_gain":0.0,"max_hp_loss":0.0,"gold_gain":0.0,"event_name":"Liars Game","player_choice":"Ignored","floor":4.0,"gold_loss":0.0,"damage_taken":0.0},{"cards_removed":["Strike_R"],"damage_healed":0.0,"max_hp_gain":0.0,"max_hp_loss":0.0,"gold_gain":0.0,"event_name":"Golden Wing","player_choice":"Card Removal","floor":12.0,"gold_loss":0.0,"damage_taken":7.0},{"damage_healed":0.0,"max_hp_gain":0.0,"max_hp_loss":0.0,"gold_gain":0.0,"event_name":"Addict","player_choice":"Obtained Relic","floor":19.0,"gold_loss":85.0,"damage_taken":0.0,"relics_obtained":["Shovel"]},{"damage_healed":0,"gold_gain":0,"player_choice":"Read","damage_taken":0,"max_hp_gain":0,"max_hp_loss":0,"event_name":"The Library","floor":22,"gold_loss":0,"cards_obtained":["Corruption"]}],"is_beta":false,"boss_relics":[{"not_picked":["Coffee Dripper","Velvet Choker"],"picked":"Empty Cage"}],"items_purged_floors":[13],"is_endless":false,"potions_floor_spawned":[2,3,5,6,14,18,21],"killed_by":"Book of Stabbing","ascension_level":18}}