{"host":"n8m0so6y44v0klfv","time":1612240873,"event":{"mods":["BaseMod","Colored Map","Downfall","Minty Spire (QoL Compilation)","StSLib"],"gold_per_floor":[99,119,132,132,17,30,53,85,197,209,236,248,274,320,344,356,356,356],"floor_reached":16,"language":"ENG","playtime":1244,"items_purged":["champ:Strike"],"score":104,"play_id":"df20197b-fc32-4067-8ec3-2e75e640b42e","local_time":"20210201234113","is_ascension_mode":false,"campfire_choices":[{"data":"champ:Taunt","floor":1,"key":"SMITH"},{"floor":10,"key":"REST"},{"data":"champ:FanOfKnives","floor":12,"key":"SMITH"}],"circlet_count":0,"master_deck":["champ:Strike","champ:Strike","champ:Strike","champ:Defend","champ:Defend","champ:Defend","champ:Defend","champ:Execute","champ:Taunt+1","champ:EnragedBash","champ:RapidStrikes","champ:FanOfKnives+1","champ:AdrenalArmor","champ:Encircle","champ:ShieldWall","champ:BerserkersShout","champ:Devastate","champ:RisingSlash","champ:EnGarde"],"relics":["champ:ChampionCrown","MawBank","CloakClasp","Lantern"],"acts_visited":["Exordium"],"potions_floor_usage":[9,9,9,16,16,16],"damage_taken":[{"damage":24,"enemies":"Cultist","floor":2,"turns":5},{"damage":7,"enemies":"2 Louse","floor":3,"turns":3},{"damage":10,"enemies":"downfall:FleeingMerchant","floor":5,"turns":4},{"damage":13,"enemies":"Small Slimes","floor":6,"turns":4},{"damage":26,"enemies":"Blue Slaver","floor":8,"turns":5},{"damage":118,"enemies":"Blue Slaver","floor":9,"turns":10},{"damage":12,"enemies":"2 Fungi Beasts","floor":11,"turns":3},{"damage":32,"enemies":"Lots of Slimes","floor":13,"turns":3},{"damage":64,"enemies":"Gremlin Nob","floor":14,"turns":5},{"damage":22,"enemies":"Gremlin Gang","floor":15,"turns":4},{"damage":20,"enemies":"DF_ARCHETYPE_STREAMLINE","floor":16,"turns":3}],"seed_played":"3508805483842430570","potions_obtained":[{"floor":6,"key":"champ:UltimateStancePotion"},{"floor":8,"key":"EntropicBrew"},{"floor":13,"key":"Ancient Potion"},{"floor":14,"key":"FearPotion"},{"floor":15,"key":"Strength Potion"}],"is_trial":false,"path_per_floor":["R","M","M","?","$","M","T","M","?","R","M","R","M","E","M","B"],"character_chosen":"THE_CHAMP","items_purchased":["champ:AdrenalArmor"],"campfire_rested":1,"item_purchase_floors":[5],"current_hp_per_floor":[99,95,93,93,88,85,85,79,26,55,53,53,41,17,15,0,0,0],"gold":356,"neow_bonus":"TEN_PERCENT_HP_BONUS","is_daily":false,"chose_seed":false,"campfire_upgraded":2,"win_rate":0.0,"timestamp":1612240873,"path_taken":["R","M","?","?","$","M","T","M","?","R","M","R","M","E","M","BOSS"],"items_purchased_type":["Card"],"build_version":"2020-12-22","purchased_purges":1,"victory":false,"max_hp_per_floor":[99,99,99,99,99,99,99,99,99,99,99,99,99,99,99,99,99,99],"card_choices":[{"not_picked":["champ:GutPunch","champ:ShieldSlam"],"picked":"champ:EnragedBash","floor":2},{"not_picked":["champ:FanOfKnives","champ:GutPunch"],"picked":"champ:RapidStrikes","floor":3},{"not_picked":["champ:PerfectedStrike","champ:SkillfulDodge"],"picked":"champ:FanOfKnives","floor":5},{"not_picked":["champ:BringItOn","champ:DefensiveShout"],"picked":"champ:Encircle","floor":6},{"not_picked":["champ:PreemptiveStrike","champ:SetATrap","champ:PerfectedStrike"],"picked":"SKIP","floor":8},{"not_picked":["champ:GutPunch","champ:BladeFlurry"],"picked":"champ:ShieldWall","floor":9},{"not_picked":["champ:TornadoPunch","champ:Backstep"],"picked":"champ:BerserkersShout","floor":11},{"not_picked":["champ:AdrenalArmor","champ:StanceDance"],"picked":"champ:Devastate","floor":13},{"not_picked":["champ:Backstep","champ:Circumvent"],"picked":"champ:RisingSlash","floor":14},{"not_picked":["champ:FlashCut","champ:Backstep"],"picked":"champ:EnGarde","floor":15}],"player_experience":517318,"relics_obtained":[{"floor":7,"key":"MawBank"},{"floor":9,"key":"CloakClasp"},{"floor":14,"key":"Lantern"}],"event_choices":[],"is_beta":false,"boss_relics":[],"items_purged_floors":[5],"is_endless":false,"potions_floor_spawned":[6,8,13,14,15],"killed_by":"DF_ARCHETYPE_STREAMLINE","ascension_level":0}}