{"host":"8n3a40idg6eftpiu","time":1612256243,"event":{"mods":["AchievementEnabler","Act Like it!","BaseMod","BetterRewards","Block Reminder","Colored Map","Colored Powertips","Conspire","DeckTracker","Energized Spire","GungeonMod","Hallownest","Highlight Path","Hubris","Minty Spire (QoL Compilation)","Quick Restart","Relic Filter Mod","Reliquary","StS++","StSLib","The Blue Laboratory","The Bug Knight","The Necromancer","Wandering Minibosses"],"gold_per_floor":[119,133,133,143,162,162,196,196,196,213,213,226,226,253,253,351,351,364,257,275,26,26,26,39,50,50,50,50,74,86,104,104,202,202,217,255,271,100,113,113,163,163,213,213,226,243,143,158,158,158,158],"floor_reached":50,"language":"POL","playtime":1600,"items_purged":["Writhe","Whirlwind+1"],"score":546,"play_id":"77ded36b-b9ca-4e96-a59c-22c304c87747","local_time":"20210202095723","daily_mods":["Vintage","Red Cards","Heirloom","Time Dilation","Flight","Binary"],"is_ascension_mode":false,"campfire_choices":[{"data":"Bash","floor":6,"key":"SMITH"},{"floor":13,"key":"RECALL"},{"floor":15,"key":"REST"},{"data":"Strike_R","floor":23,"key":"SMITH"},{"data":"Strike_R","floor":27,"key":"SMITH"},{"data":"Strike_R","floor":32,"key":"SMITH"},{"data":"Whirlwind","floor":40,"key":"SMITH"},{"data":"Shrug It Off","floor":42,"key":"SMITH"},{"data":"Defend_R","floor":49,"key":"SMITH"}],"circlet_count":0,"master_deck":["Strike_R+1","Strike_R+1","Strike_R+1","Defend_R","Defend_R","Defend_R","Defend_R+1","Bash+1","Shrug It Off+1"],"relics":["Unceasing Top","Busted Crown","DemoMod:BigBoy","Vajra","DemoMod:PoisonVial","reliquary:BallBearing","StrikeDummy","Letter Opener","Kunai","reliquary:TatteredRug","DemoMod:MemoryAlloy","Happy Flower","DemoMod:RiddleOfLead","Potion Belt","Akabeko","reliquary:TuningFork","HollowMod:PaleOreRelic","Darkstone Periapt","reliquary:WeakTea","reliquary:IridiumChain","reliquary:PartyBalloon","reliquary:Stiletto","Matryoshka","reliquary:JackalopeAntler","hubris:ScarierMask","Ice Cream","Thread and Needle","Peace Pipe","HollowMod:LifeEnderRelic","Magic Flower","Omamori","hubris:TinFlute","Nunchaku","StSpp:SailingBoat"],"acts_visited":["Exordium","TheCity","TheBeyond"],"potions_floor_usage":[30,30,33,33,50,50,50],"damage_taken":[{"damage":0,"enemies":"Cultist","floor":1,"turns":4},{"damage":2,"enemies":"2 Louse","floor":2,"turns":2},{"damage":1,"enemies":"Jaw Worm","floor":4,"turns":2},{"damage":7,"enemies":"Gremlin Gang","floor":5,"turns":4},{"damage":20,"enemies":"Lagavulin","floor":7,"turns":4},{"damage":2,"enemies":"Large Slime","floor":10,"turns":6},{"damage":3,"enemies":"Red Slaver","floor":12,"turns":2},{"damage":19,"enemies":"Hexaghost","floor":16,"turns":6},{"damage":3,"enemies":"3 Byrds","floor":18,"turns":5},{"damage":4,"enemies":"2 Thieves","floor":20,"turns":3},{"damage":0,"enemies":"Snake Plant","floor":24,"turns":2},{"damage":0,"enemies":"Snecko","floor":25,"turns":4},{"damage":0,"enemies":"Centurion and Healer","floor":30,"turns":3},{"damage":0,"enemies":"Shelled Parasite and Fungi","floor":31,"turns":2},{"damage":9,"enemies":"Automaton","floor":33,"turns":9},{"damage":1,"enemies":"Orb Walker","floor":35,"turns":3},{"damage":32,"enemies":"conspire:MimicChest","floor":36,"turns":5},{"damage":5,"enemies":"3 Shapes","floor":37,"turns":3},{"damage":0,"enemies":"3 Darklings","floor":39,"turns":1},{"damage":0,"enemies":"Mind Bloom Boss Battle","floor":41,"turns":5},{"damage":9,"enemies":"4 Shapes","floor":45,"turns":1},{"damage":5,"enemies":"Maw","floor":46,"turns":5},{"damage":0,"enemies":"Spire Growth","floor":48,"turns":3},{"damage":68,"enemies":"Donu and Deca","floor":50,"turns":10}],"seed_played":"4534062816576984815","potions_obtained":[{"floor":7,"key":"Energy Potion"},{"floor":12,"key":"blueLaboratory:IronCompound"},{"floor":16,"key":"blueLaboratory:IronCompound"},{"floor":20,"key":"StSpp:SecondWindPotion"},{"floor":37,"key":"Explosive Potion"},{"floor":41,"key":"SneckoOil"},{"floor":45,"key":"blueLaboratory:LouseDecoction"}],"is_trial":true,"path_per_floor":["M","M","?","M","M","R","E","?","T","M","?","M","R","T","R","B",null,"M","$","M","$","?","R","M","M","T","R","?","T","M","M","R","B",null,"M","?","M","$","M","R","?","R","T","?","M","M","$","M","R","B"],"character_chosen":"IRONCLAD","items_purchased":["Akabeko","HollowMod:PaleOreRelic","blueLaboratory:FruitPunch","blueLaboratory:FruitPunch","Whirlwind","Shrug It Off"],"campfire_rested":1,"item_purchase_floors":[19,21,21,21,38,38],"current_hp_per_floor":[80,78,78,77,70,70,50,50,50,48,36,33,33,33,57,38,90,87,87,83,83,83,83,83,83,83,83,89,89,93,93,93,84,100,99,67,62,62,62,62,62,62,62,62,53,48,48,48,48,0,0],"gold":158,"neow_bonus":"","is_daily":false,"chose_seed":false,"campfire_upgraded":7,"win_rate":0.0,"timestamp":1612256243,"path_taken":["M","M","?","?","M","R","E","?","T","?","?","M","R","?","R","BOSS","M","$","?","$","?","R","M","?","T","R","?","?","M","M","R","BOSS","M","?","M","$","?","R","?","R","T","?","M","M","$","M","R","BOSS"],"items_purchased_type":["Relic","Relic","Potion","Potion","Card","Card"],"build_version":"2020-12-22","purchased_purges":2,"victory":false,"max_hp_per_floor":[80,80,80,80,80,80,80,80,80,80,80,80,80,80,80,80,90,90,90,90,90,90,90,90,90,90,90,96,96,100,100,100,100,100,100,100,100,100,100,100,100,100,100,100,100,100,100,100,100,100,100],"card_choices":[],"player_experience":252854,"relics_obtained":[{"floor":1,"key":"Vajra"},{"floor":2,"key":"DemoMod:PoisonVial"},{"floor":4,"key":"reliquary:BallBearing"},{"floor":5,"key":"StrikeDummy"},{"floor":7,"key":"Letter Opener"},{"floor":9,"key":"Kunai"},{"floor":10,"key":"reliquary:TatteredRug"},{"floor":12,"key":"Happy Flower"},{"floor":18,"key":"Potion Belt"},{"floor":20,"key":"reliquary:TuningFork"},{"floor":24,"key":"Darkstone Periapt"},{"floor":25,"key":"reliquary:WeakTea"},{"floor":26,"key":"reliquary:IridiumChain"},{"floor":29,"key":"reliquary:Stiletto"},{"floor":30,"key":"Matryoshka"},{"floor":31,"key":"reliquary:JackalopeAntler"},{"floor":35,"key":"Ice Cream"},{"floor":36,"key":"Thread and Needle"},{"floor":37,"key":"Peace Pipe"},{"floor":39,"key":"HollowMod:LifeEnderRelic"},{"floor":41,"key":"Magic Flower"},{"floor":43,"key":"Omamori"},{"floor":45,"key":"hubris:TinFlute"},{"floor":46,"key":"Nunchaku"},{"floor":48,"key":"StSpp:SailingBoat"}],"event_choices":[{"cards_removed":["Strike_R"],"damage_healed":0,"gold_gain":0,"player_choice":"Purged","damage_taken":0,"max_hp_gain":0,"max_hp_loss":0,"event_name":"Purifier","floor":3,"gold_loss":0},{"cards_removed":["Strike_R"],"damage_healed":0,"gold_gain":0,"player_choice":"Offered Basic","damage_taken":0,"max_hp_gain":0,"max_hp_loss":0,"event_name":"Bonfire Elementals","floor":8,"gold_loss":0},{"damage_healed":0,"gold_gain":0,"player_choice":"Success","damage_taken":12,"relics_obtained":["DemoMod:MemoryAlloy"],"max_hp_gain":0,"max_hp_loss":0,"event_name":"Scrap Ooze","floor":11,"gold_loss":0},{"damage_healed":0,"gold_gain":0,"player_choice":"Ignored","damage_taken":0,"max_hp_gain":0,"max_hp_loss":0,"event_name":"Transmorgrifier","floor":22,"gold_loss":0},{"damage_healed":0,"gold_gain":0,"player_choice":"Opened","damage_taken":0,"relics_obtained":["reliquary:PartyBalloon"],"max_hp_gain":0,"max_hp_loss":0,"event_name":"The Mausoleum","floor":28,"gold_loss":0,"cards_obtained":["Writhe"]},{"damage_healed":0,"gold_gain":0,"player_choice":"Fight","damage_taken":0,"max_hp_gain":0,"max_hp_loss":0,"event_name":"MindBloom","floor":41,"gold_loss":0},{"damage_healed":0,"gold_gain":0,"player_choice":"Leave","damage_taken":0,"max_hp_gain":0,"max_hp_loss":0,"event_name":"conspire:Investor","floor":44,"gold_loss":0}],"is_beta":false,"boss_relics":[{"not_picked":["energizedSpire:NeverEndingSparkler","energizedSpire:CursedPentagram"],"picked":"DemoMod:RiddleOfLead"},{"not_picked":["Runic Cube","Tiny House"],"picked":"hubris:ScarierMask"}],"items_purged_floors":[38,47],"is_endless":false,"potions_floor_spawned":[7,12,16,20,24,25,37,41,45],"killed_by":"Donu and Deca","ascension_level":0}}