{"host":"815dqs41i1y8uxms","time":1612300215,"event":{"mods":["A Penny For Your Troubles","Act Like it!","BaseMod","Elementarium","Fox Events","Jorbs\u0027s Wanderer Trilogy","Minty Spire (QoL Compilation)","Rare Cards Sparkle","Shop Mod","Spire Arcade","StSLib","The Marked"],"gold_per_floor":[117,117,140,159,34,34,34,34,58,58,93,93,109,12,12,121,121,146,186,70,109,109,147,147,182,182,182,205,350,386,386,386,501,501,533,548,548,548,127,127,166,166,237,237,247,302,37,57,57,68,68,68,8,46,46],"floor_reached":56,"language":"ENG","playtime":6603,"items_purged":["Pain","Writhe","Doubt"],"score":1259,"play_id":"3cd472e4-9148-4dfc-a633-9172faeb95a9","local_time":"20210202221015","is_ascension_mode":false,"campfire_choices":[{"floor":7,"key":"RECALL"},{"data":"stsjorbsmod:EyeOfTheStorm","floor":10,"key":"SMITH"},{"data":"stsjorbsmod:DisguiseSelf","floor":15,"key":"SMITH"},{"data":"stsjorbsmod:FranticSearch","floor":24,"key":"SMITH"},{"floor":27,"key":"REST"},{"floor":32,"key":"REST"},{"data":"stsjorbsmod:Rediscovery","floor":40,"key":"SMITH"},{"data":"stsjorbsmod:TinyHut","floor":42,"key":"SMITH"},{"floor":49,"key":"REST"},{"data":"stsjorbsmod:ArcaneForm","floor":52,"key":"SMITH"}],"circlet_count":0,"master_deck":["stsjorbsmod:ForbiddenGrimoire+1","stsjorbsmod:FreshAdventure","stsjorbsmod:EyeOfTheStorm+1","stsjorbsmod:OldPocket","stsjorbsmod:MageArmor","stsjorbsmod:DisguiseSelf+1","stsjorbsmod:Thorns","stsjorbsmod:RayOfFrost","stsjorbsmod:TinyHut+1","stsjorbsmod:Rediscovery+1","stsjorbsmod:Feast","stsjorbsmod:Pyromancy","stsjorbsmod:FranticSearch+1","stsjorbsmod:OldPocket","stsjorbsmod:Channel","stsjorbsmod:RayOfFrost","stsjorbsmod:LocateObject+1","stsjorbsmod:Counterspell+1","stsjorbsmod:ChainLightning+1","stsjorbsmod:Prestidigitation","stsjorbsmod:AnimateObjects","stsjorbsmod:Counterspell+1","stsjorbsmod:TrueStrike+1","stsjorbsmod:HoldMonster","stsjorbsmod:Mending+1","stsjorbsmod:HoldMonster","stsjorbsmod:Stalwart+1","stsjorbsmod:Feast+1","stsjorbsmod:Prestidigitation+1","stsjorbsmod:Firebolt+1","stsjorbsmod:Thorns","stsjorbsmod:BookOfTongues","stsjorbsmod:MagicMissiles+1","stsjorbsmod:ChatteringStrike+1","stsjorbsmod:WanderingMind+1","stsjorbsmod:WeightOfMemory+1","stsjorbsmod:FranticSearch","stsjorbsmod:ArcaneForm+1","Bandage Up","stsjorbsmod:ParryingBlow+1","Enlightenment","stsjorbsmod:FracturedMind+1","stsjorbsmod:RefuseToForget","stsjorbsmod:UnseenServant+1"],"relics":["stsjorbsmod:GrimoireRelic","stsjorbsmod:BottledMemoryRelic","Happy Flower","Bag of Marbles","WarpedTongs","MerchantsRug","PreservedInsect","Bronze Scales","Lizard Tail","Mercury Hourglass","Torii","Elementarium:ElementariumTrophy","Vajra","Thread and Needle","Toy Ornithopter"],"acts_visited":["Exordium","Elementarium:Elementarium","TheBeyond","TheEnding"],"potions_floor_usage":[11,14,16,19,25,29,30,46,55],"damage_taken":[{"damage":1,"enemies":"Cultist","floor":1,"turns":5},{"damage":4,"enemies":"Jaw Worm","floor":3,"turns":6},{"damage":0,"enemies":"Small Slimes","floor":4,"turns":4},{"damage":3,"enemies":"Gremlin Nob","floor":11,"turns":4},{"damage":14,"enemies":"Exordium Thugs","floor":13,"turns":4},{"damage":44,"enemies":"Hexaghost","floor":16,"turns":9},{"damage":0,"enemies":"Elementarium:2_ELEMENTALS","floor":18,"turns":3},{"damage":26,"enemies":"Book of Stabbing","floor":19,"turns":7},{"damage":0,"enemies":"Elementarium:VoidCorruption","floor":21,"turns":6},{"damage":12,"enemies":"Elementarium:ElementalPortal","floor":23,"turns":6},{"damage":17,"enemies":"Elementarium:STONE_GOLEMS","floor":25,"turns":6},{"damage":10,"enemies":"Elementarium:VoidBeast","floor":28,"turns":5},{"damage":4,"enemies":"Elementarium:FIRE_SANCTUM_HERALD","floor":29,"turns":6},{"damage":33,"enemies":"Elementarium:FIRE_SANCTUM_FIRELORD","floor":29,"turns":4},{"damage":6,"enemies":"Elementarium:WarGolem","floor":30,"turns":3},{"damage":24,"enemies":"Elementarium:PHOENIXES","floor":33,"turns":10},{"damage":26,"enemies":"3 Darklings","floor":35,"turns":4},{"damage":11,"enemies":"Orb Walker","floor":36,"turns":5},{"damage":1,"enemies":"Nemesis","floor":41,"turns":4},{"damage":52,"enemies":"4 Shapes","floor":45,"turns":4},{"damage":5,"enemies":"Mind Bloom Boss Battle","floor":46,"turns":5},{"damage":0,"enemies":"Sphere and 2 Shapes","floor":48,"turns":3},{"damage":96,"enemies":"Donu and Deca","floor":50,"turns":10},{"damage":41,"enemies":"Shield and Spear","floor":54,"turns":5},{"damage":98,"enemies":"The Heart","floor":55,"turns":7}],"seed_played":"6262518068476555803","potions_obtained":[{"floor":3,"key":"FairyPotion"},{"floor":4,"key":"stsjorbsmod:BurningPotion"},{"floor":6,"key":"DuplicationPotion"},{"floor":6,"key":"PowerPotion"},{"floor":16,"key":"Ancient Potion"},{"floor":18,"key":"SteroidPotion"},{"floor":21,"key":"Swift Potion"},{"floor":23,"key":"ColorlessPotion"},{"floor":28,"key":"stsjorbsmod:BurningPotion"},{"floor":33,"key":"Regen Potion"},{"floor":36,"key":"PowerPotion"},{"floor":41,"key":"Fire Potion"},{"floor":46,"key":"BlessingOfTheForge"}],"is_trial":false,"path_per_floor":["M","?","M","M","$","?","R","$","T","R","E","?","M","$","R","B",null,"M","?","$","M","?","E","R","M","T","R","M","?","E","?","R","B",null,"M","M","?","?","$","R","E","R","T","T","M","?","$","M","R","B",null,"R","$","E","B",null],"character_chosen":"WANDERER","items_purchased":["stsjorbsmod:Thorns","stsjorbsmod:ArcaneWeapon","Fruit Juice","MerchantsRug","stsjorbsmod:ChainLightning+1","stsjorbsmod:BookOfTongues","Bottled Tornado","stsjorbsmod:MagicMissiles+1","stsjorbsmod:ChatteringStrike+1","stsjorbsmod:FranticSearch","stsjorbsmod:ArcaneForm","Bandage Up","Enlightenment","stsjorbsmod:FracturedMind+1","stsjorbsmod:RefuseToForget"],"campfire_rested":3,"item_purchase_floors":[5,5,14,20,20,39,39,39,39,47,47,47,53,53,53],"current_hp_per_floor":[70,70,69,70,70,70,70,70,70,70,70,70,59,64,64,20,75,79,53,53,57,57,51,51,44,44,68,64,40,37,37,64,48,91,73,65,88,88,88,88,92,92,92,92,53,55,55,66,96,8,105,105,105,75,31],"gold":46,"neow_bonus":"RANDOM_COMMON_RELIC","is_daily":false,"chose_seed":false,"campfire_upgraded":6,"win_rate":0.0,"timestamp":1612300215,"path_taken":["M","?","M","?","$","?","R","?","T","R","E","?","?","$","R","BOSS","M","?","?","M","?","E","R","M","T","R","M","?","E","?","R","BOSS","M","?","?","?","$","R","E","R","T","?","?","?","?","M","R","BOSS","R","$","E","BOSS"],"items_purchased_type":["Card","Card","Potion","Relic","Card","Card","Relic","Card","Card","Card","Card","Card","Card","Card","Card"],"build_version":"2020-12-22","purchased_purges":3,"victory":true,"max_hp_per_floor":[70,70,70,70,70,70,70,70,70,70,70,70,70,75,75,75,75,79,79,79,79,79,79,79,83,83,83,85,91,91,91,91,91,91,93,93,93,93,93,93,93,93,93,93,97,99,99,103,103,105,105,105,105,105,105],"card_choices":[{"not_picked":["stsjorbsmod:TrueStrike","stsjorbsmod:UnseenServant"],"picked":"stsjorbsmod:OldPocket","floor":1},{"not_picked":["stsjorbsmod:Introspection","stsjorbsmod:TrueStrike"],"picked":"stsjorbsmod:MageArmor","floor":3},{"not_picked":["stsjorbsmod:DoubleCheck","stsjorbsmod:AnimateObjects"],"picked":"stsjorbsmod:DisguiseSelf","floor":4},{"not_picked":["stsjorbsmod:Fear","stsjorbsmod:ArcaneWeapon"],"picked":"stsjorbsmod:RayOfFrost","floor":11},{"not_picked":["stsjorbsmod:SchoolsOfMagic","stsjorbsmod:BurningFlask"],"picked":"stsjorbsmod:TinyHut","floor":13},{"not_picked":["stsjorbsmod:HoldMonster","stsjorbsmod:Entangle"],"picked":"stsjorbsmod:Rediscovery","floor":16},{"not_picked":["stsjorbsmod:WanderingMind","stsjorbsmod:FracturedMind+1"],"picked":"stsjorbsmod:LocateObject+1","floor":18},{"not_picked":["stsjorbsmod:ChainLightning+1","stsjorbsmod:Aid"],"picked":"stsjorbsmod:Counterspell+1","floor":19},{"not_picked":["stsjorbsmod:DisguiseSelf","stsjorbsmod:MageArmor"],"picked":"stsjorbsmod:Prestidigitation","floor":21},{"not_picked":["stsjorbsmod:ArcaneWeapon","stsjorbsmod:DoubleCheck+1"],"picked":"stsjorbsmod:AnimateObjects","floor":23},{"not_picked":["stsjorbsmod:DoubleCheck","stsjorbsmod:RayOfFrost+1"],"picked":"stsjorbsmod:Counterspell+1","floor":25},{"not_picked":["stsjorbsmod:Inferno","stsjorbsmod:ChainLightning+1"],"picked":"stsjorbsmod:TrueStrike+1","floor":28},{"not_picked":["stsjorbsmod:WanderingMind","stsjorbsmod:TinyHut"],"picked":"stsjorbsmod:HoldMonster","floor":29},{"not_picked":["stsjorbsmod:TinyHut","stsjorbsmod:Counterspell"],"picked":"stsjorbsmod:Mending+1","floor":30},{"not_picked":["stsjorbsmod:MirrorImage","stsjorbsmod:IvoryTower"],"picked":"stsjorbsmod:Determination","floor":33},{"not_picked":["stsjorbsmod:FaerieFire+1","stsjorbsmod:Message+1"],"picked":"stsjorbsmod:Firebolt+1","floor":35},{"not_picked":["stsjorbsmod:ColorSpray+1","stsjorbsmod:Prepare+1"],"picked":"stsjorbsmod:Thorns","floor":36},{"not_picked":["stsjorbsmod:Mindworm+1","stsjorbsmod:LoseGrip"],"picked":"stsjorbsmod:WanderingMind+1","floor":41},{"not_picked":["stsjorbsmod:Will","stsjorbsmod:UnseenServant+1","stsjorbsmod:Prepare"],"picked":"Singing Bowl","floor":45},{"not_picked":["stsjorbsmod:FindFamiliar+1","stsjorbsmod:HedgeWizard"],"picked":"stsjorbsmod:WeightOfMemory+1","floor":46},{"not_picked":["stsjorbsmod:FindFamiliar","stsjorbsmod:FaerieFire"],"picked":"stsjorbsmod:ParryingBlow+1","floor":48},{"not_picked":["stsjorbsmod:Hurt+1","stsjorbsmod:Firebolt"],"picked":"stsjorbsmod:UnseenServant+1","floor":54}],"player_experience":3860294,"relics_obtained":[{"floor":9,"key":"Happy Flower"},{"floor":11,"key":"Bag of Marbles"},{"floor":19,"key":"Molten Egg 2"},{"floor":23,"key":"PreservedInsect"},{"floor":26,"key":"Bronze Scales"},{"floor":29,"key":"Lizard Tail"},{"floor":29,"key":"Mercury Hourglass"},{"floor":30,"key":"Torii"},{"floor":41,"key":"Vajra"},{"floor":43,"key":"Blue Candle"},{"floor":44,"key":"Singing Bowl"},{"floor":46,"key":"Thread and Needle"},{"floor":54,"key":"Toy Ornithopter"}],"event_choices":[{"cards_removed":["stsjorbsmod:Strike_Wanderer"],"damage_healed":0,"gold_gain":0,"player_choice":"Purged","damage_taken":0,"max_hp_gain":0,"max_hp_loss":0,"event_name":"Purifier","floor":2,"gold_loss":0},{"damage_healed":0,"gold_gain":0,"player_choice":"Got Potions","damage_taken":0,"max_hp_gain":0,"max_hp_loss":0,"event_name":"Lab","floor":6,"gold_loss":0},{"damage_healed":0,"gold_gain":0,"player_choice":"Rummage","damage_taken":0,"relics_obtained":["WarpedTongs"],"max_hp_gain":0,"max_hp_loss":0,"event_name":"Accursed Blacksmith","floor":12,"gold_loss":0,"cards_obtained":["Pain"]},{"damage_healed":0,"gold_gain":0,"player_choice":"Enter","damage_taken":0,"max_hp_gain":0,"max_hp_loss":0,"event_name":"Elementarium:OtherworldlyPassage","floor":19,"gold_loss":0},{"damage_healed":0,"gold_gain":0,"cards_transformed":["stsjorbsmod:LoseGrip"],"player_choice":"Scrolls","damage_taken":0,"max_hp_gain":0,"max_hp_loss":0,"event_name":"Elementarium:AbandonedFactory","floor":22,"gold_loss":0,"cards_obtained":["stsjorbsmod:Pyromancy"]},{"damage_healed":0,"gold_gain":0,"player_choice":"Fight","damage_taken":0,"max_hp_gain":0,"max_hp_loss":0,"event_name":"Elementarium:FireSanctum","floor":29,"gold_loss":0},{"damage_healed":0,"gold_gain":0,"player_choice":"Confrontation","damage_taken":0,"max_hp_gain":0,"max_hp_loss":0,"event_name":"Elementarium:FireSanctum","floor":29,"gold_loss":0},{"damage_healed":0,"gold_gain":0,"player_choice":"Embrace","damage_taken":0,"max_hp_gain":0,"max_hp_loss":0,"event_name":"Elementarium:VoidShrine","floor":31,"gold_loss":0,"cards_obtained":["Doubt","stsjorbsmod:HoldMonster"]},{"damage_healed":23,"gold_gain":0,"player_choice":"Writhe","damage_taken":0,"max_hp_gain":0,"max_hp_loss":0,"event_name":"Winding Halls","floor":37,"gold_loss":0,"cards_obtained":["Writhe"]},{"damage_healed":0,"gold_gain":0,"player_choice":"Fight","damage_taken":0,"max_hp_gain":0,"max_hp_loss":0,"event_name":"MindBloom","floor":46,"gold_loss":0}],"is_beta":false,"boss_relics":[{"not_picked":["Velvet Choker","Runic Pyramid"],"picked":"Pandora\u0027s Box"},{"not_picked":["Busted Crown","Runic Dome"],"picked":"Astrolabe"}],"items_purged_floors":[20,39,47],"is_endless":false,"potions_floor_spawned":[3,4,16,18,21,23,28,33,36,41,46],"ascension_level":0}}