{"host":"mmqs5ul2bvb60kyc","time":1612268478,"event":{"mods":["AchievementEnabler","BaseMod","Colored Map","Colored Powertips","Minty Spire (QoL Compilation)","Quick Restart","StSLib"],"gold_per_floor":[119,137,154,167,17,17,77,77,77,77,121,121,167,186,186,282,282,328,372,372,396,396,427,450,450,450,450,523,607,658,436,436,436,436],"floor_reached":33,"language":"ZHS","playtime":1113,"items_purged":["Defend_P"],"score":553,"play_id":"798ca066-b606-4f64-a9b6-ad7fd0a1c3c8","local_time":"20210202202118","is_ascension_mode":true,"campfire_choices":[{"data":"Eruption","floor":6.0,"key":"SMITH"},{"data":"Wish","floor":8.0,"key":"SMITH"},{"data":"Ragnarok","floor":12.0,"key":"SMITH"},{"data":"Tantrum","floor":15.0,"key":"SMITH"},{"data":"Omniscience","floor":27.0,"key":"SMITH"},{"floor":32.0,"key":"REST"}],"circlet_count":0,"master_deck":["AscendersBane","Strike_P","Strike_P","Strike_P","Strike_P","Defend_P","Defend_P","Eruption+1","Vigilance","Ragnarok+1","Wish+1","BowlingBash","Prostrate","Tantrum+1","Omniscience+1","Fasting2","DevaForm","Indignation","EmptyFist"],"relics":["PureWater","Vajra","Bag of Marbles","Strawberry","Golden Idol","Sozu","Question Card","Mercury Hourglass","Bag of Preparation","OrangePellets"],"acts_visited":["Exordium","TheCity"],"potions_floor_usage":[],"damage_taken":[{"damage":3.0,"enemies":"Cultist","floor":1.0,"turns":4.0},{"damage":0.0,"enemies":"Small Slimes","floor":2.0,"turns":3.0},{"damage":4.0,"enemies":"Jaw Worm","floor":3.0,"turns":4.0},{"damage":0.0,"enemies":"Large Slime","floor":4.0,"turns":4.0},{"damage":15.0,"enemies":"3 Sentries","floor":7.0,"turns":16.0},{"damage":0.0,"enemies":"3 Louse","floor":11.0,"turns":5.0},{"damage":1.0,"enemies":"Exordium Wildlife","floor":13.0,"turns":4.0},{"damage":7.0,"enemies":"Exordium Thugs","floor":14.0,"turns":2.0},{"damage":14.0,"enemies":"The Guardian","floor":16.0,"turns":5.0},{"damage":18.0,"enemies":"2 Thieves","floor":18.0,"turns":4.0},{"damage":7.0,"enemies":"Spheric Guardian","floor":19.0,"turns":3.0},{"damage":0.0,"enemies":"Snake Plant","floor":21.0,"turns":1.0},{"damage":14.0,"enemies":"Book of Stabbing","floor":23.0,"turns":2.0},{"damage":0.0,"enemies":"Sentry and Sphere","floor":24.0,"turns":2.0},{"damage":0.0,"enemies":"Gremlin Leader","floor":28.0,"turns":2.0},{"damage":7.0,"enemies":"3 Cultists","floor":29.0,"turns":3.0},{"damage":4.0,"enemies":"Centurion and Healer","floor":30.0,"turns":5.0},{"damage":33,"enemies":"Automaton","floor":33,"turns":4}],"seed_played":"-7575595804016483180","potions_obtained":[{"floor":1.0,"key":"PowerPotion"},{"floor":3.0,"key":"EssenceOfSteel"},{"floor":7.0,"key":"SteroidPotion"},{"floor":16.0,"key":"Dexterity Potion"}],"is_trial":false,"path_per_floor":["M","M","M","M","$","R","E","R","T","?","M","R","M","M","R","B",null,"M","M","?","M","T","E","M","?","T","R","E","M","M","$","R","B"],"character_chosen":"WATCHER","items_purchased":["Vajra","OrangePellets"],"campfire_rested":1,"item_purchase_floors":[5,31],"current_hp_per_floor":[40,40,36,36,36,36,21,21,28,28,28,28,27,20,20,6,53,35,28,28,28,28,14,14,14,14,14,14,7,3,3,23,0,0],"gold":436,"neow_bonus":"THREE_RARE_CARDS","is_daily":false,"chose_seed":false,"campfire_upgraded":5,"win_rate":0.0,"timestamp":1612268478,"path_taken":["M","M","?","M","$","R","E","R","T","?","M","R","M","M","R","BOSS","M","M","?","M","?","E","M","?","T","R","E","M","M","$","R","BOSS"],"items_purchased_type":["Relic","Relic"],"build_version":"2020-12-22","purchased_purges":1,"victory":false,"max_hp_per_floor":[68,68,68,68,68,68,68,68,75,68,68,68,68,68,68,68,68,68,68,68,68,68,68,68,68,68,68,68,68,68,68,68,68,68],"card_choices":[{"not_picked":["Omniscience","Judgement"],"picked":"Ragnarok","floor":0.0},{"not_picked":["SandsOfTime","PathToVictory","Protect"],"picked":"SKIP","floor":1.0},{"not_picked":["JustLucky","PathToVictory","DeceiveReality"],"picked":"SKIP","floor":2.0},{"not_picked":["ClearTheMind","Indignation"],"picked":"Wish","floor":3.0},{"not_picked":["Weave","CrushJoints"],"picked":"BowlingBash","floor":4.0},{"not_picked":["FlyingSleeves","JustLucky","PathToVictory"],"picked":"SKIP","floor":7.0},{"not_picked":["BattleHymn","CrushJoints"],"picked":"Prostrate","floor":11.0},{"not_picked":["TalkToTheHand","MentalFortress"],"picked":"Tantrum","floor":13.0},{"not_picked":["Halt","Prostrate","WindmillStrike"],"picked":"SKIP","floor":14.0},{"not_picked":["Vault","Ragnarok"],"picked":"Omniscience","floor":16.0},{"not_picked":["Evaluate+1","Prostrate","ClearTheMind"],"picked":"SKIP","floor":18.0},{"not_picked":["SashWhip","PathToVictory+1","WindmillStrike"],"picked":"SKIP","floor":19.0},{"not_picked":["Protect+1","Sanctity","DeceiveReality"],"picked":"SKIP","floor":21.0},{"not_picked":["Meditate","SashWhip","MentalFortress"],"picked":"DevaForm","floor":23.0},{"not_picked":["Collect","Consecrate","Halt"],"picked":"Indignation","floor":24.0},{"not_picked":["FlyingSleeves","Evaluate","PathToVictory","JustLucky"],"picked":"SKIP","floor":28.0},{"not_picked":["Halt","Perseverance","SashWhip"],"picked":"EmptyFist","floor":29.0},{"not_picked":["EmptyFist+1","PathToVictory","Nirvana","ReachHeaven"],"picked":"SKIP","floor":30.0}],"player_experience":319718,"relics_obtained":[{"floor":7.0,"key":"Bag of Marbles"},{"floor":9.0,"key":"Strawberry"},{"floor":22.0,"key":"Question Card"},{"floor":23.0,"key":"Mercury Hourglass"},{"floor":28.0,"key":"Bag of Preparation"}],"event_choices":[{"damage_healed":0.0,"max_hp_gain":0.0,"max_hp_loss":7.0,"gold_gain":0.0,"event_name":"Golden Idol","player_choice":"Lose Max HP","floor":10.0,"gold_loss":0.0,"damage_taken":0.0,"relics_obtained":["Golden Idol"]},{"damage_healed":0.0,"max_hp_gain":0.0,"max_hp_loss":0.0,"gold_gain":0.0,"event_name":"The Library","player_choice":"Read","floor":20.0,"gold_loss":0.0,"damage_taken":0.0,"cards_obtained":["Fasting2"]},{"cards_removed":["Defend_P"],"damage_healed":0.0,"max_hp_gain":0.0,"max_hp_loss":0.0,"gold_gain":0.0,"event_name":"Back to Basics","player_choice":"Elegance","floor":25.0,"gold_loss":0.0,"damage_taken":0.0}],"is_beta":false,"boss_relics":[{"not_picked":["SlaversCollar","Fusion Hammer"],"picked":"Sozu"}],"items_purged_floors":[31],"is_endless":false,"potions_floor_spawned":[1,3,7,16,18,23,24],"killed_by":"Automaton","ascension_level":15}}