{"host":"0m9qzqwuh9r40nrk","time":1612233915,"event":{"mods":["BaseMod","Conspire","Downfall","Hermit","Hubris","Infinite Spire","Jorbs\u0027s Wanderer Trilogy","Minty Spire (QoL Compilation)","Quick Restart","Replay The Spire","Shop Mod","StSLib","The Animator","The Construct","The Cursed","The Disciple","The Hierophant","The Necromancer","The Runesmith","everything is the same but u backflip on backflip"],"gold_per_floor":[116,116,40,82,82,116,116,116,187,111,139,139,150,181,181,283,283,302,315,315,315,315,315,329,357,357,386,144,164,175,193,193,288,288,298,298,313,160,179,179,213,231,285,285,297,316,316,330,330,435,435,435],"floor_reached":51,"language":"ENG","playtime":7951,"items_purged":[],"score":585,"play_id":"542a2508-f886-4148-a840-143ca1d6dd44","local_time":"20210201184515","daily_mods":["SealedDeck"],"is_ascension_mode":false,"campfire_choices":[{"data":"Bones_to_Steel","floor":7,"key":"SMITH"},{"data":"Summon_Undead","floor":12,"key":"SMITH"},{"data":"Summon_Undead","floor":15,"key":"SMITH"},{"data":"Requiem","floor":23,"key":"SMITH"},{"data":"ReplayTheSpireMod:Book of Names","floor":32,"key":"SMITH"},{"data":"Summon_Vampire_Lady","floor":40,"key":"SMITH"},{"data":"Summon_Undead","floor":47,"key":"SMITH"},{"floor":49,"key":"RECALL"}],"circlet_count":0,"master_deck":["Toxic_Smoke_Screen","Bone_Spikes","Summon_Undead+1","Bone_Bullets","Bone_Armory","Bone_Armor","Bones_to_Steel+1","Bone_Prison","Bone_Prison","Bone_Armor","Uncharnel","Negative_Energy_Sphere","Blood_Whip","Summon_Undead+1","Life_Tap","Bone_Armory","Bone_Bullets+1","hubris:Fate+1","ReplayTheSpireMod:Book of Names+1","Summon_Vampire_Lady+1","Bone_Shift+1","Pot Of Greed","Pot Of Greed","Uncharnel","infinitespire:Collect","Summon_Undead+1","Pot Of Greed","Shade_Step+1","Summon_Undead_Army","Summon_Vampire_Lady"],"relics":["Vampire_Amulet","Replay:Rubber Ducky","hubris:DeckOfHolding","infinitespire:FocusingShard","Slimebound:PreparedRelic","infinitespire:ShieldingShard","infinitespire:Lucky Rock","Strawberry","hubris:GrandSneckoEye","hubris:ToyBattleship","Omamori","Bottled Tornado","Replay:Mystery Machine","Matryoshka","hubris:ScarierMask","Grinning Jar","Ancient Tea Set","hubris:BottledRain","expansioncontent:StudyCardRelic"],"acts_visited":["Exordium","TheCity","TheBeyond","Exordium"],"potions_floor_usage":[6,14,25,27],"damage_taken":[{"damage":3,"enemies":"Small Slimes","floor":1,"turns":4},{"damage":36,"enemies":"3 Sentries","floor":6,"turns":8},{"damage":0,"enemies":"Replay:BlueRogue","floor":11,"turns":6},{"damage":0,"enemies":"Cultist","floor":13,"turns":3},{"damage":16,"enemies":"3 Sentries","floor":14,"turns":6},{"damage":13,"enemies":"Hexaghost","floor":16,"turns":8},{"damage":0,"enemies":"Spheric Guardian","floor":18,"turns":4},{"damage":0,"enemies":"3 Byrds","floor":19,"turns":5},{"damage":0,"enemies":"Snake Plant","floor":24,"turns":2},{"damage":0,"enemies":"Nightmare","floor":25,"turns":5},{"damage":19,"enemies":"Book of Stabbing","floor":27,"turns":3},{"damage":6,"enemies":"Snecko","floor":29,"turns":4},{"damage":1,"enemies":"Sentry and Sphere","floor":30,"turns":5},{"damage":0,"enemies":"conspire:HollyBat","floor":31,"turns":5},{"damage":0,"enemies":"Champ","floor":33,"turns":3},{"damage":0,"enemies":"3 Shapes","floor":35,"turns":6},{"damage":8,"enemies":"3 Darklings","floor":37,"turns":4},{"damage":18,"enemies":"Spire Growth","floor":39,"turns":4},{"damage":0,"enemies":"Giant Head","floor":41,"turns":6},{"damage":11,"enemies":"Maw","floor":42,"turns":10},{"damage":0,"enemies":"Writhing Mass","floor":45,"turns":1},{"damage":0,"enemies":"Transient","floor":46,"turns":5},{"damage":0,"enemies":"Maw","floor":48,"turns":2},{"damage":0,"enemies":"hubris:GrandSnecko","floor":50,"turns":2}],"seed_played":"-7971164678750822805","potions_obtained":[{"floor":1,"key":"Elixir"},{"floor":13,"key":"Elixir"},{"floor":18,"key":"hexamod:SoulburnPotion"},{"floor":25,"key":"Dexterity Potion"},{"floor":29,"key":"hexamod:SoulburnPotion"},{"floor":31,"key":"SkillPotion"},{"floor":33,"key":"Languid Potion"},{"floor":37,"key":"Weak Potion"}],"is_trial":true,"path_per_floor":["M","?","$","?","T","E","R","$","T","$","E","R","M","E","R","B",null,"M","M","?","?","AVR","R","M","NM","T","E","$","M","M","M","R","B",null,"M","?","M","$","M","R","E","M","T","AVR","M","M","R","M","R","B",null],"character_chosen":"NECROMANCER","items_purchased":["Uncharnel","Summon_Undead","Matryoshka","Grinning Jar"],"campfire_rested":0,"item_purchase_floors":[3,10,28,38],"current_hp_per_floor":[75,75,75,45,45,36,36,36,36,36,38,38,40,52,52,41,82,82,82,62,62,62,62,67,69,69,64,64,60,69,69,69,69,82,82,92,86,86,76,76,92,92,92,92,92,92,92,92,92,92,92,92],"gold":435,"neow_bonus":"","is_daily":false,"chose_seed":false,"campfire_upgraded":7,"win_rate":0.0,"timestamp":1612233915,"path_taken":["M","?","?","?","?","E","R","$","T","$","E","R","M","E","R","BOSS","M","M","?","?","AVR","R","M","NM","T","E","$","M","M","M","R","BOSS","M","?","M","?","M","R","E","M","T","AVR","M","M","R","M","R","BOSS"],"items_purchased_type":["Card","Card","Relic","Relic"],"build_version":"2020-12-22","purchased_purges":0,"victory":false,"max_hp_per_floor":[75,75,75,75,75,75,75,75,75,75,75,75,75,82,82,82,82,82,82,82,82,82,82,82,82,82,82,82,82,82,82,82,82,82,82,92,92,92,92,92,92,92,92,92,92,92,92,92,92,92,92,92],"card_choices":[{"not_picked":["Pandemic","Death_March_Dance"],"picked":"Bone_Armor","floor":1},{"not_picked":["Blood_for_Blood","Toxic_Smoke_Screen"],"picked":"Negative_Energy_Sphere","floor":4},{"not_picked":["Blood_Curse","Blood_Shield"],"picked":"Blood_Whip","floor":6},{"not_picked":["Finger_Of_Death","Shackles_Of_Pain"],"picked":"Life_Tap","floor":11},{"not_picked":["Whirlwind_of_Bones","Stop_Heart","Blood_Wake"],"picked":"SKIP","floor":13},{"not_picked":["Blood_Is_Power","Finger_Of_Death"],"picked":"Bone_Armory","floor":14},{"not_picked":["Grasp_Heart","Blood_Magic"],"picked":"Requiem","floor":16},{"not_picked":["Violent_Necrosis","Death_March_Dance+1"],"picked":"Bone_Bullets+1","floor":18},{"not_picked":["Siphon_Strength+1","Finger_Of_Death+1","Bone_Bullets"],"picked":"SKIP","floor":19},{"not_picked":["infinitespire:Fortify","infinitespire:FinalStrike"],"picked":"hubris:Fate","floor":20},{"not_picked":["Bone_Spikes","Bone_Bullets+1","Negative_Energy_Mist"],"picked":"SKIP","floor":24},{"not_picked":["Bones_to_Steel","Finger_Of_Death","Siphon_Strength"],"picked":"SKIP","floor":25},{"not_picked":["Death_Coil","Negative_Energy_Shield","Blood_Wake"],"picked":"SKIP","floor":27},{"not_picked":["Scare","Negative_Energy_Shield","Vampiric_Strike+1"],"picked":"SKIP","floor":29},{"not_picked":["Bone_Bullets","Slay_Living","Bone_Armory"],"picked":"SKIP","floor":30},{"not_picked":["Vampiric_Strike","Deaths_Shadow+1","Thousand_Bone_Knives"],"picked":"SKIP","floor":31},{"not_picked":["Grasp_Heart","Blood_Wake"],"picked":"Summon_Vampire_Lady","floor":33},{"not_picked":["Negative_Energy_Javelin+1","Negative_Energy_Sphere+1","Necrotic_Claws+1"],"picked":"SKIP","floor":35},{"not_picked":["Bone_Bullets+1","Negative_Energy_Burst"],"picked":"Bone_Shift+1","floor":37},{"not_picked":["Negative_Energy_Sphere","Death_Coil","Negative_Energy_Javelin+1"],"picked":"SKIP","floor":39},{"not_picked":["Requiem","Bone_Armor+1","Blood_Whip+1"],"picked":"SKIP","floor":41},{"not_picked":["Death_March_Dance","Negative_Energy_Javelin"],"picked":"Uncharnel","floor":42},{"not_picked":["Pandemic","Toxic_Smoke_Screen"],"picked":"Summon_Undead","floor":45},{"not_picked":["Bones_to_Steel","Life_Tap+1"],"picked":"Shade_Step+1","floor":46},{"not_picked":["Corrupt+1","Negative_Energy_Sphere"],"picked":"Summon_Undead_Army","floor":48},{"not_picked":["Hellfire","Blood_Magic"],"picked":"Summon_Vampire_Lady","floor":50}],"player_experience":507200,"relics_obtained":[{"floor":4,"key":"hubris:DeckOfHolding"},{"floor":5,"key":"infinitespire:FocusingShard"},{"floor":6,"key":"Slimebound:PreparedRelic"},{"floor":9,"key":"infinitespire:ShieldingShard"},{"floor":11,"key":"infinitespire:Lucky Rock"},{"floor":14,"key":"Strawberry"},{"floor":25,"key":"Omamori"},{"floor":26,"key":"Bottled Tornado"},{"floor":27,"key":"Replay:Mystery Machine"},{"floor":41,"key":"Ancient Tea Set"},{"floor":43,"key":"hubris:BottledRain"}],"event_choices":[{"cards_removed":["Death_March_Dance"],"damage_healed":0,"gold_gain":0,"player_choice":"Gave Card","damage_taken":0,"relics_obtained":["Replay:Rubber Ducky"],"max_hp_gain":0,"max_hp_loss":0,"event_name":"WeMeetAgain","floor":2,"gold_loss":0},{"cards_removed":["Requiem"],"damage_healed":0,"gold_gain":0,"player_choice":"Offered Rare","damage_taken":0,"max_hp_gain":10,"max_hp_loss":0,"event_name":"Bonfire Elementals","floor":36,"gold_loss":0}],"is_beta":false,"boss_relics":[{"not_picked":["Velvet Choker","conspire:RoyalGoblet"],"picked":"hubris:GrandSneckoEye"},{"not_picked":["hubris:CrackedHourglass","Replay:Drink Me"],"picked":"hubris:ScarierMask"},{"not_picked":["Fusion Hammer","Snecko Heart"],"picked":"expansioncontent:StudyCardRelic"}],"items_purged_floors":[],"is_endless":true,"potions_floor_spawned":[1,13,18,25,29,31,33,37,39,46,48],"ascension_level":0}}