{"host":"hjajo0rafoe1e6c4","time":1612230960,"event":{"mods":["AchievementEnabler","BaseMod","Bestiary","Colored Map","Colored Powertips","Downfall","Highlight Path","Minty Spire (QoL Compilation)","Relic Stats","StSLib"],"gold_per_floor":[99,114,178,196,371,371,371,390,375,275,275,275,287,287,299,299,299,299],"floor_reached":16,"language":"ENG","playtime":1487,"items_purged":[],"score":115,"play_id":"3ad7f098-1985-4b17-87fa-40d7cf5e5dbd","local_time":"20210201205600","is_ascension_mode":false,"campfire_choices":[{"data":"champ:Taunt","floor":1,"key":"SMITH"},{"floor":6,"key":"RECALL"},{"data":"champ:BerserkersShout","floor":10,"key":"SMITH"},{"data":"champ:AdrenalArmor","floor":12,"key":"SMITH"}],"circlet_count":0,"master_deck":["champ:Strike","champ:Strike","champ:Strike","champ:Strike","champ:Defend","champ:Defend","champ:Defend","champ:Defend","champ:Execute","champ:Taunt+1","champ:RisingSlash","champ:BerserkersShout+1","champ:CrownThrow","Doubt","champ:AdrenalArmor+1","champ:BringItOn","champ:EnragedBash","champ:StanceDance"],"relics":["champ:ChampionCrown","Ginger","Meat on the Bone","downfall:HeartBlessingRed","downfall:BrokenWingStatue"],"acts_visited":["Exordium"],"potions_floor_usage":[16],"damage_taken":[{"damage":29,"enemies":"Small Slimes","floor":2,"turns":5},{"damage":54,"enemies":"Gremlin Nob","floor":3,"turns":5},{"damage":38,"enemies":"Jaw Worm","floor":4,"turns":2},{"damage":26,"enemies":"2 Louse","floor":8,"turns":3},{"damage":50,"enemies":"downfall:FleeingMerchant","floor":9,"turns":4},{"damage":10,"enemies":"Blue Slaver","floor":13,"turns":3},{"damage":33,"enemies":"Lots of Slimes","floor":15,"turns":3},{"damage":75,"enemies":"DF_ARCHETYPE_STREAMLINE","floor":16,"turns":6}],"seed_played":"-1315976025882282702","potions_obtained":[{"floor":3,"key":"DistilledChaos"},{"floor":8,"key":"Dexterity Potion"}],"is_trial":false,"path_per_floor":["R","M","?","M","?","R","T","M","$","R","?","R","M","?","M","B"],"character_chosen":"THE_CHAMP","items_purchased":[],"campfire_rested":0,"item_purchase_floors":[],"current_hp_per_floor":[99,95,61,53,53,53,53,64,66,66,76,76,76,76,68,0,0,0],"gold":299,"neow_bonus":"TEN_PERCENT_HP_BONUS","is_daily":false,"chose_seed":false,"campfire_upgraded":3,"win_rate":0.0,"timestamp":1612230960,"path_taken":["R","M","?","M","?","R","T","M","$","R","?","R","M","?","M","BOSS"],"items_purchased_type":[],"build_version":"2020-12-22","purchased_purges":0,"victory":false,"max_hp_per_floor":[99,99,99,99,99,99,99,99,99,99,109,109,109,109,109,109,109,109],"relic_stats":{"counters":[8,31],"Ginger":[11],"obtain_stats":[{"downfall:BrokenWingStatue":14,"downfall:HeartBlessingRed":10,"champ:ChampionCrown":0,"Ginger":3,"Meat on the Bone":7},{"downfall:BrokenWingStatue":6,"downfall:HeartBlessingRed":5,"champ:ChampionCrown":0,"Ginger":2,"Meat on the Bone":3},{"downfall:BrokenWingStatue":22,"downfall:HeartBlessingRed":19,"champ:ChampionCrown":0,"Ginger":10,"Meat on the Bone":12}],"Meat on the Bone":24},"card_choices":[{"not_picked":["champ:BladeFlurry","champ:EnGarde"],"picked":"champ:RisingSlash","floor":2},{"not_picked":["champ:FlashCut","champ:Shatter"],"picked":"champ:BerserkersShout","floor":3},{"not_picked":["champ:FocusedDefense","champ:IgnorePain"],"picked":"champ:CrownThrow","floor":4},{"not_picked":["champ:BringItOn","champ:Backstep"],"picked":"champ:AdrenalArmor","floor":8},{"not_picked":["champ:Backstep","champ:SetATrap"],"picked":"champ:BringItOn","floor":9},{"not_picked":["champ:Circumvent","champ:SetATrap"],"picked":"champ:EnragedBash","floor":13},{"not_picked":["champ:BerserkersShout","champ:Endure"],"picked":"champ:StanceDance","floor":15}],"player_experience":210366,"relics_obtained":[{"floor":3,"key":"Ginger"},{"floor":7,"key":"Meat on the Bone"}],"event_choices":[],"is_beta":false,"boss_relics":[],"items_purged_floors":[],"is_endless":false,"potions_floor_spawned":[3,8],"killed_by":"DF_ARCHETYPE_STREAMLINE","ascension_level":0}}