{"host":"8xzc7f3sd104n9ql","time":1612227923,"event":{"mods":["Ascension Reborn","Aspiration","BaseMod","Better Altar","Better Match","Better Note","Better Sensory Stone","Better Skull","Better Third Choice","Better Vampires","Colored Map","Colored Powertips","Colorless Booster Pack","Conspire","DeckTracker","Downfall","Energized Spire","Halation","Highlight Path","Hubris","Infinite Spire","Minty Spire (QoL Compilation)","Rare Cards Sparkle","RatMod","Reliquary","Replay The Spire","Spicy Shops","Spikes Relics","StSLib","The Blue Laboratory","Transform Curses","Unceasing Turn Reminder","UnlockEverythingMod"],"gold_per_floor":[114,129,129,144,159,159,159,174,174,204,204,54,69,84,84,184,184,199,199,199,214,229,229,229],"floor_reached":23,"language":"ENG","playtime":1108,"items_purged":[],"score":195,"play_id":"5280a8ca-fee5-4bb0-b050-1718e2d0bd81","local_time":"20210201190523","daily_mods":["SealedDeck","Uncertain Future","Lethality"],"is_ascension_mode":false,"campfire_choices":[{"data":"Heavy Blade","floor":6,"key":"SMITH"},{"data":"ReplayTheSpireMod:LeadingStrike","floor":6,"key":"SMITH"},{"data":"ReplayTheSpireMod:Muscle Training","floor":11,"key":"SMITH"},{"data":"Perfected Strike","floor":11,"key":"SMITH"},{"data":"Armaments","floor":15,"key":"SMITH"},{"data":"Iron Wave","floor":15,"key":"SMITH"}],"circlet_count":0,"master_deck":["Thunderclap","Shrug It Off","Ghostly Armor","Armaments+1","Flame Barrier","Wild Strike","ReplayTheSpireMod:LeadingStrike","Pommel Strike","Perfected Strike+1","Heavy Blade+1","Warcry","Regret","Iron Wave+1","ReplayTheSpireMod:LeadingStrike+1","Wild Strike","ReplayTheSpireMod:Muscle Training+1","Heavy Blade+1","Armaments","Cleave","Limit Break","Clothesline+1","Perfected Strike"],"relics":["Burning Blood","halation:PenCase","Blue Candle","RoseTintedShades","Blood Vial","DollysMirror","hubris:HollowSoul"],"acts_visited":["Exordium","TheCity"],"potions_floor_usage":[18,21,22],"damage_taken":[{"damage":0,"enemies":"infinitespire:Voidling","floor":1,"turns":2},{"damage":0,"enemies":"conspire:RoseBush","floor":2,"turns":2},{"damage":0,"enemies":"Small Slimes","floor":4,"turns":2},{"damage":0,"enemies":"Blue Slaver","floor":5,"turns":2},{"damage":2,"enemies":"Exordium Thugs","floor":8,"turns":3},{"damage":21,"enemies":"Gremlin Nob","floor":10,"turns":3},{"damage":9,"enemies":"Exordium Wildlife","floor":13,"turns":2},{"damage":0,"enemies":"Large Slime","floor":14,"turns":3},{"damage":20,"enemies":"Slime Boss","floor":16,"turns":7},{"damage":6,"enemies":"Shell Parasite","floor":18,"turns":2},{"damage":65,"enemies":"3 Byrds","floor":21,"turns":4},{"damage":22,"enemies":"conspire:HollyBat","floor":22,"turns":7},{"damage":27,"enemies":"Nightmare","floor":23,"turns":4}],"seed_played":"-9070903199233054170","potions_obtained":[{"floor":1,"key":"Guardian:BlockOnCardUsePotion"},{"floor":2,"key":"Slimebound:ThreeZeroPotion"},{"floor":4,"key":"Doom Potion"},{"floor":18,"key":"PowerPotion"},{"floor":21,"key":"blueLaboratory:FruitPunch"}],"is_trial":false,"path_per_floor":["M","M","?","M","M","R","?","M","T","E","R","$","M","M","R","B",null,"M","?","?","M","M","NM"],"character_chosen":"IRONCLAD","items_purchased":["DollysMirror"],"campfire_rested":0,"item_purchase_floors":[12],"current_hp_per_floor":[80,80,80,80,80,80,75,79,79,64,64,64,63,71,71,59,80,80,80,80,21,9,0,0],"gold":229,"neow_bonus":"","is_daily":true,"chose_seed":false,"campfire_upgraded":6,"win_rate":0.0,"timestamp":1612227923,"path_taken":["M","?","?","M","M","R","?","M","T","E","R","$","M","M","R","BOSS","M","?","?","M","M","NM"],"items_purchased_type":["Relic"],"build_version":"2020-12-22","purchased_purges":0,"victory":false,"max_hp_per_floor":[80,80,80,80,80,80,80,80,80,80,80,80,80,80,80,80,80,80,80,80,80,82,82,82],"card_choices":[{"not_picked":["True Grit","Body Slam","ReplayTheSpireMod:Strike From Hell"],"picked":"SKIP","floor":1},{"not_picked":["Run Through","Second Wind"],"picked":"Warcry","floor":2},{"not_picked":["hubris:ReadiedAction","hubris:StunningStrike"],"picked":"Iron Wave","floor":4},{"not_picked":["Warcry","Carnage"],"picked":"ReplayTheSpireMod:LeadingStrike","floor":5},{"not_picked":["Metallicize","Shrug It Off"],"picked":"Wild Strike","floor":8},{"not_picked":["Impervious","Infernal Blade"],"picked":"ReplayTheSpireMod:Muscle Training","floor":10},{"not_picked":["Evolve","Clothesline"],"picked":"Armaments","floor":13},{"not_picked":["ReplayTheSpireMod:LeadingStrike","True Grit"],"picked":"Cleave","floor":14},{"not_picked":["conspire:Purge","Demon Form"],"picked":"Limit Break","floor":16},{"not_picked":["Havoc","ReplayTheSpireMod:Strike From Hell+1"],"picked":"Clothesline+1","floor":18},{"not_picked":["infinitespire:OneForAll","Abandon","Second Wind"],"picked":"SKIP","floor":21},{"not_picked":["Run Through+1","Wild Strike"],"picked":"Perfected Strike","floor":22}],"player_experience":428938,"relics_obtained":[{"floor":9,"key":"RoseTintedShades"},{"floor":10,"key":"Blood Vial"}],"event_choices":[{"damage_healed":0,"gold_gain":0,"player_choice":"Box","damage_taken":0,"relics_obtained":["halation:PenCase"],"max_hp_gain":0,"max_hp_loss":0,"event_name":"Big Fish","floor":3,"gold_loss":0,"cards_obtained":["Regret"]},{"damage_healed":0,"gold_gain":0,"player_choice":"Ignored","damage_taken":0,"max_hp_gain":0,"max_hp_loss":0,"event_name":"Ghosts","floor":19,"gold_loss":0}],"is_beta":false,"boss_relics":[{"not_picked":["ReplayTheSpireMod:DimensionalGlitch","conspire:SlowCooker"],"picked":"hubris:HollowSoul"}],"items_purged_floors":[],"is_endless":false,"potions_floor_spawned":[1,2,4,14,18,21],"killed_by":"Nightmare","ascension_level":0}}