{"host":"7sni158j623xchr2","time":1612227365,"event":{"mods":["BaseMod","Colored Map","Highlight Path","Minty Spire (QoL Compilation)","Permanent Neow","Potion Indicator Mod","Rare Cards Sparkle","Relic Sorter","Relic Stats","StSLib","everything is the same but u backflip on backflip"],"gold_per_floor":[115,115,115,134,151,151,2,2,57,67,98,110,155,186,198,313,325,348,378,315,344,50,50,81,81,81,81,95,95,95,95,95,192,192,202,219,237,44,44,44,75,75,75,75,86,111,61,79,79,79,79,79,4,4,4],"floor_reached":54,"language":"ENG","playtime":1340,"items_purged":["Strike_B","Strike_B"],"score":768,"play_id":"bebb81ba-3e15-4dd1-94a8-8feefa031f9b","local_time":"20210201185605","is_ascension_mode":true,"campfire_choices":[{"data":"Cold Snap","floor":6,"key":"SMITH"},{"data":"Doom and Gloom","floor":8,"key":"SMITH"},{"data":"Loop","floor":15,"key":"SMITH"},{"data":"Electrodynamics","floor":23,"key":"SMITH"},{"data":"Capacitor","floor":25,"key":"SMITH"},{"data":"Static Discharge","floor":27,"key":"SMITH"},{"floor":32,"key":"REST"},{"data":"Biased Cognition","floor":40,"key":"SMITH"},{"floor":42,"key":"RECALL"},{"data":"Coolheaded","floor":44,"key":"SMITH"},{"data":"Compile Driver","floor":49,"key":"SMITH"},{"data":"Echo Form","floor":52,"key":"SMITH"}],"circlet_count":0,"master_deck":["Strike_B","Defend_B","Defend_B","Defend_B","Defend_B","Zap","Dualcast","Loop+1","Cold Snap+1","Compile Driver+1","Doom and Gloom+1","Static Discharge+1","Capacitor+1","Coolheaded+1","Electrodynamics+1","Self Repair","Force Field+1","Echo Form+1","Biased Cognition+1","Heatsinks+1","White Noise+1","Coolheaded+1","Echo Form","Chaos+1"],"relics":["Cracked Core","NeowsBlessing","Symbiotic Virus","MawBank","MealTicket","Cursed Key","Calipers","Bird Faced Urn","Blue Candle","Black Star","DollysMirror","Darkstone Periapt","Torii","Nunchaku","Smiling Mask"],"acts_visited":["Exordium","TheCity","TheBeyond","TheEnding"],"potions_floor_usage":[11,13,21,50],"damage_taken":[{"damage":0,"enemies":"Jaw Worm","floor":1,"turns":1},{"damage":0,"enemies":"Small Slimes","floor":4,"turns":1},{"damage":0,"enemies":"Cultist","floor":5,"turns":1},{"damage":0,"enemies":"Gremlin Gang","floor":10,"turns":2},{"damage":16,"enemies":"Lagavulin","floor":11,"turns":3},{"damage":13,"enemies":"3 Sentries","floor":13,"turns":4},{"damage":5,"enemies":"2 Fungi Beasts","floor":14,"turns":2},{"damage":18,"enemies":"Hexaghost","floor":16,"turns":8},{"damage":5,"enemies":"Chosen","floor":18,"turns":3},{"damage":23,"enemies":"2 Thieves","floor":19,"turns":3},{"damage":9,"enemies":"Centurion and Healer","floor":21,"turns":6},{"damage":3,"enemies":"Gremlin Leader","floor":24,"turns":6},{"damage":36,"enemies":"Snake Plant","floor":28,"turns":3},{"damage":52,"enemies":"Champ","floor":33,"turns":10},{"damage":15,"enemies":"3 Shapes","floor":35,"turns":4},{"damage":38,"enemies":"3 Darklings","floor":36,"turns":4},{"damage":54,"enemies":"Writhing Mass","floor":37,"turns":4},{"damage":39,"enemies":"Giant Head","floor":41,"turns":7},{"damage":29,"enemies":"Spire Growth","floor":45,"turns":4},{"damage":42,"enemies":"Reptomancer","floor":46,"turns":5},{"damage":2,"enemies":"Sphere and 2 Shapes","floor":48,"turns":6},{"damage":50,"enemies":"Time Eater","floor":50,"turns":9},{"damage":108,"enemies":"Shield and Spear","floor":54,"turns":5}],"seed_played":"2476603354767568794","potions_obtained":[{"floor":1,"key":"Fire Potion"},{"floor":5,"key":"FearPotion"},{"floor":13,"key":"SteroidPotion"},{"floor":18,"key":"FocusPotion"},{"floor":19,"key":"EssenceOfSteel"},{"floor":28,"key":"Ancient Potion"}],"is_trial":false,"path_per_floor":["M","?","?","M","M","R","$","R","T","M","E","$","E","M","R","B",null,"M","M","?","M","$","R","E","R","T","R","M","$","?","?","R","B",null,"M","M","M","$","?","R","E","R","T","R","M","E","$","M","R","B",null,"R","$","E"],"character_chosen":"DEFECT","items_purchased":["Doom and Gloom","Calipers","DollysMirror","FocusPotion","GamblersBrew"],"campfire_rested":1,"item_purchase_floors":[7,22,38,38,53],"current_hp_per_floor":[75,50,55,55,55,55,55,55,55,55,39,39,26,21,21,3,80,75,52,52,50,65,65,69,69,69,69,46,61,46,46,71,40,85,83,62,35,50,85,85,74,74,74,74,85,59,74,85,85,70,85,85,85,0,0],"gold":4,"neow_bonus":"THREE_ENEMY_KILL","is_daily":false,"chose_seed":false,"campfire_upgraded":10,"win_rate":0.0,"timestamp":1612227365,"path_taken":["M","?","?","?","M","R","?","R","T","M","E","$","E","M","R","BOSS","M","?","?","M","$","R","E","R","T","R","M","?","?","?","R","BOSS","M","M","M","?","?","R","E","R","T","R","M","E","$","?","R","BOSS","R","$","E"],"items_purchased_type":["Card","Relic","Relic","Potion","Potion"],"build_version":"2020-12-22","purchased_purges":2,"victory":false,"max_hp_per_floor":[75,75,80,80,80,80,80,80,80,80,80,80,80,80,80,80,80,80,80,80,80,80,80,80,80,80,80,80,80,85,85,85,85,85,85,85,85,85,85,85,85,85,85,85,85,85,85,85,85,85,85,85,85,85,85],"relic_stats":{"Darkstone Periapt":0,"Nunchaku":[2],"Torii":22,"counters":[23,100],"Bird Faced Urn":[185],"Blue Candle":[0],"MealTicket":60,"Black Star":2,"MawBank":132,"Cursed Key":0,"Smiling Mask":50,"obtain_stats":[{"Darkstone Periapt":41,"Calipers":22,"NeowsBlessing":0,"Torii":41,"Blue Candle":31,"MawBank":11,"Cursed Key":17,"Smiling Mask":46,"Nunchaku":46,"DollysMirror":38,"Bird Faced Urn":24,"MealTicket":13,"Black Star":34,"Cracked Core":0,"Symbiotic Virus":2},{"Darkstone Periapt":18,"Calipers":11,"NeowsBlessing":0,"Torii":18,"Blue Candle":13,"MawBank":5,"Cursed Key":8,"Smiling Mask":20,"Nunchaku":20,"DollysMirror":17,"Bird Faced Urn":12,"MealTicket":6,"Black Star":14,"Cracked Core":0,"Symbiotic Virus":1},{"Darkstone Periapt":71,"Calipers":34,"NeowsBlessing":0,"Torii":71,"Blue Candle":43,"MawBank":8,"Cursed Key":22,"Smiling Mask":80,"Nunchaku":80,"DollysMirror":64,"Bird Faced Urn":40,"MealTicket":12,"Black Star":53,"Cracked Core":0,"Symbiotic Virus":1}]},"card_choices":[{"not_picked":["Auto Shields","Conserve Battery"],"picked":"Loop","floor":1},{"not_picked":["Steam","Stack"],"picked":"Cold Snap","floor":4},{"not_picked":["Redo","Coolheaded"],"picked":"Compile Driver","floor":5},{"not_picked":["Tempest","Go for the Eyes"],"picked":"Static Discharge","floor":10},{"not_picked":["Sweeping Beam","Go for the Eyes"],"picked":"Capacitor","floor":11},{"not_picked":["Beam Cell","Aggregate","Gash"],"picked":"SKIP","floor":13},{"not_picked":["Darkness","Turbo"],"picked":"Coolheaded","floor":14},{"not_picked":["Amplify","Creative AI"],"picked":"Electrodynamics","floor":16},{"not_picked":["Cold Snap","Hello World"],"picked":"Melter","floor":18},{"not_picked":["Compile Driver+1","Storm"],"picked":"Self Repair","floor":19},{"not_picked":["Capacitor","Turbo"],"picked":"Force Field+1","floor":21},{"not_picked":["Cold Snap+1","Sweeping Beam+1"],"picked":"Echo Form","floor":24},{"not_picked":["Streamline","Storm"],"picked":"Turbo+1","floor":28},{"not_picked":["Thunder Strike","All For One"],"picked":"Biased Cognition","floor":33},{"not_picked":["Go for the Eyes","Fusion"],"picked":"Heatsinks+1","floor":35},{"not_picked":["Hologram+1","Doom and Gloom+1"],"picked":"White Noise+1","floor":36},{"not_picked":["Hologram+1","Scrape+1"],"picked":"Coolheaded+1","floor":37},{"not_picked":["Gash","Steam","Hyperbeam"],"picked":"SKIP","floor":41},{"not_picked":["Streamline+1","Aggregate+1"],"picked":"Chaos+1","floor":45},{"not_picked":["Sweeping Beam","Genetic Algorithm+1","Leap"],"picked":"SKIP","floor":46},{"not_picked":["Beam Cell+1","Turbo","Steam"],"picked":"SKIP","floor":48}],"player_experience":1740624,"relics_obtained":[{"floor":11,"key":"MawBank"},{"floor":13,"key":"MealTicket"},{"floor":24,"key":"Bird Faced Urn"},{"floor":41,"key":"Darkstone Periapt"},{"floor":41,"key":"Torii"},{"floor":46,"key":"Nunchaku"},{"floor":46,"key":"Smiling Mask"}],"event_choices":[{"damage_healed":0,"gold_gain":0,"player_choice":"Success","damage_taken":25,"relics_obtained":["Symbiotic Virus"],"max_hp_gain":0,"max_hp_loss":0,"event_name":"Scrap Ooze","floor":2,"gold_loss":0},{"damage_healed":0,"gold_gain":0,"player_choice":"Donut","damage_taken":0,"max_hp_gain":5,"max_hp_loss":0,"event_name":"Big Fish","floor":3,"gold_loss":0},{"cards_removed":["Strike_B"],"damage_healed":0,"gold_gain":0,"player_choice":"Gave Gold","damage_taken":0,"max_hp_gain":0,"max_hp_loss":0,"event_name":"Beggar","floor":20,"gold_loss":75},{"damage_healed":0,"gold_gain":0,"player_choice":"Shed Blood","damage_taken":20,"max_hp_gain":5,"max_hp_loss":0,"event_name":"Forgotten Altar","floor":30,"gold_loss":0},{"cards_removed":["Turbo"],"damage_healed":0,"gold_gain":0,"player_choice":"Gave Card","damage_taken":0,"relics_obtained":["Blue Candle"],"max_hp_gain":0,"max_hp_loss":0,"event_name":"WeMeetAgain","floor":31,"gold_loss":0},{"cards_removed":["Melter"],"damage_healed":35,"gold_gain":0,"player_choice":"Offered Uncommon","damage_taken":0,"max_hp_gain":0,"max_hp_loss":0,"event_name":"Bonfire Elementals","floor":39,"gold_loss":0}],"is_beta":false,"boss_relics":[{"not_picked":["Inserter","Fusion Hammer"],"picked":"Cursed Key"},{"not_picked":["Snecko Eye","Astrolabe"],"picked":"Black Star"}],"items_purged_floors":[7,47],"is_endless":false,"potions_floor_spawned":[1,5,13,18,19,28,35,36,45,46],"killed_by":"Shield and Spear","ascension_level":2}}