{"host":"m7jrdcbl89w2s34c","time":1612272002,"event":{"mods":["AchievementEnabler","BaseMod","Bestiary","Block Reminder","Colored Map","Colored Powertips","Minty Spire (QoL Compilation)","Permanent Neow","Relic Stats","StSLib"],"gold_per_floor":[121,147,159,171,183,195,247,259,271,24,64,88,88,113,113,113,113],"floor_reached":16,"language":"ENG","playtime":532,"items_purged":["Strike_B"],"score":130,"play_id":"882cd876-604c-423a-8591-9f6dd9a1de58","local_time":"20210202142002","is_ascension_mode":true,"campfire_choices":[{"data":"Force Field","floor":6,"key":"SMITH"},{"floor":8,"key":"REST"},{"floor":15,"key":"REST"}],"circlet_count":0,"master_deck":["Strike_B","Strike_B","Strike_B+1","Defend_B","Defend_B","Defend_B+1","Zap+1","Dualcast+1","Force Field+1","Force Field","Storm","Go for the Eyes","Compile Driver","Cold Snap"],"relics":["Cracked Core","MawBank","Golden Idol","War Paint","Mango","ClockworkSouvenir","Regal Pillow"],"acts_visited":["Exordium"],"potions_floor_usage":[16],"damage_taken":[{"damage":1,"enemies":"2 Louse","floor":1,"turns":3},{"damage":7,"enemies":"Jaw Worm","floor":2,"turns":3},{"damage":31,"enemies":"Gremlin Nob","floor":7,"turns":4},{"damage":37,"enemies":"Lagavulin","floor":11,"turns":8},{"damage":0,"enemies":"Small Slimes","floor":12,"turns":3},{"damage":5,"enemies":"Exordium Wildlife","floor":14,"turns":3},{"damage":47,"enemies":"Slime Boss","floor":16,"turns":10}],"seed_played":"-7759321659901449200","potions_obtained":[{"floor":11,"key":"Weak Potion"},{"floor":14,"key":"PotionOfCapacity"}],"is_trial":false,"path_per_floor":["M","M","?","?","?","R","E","R","T","$","E","M","?","M","R","B"],"character_chosen":"DEFECT","items_purchased":["Storm","ClockworkSouvenir"],"campfire_rested":2,"item_purchase_floors":[10,10],"current_hp_per_floor":[74,67,60,60,46,46,15,35,49,49,12,12,12,7,46,0,0],"gold":113,"neow_bonus":"RANDOM_COMMON_RELIC","is_daily":false,"chose_seed":false,"campfire_upgraded":1,"win_rate":0.0,"timestamp":1612272002,"path_taken":["M","M","?","?","?","R","E","R","T","$","E","?","?","M","R","BOSS"],"items_purchased_type":["Card","Relic"],"build_version":"2020-12-22","purchased_purges":1,"victory":false,"max_hp_per_floor":[75,75,75,69,69,69,69,69,83,83,83,83,83,83,83,83,83],"relic_stats":{"Regal Pillow":15,"counters":[7,34],"Golden Idol":26,"War Paint":["Zap","Defend_B"],"MawBank":120,"obtain_stats":[{"Regal Pillow":11,"Golden Idol":4,"Mango":9,"War Paint":7,"Cracked Core":0,"MawBank":0,"ClockworkSouvenir":10},{"Regal Pillow":4,"Golden Idol":2,"Mango":3,"War Paint":3,"Cracked Core":0,"MawBank":0,"ClockworkSouvenir":3},{"Regal Pillow":18,"Golden Idol":6,"Mango":10,"War Paint":10,"Cracked Core":0,"MawBank":0,"ClockworkSouvenir":10}]},"card_choices":[{"not_picked":["Leap","Beam Cell","Stack"],"picked":"SKIP","floor":1},{"not_picked":["Compile Driver","Turbo"],"picked":"Force Field","floor":2},{"not_picked":["Chaos","Turbo"],"picked":"Force Field","floor":7},{"not_picked":["Steam Power","Stack"],"picked":"Go for the Eyes","floor":11},{"not_picked":["Hologram","Redo"],"picked":"Compile Driver","floor":12},{"not_picked":["Hologram","Amplify"],"picked":"Cold Snap","floor":14}],"player_experience":193934,"relics_obtained":[{"floor":7,"key":"War Paint"},{"floor":9,"key":"Mango"},{"floor":11,"key":"Regal Pillow"}],"event_choices":[{"cards_removed":["Defend_B"],"damage_healed":0,"gold_gain":0,"player_choice":"Card Removal","damage_taken":7,"max_hp_gain":0,"max_hp_loss":0,"event_name":"Golden Wing","floor":3,"gold_loss":0},{"damage_healed":0,"gold_gain":0,"player_choice":"Lose Max HP","damage_taken":0,"relics_obtained":["Golden Idol"],"max_hp_gain":0,"max_hp_loss":6,"event_name":"Golden Idol","floor":4,"gold_loss":0},{"damage_healed":0,"gold_gain":0,"player_choice":"Entered Light","damage_taken":14,"max_hp_gain":0,"max_hp_loss":0,"event_name":"Shining Light","floor":5,"gold_loss":0,"cards_upgraded":["Dualcast","Strike_B"]},{"damage_healed":0,"gold_gain":0,"player_choice":"Ignored","damage_taken":0,"max_hp_gain":0,"max_hp_loss":0,"event_name":"Liars Game","floor":13,"gold_loss":0}],"is_beta":false,"boss_relics":[],"items_purged_floors":[10],"is_endless":false,"potions_floor_spawned":[11,14],"killed_by":"Slime Boss","ascension_level":4}}