{"host":"onexqh4cgvrrc7dp","time":1612271947,"event":{"mods":["Arknights","BaseMod","GifTheSpireLib","Hermit","Marisa£®ÏF”Í°°ƒß¿Ì…≥£©","Minty Spire (QoL Compilation)","Relic Stats","Remilia£®¿Ÿ√◊¿Ú—«£©","StSLib","The Servant 0.9.4","Youmu£®ªÍ∆«—˝√Œ£©"],"gold_per_floor":[118,118,118,118,131,30,30,30,30,47,67,78,112,122,122,219,219,229,229,144,219,119,119,138,138,138,13,13,13,31,31,31,134,134,150,150,150,160,160,185,185,217,217,227,77,96,108,121,121,121],"floor_reached":51,"language":"ZHS","playtime":2819,"items_purged":["Defend_YM","Strike_YM","SlashOfPresentWorld","Defend_YM"],"score":707,"play_id":"cbb5a269-7f4e-428e-ac5c-32e069bd47fc","local_time":"20210202211907","is_ascension_mode":false,"campfire_choices":[{"data":"ASingleThoughtAndInfiniteKalpas","floor":7.0,"key":"SMITH"},{"data":"SwordExtraction","floor":15.0,"key":"SMITH"},{"data":"Defend_YM","floor":23.0,"key":"PURGE"},{"data":"ASingleThoughtAndInfiniteKalpas+1","floor":29.0,"key":"PURGE"},{"data":"MatsuyoiReflectingSatelliteSlash","floor":32.0,"key":"PURGE"},{"data":"HeavenGodSword","floor":41,"key":"SMITH"},{"data":"Defend_YM","floor":49,"key":"PURGE"}],"circlet_count":0,"master_deck":["Strike_YM","WheelOfPainOfLivingAndDead","CrescentMoonSlash","SwordExtraction","HellFireSword","SwordExtraction+1","CurseOfTheBell","HeavenGodSword+1","SwordExtraction","Finesse","SwordExtraction","HeavenSword","CherryBlossomFlashing+1","HellFireSword+1"],"relics":["HalfPhantom","NeowsBlessing","Kunai","Pantograph","Hakurouken","Calling Bell","Bag of Preparation","Darkstone Periapt","Peace Pipe","Dream Catcher","Eternal Feather","Coffee Dripper","MealTicket","Regal Pillow","Toxic Egg 2"],"acts_visited":["Exordium","TheCity","TheBeyond"],"potions_floor_usage":[40],"damage_taken":[{"damage":0.0,"enemies":"Jaw Worm","floor":1.0,"turns":1.0},{"damage":0.0,"enemies":"Small Slimes","floor":5.0,"turns":1.0},{"damage":0.0,"enemies":"Cultist","floor":10.0,"turns":1.0},{"damage":0.0,"enemies":"3 Louse","floor":11.0,"turns":2.0},{"damage":16.0,"enemies":"Exordium Thugs","floor":12.0,"turns":5.0},{"damage":24.0,"enemies":"Lagavulin","floor":13.0,"turns":8.0},{"damage":2.0,"enemies":"2 Fungi Beasts","floor":14.0,"turns":3.0},{"damage":12.0,"enemies":"The Guardian","floor":16.0,"turns":12.0},{"damage":1.0,"enemies":"3 Byrds","floor":18.0,"turns":5.0},{"damage":20.0,"enemies":"2 Thieves","floor":24.0,"turns":5.0},{"damage":7.0,"enemies":"Shelled Parasite and Fungi","floor":30.0,"turns":12.0},{"damage":14.0,"enemies":"Cultist and Chosen","floor":31.0,"turns":6.0},{"damage":21.0,"enemies":"Champ","floor":33.0,"turns":21.0},{"damage":14.0,"enemies":"3 Darklings","floor":35.0,"turns":6.0},{"damage":1.0,"enemies":"Orb Walker","floor":38.0,"turns":3.0},{"damage":5,"enemies":"Reptomancer","floor":40,"turns":6},{"damage":1,"enemies":"Giant Head","floor":42,"turns":7},{"damage":0,"enemies":"Jaw Worm Horde","floor":44,"turns":3},{"damage":0,"enemies":"Writhing Mass","floor":46,"turns":3},{"damage":0,"enemies":"Maw","floor":47,"turns":4},{"damage":0,"enemies":"4 Shapes","floor":48,"turns":2},{"damage":29,"enemies":"Awakened One","floor":50,"turns":8}],"seed_played":"3392834654647932136","potions_obtained":[{"floor":11.0,"key":"Block Potion"},{"floor":13.0,"key":"DuplicationPotion"},{"floor":14.0,"key":"Energy Potion"},{"floor":24.0,"key":"SmokeBomb"},{"floor":35.0,"key":"Explosive Potion"},{"floor":40,"key":"DuplicationPotion"},{"floor":42,"key":"Swift Potion"},{"floor":44,"key":"GamblersBrew"}],"is_trial":false,"path_per_floor":["M","?","?","?","M","$","R","?","T","M","M","M","E","M","R","B",null,"M","?","?","?","$","R","M","?","T","$","?","R","M","M","R","B",null,"M","?","?","M","?","E","R","E","T","M","$","M","M","M","R","B",null],"character_chosen":"YOUMU","items_purchased":["SwordExtraction"],"campfire_rested":0,"item_purchase_floors":[6],"current_hp_per_floor":[75,75,80,73,73,73,73,66,66,66,66,50,26,24,24,37,80,79,79,79,71,71,71,51,36,36,36,36,42,35,21,27,31,85,71,71,71,70,70,65,71,70,70,70,81,81,81,81,81,52],"gold":121,"neow_bonus":"THREE_ENEMY_KILL","is_daily":false,"chose_seed":false,"campfire_upgraded":3,"win_rate":0.0,"timestamp":1612271947,"path_taken":["M","?","?","?","M","$","R","?","T","?","M","M","E","M","R","BOSS","M","?","?","?","$","R","?","?","T","$","?","R","M","M","R","BOSS","M","?","?","M","?","E","R","E","T","M","$","M","M","M","R","BOSS"],"items_purchased_type":["Card"],"build_version":"2020-12-22","purchased_purges":4,"victory":true,"max_hp_per_floor":[75,75,80,80,80,80,80,80,80,80,80,80,80,80,80,80,80,80,80,80,80,80,80,80,85,85,85,85,85,85,85,85,85,85,85,81,81,81,81,81,81,81,81,81,81,81,81,81,81,81],"relic_stats":{"Darkstone Periapt":0,"Peace Pipe":4,"Dream Catcher":0,"Regal Pillow":0,"counters":[22,124],"Pantograph":50,"Eternal Feather":18,"MealTicket":11,"Bag of Preparation":[28],"Kunai":[38],"obtain_stats":[{"Darkstone Periapt":17,"Regal Pillow":42,"NeowsBlessing":0,"HalfPhantom":0,"Eternal Feather":26,"Bag of Preparation":17,"Calling Bell":17,"Peace Pipe":17,"Dream Catcher":20,"Pantograph":9,"Hakurouken":13,"MealTicket":40,"Coffee Dripper":34,"Kunai":4,"Toxic Egg 2":43},{"Darkstone Periapt":8,"Regal Pillow":17,"NeowsBlessing":0,"HalfPhantom":0,"Eternal Feather":10,"Bag of Preparation":8,"Calling Bell":8,"Peace Pipe":8,"Dream Catcher":9,"Pantograph":2,"Hakurouken":6,"MealTicket":16,"Coffee Dripper":13,"Kunai":1,"Toxic Egg 2":17},{"Darkstone Periapt":33,"Regal Pillow":104,"NeowsBlessing":0,"HalfPhantom":0,"Eternal Feather":43,"Bag of Preparation":33,"Calling Bell":33,"Peace Pipe":33,"Dream Catcher":38,"Pantograph":2,"Hakurouken":18,"MealTicket":97,"Coffee Dripper":82,"Kunai":1,"Toxic Egg 2":104}]},"card_choices":[{"not_picked":["ThreeKonsSevenHakus","SlashOfMeditation"],"picked":"CrescentMoonSlash","floor":1.0},{"not_picked":["BloodOfAsura","ConstancyOfTheConventionalTruth"],"picked":"ASingleThoughtAndInfiniteKalpas","floor":5.0},{"not_picked":["PhosphoricSlash","CrescentMoonSlash","SlashOfMeditation"],"picked":"SKIP","floor":10.0},{"not_picked":["HeartExcerptSlash","SpiritCuttingSword"],"picked":"HellFireSword","floor":11.0},{"not_picked":["DispleasureOfTheSevenHakus","LowerRealmReflectionSlash","PretaSword"],"picked":"SKIP","floor":12.0},{"not_picked":["IrresoluteSoul","DispleasureOfTheSevenHakus"],"picked":"SwordExtraction","floor":13.0},{"not_picked":["SwordOfBindingDesires","SanzenSekai","KarmicPunishmentOfTheIdleAndUnfocused"],"picked":"SKIP","floor":14.0},{"not_picked":["HumanGodSword","SlashOfDepartureFromHesitation","CherryBlossomFlashing"],"picked":"SKIP","floor":18.0},{"not_picked":["SanzenSekai","DoubleWheelOfPain","LotusPostureSlash"],"picked":"SKIP","floor":24.0},{"not_picked":["HumanKnowledgeSword+1","TwoHundredYojanaInOneSlash+1","DispleasureOfTheSevenHakus"],"picked":"SKIP","floor":30.0},{"not_picked":["CelestialStarSword","DeadlyForm"],"picked":"HeavenGodSword","floor":33.0},{"not_picked":["ObsessionSword","TwoHundredYojanaInOneSlash+1"],"picked":"SwordExtraction","floor":35.0},{"not_picked":["Forethought","Good Instincts"],"picked":"Finesse","floor":37.0},{"not_picked":["ThreeKonsSevenHakus","LightFlashOfTheNetherworld+1"],"picked":"SwordExtraction","floor":38.0},{"not_picked":["SwordOfBindingDesires+1","EchoesOfTheInclemencyOfAllBeings+1","SanzenSekai"],"picked":"SKIP","floor":40},{"not_picked":["AsTheSilentNirvana+1","LowerRealmReflectionSlash+1","EchoesOfTheInclemencyOfAllBeings+1"],"picked":"SKIP","floor":42},{"not_picked":["CherryBlossomFlashing+1","SpiritCuttingSword+1"],"picked":"HeavenSword","floor":44},{"not_picked":["LowerRealmReflectionSlash+1","HumanKnowledgeSword+1"],"picked":"CherryBlossomFlashing+1","floor":46},{"not_picked":["SpiritCuttingSword+1","LotusPostureSlash+1"],"picked":"HellFireSword+1","floor":47},{"not_picked":["SlashOfAscensionToBuddhahood+1","CrescentMoonSlash","HumanKnowledgeSword"],"picked":"SKIP","floor":48}],"player_experience":543824,"relics_obtained":[{"floor":9.0,"key":"Pantograph"},{"floor":13.0,"key":"Hakurouken"},{"floor":17.0,"key":"Bag of Preparation"},{"floor":17.0,"key":"Darkstone Periapt"},{"floor":17.0,"key":"Peace Pipe"},{"floor":26.0,"key":"Eternal Feather"},{"floor":40,"key":"MealTicket"},{"floor":42,"key":"Regal Pillow"},{"floor":43,"key":"Toxic Egg 2"}],"event_choices":[{"damage_healed":0.0,"max_hp_gain":0.0,"max_hp_loss":0.0,"gold_gain":0.0,"event_name":"Liars Game","player_choice":"Ignored","floor":2.0,"gold_loss":0.0,"damage_taken":0.0},{"damage_healed":0.0,"max_hp_gain":5.0,"max_hp_loss":0.0,"gold_gain":0.0,"event_name":"Big Fish","player_choice":"Donut","floor":3.0,"gold_loss":0.0,"damage_taken":0.0},{"damage_healed":0.0,"max_hp_gain":0.0,"max_hp_loss":0.0,"gold_gain":0.0,"event_name":"Scrap Ooze","player_choice":"Success","floor":4.0,"gold_loss":0.0,"damage_taken":7.0,"relics_obtained":["Kunai"]},{"cards_removed":["Strike_YM"],"damage_healed":0.0,"max_hp_gain":0.0,"max_hp_loss":0.0,"gold_gain":0.0,"event_name":"Golden Wing","player_choice":"Card Removal","floor":8.0,"gold_loss":0.0,"damage_taken":7.0},{"damage_healed":0.0,"max_hp_gain":0.0,"max_hp_loss":0.0,"gold_gain":0.0,"event_name":"Ghosts","player_choice":"Ignored","floor":19.0,"gold_loss":0.0,"damage_taken":0.0},{"damage_healed":0.0,"max_hp_gain":0.0,"max_hp_loss":0.0,"gold_gain":0.0,"event_name":"Addict","player_choice":"Obtained Relic","floor":20.0,"gold_loss":85.0,"damage_taken":0.0,"relics_obtained":["Dream Catcher"]},{"damage_healed":0.0,"max_hp_gain":0.0,"max_hp_loss":0.0,"gold_gain":75.0,"event_name":"FaceTrader","player_choice":"Touch","floor":21.0,"gold_loss":0.0,"damage_taken":8.0},{"damage_healed":0.0,"max_hp_gain":5.0,"max_hp_loss":0.0,"gold_gain":0.0,"event_name":"Forgotten Altar","player_choice":"Shed Blood","floor":25.0,"gold_loss":0.0,"damage_taken":20.0},{"damage_healed":0.0,"max_hp_gain":0.0,"max_hp_loss":0.0,"gold_gain":0.0,"cards_transformed":["Strike_YM"],"event_name":"Transmorgrifier","player_choice":"Transformed","floor":28.0,"gold_loss":0.0,"damage_taken":0.0,"cards_obtained":["MatsuyoiReflectingSatelliteSlash"]},{"damage_healed":0.0,"max_hp_gain":0.0,"max_hp_loss":4.0,"gold_gain":0.0,"event_name":"Winding Halls","player_choice":"Max HP","floor":36.0,"gold_loss":0.0,"damage_taken":0.0},{"damage_healed":0.0,"max_hp_gain":0.0,"max_hp_loss":0.0,"gold_gain":0.0,"event_name":"SensoryStone","player_choice":"Memory 1","floor":37.0,"gold_loss":0.0,"damage_taken":0.0},{"damage_healed":0.0,"max_hp_gain":0.0,"max_hp_loss":0.0,"gold_gain":0.0,"event_name":"Tomb of Lord Red Mask","player_choice":"Ignored","floor":39.0,"gold_loss":0.0,"damage_taken":0.0}],"is_beta":false,"boss_relics":[{"not_picked":["Cursed Key","Ectoplasm"],"picked":"Calling Bell"},{"not_picked":["Snecko Eye","SacredBark"],"picked":"Coffee Dripper"}],"items_purged_floors":[6,22,27,45],"is_endless":false,"potions_floor_spawned":[11,13,14,16,24,31,35,40,42,44,46],"ascension_level":0}}