{"host":"7nm1ow5v9mg4ehcw","time":1612305315,"event":{"mods":["BaseMod","Minty Spire (QoL Compilation)","Relic Stats","StSLib"],"gold_per_floor":[110,121,121,5,23,60,60,102,102,102,122,122,156,180,180,287,287,305,305,21,50,70,112,112,146,221,14,14,40,40,68,68,169,169,180,207,10,27,27,27,27,27,27,27,71,84,84,117,117,117],"floor_reached":51,"language":"ENG","playtime":3010,"items_purged":["Strike_G","Strike_G"],"score":1391,"play_id":"c8bb292f-9286-48c2-b7d3-27ff0a866f4b","local_time":"20210202233515","is_ascension_mode":true,"campfire_choices":[{"floor":7,"key":"REST"},{"floor":12,"key":"REST"},{"data":"Noxious Fumes","floor":15,"key":"SMITH"},{"floor":24,"key":"REST"},{"data":"Footwork","floor":30,"key":"SMITH"},{"floor":32,"key":"REST"},{"data":"Footwork","floor":40,"key":"SMITH"},{"data":"Neutralize","floor":42,"key":"SMITH"},{"data":"Corpse Explosion","floor":44,"key":"SMITH"},{"floor":47,"key":"REST"},{"data":"Blur","floor":49,"key":"SMITH"}],"circlet_count":0,"master_deck":["AscendersBane","Strike_G","Defend_G","Defend_G","Defend_G","Defend_G","Defend_G","Survivor","Neutralize+1","Deadly Poison","Noxious Fumes+1","Deadly Poison","Dodge and Roll+1","Footwork+1","Bouncing Flask+1","Backflip","Poisoned Stab","Corpse Explosion+1","Footwork+1","Blur+1","Blur","Footwork+1","Backflip+1","Malaise+1","PiercingWail+1","Backflip+1"],"relics":["Runic Pyramid","Pear","CeramicFish","Art of War","HornCleat","Bronze Scales","SlaversCollar","Enchiridion","DollysMirror","Strawberry","Unceasing Top","Smiling Mask","Toxic Egg 2","PreservedInsect","Empty Cage","War Paint","Oddly Smooth Stone","Pocketwatch","Kunai"],"acts_visited":["TheCity","TheBeyond"],"potions_floor_usage":[23,25,38,48],"damage_taken":[{"damage":0,"enemies":"Cultist","floor":1,"turns":4},{"damage":11,"enemies":"Jaw Worm","floor":2,"turns":3},{"damage":1,"enemies":"2 Louse","floor":5,"turns":3},{"damage":32,"enemies":"Gremlin Nob","floor":6,"turns":5},{"damage":16,"enemies":"Lagavulin","floor":8,"turns":7},{"damage":0,"enemies":"Blue Slaver","floor":11,"turns":5},{"damage":6,"enemies":"3 Sentries","floor":13,"turns":8},{"damage":3,"enemies":"Exordium Thugs","floor":14,"turns":5},{"damage":0,"enemies":"The Guardian","floor":16,"turns":8},{"damage":14,"enemies":"Shell Parasite","floor":18,"turns":5},{"damage":0,"enemies":"Chosen","floor":21,"turns":5},{"damage":8,"enemies":"Centurion and Healer","floor":22,"turns":4},{"damage":25,"enemies":"Gremlin Leader","floor":23,"turns":7},{"damage":7,"enemies":"Book of Stabbing","floor":25,"turns":6},{"damage":30,"enemies":"Snecko","floor":29,"turns":7},{"damage":8,"enemies":"Snake Plant","floor":31,"turns":4},{"damage":0,"enemies":"Collector","floor":33,"turns":10},{"damage":3,"enemies":"Orb Walker","floor":35,"turns":5},{"damage":1,"enemies":"3 Shapes","floor":36,"turns":5},{"damage":8,"enemies":"Transient","floor":38,"turns":5},{"damage":4,"enemies":"Giant Head","floor":45,"turns":8},{"damage":0,"enemies":"Writhing Mass","floor":46,"turns":7},{"damage":0,"enemies":"Reptomancer","floor":48,"turns":7},{"damage":14,"enemies":"Awakened One","floor":50,"turns":18}],"seed_played":"-5790157298066021423","potions_obtained":[{"floor":1,"key":"FairyPotion"},{"floor":11,"key":"Weak Potion"},{"floor":23,"key":"Strength Potion"},{"floor":35,"key":"Energy Potion"},{"floor":36,"key":"DistilledChaos"}],"is_trial":false,"path_per_floor":["M","M","?","$","M","E","R","E","T","?","M","R","E","M","R","B",null,"M","?","$","M","M","E","R","E","T","$","?","M","R","M","R","B",null,"M","M","$","M","?","R","$","R","T","R","E","M","R","E","R","B",null],"character_chosen":"THE_SILENT","items_purchased":["Noxious Fumes","Deadly Poison","DollysMirror","Strawberry","PreservedInsect","War Paint"],"campfire_rested":5,"item_purchase_floors":[4,4,20,20,27,37],"current_hp_per_floor":[63,52,55,55,54,22,46,30,30,23,23,47,41,38,38,38,70,56,40,47,47,39,14,40,33,33,33,33,3,3,23,49,49,78,75,74,74,66,66,66,66,66,66,66,62,62,87,87,87,73],"gold":117,"neow_bonus":"BOSS_RELIC","is_daily":false,"chose_seed":false,"campfire_upgraded":6,"win_rate":0.0,"timestamp":1612305315,"path_taken":["M","M","?","$","M","E","R","E","T","?","M","R","E","M","R","BOSS","M","?","$","M","M","E","R","E","T","$","?","M","R","M","R","BOSS","M","M","$","?","?","R","$","R","T","R","E","M","R","E","R","BOSS"],"items_purchased_type":["Card","Card","Relic","Relic","Relic","Relic"],"build_version":"2020-12-22","purchased_purges":2,"victory":true,"max_hp_per_floor":[70,70,80,80,80,80,80,80,80,80,80,80,80,80,80,80,80,80,80,87,87,87,87,87,87,87,87,87,87,87,87,87,87,87,87,87,87,87,87,87,87,87,87,87,87,87,87,87,87,87],"relic_stats":{"counters":[24,151],"CeramicFish":117,"Bronze Scales":[461],"PreservedInsect":191,"Art of War":[73],"Kunai":[0],"War Paint":["Bouncing Flask","Dodge and Roll"],"Smiling Mask":75,"obtain_stats":[{"Pear":3,"CeramicFish":6,"Enchiridion":19,"Oddly Smooth Stone":43,"PreservedInsect":27,"War Paint":37,"Smiling Mask":25,"Empty Cage":34,"SlaversCollar":17,"HornCleat":9,"DollysMirror":20,"Bronze Scales":13,"Strawberry":20,"Art of War":8,"Kunai":48,"Toxic Egg 2":26,"Unceasing Top":23,"Ring of the Snake":0,"Runic Pyramid":0,"Pocketwatch":45},{"Pear":2,"CeramicFish":4,"Enchiridion":10,"Oddly Smooth Stone":20,"PreservedInsect":14,"War Paint":19,"Smiling Mask":14,"Empty Cage":17,"SlaversCollar":9,"HornCleat":5,"DollysMirror":10,"Bronze Scales":7,"Strawberry":10,"Art of War":5,"Kunai":23,"Toxic Egg 2":14,"Unceasing Top":13,"Ring of the Snake":0,"Runic Pyramid":0,"Pocketwatch":21},{"Pear":7,"CeramicFish":15,"Enchiridion":53,"Oddly Smooth Stone":111,"PreservedInsect":75,"War Paint":106,"Smiling Mask":75,"Empty Cage":96,"SlaversCollar":48,"HornCleat":22,"DollysMirror":53,"Bronze Scales":35,"Strawberry":53,"Art of War":22,"Kunai":133,"Toxic Egg 2":75,"Unceasing Top":69,"Ring of the Snake":0,"Runic Pyramid":0,"Pocketwatch":119}],"Unceasing Top":[1],"Pocketwatch":[1]},"card_choices":[{"not_picked":["Leg Sweep","Backstab"],"picked":"Finisher","floor":1},{"not_picked":["Deflect","Dodge and Roll"],"picked":"Deadly Poison","floor":2},{"not_picked":["Dagger Spray","Outmaneuver"],"picked":"Dodge and Roll","floor":5},{"not_picked":["Leg Sweep","Underhanded Strike"],"picked":"Footwork","floor":6},{"not_picked":["Flying Knee","Eviscerate"],"picked":"Bouncing Flask","floor":8},{"not_picked":["Dagger Throw","Acrobatics"],"picked":"Backflip","floor":11},{"not_picked":["Acrobatics","Dagger Throw","Terror"],"picked":"SKIP","floor":13},{"not_picked":["Blade Dance","Acrobatics"],"picked":"Poisoned Stab","floor":14},{"not_picked":["Adrenaline","Bullet Time"],"picked":"Corpse Explosion","floor":16},{"not_picked":["Infinite Blades","Quick Slash","Deflect"],"picked":"SKIP","floor":18},{"not_picked":["Blade Dance","PiercingWail"],"picked":"Blur","floor":21},{"not_picked":["Terror","Underhanded Strike","Deflect"],"picked":"SKIP","floor":22},{"not_picked":["Acrobatics+1","Dagger Spray"],"picked":"Blur","floor":23},{"not_picked":["Crippling Poison","Flechettes"],"picked":"Footwork","floor":25},{"not_picked":["Acrobatics+1","Bane"],"picked":"Backflip+1","floor":29},{"not_picked":["Noxious Fumes+1","Predator"],"picked":"Malaise+1","floor":31},{"not_picked":["Deflect+1","Underhanded Strike+1","Poisoned Stab+1"],"picked":"SKIP","floor":35},{"not_picked":["Dagger Throw","Dodge and Roll+1"],"picked":"PiercingWail+1","floor":36},{"not_picked":["Accuracy","Underhanded Strike","Concentrate+1"],"picked":"SKIP","floor":38},{"not_picked":["Accuracy","Underhanded Strike","Concentrate+1"],"picked":"SKIP","floor":38},{"not_picked":["Corpse Explosion+1","Outmaneuver+1"],"picked":"Backflip+1","floor":45},{"not_picked":["Deadly Poison+1","Dagger Throw","Slice"],"picked":"SKIP","floor":46},{"not_picked":["Bouncing Flask+1","Acrobatics+1","Dagger Throw"],"picked":"SKIP","floor":48}],"player_experience":380935,"relics_obtained":[{"floor":6,"key":"CeramicFish"},{"floor":8,"key":"Art of War"},{"floor":9,"key":"HornCleat"},{"floor":13,"key":"Bronze Scales"},{"floor":19,"key":"Enchiridion"},{"floor":23,"key":"Unceasing Top"},{"floor":25,"key":"Smiling Mask"},{"floor":26,"key":"Toxic Egg 2"},{"floor":43,"key":"Oddly Smooth Stone"},{"floor":45,"key":"Pocketwatch"},{"floor":48,"key":"Kunai"}],"event_choices":[{"damage_healed":0,"gold_gain":0,"player_choice":"Success","damage_taken":7,"relics_obtained":["Pear"],"max_hp_gain":0,"max_hp_loss":0,"event_name":"Scrap Ooze","floor":3,"gold_loss":0},{"cards_removed":["Strike_G"],"damage_healed":0,"gold_gain":0,"player_choice":"Card Removal","damage_taken":7,"max_hp_gain":0,"max_hp_loss":0,"event_name":"Golden Wing","floor":10,"gold_loss":0},{"damage_healed":0,"gold_gain":0,"player_choice":"Obtained Book","damage_taken":16,"max_hp_gain":0,"max_hp_loss":0,"event_name":"Cursed Tome","floor":19,"gold_loss":0},{"damage_healed":0,"gold_gain":0,"player_choice":"Upgraded","damage_taken":0,"max_hp_gain":0,"max_hp_loss":0,"event_name":"Upgrade Shrine","floor":28,"gold_loss":0,"cards_upgraded":["Footwork"]},{"damage_healed":0,"gold_gain":0,"player_choice":"Ignored","damage_taken":0,"max_hp_gain":0,"max_hp_loss":0,"event_name":"Mysterious Sphere","floor":39,"gold_loss":0}],"is_beta":false,"boss_relics":[{"not_picked":["SacredBark","Cursed Key"],"picked":"SlaversCollar"},{"not_picked":["Fusion Hammer","HoveringKite"],"picked":"Empty Cage"}],"items_purged_floors":[27,37],"is_endless":false,"potions_floor_spawned":[1,11,13,21,22,23,35,36],"ascension_level":12}}