{"host":"v2nniiiz7kpx7fwo","time":1612236405,"event":{"mods":["2.2 Compatiblity","AchievementEnabler","BaseMod","Colored Map","Colored Powertips","DeckTracker","Highlight Path","KOR Keyword Fix","Minty Spire (QoL Compilation)","Permanent Neow","Quick Restart","Rare Cards Sparkle","SuperFastMode"],"gold_per_floor":[113,113,130,130,145,145,178,178,226,271,283,307,337,366,378,491,503,530,542,569,581,508,520,350,350,350,350,365,665,692,436,436,436,436],"floor_reached":33,"language":"KOR","playtime":1377,"items_purged":["Strike_B","Strike_B"],"score":437,"play_id":"9ecd525c-b755-4993-921a-ff158b0bcfa7","local_time":"20210202122645","is_ascension_mode":true,"campfire_choices":[{"floor":6.0,"key":"REST"},{"data":"Zap","floor":8.0,"key":"SMITH"},{"data":"Redo","floor":11.0,"key":"SMITH"},{"floor":15.0,"key":"REST"},{"data":"Darkness","floor":23.0,"key":"SMITH"},{"data":"Coolheaded","floor":25.0,"key":"SMITH"},{"floor":32.0,"key":"REST"}],"circlet_count":0,"master_deck":["AscendersBane","Defend_B","Defend_B","Defend_B","Defend_B","Zap+1","Dualcast","Redo+1","Coolheaded+1","Ball Lightning","Double Energy","Cold Snap","Coolheaded","Capacitor","Seek","FTL","Decay","Darkness+1","Conserve Battery","Core Surge"],"relics":["Cracked Core","Prayer Wheel","Strawberry","MawBank","Anchor","Nuclear Battery","Bag of Preparation","Membership Card","Old Coin","Red Mask","Bronze Scales"],"acts_visited":["Exordium","TheCity"],"potions_floor_usage":[33,33],"damage_taken":[{"damage":9.0,"enemies":"Jaw Worm","floor":1.0,"turns":3.0},{"damage":7.0,"enemies":"Small Slimes","floor":3.0,"turns":3.0},{"damage":0.0,"enemies":"Cultist","floor":5.0,"turns":3.0},{"damage":14.0,"enemies":"Lagavulin","floor":7.0,"turns":5.0},{"damage":15.0,"enemies":"3 Sentries","floor":10.0,"turns":8.0},{"damage":0.0,"enemies":"Looter","floor":12.0,"turns":3.0},{"damage":0.0,"enemies":"Exordium Thugs","floor":13.0,"turns":4.0},{"damage":4.0,"enemies":"Large Slime","floor":14.0,"turns":6.0},{"damage":33.0,"enemies":"Slime Boss","floor":16.0,"turns":11.0},{"damage":9.0,"enemies":"Spheric Guardian","floor":18.0,"turns":3.0},{"damage":7.0,"enemies":"Chosen","floor":20.0,"turns":5.0},{"damage":0.0,"enemies":"Book of Stabbing","floor":27.0,"turns":1.0},{"damage":15.0,"enemies":"Shelled Parasite and Fungi","floor":28.0,"turns":5.0},{"damage":23.0,"enemies":"Masked Bandits","floor":30.0,"turns":6.0},{"damage":34,"enemies":"Collector","floor":33,"turns":7}],"seed_played":"2377530318296345314","potions_obtained":[{"floor":1.0,"key":"DuplicationPotion"},{"floor":5.0,"key":"Fire Potion"},{"floor":12.0,"key":"Ancient Potion"},{"floor":13.0,"key":"SmokeBomb"},{"floor":16.0,"key":"Fire Potion"},{"floor":20.0,"key":"Ancient Potion"}],"is_trial":false,"path_per_floor":["M","?","M","?","M","R","E","R","T","E","R","M","M","M","R","B",null,"M","?","M","$","?","R","$","R","T","E","M","?","?","$","R","B"],"character_chosen":"DEFECT","items_purchased":["Membership Card","Core Surge","Bronze Scales","Swift Potion","DistilledChaos"],"campfire_rested":3,"item_purchase_floors":[24,31,31,31,31],"current_hp_per_floor":[41,34,27,27,27,49,42,42,42,27,27,27,27,23,47,14,65,56,56,49,49,49,49,49,49,49,49,34,34,11,11,35,1,1],"gold":436,"neow_bonus":"ONE_RARE_RELIC","is_daily":false,"chose_seed":false,"campfire_upgraded":4,"win_rate":0.0,"timestamp":1612236405,"path_taken":["M","?","M","?","M","R","E","R","T","E","R","?","M","M","R","BOSS","M","?","M","?","?","R","$","R","T","E","?","?","?","$","R","BOSS"],"items_purchased_type":["Relic","Card","Relic","Potion","Potion"],"build_version":"2020-12-22","purchased_purges":2,"victory":false,"max_hp_per_floor":[75,75,75,75,75,75,82,82,82,82,82,82,82,82,82,82,82,82,82,82,82,82,82,82,82,82,82,82,82,82,82,82,82,82],"card_choices":[{"not_picked":["Self Repair","Barrage"],"picked":"Redo","floor":1.0},{"not_picked":["Rebound","Undo"],"picked":"Coolheaded","floor":1.0},{"not_picked":["Melter","Loop"],"picked":"Ball Lightning","floor":3.0},{"not_picked":["Compile Driver","Hello World","Recycle"],"picked":"SKIP","floor":3.0},{"not_picked":["Leap","Turbo"],"picked":"Double Energy","floor":5.0},{"not_picked":["Static Discharge","Gash"],"picked":"Cold Snap","floor":5.0},{"not_picked":["Go for the Eyes","Genetic Algorithm"],"picked":"Coolheaded","floor":7.0},{"not_picked":["Stack","Force Field","Scrape"],"picked":"SKIP","floor":10.0},{"not_picked":["Compile Driver","Force Field"],"picked":"Capacitor","floor":12.0},{"not_picked":["Leap","Coolheaded","Gash"],"picked":"SKIP","floor":12.0},{"not_picked":["Gash","Aggregate"],"picked":"Seek","floor":13.0},{"not_picked":["Ball Lightning","Hologram","Coolheaded"],"picked":"SKIP","floor":13.0},{"not_picked":["Stack","Gash"],"picked":"FTL","floor":14.0},{"not_picked":["Beam Cell","Doom and Gloom","Streamline"],"picked":"SKIP","floor":14.0},{"not_picked":["Beam Cell","Doom and Gloom","Streamline"],"picked":"SKIP","floor":14.0},{"not_picked":["Reprogram","Hologram","Compile Driver"],"picked":"SKIP","floor":18.0},{"not_picked":["Lockon","Rebound","Hologram"],"picked":"SKIP","floor":18.0},{"not_picked":["Turbo","Thunder Strike"],"picked":"Darkness","floor":20.0},{"not_picked":["Beam Cell","Leap","Gash+1"],"picked":"SKIP","floor":20.0},{"not_picked":["FTL","Skim+1"],"picked":"Conserve Battery","floor":28.0},{"not_picked":["Beam Cell","Gash","Static Discharge"],"picked":"SKIP","floor":28.0}],"player_experience":487096,"relics_obtained":[{"floor":7.0,"key":"Strawberry"},{"floor":9.0,"key":"MawBank"},{"floor":10.0,"key":"Anchor"},{"floor":30.0,"key":"Red Mask"}],"event_choices":[{"cards_removed":["Strike_B"],"damage_healed":0.0,"max_hp_gain":0.0,"max_hp_loss":0.0,"gold_gain":0.0,"event_name":"Golden Wing","player_choice":"Card Removal","floor":2.0,"gold_loss":0.0,"damage_taken":7.0},{"cards_removed":["Strike_B"],"damage_healed":0.0,"max_hp_gain":0.0,"max_hp_loss":0.0,"gold_gain":0.0,"event_name":"Purifier","player_choice":"Purged","floor":4.0,"gold_loss":0.0,"damage_taken":0.0},{"damage_healed":0.0,"max_hp_gain":0.0,"max_hp_loss":0.0,"gold_gain":0.0,"event_name":"Wheel of Change","player_choice":"Cursed","floor":19.0,"gold_loss":0.0,"damage_taken":0.0,"cards_obtained":["Decay"]},{"damage_healed":0.0,"max_hp_gain":0.0,"max_hp_loss":0.0,"gold_gain":0.0,"event_name":"Addict","player_choice":"Obtained Relic","floor":22.0,"gold_loss":85.0,"damage_taken":0.0,"relics_obtained":["Bag of Preparation"]},{"damage_healed":0.0,"max_hp_gain":0.0,"max_hp_loss":0.0,"gold_gain":0.0,"event_name":"The Mausoleum","player_choice":"Opened","floor":29.0,"gold_loss":0.0,"damage_taken":0.0,"relics_obtained":["Old Coin"]},{"damage_healed":0.0,"max_hp_gain":0.0,"max_hp_loss":0.0,"gold_gain":0.0,"event_name":"Masked Bandits","player_choice":"Fought Bandits","floor":30.0,"gold_loss":0.0,"damage_taken":0.0}],"is_beta":false,"boss_relics":[{"not_picked":["Snecko Eye","Coffee Dripper"],"picked":"Nuclear Battery"}],"items_purged_floors":[24,31],"is_endless":false,"potions_floor_spawned":[1,5,12,13,16,20,27],"killed_by":"Collector","ascension_level":12}}