{"host":"y1oqg7uy0jc6f5mb","time":1612282511,"event":{"mods":["AchievementEnabler","BaseMod","Better Altar","Better Match","Better Note","Better Sensory Stone","Better Skull","Better Third Choice","Colored Map","Colored Powertips","Downfall","Highlight Path","Ironclad Rager","Minty Spire (QoL Compilation)","Permanent Neow","Quick Restart","Relic Stats","Replay The Spire","Shop Mod","StSLib"],"gold_per_floor":[118,118,68,78,78,78,109,121,133,177,201,213,257,269,281,391,403,429,451,478,490,502,514,536,99,99,123,14,50,50,50,50,152,152,192,214,253,330,330,388,388,453,478,830,902,960,272,272,272,292,292,292,44,95,97],"floor_reached":56,"language":"ENG","playtime":4259,"items_purged":["Venomology","ReplayTheSpireMod:Splinters","Strike_G"],"score":1974,"play_id":"c7564f9a-171e-48fb-b0f3-6468d678b57c","local_time":"20210203001511","is_ascension_mode":true,"campfire_choices":[{"data":"Prepared","floor":6.0,"key":"SMITH"},{"floor":8.0,"key":"REST"},{"floor":15.0,"key":"REST"},{"floor":30.0,"key":"DIG"},{"data":"Accuracy","floor":41.0,"key":"SMITH"},{"data":"A Thousand Cuts","floor":49,"key":"SMITH"},{"data":"ReplayTheSpireMod:Scrap Shanks","floor":52,"key":"SMITH"}],"circlet_count":0,"master_deck":["AscendersBane","Strike_G","Defend_G+1","Defend_G","Defend_G","Defend_G","Survivor","Blade Dance+1","Blade Dance","Prepared+1","Phantasmal Killer+1","Dagger Throw+1","Catalyst","Tactician","Envenom","Hidden Blade","Noxious Fumes+1","Terror","A Thousand Cuts+1","Draining Mist","Hidden Blade","ReplayTheSpireMod:Scrap Shanks+1","Footwork","Accuracy+1","Leg Sweep","Outmaneuver+1","Adrenaline","Draining Mist+1","Deflect+1","Tactician+1","Footwork","ReplayUltimateDefense+1","Infinite Blades","Replay:Parry","All Out Attack","PiercingWail+1"],"relics":["Ring of the Snake","Snake Skull","InkBottle","War Paint","Replay:Rubber Ducky","Sozu","Replay:Multitool","Mummified Hand","Replay:Bandana","Ginger","Busted Crown","Pondfish Scales","Pen Nib","Vajra","Calipers","Blue Doll","MerchantsRug","Replay:Bottled Snecko","Bag of Preparation","Sling","Counterbalance","BargainBundle","Basket Of Snakes"],"acts_visited":["Exordium","TheCity","TheBeyond","TheEnding"],"potions_floor_usage":[],"damage_taken":[{"damage":1.0,"enemies":"Small Slimes","floor":1.0,"turns":5.0},{"damage":0.0,"enemies":"Jaw Worm","floor":4.0,"turns":5.0},{"damage":44.0,"enemies":"Gremlin Nob","floor":7.0,"turns":4.0},{"damage":7.0,"enemies":"Lagavulin","floor":10.0,"turns":4.0},{"damage":0.0,"enemies":"Cultist","floor":11.0,"turns":2.0},{"damage":12.0,"enemies":"3 Sentries","floor":13.0,"turns":4.0},{"damage":28.0,"enemies":"The Guardian","floor":16.0,"turns":12.0},{"damage":10.0,"enemies":"Spheric Guardian","floor":18.0,"turns":4.0},{"damage":2.0,"enemies":"3 Byrds","floor":19.0,"turns":4.0},{"damage":12.0,"enemies":"Snake Plant","floor":20.0,"turns":4.0},{"damage":21.0,"enemies":"3 Cultists","floor":24.0,"turns":5.0},{"damage":0.0,"enemies":"Snecko","floor":27.0,"turns":3.0},{"damage":0.0,"enemies":"Snake Plant","floor":29.0,"turns":3.0},{"damage":0.0,"enemies":"Champ","floor":33.0,"turns":5.0},{"damage":0.0,"enemies":"3 Shapes","floor":35.0,"turns":3.0},{"damage":0.0,"enemies":"Orb Walker","floor":36.0,"turns":2.0},{"damage":2.0,"enemies":"3 Darklings","floor":37.0,"turns":4.0},{"damage":2.0,"enemies":"2 Orb Walkers","floor":38.0,"turns":4.0},{"damage":0.0,"enemies":"Giant Head","floor":40.0,"turns":6.0},{"damage":5.0,"enemies":"Reptomancer","floor":42.0,"turns":4.0},{"damage":0.0,"enemies":"Giant Head","floor":44.0,"turns":4.0},{"damage":0.0,"enemies":"Mind Bloom Boss Battle","floor":45.0,"turns":3.0},{"damage":0,"enemies":"Donu and Deca","floor":50,"turns":6},{"damage":15,"enemies":"Shield and Spear","floor":54,"turns":4},{"damage":41,"enemies":"The Heart","floor":55,"turns":9}],"seed_played":"-1061408260139432929","potions_obtained":[{"floor":4.0,"key":"sneckomod:MuddlingPotion"},{"floor":7.0,"key":"Explosive Potion"},{"floor":11.0,"key":"Explosive Potion"},{"floor":16.0,"key":"Flashbang"}],"is_trial":false,"path_per_floor":["M","?","?","M","?","R","E","R","T","E","M","?","E","$","R","B",null,"M","M","M","?","T","R","M","$","T","M","$","M","R","?","R","B",null,"M","M","M","?","?","E","R","E","T","E","?","?","$","T","R","B",null,"R","$","E","B",null],"character_chosen":"THE_SILENT","items_purchased":["Hidden Blade","ReplayTheSpireMod:Scrap Shanks","Mummified Hand","Accuracy","Leg Sweep","MerchantsRug","Replay:Bottled Snecko","Bag of Preparation","Sling","BargainBundle","ReplayUltimateDefense+1","Infinite Blades","Replay:Parry","All Out Attack"],"campfire_rested":2,"item_purchase_floors":[25,25,25,28,28,47,47,47,47,53,53,53,53,53],"current_hp_per_floor":[62,62,62,62,62,62,18,39,39,32,32,32,20,20,41,13,56,46,44,32,32,32,53,32,32,32,32,32,32,32,32,53,53,66,66,66,64,62,62,62,62,57,57,57,57,57,57,57,57,57,67,67,67,52,11],"gold":97,"neow_bonus":"RANDOM_COMMON_RELIC","is_daily":false,"chose_seed":false,"campfire_upgraded":4,"win_rate":0.0,"timestamp":1612282511,"path_taken":["M","?","?","M","?","R","E","R","T","E","?","?","E","?","R","BOSS","M","M","?","?","?","R","?","$","T","?","$","M","R","?","R","BOSS","M","M","M","?","?","E","R","E","T","E","?","?","$","?","R","BOSS","R","$","E","BOSS"],"items_purchased_type":["Card","Card","Relic","Card","Card","Relic","Relic","Relic","Relic","Relic","Card","Card","Card","Card"],"build_version":"2020-12-22","purchased_purges":3,"victory":true,"max_hp_per_floor":[70,70,70,70,70,70,70,70,70,70,70,70,70,70,70,70,70,70,70,70,70,70,70,70,70,70,70,70,70,70,70,70,70,70,70,70,70,70,70,70,70,70,70,70,70,70,70,70,70,70,70,70,70,70,70],"relic_stats":{"Sozu":8,"Busted Crown":20,"counters":[25,113],"Mummified Hand":[98],"Snake Skull":[204],"Pen Nib":[8],"Bag of Preparation":[6],"Ginger":[8],"War Paint":["Defend_G","Phantasmal Killer"],"obtain_stats":[{"Calipers":45,"Vajra":43,"Blue Doll":46,"Snake Skull":0,"Replay:Multitool":22,"Bag of Preparation":47,"Ginger":30,"Sling":47,"Replay:Rubber Ducky":13,"Old Coin":44,"Sozu":17,"Replay:Bandana":26,"Mummified Hand":25,"Replay:Bottled Snecko":47,"InkBottle":9,"Ring of the Snake":0,"MerchantsRug":47,"BargainBundle":53,"Counterbalance":48,"Basket Of Snakes":54,"Pen Nib":42,"War Paint":10,"MawBank":7,"Pondfish Scales":38,"Busted Crown":34,"StrikeDummy":40},{"Calipers":22,"Vajra":20,"Blue Doll":22,"Snake Skull":0,"Replay:Multitool":10,"Bag of Preparation":22,"Ginger":13,"Sling":22,"Replay:Rubber Ducky":6,"Old Coin":21,"Sozu":7,"Replay:Bandana":11,"Mummified Hand":11,"Replay:Bottled Snecko":22,"InkBottle":3,"Ring of the Snake":0,"MerchantsRug":22,"BargainBundle":23,"Counterbalance":22,"Basket Of Snakes":24,"Pen Nib":20,"War Paint":4,"MawBank":3,"Pondfish Scales":18,"Busted Crown":14,"StrikeDummy":19},{"Calipers":94,"Vajra":87,"Blue Doll":94,"Snake Skull":0,"Replay:Multitool":48,"Bag of Preparation":94,"Ginger":59,"Sling":94,"Replay:Rubber Ducky":24,"Old Coin":91,"Sozu":36,"Replay:Bandana":53,"Mummified Hand":53,"Replay:Bottled Snecko":94,"InkBottle":14,"Ring of the Snake":0,"MerchantsRug":94,"BargainBundle":100,"Counterbalance":94,"Basket Of Snakes":104,"Pen Nib":87,"War Paint":18,"MawBank":14,"Pondfish Scales":77,"Busted Crown":64,"StrikeDummy":83}],"InkBottle":[73],"Ring of the Snake":[50]},"card_choices":[{"not_picked":["Dodge and Roll","Hidden Blade"],"picked":"Blade Dance","floor":1.0},{"not_picked":["Acrobatics","Distraction"],"picked":"Blade Dance","floor":4.0},{"not_picked":["Terror","Acrobatics"],"picked":"Phantasmal Killer","floor":7.0},{"not_picked":["Poisoned Stab","Dodge and Roll"],"picked":"Dagger Throw","floor":10.0},{"not_picked":["Expertise","Heel Hook"],"picked":"Catalyst","floor":11.0},{"not_picked":["ReplayTheSpireMod:Exploit Weakness","Sucker Punch"],"picked":"Tactician","floor":13.0},{"not_picked":["Wraith Form v2","Unload"],"picked":"Envenom","floor":16.0},{"not_picked":["Dodge and Roll","Deadly Poison"],"picked":"Hidden Blade","floor":18.0},{"not_picked":["Sucker Punch","Blur"],"picked":"Noxious Fumes+1","floor":19.0},{"not_picked":["Underhanded Strike","Draining Mist"],"picked":"Terror","floor":20.0},{"not_picked":["Dagger Throw","Catalyst"],"picked":"Draining Mist","floor":24.0},{"not_picked":["Bane","Backflip"],"picked":"Footwork","floor":27.0},{"not_picked":["Poisoned Stab","Prepared+1"],"picked":"Outmaneuver+1","floor":29.0},{"not_picked":["Wraith Form v2","Storm of Steel"],"picked":"Adrenaline","floor":33.0},{"not_picked":["Quick Slash"],"picked":"SKIP","floor":35.0},{"not_picked":["Flying Knee+1"],"picked":"SKIP","floor":36.0},{"not_picked":["Sucker Punch+1"],"picked":"SKIP","floor":37.0},{"not_picked":["Outmaneuver"],"picked":"SKIP","floor":40.0},{"not_picked":[],"picked":"Draining Mist+1","floor":42.0},{"not_picked":[],"picked":"Deflect+1","floor":44.0},{"not_picked":[],"picked":"Tactician+1","floor":45.0},{"not_picked":[],"picked":"PiercingWail+1","floor":54}],"player_experience":322538,"relics_obtained":[{"floor":7.0,"key":"MawBank"},{"floor":9.0,"key":"InkBottle"},{"floor":10.0,"key":"War Paint"},{"floor":13.0,"key":"Replay:Rubber Ducky"},{"floor":22.0,"key":"Replay:Multitool"},{"floor":26.0,"key":"Replay:Bandana"},{"floor":30.0,"key":"Ginger"},{"floor":38.0,"key":"Pondfish Scales"},{"floor":40.0,"key":"StrikeDummy"},{"floor":42.0,"key":"Pen Nib"},{"floor":43.0,"key":"Vajra"},{"floor":44.0,"key":"Old Coin"},{"floor":45.0,"key":"Calipers"},{"floor":46.0,"key":"Blue Doll"},{"floor":48,"key":"Counterbalance"},{"floor":54,"key":"Basket Of Snakes"}],"event_choices":[{"cards_removed":["Strike_G"],"damage_healed":0.0,"max_hp_gain":0.0,"max_hp_loss":0.0,"gold_gain":0.0,"event_name":"The Cleric","player_choice":"Card Removal","floor":3.0,"gold_loss":50.0,"damage_taken":0.0},{"damage_healed":0.0,"max_hp_gain":0.0,"max_hp_loss":0.0,"gold_gain":0.0,"cards_transformed":["Defend_G"],"event_name":"Transmorgrifier","player_choice":"Transformed","floor":5.0,"gold_loss":0.0,"damage_taken":0.0,"cards_obtained":["Prepared"]},{"damage_healed":0.0,"max_hp_gain":0.0,"max_hp_loss":0.0,"gold_gain":0.0,"event_name":"Dead Adventurer","player_choice":"Searched \u00270\u0027 times","floor":12.0,"gold_loss":0.0,"damage_taken":0.0},{"damage_healed":0.0,"max_hp_gain":0.0,"max_hp_loss":0.0,"gold_gain":0.0,"cards_transformed":["Strike_G","Strike_G"],"event_name":"Drug Dealer","player_choice":"Became Test Subject","floor":21.0,"gold_loss":0.0,"damage_taken":0.0,"cards_obtained":["A Thousand Cuts","Venomology"]},{"damage_healed":0.0,"max_hp_gain":0.0,"max_hp_loss":0.0,"gold_gain":0.0,"event_name":"Vampires","player_choice":"Ignored","floor":31.0,"gold_loss":0.0,"damage_taken":0.0},{"damage_healed":0.0,"max_hp_gain":0.0,"max_hp_loss":0.0,"gold_gain":0.0,"event_name":"Mysterious Sphere","player_choice":"Fight","floor":38.0,"gold_loss":0.0,"damage_taken":0.0},{"cards_removed":["Neutralize"],"damage_healed":0.0,"max_hp_gain":0.0,"max_hp_loss":0.0,"gold_gain":0.0,"event_name":"Falling","player_choice":"Removed Attack","floor":39.0,"gold_loss":0.0,"damage_taken":0.0},{"damage_healed":0.0,"max_hp_gain":0.0,"max_hp_loss":0.0,"gold_gain":0.0,"event_name":"MindBloom","player_choice":"Fight","floor":45.0,"gold_loss":0.0,"damage_taken":0.0}],"is_beta":false,"boss_relics":[{"not_picked":["Fusion Hammer","Pandora\u0027s Box"],"picked":"Sozu"},{"not_picked":["Honey Jar","Calling Bell"],"picked":"Busted Crown"}],"items_purged_floors":[25,47,53],"is_endless":false,"potions_floor_spawned":[4,7,11,16,19,20,27,36,44,45],"ascension_level":10}}