{"host":"p8bnstsjdxjza4jm","time":1612293498,"event":{"mods":["BaseMod","Colored Powertips","Marisa£¨Ùöéë¡¡Øª×âÞÞ£©","Minty Spire (QoL Compilation)","Quick Restart","StSLib"],"gold_per_floor":[111,111,111,111,111,154,170,95,120,46,66,66,66,79,79,79,79],"floor_reached":16,"language":"KOR","playtime":447,"items_purged":[],"score":129,"play_id":"438585b1-2bf3-4969-bbc8-646a729828c7","local_time":"20210203041818","is_ascension_mode":true,"campfire_choices":[{"data":"Combust","floor":13,"key":"SMITH"},{"floor":15,"key":"REST"}],"circlet_count":0,"master_deck":["Strike_R","Strike_R","Strike_R","Strike_R","Defend_R","Defend_R","Defend_R","Bash","Fire Breathing","Combust+1","Bloodletting","Bloodletting"],"relics":["Burning Blood","NeowsBlessing","Golden Idol","Blue Candle","Toy Ornithopter","Bag of Marbles"],"acts_visited":["Exordium"],"potions_floor_usage":[16],"damage_taken":[{"damage":0,"enemies":"Jaw Worm","floor":1,"turns":1},{"damage":0,"enemies":"Lagavulin","floor":6,"turns":1},{"damage":0,"enemies":"Small Slimes","floor":7,"turns":1},{"damage":15,"enemies":"2 Louse","floor":11,"turns":2},{"damage":13,"enemies":"Exordium Thugs","floor":14,"turns":4},{"damage":95,"enemies":"The Guardian","floor":16,"turns":12}],"seed_played":"906596263506673696","potions_obtained":[{"floor":6,"key":"SmokeBomb"},{"floor":14,"key":"Regen Potion"}],"is_trial":false,"path_per_floor":["M","?","?","T","?","E","M","$","T","$","M","$","R","M","R","B"],"character_chosen":"IRONCLAD","items_purchased":["Combust","Bloodletting"],"campfire_rested":1,"item_purchase_floors":[8,10],"current_hp_per_floor":[80,80,74,74,67,73,74,74,74,74,65,65,65,58,74,0,0],"gold":79,"neow_bonus":"THREE_ENEMY_KILL","is_daily":false,"chose_seed":false,"campfire_upgraded":1,"win_rate":0.0,"timestamp":1612293498,"path_taken":["M","?","?","?","?","E","M","?","T","$","M","$","R","M","R","BOSS"],"items_purchased_type":["Card","Card"],"build_version":"2020-12-22","purchased_purges":0,"victory":false,"max_hp_per_floor":[80,80,74,74,74,74,74,74,74,74,74,74,74,74,74,74,74],"card_choices":[{"not_picked":["Warcry","Clothesline","True Grit"],"picked":"SKIP","floor":1},{"not_picked":["Iron Wave","Barricade"],"picked":"Fire Breathing","floor":6},{"not_picked":["Armaments","Clash","Sword Boomerang"],"picked":"SKIP","floor":7},{"not_picked":["Sword Boomerang","Shrug It Off"],"picked":"Bloodletting","floor":11},{"not_picked":["Cleave","Carnage","Sever Soul"],"picked":"SKIP","floor":14}],"player_experience":80903,"relics_obtained":[{"floor":4,"key":"Blue Candle"},{"floor":6,"key":"Toy Ornithopter"},{"floor":9,"key":"Bag of Marbles"}],"event_choices":[{"cards_removed":["Strike_R"],"damage_healed":0,"gold_gain":0,"player_choice":"Forget","damage_taken":0,"max_hp_gain":0,"max_hp_loss":0,"event_name":"Living Wall","floor":2,"gold_loss":0},{"damage_healed":0,"gold_gain":0,"player_choice":"Lose Max HP","damage_taken":0,"relics_obtained":["Golden Idol"],"max_hp_gain":0,"max_hp_loss":6,"event_name":"Golden Idol","floor":3,"gold_loss":0},{"cards_removed":["Defend_R"],"damage_healed":0,"gold_gain":0,"player_choice":"Card Removal","damage_taken":7,"max_hp_gain":0,"max_hp_loss":0,"event_name":"Golden Wing","floor":5,"gold_loss":0}],"is_beta":false,"boss_relics":[],"items_purged_floors":[],"is_endless":false,"potions_floor_spawned":[6,14],"killed_by":"The Guardian","ascension_level":1}}