{"host":"2e3z4r48quhw80cc","time":1612308503,"event":{"mods":["BaseMod","Minty Spire (QoL Compilation)","Quick Restart","StSLib","SuperFastMode"],"gold_per_floor":[115,0,20,20,20,52,65,98,98,152,152,167,181,207,207,312,312,323,422,100,100,25,58,6,20,20,20,20,20,0,0,0,99,99,118,168,178,192,192,218,33,53,53,53,53,53,153,188,188,188],"floor_reached":51,"language":"KOR","playtime":1572,"items_purged":["Strike_B"],"score":1050,"play_id":"e0d7f651-88f5-4e38-96bc-84d7ba5bc84d","local_time":"20210203082823","is_ascension_mode":true,"campfire_choices":[{"data":"Self Repair","floor":15.0,"key":"SMITH"},{"floor":27.0,"key":"REST"},{"data":"Defragment","floor":29.0,"key":"SMITH"},{"data":"Zap","floor":32.0,"key":"SMITH"},{"data":"Echo Form","floor":46,"key":"SMITH"},{"data":"Storm","floor":49,"key":"SMITH"}],"circlet_count":0,"master_deck":["Defend_B","Defend_B","Zap+1","Dualcast","Conserve Battery","Capacitor","Doom and Gloom","Force Field","Ball Lightning","Self Repair+1","FTL","BootSequence","Heatsinks","Echo Form+1","Defragment+1","Hologram+1","Conserve Battery+1","Skim+1","Tempest+1","Buffer","Reinforced Body+1","Amplify+1","Glacier+1","Loop","Storm+1","Leap+1","Madness+1","Madness+1"],"relics":["FrozenCore","NeowsBlessing","Cables","Toy Ornithopter","Turnip","White Beast Statue","Happy Flower","Mercury Hourglass","WingedGreaves","Inserter","Toxic Egg 2","Smiling Mask","The Courier","Nunchaku","Du-Vu Doll","Juzu Bracelet","Sundial","Potion Belt"],"acts_visited":["Exordium","TheCity","TheBeyond"],"potions_floor_usage":[42,48,48,50,50,50,50,50,50],"damage_taken":[{"damage":0.0,"enemies":"Cultist","floor":1.0,"turns":1.0},{"damage":0.0,"enemies":"2 Louse","floor":3.0,"turns":1.0},{"damage":0.0,"enemies":"Gremlin Nob","floor":6.0,"turns":1.0},{"damage":6.0,"enemies":"Jaw Worm","floor":7.0,"turns":5.0},{"damage":25.0,"enemies":"Lagavulin","floor":8.0,"turns":5.0},{"damage":10.0,"enemies":"3 Sentries","floor":10.0,"turns":6.0},{"damage":0.0,"enemies":"Large Slime","floor":12.0,"turns":4.0},{"damage":4.0,"enemies":"Blue Slaver","floor":13.0,"turns":3.0},{"damage":32.0,"enemies":"Lagavulin","floor":14.0,"turns":6.0},{"damage":15.0,"enemies":"The Guardian","floor":16.0,"turns":9.0},{"damage":29.0,"enemies":"2 Thieves","floor":18.0,"turns":4.0},{"damage":45.0,"enemies":"Slavers","floor":23.0,"turns":4.0},{"damage":21.0,"enemies":"3 Byrds","floor":25.0,"turns":3.0},{"damage":49.0,"enemies":"Champ","floor":33.0,"turns":7.0},{"damage":0.0,"enemies":"3 Shapes","floor":35.0,"turns":5.0},{"damage":0.0,"enemies":"Mind Bloom Boss Battle","floor":36.0,"turns":5.0},{"damage":0.0,"enemies":"Orb Walker","floor":37.0,"turns":4.0},{"damage":66.0,"enemies":"Sphere and 2 Shapes","floor":38.0,"turns":5.0},{"damage":5.0,"enemies":"Giant Head","floor":40.0,"turns":10.0},{"damage":18,"enemies":"Writhing Mass","floor":42,"turns":6},{"damage":16,"enemies":"Nemesis","floor":48,"turns":9},{"damage":51,"enemies":"Awakened One","floor":50,"turns":14}],"seed_played":"-5342599203814961686","potions_obtained":[{"floor":3.0,"key":"ColorlessPotion"},{"floor":6.0,"key":"Ancient Potion"},{"floor":8.0,"key":"EntropicBrew"},{"floor":10.0,"key":"FocusPotion"},{"floor":12.0,"key":"PowerPotion"},{"floor":16.0,"key":"Ancient Potion"},{"floor":23.0,"key":"FocusPotion"},{"floor":33.0,"key":"SteroidPotion"},{"floor":38.0,"key":"Regen Potion"},{"floor":39.0,"key":"DistilledChaos"},{"floor":42,"key":"AttackPotion"},{"floor":48,"key":"Explosive Potion"}],"is_trial":false,"path_per_floor":["M","$","M","?","?","E","M","E","T","E","T","M","M","E","R","B",null,"M","?","$","?","?","E","$","M","T","R","?","R","?","?","R","B",null,"M","?","M","M","?","E","$","M","T","?","?","R","?","E","R","B",null],"character_chosen":"DEFECT","items_purchased":["Capacitor","Doom and Gloom","Toxic Egg 2","Hologram+1","Glacier+1","Loop","Storm"],"campfire_rested":1,"item_purchase_floors":[2,2,20,24,41,41,41],"current_hp_per_floor":[68,68,68,65,65,65,66,48,48,50,50,57,60,35,35,35,65,46,46,46,46,46,26,26,25,25,47,47,47,47,47,47,13,60,70,75,75,29,29,34,34,46,46,37,37,37,37,41,41,30],"gold":188,"neow_bonus":"THREE_ENEMY_KILL","is_daily":false,"chose_seed":false,"campfire_upgraded":5,"win_rate":0.0,"timestamp":1612308503,"path_taken":["M","$","M","?","?","E","M","E","T","E","?","M","M","E","R","BOSS","M","?","$","?","?","E","?","M","T","R","?","R","?","?","R","BOSS","M","?","M","M","?","E","$","M","T","?","?","R","?","E","R","BOSS"],"items_purchased_type":["Card","Card","Relic","Card","Card","Card","Card"],"build_version":"2020-12-22","purchased_purges":1,"victory":true,"max_hp_per_floor":[75,75,75,75,75,75,75,75,75,75,75,75,75,75,75,75,75,75,75,75,75,75,75,75,75,75,75,75,75,75,75,75,75,75,75,75,75,75,75,75,75,75,75,75,75,75,75,75,75,75],"card_choices":[{"not_picked":["Stack","Streamline"],"picked":"Conserve Battery","floor":1.0},{"not_picked":["Hologram","Sweeping Beam"],"picked":"Force Field","floor":3.0},{"not_picked":["Sweeping Beam","Redo"],"picked":"Self Repair","floor":6.0},{"not_picked":["Sweeping Beam","Fusion"],"picked":"FTL","floor":7.0},{"not_picked":["Go for the Eyes","Meteor Strike"],"picked":"BootSequence","floor":8.0},{"not_picked":["Sweeping Beam","Rip and Tear","Beam Cell"],"picked":"SKIP","floor":10.0},{"not_picked":["Compile Driver","Leap"],"picked":"Heatsinks","floor":12.0},{"not_picked":["Beam Cell","Conserve Battery","Hello World"],"picked":"SKIP","floor":13.0},{"not_picked":["Rip and Tear","Hologram","Compile Driver"],"picked":"SKIP","floor":14.0},{"not_picked":["Electrodynamics","Core Surge"],"picked":"Echo Form","floor":16.0},{"not_picked":["Stack","Sunder","Streamline"],"picked":"SKIP","floor":18.0},{"not_picked":["Redo+1","Go for the Eyes"],"picked":"Defragment","floor":23.0},{"not_picked":["Hologram+1","Reinforced Body+1"],"picked":"Conserve Battery+1","floor":25.0},{"not_picked":["Electrodynamics","All For One"],"picked":"Buffer","floor":33.0},{"not_picked":["Turbo+1","Conserve Battery+1","Doom and Gloom"],"picked":"SKIP","floor":35.0},{"not_picked":["Self Repair+1","Force Field+1"],"picked":"Reinforced Body+1","floor":37.0},{"not_picked":["Fusion+1","Hologram+1","Gash"],"picked":"SKIP","floor":38.0},{"not_picked":["Barrage","Heatsinks+1"],"picked":"Amplify+1","floor":40.0},{"not_picked":["Sweeping Beam+1","Capacitor+1"],"picked":"Leap+1","floor":42},{"not_picked":["Genetic Algorithm+1","Rebound","Multi-Cast+1"],"picked":"SKIP","floor":48}],"player_experience":94851,"relics_obtained":[{"floor":6.0,"key":"Toy Ornithopter"},{"floor":8.0,"key":"Turnip"},{"floor":9.0,"key":"White Beast Statue"},{"floor":10.0,"key":"Happy Flower"},{"floor":11.0,"key":"Mercury Hourglass"},{"floor":14.0,"key":"WingedGreaves"},{"floor":23.0,"key":"Smiling Mask"},{"floor":26.0,"key":"The Courier"},{"floor":36.0,"key":"Du-Vu Doll"},{"floor":40.0,"key":"Juzu Bracelet"},{"floor":43,"key":"Sundial"},{"floor":48,"key":"Potion Belt"}],"event_choices":[{"damage_healed":0.0,"max_hp_gain":0.0,"max_hp_loss":0.0,"gold_gain":0.0,"event_name":"Scrap Ooze","player_choice":"Success","floor":4.0,"gold_loss":0.0,"damage_taken":3.0,"relics_obtained":["Cables"]},{"damage_healed":0.0,"max_hp_gain":0.0,"max_hp_loss":0.0,"gold_gain":0.0,"cards_transformed":["Strike_B"],"event_name":"Living Wall","player_choice":"Change","floor":5.0,"gold_loss":0.0,"damage_taken":0.0,"cards_obtained":["Ball Lightning"]},{"damage_healed":0.0,"max_hp_gain":0.0,"max_hp_loss":0.0,"gold_gain":99.0,"event_name":"Nest","player_choice":"Stole From Cult","floor":19.0,"gold_loss":0.0,"damage_taken":0.0},{"cards_removed":["Strike_B"],"damage_healed":0.0,"max_hp_gain":0.0,"max_hp_loss":0.0,"gold_gain":0.0,"event_name":"Back to Basics","player_choice":"Elegance","floor":21.0,"gold_loss":0.0,"damage_taken":0.0},{"cards_removed":["Defend_B"],"damage_healed":0.0,"max_hp_gain":0.0,"max_hp_loss":0.0,"gold_gain":0.0,"event_name":"Beggar","player_choice":"Gave Gold","floor":22.0,"gold_loss":75.0,"damage_taken":0.0},{"damage_healed":0.0,"max_hp_gain":0.0,"max_hp_loss":0.0,"gold_gain":0.0,"event_name":"The Mausoleum","player_choice":"Opened","floor":28.0,"gold_loss":0.0,"damage_taken":0.0,"relics_obtained":["Nunchaku"]},{"damage_healed":0.0,"max_hp_gain":0.0,"max_hp_loss":0.0,"gold_gain":0.0,"event_name":"Masked Bandits","player_choice":"Paid Fearfully","floor":30.0,"gold_loss":20.0,"damage_taken":0.0},{"damage_healed":0.0,"max_hp_gain":0.0,"max_hp_loss":0.0,"gold_gain":0.0,"cards_transformed":["Strike_B","Defend_B"],"event_name":"Drug Dealer","player_choice":"Became Test Subject","floor":31.0,"gold_loss":0.0,"damage_taken":0.0,"cards_obtained":["Skim","Tempest"]},{"damage_healed":0.0,"max_hp_gain":0.0,"max_hp_loss":0.0,"gold_gain":0.0,"event_name":"MindBloom","player_choice":"Fight","floor":36.0,"gold_loss":0.0,"damage_taken":0.0},{"damage_healed":0.0,"max_hp_gain":0.0,"max_hp_loss":0.0,"gold_gain":0.0,"event_name":"Lab","player_choice":"Got Potions","floor":39.0,"gold_loss":0.0,"damage_taken":0.0},{"damage_healed":0,"gold_gain":0,"player_choice":"Embrace Madness","damage_taken":9,"max_hp_gain":0,"max_hp_loss":0,"event_name":"Winding Halls","floor":44,"gold_loss":0,"cards_obtained":["Madness","Madness"]},{"damage_healed":0,"gold_gain":0,"player_choice":"Ignored","damage_taken":0,"max_hp_gain":0,"max_hp_loss":0,"event_name":"Tomb of Lord Red Mask","floor":45,"gold_loss":0},{"damage_healed":0,"gold_gain":100,"player_choice":"Pray","damage_taken":0,"max_hp_gain":0,"max_hp_loss":0,"event_name":"Golden Shrine","floor":47,"gold_loss":0}],"is_beta":false,"boss_relics":[{"not_picked":["Snecko Eye","Velvet Choker"],"picked":"Inserter"},{"not_picked":["SlaversCollar","Sozu"],"picked":"FrozenCore"}],"items_purged_floors":[20],"is_endless":false,"potions_floor_spawned":[3,6,8,10,12,13,14,16,18,23,25,33,35,36,37,38,40,42,48],"ascension_level":7}}