{"host":"1i9jpj392h4nt9ho","time":1612230166,"event":{"mods":["AchievementEnabler","BaseMod","Colored Map","Minty Spire (QoL Compilation)"],"gold_per_floor":[112,122,122,197,197,197,228,242,266,280,300,330,37,69,69,166,166,183,215,232,251,251,251,251,284,284,313,330,73,104,115,115,211,211,227,278,278,202,252,283,283,318,357,394,628,675,687,714,726,738,750,762,164,192,192,192],"floor_reached":55,"language":"ENG","playtime":4091,"items_purged":[],"score":1125,"play_id":"03b58813-7e24-4a0d-a840-491a18e1e174","local_time":"20210202124246","is_ascension_mode":true,"campfire_choices":[{"data":"Apotheosis","floor":6,"key":"SMITH"},{"floor":15,"key":"REST"},{"data":"Bite","floor":23,"key":"SMITH"},{"data":"BootSequence","floor":32,"key":"SMITH"},{"floor":47,"key":"RECALL"},{"data":"Electrodynamics","floor":49,"key":"SMITH"},{"data":"Thunder Strike","floor":52,"key":"SMITH"}],"circlet_count":0,"master_deck":["Defend_B","Defend_B","Defend_B","Zap","Dualcast","Apotheosis+1","Self Repair","Rebound","Electrodynamics+1","Undo","Beam Cell","Cold Snap","Biased Cognition+1","Gash","Go for the Eyes","Core Surge","Leap+1","Sweeping Beam","Hologram","Go for the Eyes+1","Bite+1","Bite","Bite","Bite","Bite","BootSequence+1","Steam+1","Core Surge","Leap","Buffer","CurseOfTheBell","Lockon","Redo+1","Capacitor","Panacea","Redo+1","Thunder Strike+1","Go for the Eyes","Beam Cell","Redo+1"],"relics":["Cracked Core","Ancient Tea Set","Ice Cream","Boot","Dream Catcher","Lantern","Singing Bowl","Sozu","Red Mask","Oddly Smooth Stone","Gambling Chip","Blood Vial","Bottled Tornado","CaptainsWheel","Calling Bell","Pen Nib","Pear","FossilizedHelix","WingedGreaves","Dead Branch","Orichalcum","MawBank","Du-Vu Doll","Eternal Feather","Strawberry","Letter Opener","Toolbox","Ginger"],"acts_visited":["Exordium","TheCity","TheBeyond","TheEnding"],"potions_floor_usage":[11,12,14,19],"damage_taken":[{"damage":0,"enemies":"Small Slimes","floor":1,"turns":3},{"damage":4,"enemies":"2 Louse","floor":2,"turns":2},{"damage":4,"enemies":"Lagavulin","floor":7,"turns":7},{"damage":12,"enemies":"Jaw Worm","floor":8,"turns":2},{"damage":2,"enemies":"Red Slaver","floor":10,"turns":3},{"damage":10,"enemies":"Exordium Wildlife","floor":11,"turns":5},{"damage":13,"enemies":"3 Sentries","floor":12,"turns":3},{"damage":27,"enemies":"Gremlin Nob","floor":14,"turns":4},{"damage":0,"enemies":"Slime Boss","floor":16,"turns":5},{"damage":14,"enemies":"2 Thieves","floor":18,"turns":3},{"damage":20,"enemies":"Masked Bandits","floor":19,"turns":3},{"damage":16,"enemies":"3 Byrds","floor":20,"turns":5},{"damage":21,"enemies":"Snecko","floor":21,"turns":4},{"damage":0,"enemies":"Gremlin Leader","floor":25,"turns":7},{"damage":16,"enemies":"Slavers","floor":27,"turns":5},{"damage":20,"enemies":"Centurion and Healer","floor":28,"turns":5},{"damage":9,"enemies":"Gremlin Leader","floor":30,"turns":6},{"damage":15,"enemies":"Snake Plant","floor":31,"turns":4},{"damage":3,"enemies":"Collector","floor":33,"turns":7},{"damage":7,"enemies":"3 Darklings","floor":35,"turns":6},{"damage":22,"enemies":"2 Orb Walkers","floor":36,"turns":4},{"damage":0,"enemies":"Mind Bloom Boss Battle","floor":39,"turns":8},{"damage":15,"enemies":"Giant Head","floor":40,"turns":10},{"damage":6,"enemies":"Nemesis","floor":42,"turns":7},{"damage":0,"enemies":"Giant Head","floor":44,"turns":9},{"damage":32,"enemies":"Nemesis","floor":46,"turns":7},{"damage":0,"enemies":"Orb Walker","floor":48,"turns":3},{"damage":11,"enemies":"Time Eater","floor":50,"turns":9},{"damage":21,"enemies":"Shield and Spear","floor":54,"turns":5},{"damage":63,"enemies":"The Heart","floor":55,"turns":6}],"seed_played":"-373199631917760522","potions_obtained":[{"floor":7,"key":"LiquidBronze"},{"floor":8,"key":"Fire Potion"},{"floor":10,"key":"Regen Potion"},{"floor":12,"key":"DuplicationPotion"}],"is_trial":false,"path_per_floor":["M","M","?","?","?","R","E","M","T","M","M","E","$","E","R","B",null,"M","?","M","M","?","R","?","E","T","E","M","$","E","M","R","B",null,"M","?","?","$","?","E","?","E","T","E","?","E","R","M","R","B",null,"R","$","E","B"],"character_chosen":"DEFECT","items_purchased":["Biased Cognition","Lantern","Bottled Tornado","Capacitor","Strawberry","Letter Opener","Toolbox","Go for the Eyes","Beam Cell"],"campfire_rested":1,"item_purchase_floors":[13,13,29,38,53,53,53,53,53],"current_hp_per_floor":[75,75,68,57,50,50,56,44,44,52,66,60,60,47,69,75,75,71,58,49,38,38,38,38,52,52,43,41,41,54,48,48,54,64,64,55,55,55,66,63,63,70,70,70,70,51,70,72,72,68,72,72,79,58,0,0],"gold":192,"neow_bonus":"RANDOM_COLORLESS_2","is_daily":false,"chose_seed":false,"campfire_upgraded":5,"win_rate":0.0,"timestamp":1612230166,"path_taken":["M","M","?","?","?","R","E","M","T","?","M","E","?","E","R","BOSS","M","?","M","M","?","R","?","E","T","E","M","$","E","?","R","BOSS","M","?","?","$","?","E","?","E","T","E","?","E","R","M","R","BOSS","R","$","E","BOSS"],"items_purchased_type":["Card","Relic","Relic","Card","Relic","Relic","Relic","Card","Card"],"build_version":"2020-12-22","purchased_purges":0,"victory":false,"max_hp_per_floor":[75,75,75,75,75,75,75,75,75,75,75,75,75,75,75,75,75,75,75,75,75,52,52,52,52,52,52,52,52,54,54,54,54,64,64,64,64,64,66,68,68,70,70,70,70,70,70,72,72,72,72,72,79,79,79,79],"card_choices":[{"not_picked":["Sadistic Nature","Master of Strategy"],"picked":"Apotheosis","floor":0},{"not_picked":["Stack","Sunder"],"picked":"Self Repair","floor":1},{"not_picked":["Cold Snap","Steam"],"picked":"Rebound","floor":2},{"not_picked":["Gash","Turbo"],"picked":"Electrodynamics","floor":7},{"not_picked":["Scrape","Rebound"],"picked":"Undo","floor":8},{"not_picked":["Streamline","Stack"],"picked":"Beam Cell","floor":10},{"not_picked":["Rebound","Turbo"],"picked":"Cold Snap","floor":11},{"not_picked":["Streamline","Compile Driver","Coolheaded"],"picked":"SKIP","floor":12},{"not_picked":["Skim","Barrage"],"picked":"Gash","floor":14},{"not_picked":["Self Repair","Steam"],"picked":"Go for the Eyes","floor":15},{"not_picked":["Creative AI","Machine Learning"],"picked":"Core Surge","floor":16},{"not_picked":["Hologram","Beam Cell+1"],"picked":"Leap+1","floor":18},{"not_picked":["Ball Lightning","Steam Power+1"],"picked":"Sweeping Beam","floor":19},{"not_picked":["White Noise","Rebound+1"],"picked":"Hologram","floor":20},{"not_picked":["Steam Power","Compile Driver+1"],"picked":"Go for the Eyes+1","floor":21},{"not_picked":["Rebound","Ball Lightning"],"picked":"BootSequence","floor":25},{"not_picked":["Streamline+1","Beam Cell"],"picked":"Steam+1","floor":27},{"not_picked":["Streamline+1","Consume"],"picked":"Core Surge","floor":28},{"not_picked":["Hologram","Chaos","Sunder"],"picked":"Singing Bowl","floor":30},{"not_picked":["Sweeping Beam+1","Go for the Eyes"],"picked":"Leap","floor":31},{"not_picked":["Rainbow","Electrodynamics"],"picked":"Buffer","floor":33},{"not_picked":["Ball Lightning","Double Energy+1"],"picked":"Lockon","floor":35},{"not_picked":["Steam","Tempest"],"picked":"Redo+1","floor":36},{"not_picked":["Sweeping Beam+1","Beam Cell","Barrage"],"picked":"Singing Bowl","floor":39},{"not_picked":["Rebound","Conserve Battery","Turbo"],"picked":"Singing Bowl","floor":40},{"not_picked":["Bandage Up","Enlightenment"],"picked":"Panacea","floor":41},{"not_picked":["Steam","Compile Driver","Beam Cell+1"],"picked":"Singing Bowl","floor":42},{"not_picked":["Reboot","FTL"],"picked":"Redo+1","floor":44},{"not_picked":["Steam","FTL"],"picked":"Thunder Strike","floor":46},{"not_picked":["Cold Snap","Hologram","Self Repair+1"],"picked":"Singing Bowl","floor":48},{"not_picked":["FTL","Cold Snap"],"picked":"Redo+1","floor":54}],"player_experience":584242,"relics_obtained":[{"floor":7,"key":"Ice Cream"},{"floor":9,"key":"Boot"},{"floor":12,"key":"Dream Catcher"},{"floor":14,"key":"Singing Bowl"},{"floor":19,"key":"Red Mask"},{"floor":25,"key":"Oddly Smooth Stone"},{"floor":26,"key":"Gambling Chip"},{"floor":27,"key":"Blood Vial"},{"floor":30,"key":"CaptainsWheel"},{"floor":34,"key":"Pen Nib"},{"floor":34,"key":"Pear"},{"floor":34,"key":"FossilizedHelix"},{"floor":36,"key":"WingedGreaves"},{"floor":39,"key":"Dead Branch"},{"floor":40,"key":"Orichalcum"},{"floor":42,"key":"MawBank"},{"floor":44,"key":"Du-Vu Doll"},{"floor":46,"key":"Eternal Feather"},{"floor":54,"key":"Ginger"}],"event_choices":[{"damage_healed":0,"gold_gain":0,"player_choice":"Success","damage_taken":7,"relics_obtained":["Ancient Tea Set"],"max_hp_gain":0,"max_hp_loss":0,"event_name":"Scrap Ooze","floor":3,"gold_loss":0},{"damage_healed":0,"gold_gain":75,"player_choice":"Gather Gold","damage_taken":11,"max_hp_gain":0,"max_hp_loss":0,"event_name":"World of Goop","floor":4,"gold_loss":0},{"cards_removed":["Decay"],"damage_healed":0,"gold_gain":0,"player_choice":"Card Removal","damage_taken":7,"max_hp_gain":0,"max_hp_loss":0,"event_name":"Golden Wing","floor":5,"gold_loss":0},{"damage_healed":0,"gold_gain":0,"player_choice":"Fought Bandits","damage_taken":0,"max_hp_gain":0,"max_hp_loss":0,"event_name":"Masked Bandits","floor":19,"gold_loss":0},{"damage_healed":0,"gold_gain":0,"player_choice":"Became a vampire","damage_taken":0,"max_hp_gain":0,"max_hp_loss":23,"event_name":"Vampires","floor":22,"gold_loss":0,"cards_obtained":["Bite","Bite","Bite","Bite","Bite"]},{"damage_healed":0,"gold_gain":0,"player_choice":"Upgraded","damage_taken":0,"max_hp_gain":0,"max_hp_loss":0,"event_name":"Upgrade Shrine","floor":24,"gold_loss":0,"cards_upgraded":["Biased Cognition"]},{"damage_healed":0,"gold_gain":0,"player_choice":"Fight","damage_taken":0,"max_hp_gain":0,"max_hp_loss":0,"event_name":"Mysterious Sphere","floor":36,"gold_loss":0},{"cards_removed":["Defend_B"],"damage_healed":0,"gold_gain":0,"player_choice":"Removed Skill","damage_taken":0,"max_hp_gain":0,"max_hp_loss":0,"event_name":"Falling","floor":37,"gold_loss":0},{"damage_healed":0,"gold_gain":0,"player_choice":"Fight","damage_taken":0,"max_hp_gain":0,"max_hp_loss":0,"event_name":"MindBloom","floor":39,"gold_loss":0},{"damage_healed":0,"gold_gain":0,"player_choice":"Memory 1","damage_taken":0,"max_hp_gain":0,"max_hp_loss":0,"event_name":"SensoryStone","floor":41,"gold_loss":0},{"damage_healed":0,"gold_gain":222,"player_choice":"Wore Mask","damage_taken":0,"max_hp_gain":0,"max_hp_loss":0,"event_name":"Tomb of Lord Red Mask","floor":45,"gold_loss":0}],"is_beta":false,"boss_relics":[{"not_picked":["Snecko Eye","Runic Pyramid"],"picked":"Sozu"},{"not_picked":["Tiny House","Philosopher\u0027s Stone"],"picked":"Calling Bell"}],"items_purged_floors":[],"is_endless":false,"potions_floor_spawned":[7,8,10,12,19,20,28,33,36,42,44,48,54],"killed_by":"The Heart","ascension_level":2}}