{"host":"c35j6tsoy7cxzn43","time":1612269548,"event":{"mods":["BaseMod","Better Third Choice","BetterRewards","Colored Map","Colored Powertips","Conspire","Highlight Path","Hubris","Infinite Spire","Minty Spire (QoL Compilation)","Quick Restart","Replay The Spire","Shop Mod","StSLib"],"gold_per_floor":[117,117,134,154,154,189,204,223,247,247,264,264,284,294,294,294,294],"floor_reached":16,"language":"ENG","playtime":801,"items_purged":[],"score":106,"play_id":"b4059151-2ee2-4d11-8bc3-466d87ab0fe2","local_time":"20210202133908","is_ascension_mode":false,"campfire_choices":[{"floor":10,"key":"RECALL"},{"data":"conspire:PoisonWeapons","floor":12,"key":"SMITH"},{"data":"Catalyst","floor":15,"key":"SMITH"}],"circlet_count":0,"master_deck":["Strike_G","Strike_G","Strike_G","Strike_G","Strike_G","Defend_G","Defend_G","Defend_G","Defend_G","Defend_G","Survivor","Neutralize","Poisoned Stab+1","Tools of the Trade","Catalyst+1","conspire:PoisonWeapons+1","Poisoned Stab"],"relics":["Ring of the Snake","Potion Belt","Pet Ghost"],"acts_visited":["Exordium"],"potions_floor_usage":[6,16,16,16],"damage_taken":[{"damage":0,"enemies":"Jaw Worm","floor":1,"turns":5},{"damage":0,"enemies":"Cultist","floor":3,"turns":3},{"damage":2,"enemies":"2 Louse","floor":4,"turns":3},{"damage":28,"enemies":"Gremlin Nob","floor":6,"turns":5},{"damage":6,"enemies":"Lots of Slimes","floor":7,"turns":5},{"damage":4,"enemies":"2 Fungi Beasts","floor":8,"turns":3},{"damage":2,"enemies":"Large Slime","floor":11,"turns":7},{"damage":2,"enemies":"Blue Slaver","floor":13,"turns":3},{"damage":9,"enemies":"Exordium Wildlife","floor":14,"turns":4},{"damage":18,"enemies":"The Guardian","floor":16,"turns":4}],"seed_played":"-1124281194901110651","potions_obtained":[{"floor":3,"key":"AttackPotion"},{"floor":6,"key":"Venom Potion"},{"floor":7,"key":"AttackPotion"},{"floor":11,"key":"Ancient Potion"}],"is_trial":false,"path_per_floor":["M","?","M","M","?","E","M","M","T","R","M","R","M","M","R","B"],"character_chosen":"THE_SILENT","items_purchased":[],"campfire_rested":0,"item_purchase_floors":[],"current_hp_per_floor":[70,70,70,68,68,40,34,30,30,30,28,28,26,17,17,0,0],"gold":294,"neow_bonus":"RANDOM_COMMON_RELIC","is_daily":false,"chose_seed":false,"campfire_upgraded":2,"win_rate":0.0,"timestamp":1612269548,"path_taken":["M","?","?","M","?","E","M","M","T","R","M","R","M","M","R","BOSS"],"items_purchased_type":[],"build_version":"2020-12-22","purchased_purges":0,"victory":false,"max_hp_per_floor":[70,70,70,70,70,70,70,70,70,70,70,70,70,70,70,70,70],"card_choices":[{"not_picked":["Flying Knee","Sucker Punch"],"picked":"Poisoned Stab","floor":1},{"not_picked":["Skewer","ReplayTheSpireMod:Speed Training"],"picked":"Tools of the Trade","floor":3},{"not_picked":["ReplayTheSpireMod:The Works","Hidden Blade"],"picked":"Catalyst","floor":4},{"not_picked":["Dodge and Roll","Footwork","Dagger Spray"],"picked":"SKIP","floor":6},{"not_picked":["Dodge and Roll","Footwork","Dagger Spray"],"picked":"SKIP","floor":6},{"not_picked":["Sucker Punch","Quick Slash"],"picked":"conspire:PoisonWeapons","floor":7},{"not_picked":["Skewer","Masterful Stab","Dagger Throw"],"picked":"SKIP","floor":8},{"not_picked":["Backflip","Skewer","Dagger Spray"],"picked":"SKIP","floor":11},{"not_picked":["Backflip","Skewer","Dagger Spray"],"picked":"SKIP","floor":11},{"not_picked":["Outmaneuver","Toxin Wave"],"picked":"Poisoned Stab","floor":13},{"not_picked":["Prepared","hubris:Sniper","ReplayTheSpireMod:The Works"],"picked":"SKIP","floor":14}],"player_experience":434138,"relics_obtained":[{"floor":6,"key":"Pet Ghost"}],"event_choices":[{"damage_healed":0,"gold_gain":0,"player_choice":"Upgraded","damage_taken":0,"max_hp_gain":0,"max_hp_loss":0,"event_name":"Upgrade Shrine","floor":2,"gold_loss":0,"cards_upgraded":["Poisoned Stab"]},{"damage_healed":0,"gold_gain":0,"player_choice":"Leave","damage_taken":0,"max_hp_gain":0,"max_hp_loss":0,"event_name":"FaceTrader","floor":5,"gold_loss":0}],"is_beta":false,"boss_relics":[],"items_purged_floors":[],"is_endless":false,"potions_floor_spawned":[3,6,7,11],"killed_by":"The Guardian","ascension_level":0}}