{"host":"at5b10nm0iti0w4x","time":1612231587,"event":{"mods":["AchievementEnabler","BaseMod","Bestiary","Block Reminder","Colored Map","Colored Powertips","Highlight Path","Keyboard Shortcuts","Minty Spire (QoL Compilation)","Relic Stats","StSLib","SuperFastMode"],"gold_per_floor":[112,287,305,9,9,35,48,76,76,4,15,15,25,38,38,137,137,147,161,175,26,26,26,0,0,0,33,33,44,72,88,88,188,188,204,223,223,8,28,58,58,19,72,72,107,125,52,0,0,0],"floor_reached":51,"language":"ENG","playtime":2426,"items_purged":["Doubt"],"score":830,"play_id":"3e103fe8-3e2d-44b0-a291-785fcd2b9e70","local_time":"20210201210627","is_ascension_mode":false,"campfire_choices":[{"data":"Footwork","floor":12,"key":"SMITH"},{"data":"Footwork","floor":15,"key":"SMITH"},{"data":"Terror","floor":23,"key":"SMITH"},{"data":"Corpse Explosion","floor":25,"key":"SMITH"},{"data":"Envenom","floor":32,"key":"SMITH"},{"data":"Noxious Fumes","floor":41,"key":"SMITH"},{"floor":44,"key":"REST"},{"floor":49,"key":"REST"}],"circlet_count":0,"master_deck":["Strike_G+1","Strike_G","Strike_G+1","Strike_G","Strike_G","Defend_G","Defend_G","Defend_G","Defend_G","Defend_G","Survivor","Neutralize","Sucker Punch","Well Laid Plans+1","Predator","Footwork+1","Deadly Poison","Footwork+1","PiercingWail","Corpse Explosion+1","Backflip","Bane","Dodge and Roll","Terror+1","Dash","Envenom+1","Sucker Punch","Bullet Time","Crippling Poison+1","Bane+1","Envenom+1","Noxious Fumes+1","Noxious Fumes","Writhe","Deflect+1","Deadly Poison+1"],"relics":["Ring of the Snake","NeowsBlessing","Strawberry","Pen Nib","Bird Faced Urn","Paper Crane","Velvet Choker","Ancient Tea Set","HornCleat","Whetstone","Orichalcum","Cursed Key","Question Card","DollysMirror","Blue Candle","Snake Skull","Anchor","Red Mask"],"acts_visited":["Exordium","TheCity","TheBeyond"],"potions_floor_usage":[20,31,31,33,40,50,50,50],"damage_taken":[{"damage":0,"enemies":"Small Slimes","floor":1,"turns":1},{"damage":0,"enemies":"Jaw Worm","floor":3,"turns":1},{"damage":0,"enemies":"Lagavulin","floor":6,"turns":1},{"damage":1,"enemies":"2 Louse","floor":7,"turns":2},{"damage":17,"enemies":"3 Sentries","floor":8,"turns":9},{"damage":1,"enemies":"Red Slaver","floor":11,"turns":5},{"damage":0,"enemies":"Large Slime","floor":13,"turns":5},{"damage":6,"enemies":"3 Louse","floor":14,"turns":5},{"damage":35,"enemies":"Hexaghost","floor":16,"turns":12},{"damage":2,"enemies":"3 Byrds","floor":18,"turns":4},{"damage":20,"enemies":"Spheric Guardian","floor":19,"turns":6},{"damage":4,"enemies":"Snake Plant","floor":20,"turns":7},{"damage":9,"enemies":"Slavers","floor":27,"turns":4},{"damage":0,"enemies":"Centurion and Healer","floor":29,"turns":5},{"damage":23,"enemies":"Gremlin Leader","floor":30,"turns":8},{"damage":10,"enemies":"Chosen and Byrds","floor":31,"turns":6},{"damage":18,"enemies":"Champ","floor":33,"turns":12},{"damage":10,"enemies":"3 Darklings","floor":35,"turns":5},{"damage":0,"enemies":"Orb Walker","floor":36,"turns":3},{"damage":0,"enemies":"Transient","floor":39,"turns":5},{"damage":32,"enemies":"Giant Head","floor":40,"turns":9},{"damage":26,"enemies":"Reptomancer","floor":45,"turns":6},{"damage":20,"enemies":"Maw","floor":46,"turns":7},{"damage":77,"enemies":"Awakened One","floor":50,"turns":12}],"seed_played":"-479082382635332932","potions_obtained":[{"floor":1,"key":"EssenceOfSteel"},{"floor":6,"key":"Poison Potion"},{"floor":8,"key":"Regen Potion"},{"floor":11,"key":"Dexterity Potion"},{"floor":30,"key":"Weak Potion"},{"floor":33,"key":"GhostInAJar"},{"floor":35,"key":"Dexterity Potion"},{"floor":39,"key":"SmokeBomb"},{"floor":45,"key":"DuplicationPotion"},{"floor":46,"key":"SteroidPotion"}],"is_trial":false,"path_per_floor":["M","?","M","$","?","E","M","E","T","$","M","R","M","M","R","B",null,"M","M","M","$","?","R","?","R","T","E","$","M","E","M","R","B",null,"M","M","?","$","M","E","R","$","T","R","E","M","$","?","R","B",null],"character_chosen":"THE_SILENT","items_purchased":["Well Laid Plans","Strawberry","Footwork","Ancient Tea Set","DollysMirror","Noxious Fumes","Noxious Fumes","LiquidMemories"],"campfire_rested":2,"item_purchase_floors":[4,4,10,21,38,38,42,47],"current_hp_per_floor":[70,70,70,77,77,77,76,59,59,59,64,64,68,68,68,39,77,75,57,59,59,59,59,59,59,59,56,56,62,45,58,58,48,77,67,71,71,71,77,46,46,46,46,69,57,51,51,51,74,10],"gold":0,"neow_bonus":"THREE_ENEMY_KILL","is_daily":false,"chose_seed":false,"campfire_upgraded":6,"win_rate":0.0,"timestamp":1612231587,"path_taken":["M","?","M","?","?","E","M","E","T","$","?","R","M","M","R","BOSS","M","M","M","$","?","R","?","R","T","E","?","?","E","M","R","BOSS","M","M","?","$","M","E","R","$","T","R","E","?","$","?","R","BOSS"],"items_purchased_type":["Card","Relic","Card","Relic","Relic","Card","Card","Potion"],"build_version":"2020-12-22","purchased_purges":1,"victory":true,"max_hp_per_floor":[70,70,70,77,77,77,77,77,77,77,77,77,77,77,77,77,77,77,77,77,77,77,77,77,77,77,77,77,77,77,77,77,77,77,77,77,77,77,77,77,77,77,77,77,77,77,77,77,77,77],"relic_stats":{"counters":[24,140],"Bird Faced Urn":[116],"Blue Candle":[2],"Pen Nib":[23],"Snake Skull":[77],"Whetstone":["Strike_G","Strike_G"],"Orichalcum":[78],"Cursed Key":1,"Question Card":4,"obtain_stats":[{"NeowsBlessing":0,"Blue Candle":40,"Velvet Choker":17,"Pen Nib":6,"Snake Skull":43,"Whetstone":27,"Paper Crane":9,"Orichalcum":30,"Ancient Tea Set":21,"Cursed Key":34,"Question Card":37,"Anchor":45,"HornCleat":26,"DollysMirror":38,"Strawberry":4,"Bird Faced Urn":8,"Red Mask":48,"Ring of the Snake":0},{"NeowsBlessing":0,"Blue Candle":21,"Velvet Choker":9,"Pen Nib":3,"Snake Skull":21,"Whetstone":13,"Paper Crane":5,"Orichalcum":15,"Ancient Tea Set":12,"Cursed Key":17,"Question Card":19,"Anchor":22,"HornCleat":12,"DollysMirror":19,"Strawberry":2,"Bird Faced Urn":5,"Red Mask":23,"Ring of the Snake":0},{"NeowsBlessing":0,"Blue Candle":115,"Velvet Choker":41,"Pen Nib":3,"Snake Skull":115,"Whetstone":62,"Paper Crane":14,"Orichalcum":75,"Ancient Tea Set":58,"Cursed Key":93,"Question Card":101,"Anchor":121,"HornCleat":58,"DollysMirror":101,"Strawberry":2,"Bird Faced Urn":14,"Red Mask":128,"Ring of the Snake":0}],"Ring of the Snake":[48]},"card_choices":[{"not_picked":["All Out Attack","Blade Dance"],"picked":"Sucker Punch","floor":1},{"not_picked":["Expertise","Flechettes"],"picked":"Acrobatics","floor":3},{"not_picked":["Outmaneuver","Leg Sweep"],"picked":"Predator","floor":6},{"not_picked":["Dagger Throw","Flechettes"],"picked":"Footwork","floor":7},{"not_picked":["Poisoned Stab","Reflex"],"picked":"Deadly Poison","floor":8},{"not_picked":["Sucker Punch","Outmaneuver"],"picked":"PiercingWail","floor":11},{"not_picked":["Deflect","Expertise","Outmaneuver"],"picked":"SKIP","floor":13},{"not_picked":["All Out Attack","Choke","Poisoned Stab"],"picked":"SKIP","floor":14},{"not_picked":["After Image","Envenom"],"picked":"Corpse Explosion","floor":16},{"not_picked":["Escape Plan","Deflect"],"picked":"Backflip","floor":18},{"not_picked":["Outmaneuver","Flechettes"],"picked":"Bane","floor":19},{"not_picked":["Bane","Deflect"],"picked":"Dodge and Roll","floor":20},{"not_picked":["Outmaneuver+1","Poisoned Stab","Wraith Form v2"],"picked":"SKIP","floor":27},{"not_picked":["PiercingWail+1","Dagger Throw"],"picked":"Dash","floor":29},{"not_picked":["Prepared","PiercingWail"],"picked":"Envenom","floor":30},{"not_picked":["Quick Slash","PiercingWail+1"],"picked":"Sucker Punch","floor":31},{"not_picked":["Unload","Night Terror"],"picked":"Bullet Time","floor":33},{"not_picked":["Acrobatics","Finisher+1"],"picked":"Crippling Poison+1","floor":35},{"not_picked":["Dodge and Roll","Reflex+1"],"picked":"Bane+1","floor":36},{"not_picked":["Dagger Throw+1","Flechettes+1","Dagger Spray","PiercingWail"],"picked":"SKIP","floor":39},{"not_picked":["Deflect","Poisoned Stab","Dagger Throw","Choke"],"picked":"SKIP","floor":40},{"not_picked":["Heel Hook+1","Crippling Poison+1","Poisoned Stab+1"],"picked":"Deflect+1","floor":45},{"not_picked":["Quick Slash","Caltrops","Acrobatics+1"],"picked":"Deadly Poison+1","floor":46}],"player_experience":24469,"relics_obtained":[{"floor":6,"key":"Pen Nib"},{"floor":8,"key":"Bird Faced Urn"},{"floor":9,"key":"Paper Crane"},{"floor":26,"key":"HornCleat"},{"floor":27,"key":"Whetstone"},{"floor":30,"key":"Orichalcum"},{"floor":40,"key":"Blue Candle"},{"floor":43,"key":"Snake Skull"},{"floor":45,"key":"Anchor"}],"event_choices":[{"damage_healed":0,"gold_gain":175,"player_choice":"AGREE","damage_taken":0,"max_hp_gain":0,"max_hp_loss":0,"event_name":"Liars Game","floor":2,"gold_loss":0,"cards_obtained":["Doubt"]},{"damage_healed":0,"gold_gain":0,"player_choice":"Forge","damage_taken":0,"max_hp_gain":0,"max_hp_loss":0,"event_name":"Accursed Blacksmith","floor":5,"gold_loss":0,"cards_upgraded":["Well Laid Plans"]},{"damage_healed":0,"gold_gain":0,"player_choice":"Read","damage_taken":0,"max_hp_gain":0,"max_hp_loss":0,"event_name":"The Library","floor":22,"gold_loss":0,"cards_obtained":["Terror"]},{"damage_healed":0,"gold_gain":0,"player_choice":"Paid Fearfully","damage_taken":0,"max_hp_gain":0,"max_hp_loss":0,"event_name":"Masked Bandits","floor":24,"gold_loss":26},{"cards_removed":["Acrobatics"],"damage_healed":0,"gold_gain":0,"player_choice":"Gave Card","damage_taken":0,"relics_obtained":["Question Card"],"max_hp_gain":0,"max_hp_loss":0,"event_name":"WeMeetAgain","floor":37,"gold_loss":0},{"damage_healed":0,"gold_gain":0,"player_choice":"Paid","damage_taken":0,"relics_obtained":["Red Mask"],"max_hp_gain":0,"max_hp_loss":0,"event_name":"Tomb of Lord Red Mask","floor":48,"gold_loss":52}],"is_beta":false,"boss_relics":[{"not_picked":["Fusion Hammer","HoveringKite"],"picked":"Velvet Choker"},{"not_picked":["Coffee Dripper","SacredBark"],"picked":"Cursed Key"}],"items_purged_floors":[4],"is_endless":false,"potions_floor_spawned":[1,6,8,11,30,33,35,39,45,46],"ascension_level":0}}