{"host":"za9ilm1uiwmpmin1","time":1612287396,"event":{"mods":["AchievementEnabler","Act Like it!","Arknights","BaseMod","Dota2Spire","Downfall","Friendly Minions","Lobotomy","LobotomyExtend","Minty Spire (QoL Compilation)","MostiFishMod","Reorder Act Four","RumiaBox-露米娅的神秘盒子","StSLib","TestMod","Waifu the Spire","[IsaacMod]以撒尖塔","【功能Mod】混沌之环修复补丁"],"gold_per_floor":[109,124,74,74,84,84,109,109,109,109,109,119,150,160,160,259,259,277,304,316,333,106,138,155,189,213,213,248,348,380,397,397,499,499,517,528,547,561,581,615,615,645,719,737,393,393,426,146,146,146,146,146,146,146,177,177],"floor_reached":57,"language":"ZHS","playtime":1929,"items_purged":["ats:Strike C","ats:Strike V","ats:Strike S","ats:Defend","ats:Thorns+1"],"score":2303,"play_id":"13c32c8f-249e-4eeb-b919-050020c9aa1c","local_time":"20210203013636","is_ascension_mode":true,"campfire_choices":[{"data":"MostiFishMod:WinterMarkForm","floor":6.0,"key":"SMITH"},{"data":"ats:Flexible Camouflage","floor":11,"key":"SMITH"},{"floor":15,"key":"RECALL"},{"data":"ats:Closed Bolt Burst Fire","floor":27,"key":"SMITH"},{"data":"ats:Emotion Absorption","floor":32,"key":"SMITH"},{"data":"ats:Mental Burst","floor":41,"key":"SMITH"},{"data":"ats:Calcification","floor":49,"key":"SMITH"},{"data":"ats:Defend","floor":54,"key":"SMITH"}],"circlet_count":0,"master_deck":["ats:Armor Crushing Shot","ats:Defend","ats:Defend","ats:Defend+1","ats:Emotion Absorption+1","MostiFishMod:FrostNova","MostiFishMod:WinterMarkForm+1","ats:Flexible Camouflage+1","ats:Calcification+1","ats:Closed Bolt Burst Fire+1","ats:Hook Shot+1","ats:Mental Burst+1"],"relics":["DaveBox","HushsDoor","testmod-TestBox","testmod-CasingShield","BookofShadows","FrostBlade","ChiXiaoBlade","SynthV:TestCard","LetterFromLob","ats:Originium","Singing Bowl","ZombieArmy","SacredBark","Red Mask","Medical Kit","Shuriken","Happy Flower","testmod-OneHitWonder","MagicDraw1","testmod-RainbowHikingShoes","Pear","testmod-Hope","JellyFishMachine","ats:Spiritual Recovery","Ccalipers","GodSword7","GodSword5","Frozen Egg 2","Dota2Spire:MagicBottle","Dota2Spire:MonkeyKingBar"],"acts_visited":["Exordium","TheCity","TheBeyond","TheEnding"],"potions_floor_usage":[14,56,56,56],"damage_taken":[{"damage":14.0,"enemies":"Small Slimes","floor":1.0,"turns":2.0},{"damage":0.0,"enemies":"2 Louse","floor":2.0,"turns":2.0},{"damage":0.0,"enemies":"Cultist","floor":5.0,"turns":2.0},{"damage":0,"enemies":"3 Sentries","floor":7,"turns":4},{"damage":5,"enemies":"Exordium Wildlife","floor":12,"turns":5},{"damage":0,"enemies":"Gremlin Nob","floor":13,"turns":2},{"damage":6,"enemies":"2 Fungi Beasts","floor":14,"turns":3},{"damage":0,"enemies":"The Guardian","floor":16,"turns":6},{"damage":7,"enemies":"3 Byrds","floor":18,"turns":3},{"damage":6,"enemies":"Masked Bandits","floor":19,"turns":5},{"damage":16,"enemies":"2 Thieves","floor":20,"turns":4},{"damage":7,"enemies":"Centurion and Healer","floor":21,"turns":5},{"damage":0,"enemies":"Slavers","floor":23,"turns":2},{"damage":13,"enemies":"Snake Plant","floor":24,"turns":3},{"damage":0,"enemies":"Gremlin Leader","floor":25,"turns":3},{"damage":26,"enemies":"Slavers","floor":28,"turns":6},{"damage":0,"enemies":"Colosseum Slavers","floor":29,"turns":2},{"damage":0,"enemies":"Colosseum Nobs","floor":29,"turns":3},{"damage":0,"enemies":"Book of Stabbing","floor":30,"turns":3},{"damage":3,"enemies":"Cultist and Chosen","floor":31,"turns":2},{"damage":0,"enemies":"Automaton","floor":33,"turns":4},{"damage":0,"enemies":"3 Darklings","floor":35,"turns":2},{"damage":0,"enemies":"Orb Walker","floor":36,"turns":1},{"damage":0,"enemies":"Spire Growth","floor":37,"turns":1},{"damage":0,"enemies":"Jaw Worm Horde","floor":38,"turns":2},{"damage":0,"enemies":"Maw","floor":39,"turns":2},{"damage":0,"enemies":"Nemesis","floor":40,"turns":2},{"damage":0,"enemies":"Reptomancer","floor":42,"turns":2},{"damage":0,"enemies":"3 Darklings","floor":44,"turns":1},{"damage":0,"enemies":"Nemesis","floor":47,"turns":1},{"damage":0,"enemies":"Donu and Deca","floor":50,"turns":2},{"damage":0,"enemies":"Shield and Spear","floor":55,"turns":2},{"damage":0,"enemies":"The Heart","floor":56,"turns":3}],"seed_played":"6957277901211288411","potions_obtained":[{"floor":1.0,"key":"Slimebound:ThreeZeroPotion"},{"floor":2.0,"key":"Strength Potion"},{"floor":7,"key":"SkillPotion"},{"floor":14,"key":"testmod-TestPotion"},{"floor":24,"key":"Block Potion"},{"floor":25,"key":"Swift Potion"}],"is_trial":false,"path_per_floor":["M","M","?","$","M","R","E","?","T","?","R","M","E","M","R","B",null,"M","?","M","M","$","E","M","E","T","R","E","?","E","M","R","B",null,"M","M","M","M","M","E","R","E","T","M","$","?","E","$","R","B",null,null,"$","R","E","B",null],"character_chosen":"DOCTOR_CLASS","items_purchased":["Medical Kit","GodSword5","Dota2Spire:MagicBottle"],"campfire_rested":0,"item_purchase_floors":[22,45,48],"current_hp_per_floor":[58,58,58,58,58,58,60,60,60,45,45,43,45,42,42,45,77,72,68,55,51,51,54,44,47,47,47,25,38,42,41,41,45,102,102,104,106,106,108,110,110,112,112,114,114,110,110,110,110,111,111,120,120,120,122,122],"gold":177,"neow_bonus":"BOSS_RELIC","is_daily":false,"chose_seed":false,"campfire_upgraded":7,"win_rate":0.0,"timestamp":1612287396,"path_taken":["M","M","?","$","M","R","E","?","T","?","R","M","E","M","R","BOSS","M","?","M","M","$","E","M","E","T","R","E","?","E","M","R","BOSS","M","M","M","M","M","E","R","E","T","M","$","?","E","$","R","BOSS","$","R","E","BOSS"],"items_purchased_type":["Relic","Relic","Relic"],"build_version":"2020-12-22","purchased_purges":5,"victory":true,"max_hp_per_floor":[72,72,72,72,72,72,74,74,74,74,74,76,78,80,80,82,77,79,79,81,83,83,85,87,89,89,89,91,103,105,107,107,109,102,102,104,106,106,108,110,110,112,112,114,114,120,120,120,120,120,120,120,120,120,122,122],"card_choices":[{"not_picked":["ats:Soul Absorption","ats:Powerful Strike"],"picked":"ats:Flexible Camouflage","floor":1.0},{"not_picked":["ats:Revitalization","ats:Healing Strengthening","ats:Beaten Up","ats:Flexible Camouflage"],"picked":"ats:Calcification","floor":2.0},{"not_picked":["ats:Apocalypse","ats:Blood Oath","ats:Healing Strengthening","ats:LN2 Cannon","ats:Defend Order"],"picked":"SKIP","floor":5.0},{"not_picked":["ats:Very Hot Blade","ats:Blood Oath","ats:Overload","ats:Hammer On","ats:Sunburst"],"picked":"Singing Bowl","floor":7},{"not_picked":["ats:Serious Mode","ats:Cat Scratch","ats:Consecutive Shot Auto","ats:Explosion Area Strengthen","ats:Powerful Strike"],"picked":"Singing Bowl","floor":12},{"not_picked":["ats:Absolute Focus","ats:True Silver Slash","ats:Consecutive Shot Auto","ats:Sword Rain","ats:Flexible Camouflage"],"picked":"Singing Bowl","floor":13},{"not_picked":["ats:Consecutive Shot Auto","ats:Very Hot Blade","ats:Leaping Hammer","ats:Flexible Camouflage","ats:Encircling Forest"],"picked":"Singing Bowl","floor":14},{"not_picked":["ats:Fractured Body","ats:Ambush","ats:Shadow Assault","ats:Rat Pack","ats:Roar Of Ursus"],"picked":"Singing Bowl","floor":16},{"not_picked":["ats:Directed Diagnosis","ats:Composite Medical Shells+1","ats:LN2 Cannon","ats:Counter Healing Mode","ats:Assault Order"],"picked":"Singing Bowl","floor":18},{"not_picked":["ats:Steam Pump+1","ats:Very Hot Blade","ats:Consecutive Shot Auto","ats:Absolute Focus"],"picked":"ats:Closed Bolt Burst Fire","floor":19},{"not_picked":["ats:Very Hot Blade","ats:Leaping Hammer+1","ats:Explosion Area Strengthen+1","ats:Neurotoxin","ats:Absolute Focus"],"picked":"Singing Bowl","floor":20},{"not_picked":["ats:Revitalization","ats:Poison Spread","ats:Blood Oath","ats:Powerful Strike","ats:Collapsing Strike+1"],"picked":"Singing Bowl","floor":21},{"not_picked":["ats:Consecutive Shot Auto","ats:Nebulous Foxfire","ats:Cat Scratch","ats:Apocalypse+1","ats:Curse Doll"],"picked":"Singing Bowl","floor":23},{"not_picked":["ats:Powerful Strike","ats:Poison Spread+1","ats:Hammer On","ats:Explosion Area Strengthen","ats:Phantom+1"],"picked":"Singing Bowl","floor":24},{"not_picked":["ats:Beaten Up","ats:Neurotoxin","ats:Echo Reverb","ats:Curse Doll","ats:Assault Order"],"picked":"Singing Bowl","floor":25},{"not_picked":["ats:Demon Strength","ats:Flexible Camouflage","ats:Consecutive Shot Auto","ats:Revitalization","ats:Soul Rend"],"picked":"Singing Bowl","floor":28},{"not_picked":["ats:Demon Strength+1","ats:Revitalization","ats:Guard Mode","ats:Leaping Hammer","ats:Charging Defense"],"picked":"Singing Bowl","floor":29},{"not_picked":["ats:Flame Of Heaven+1","ats:Leaping Hammer+1","ats:Assault Order","ats:Explosion Area Strengthen","ats:Healing Drone"],"picked":"Singing Bowl","floor":30},{"not_picked":["ats:Guard Mode","ats:Explosion Area Strengthen","ats:Collapsing Strike+1","ats:Curse Doll","ats:Poison Spread"],"picked":"Singing Bowl","floor":31},{"not_picked":["ats:Fractured Body","ats:Calcification","ats:Dogmatic Field","ats:Durian","ats:Wolf Pack"],"picked":"Singing Bowl","floor":33},{"not_picked":["ats:Leaping Hammer","ats:Part Time Job+1","ats:Sword Rain","ats:Closed Bolt Burst Fire"],"picked":"ats:Hook Shot+1","floor":35},{"not_picked":["ats:Literary Storm+1","ats:Blood Oath","ats:Very Hot Blade+1","ats:Assault Order+1","ats:Leaping Hammer+1"],"picked":"Singing Bowl","floor":36},{"not_picked":["ats:Explosion Area Strengthen","ats:Magnetic Hammer+1","ats:Flexible Camouflage+1","ats:Shell Defense","ats:Rat Pack"],"picked":"Singing Bowl","floor":37},{"not_picked":["ats:Flexible Camouflage","ats:Burning Ground","ats:Revitalization+1","ats:Shell Defense"],"picked":"ats:Mental Burst","floor":38},{"not_picked":["ats:Explosion Area Strengthen","ats:Hammer On+1","ats:Poison Spread+1","ats:Spore Proliferation","ats:True Silver Slash"],"picked":"Singing Bowl","floor":39},{"not_picked":["ats:Healing Strengthening+1","ats:Explosion Area Strengthen+1","ats:Nebulous Foxfire","ats:Support Order","ats:Consecutive Shot Auto"],"picked":"Singing Bowl","floor":40},{"not_picked":["ats:Flexible Camouflage+1","ats:Revitalization+1","ats:Demon Strength+1","ats:Hammer On+1","ats:Assault Order"],"picked":"Singing Bowl","floor":42},{"not_picked":["ats:Explosion Area Strengthen","ats:Defend Order+1","ats:Flexible Camouflage+1","ats:Apocalypse+1","ats:Absolute Focus+1"],"picked":"Singing Bowl","floor":44},{"not_picked":["testmod-PulseDistributor","MostiFishMod:BrokenBlackCloak","testmod-DeathImprint","Bomb","Trip"],"picked":"Singing Bowl","floor":46},{"not_picked":["testmod-PowerStrike","Jack Of All Trades","testmod-Collector","testmod-WeaknessCounterattack","Bandage Up"],"picked":"Singing Bowl","floor":46},{"not_picked":["testmod-ConditionedReflex","BloodyBrimstone","testmod-TemporaryDeletion","testmod-SubstituteBySubterfuge","testmod-PulseDistributor"],"picked":"Singing Bowl","floor":46},{"not_picked":["ats:Very Hot Blade","ats:Explosion Area Strengthen","ats:Shell Defense+1","ats:Hammer On+1"],"picked":"ats:Thorns+1","floor":47},{"not_picked":["ats:Powerful Strike+1","ats:Hammer On","ats:Thermite Blade+1","ats:Volcano","ats:Thorns+1"],"picked":"Singing Bowl","floor":55}],"player_experience":926316,"relics_obtained":[{"floor":1.0,"key":"SynthV:TestCard"},{"floor":1.0,"key":"LetterFromLob"},{"floor":7,"key":"ats:Originium"},{"floor":7,"key":"Singing Bowl"},{"floor":13,"key":"ats:Originium"},{"floor":13,"key":"ZombieArmy"},{"floor":19,"key":"Red Mask"},{"floor":23,"key":"ats:Originium"},{"floor":23,"key":"Shuriken"},{"floor":25,"key":"ats:Originium"},{"floor":25,"key":"Happy Flower"},{"floor":26,"key":"testmod-OneHitWonder"},{"floor":28,"key":"MagicDraw1"},{"floor":29,"key":"testmod-RainbowHikingShoes"},{"floor":29,"key":"Pear"},{"floor":30,"key":"testmod-Hope"},{"floor":40,"key":"ats:Spiritual Recovery"},{"floor":42,"key":"Ccalipers"},{"floor":43,"key":"GodSword7"},{"floor":47,"key":"Frozen Egg 2"},{"floor":55,"key":"Dota2Spire:MonkeyKingBar"}],"event_choices":[{"cards_removed":["ats:Strike G"],"damage_healed":0.0,"max_hp_gain":0.0,"max_hp_loss":0.0,"gold_gain":0.0,"event_name":"The Cleric","player_choice":"Card Removal","floor":3.0,"gold_loss":50.0,"damage_taken":0.0},{"damage_healed":0,"gold_gain":0,"player_choice":"Fought Bandits","damage_taken":0,"max_hp_gain":0,"max_hp_loss":0,"event_name":"Masked Bandits","floor":19,"gold_loss":0},{"damage_healed":0,"gold_gain":0,"player_choice":"Fight","damage_taken":0,"max_hp_gain":0,"max_hp_loss":0,"event_name":"Colosseum","floor":29,"gold_loss":0},{"damage_healed":0,"gold_gain":0,"player_choice":"Fought Nobs","damage_taken":0,"max_hp_gain":0,"max_hp_loss":0,"event_name":"Colosseum","floor":29,"gold_loss":0},{"damage_healed":0,"gold_gain":0,"player_choice":"Memory 3","damage_taken":10,"max_hp_gain":0,"max_hp_loss":0,"event_name":"SensoryStone","floor":46,"gold_loss":0}],"is_beta":false,"boss_relics":[{"not_picked":["FixedStarFall","expansioncontent:StudyCardRelic"],"picked":"SacredBark"},{"not_picked":[]},{"not_picked":["bronze:MakeshiftBattery","Cursed Key"],"picked":"JellyFishMachine"},{"not_picked":[]}],"items_purged_floors":[17,22,34,45,48],"is_endless":false,"potions_floor_spawned":[1,2,7,14,16,23,24,25,29,30,31,36,37,38,42,44],"ascension_level":4}}