{"host":"ftw8honmdnhsve3j","time":1612295521,"event":{"mods":["BaseMod","Colored Powertips","Minty Spire (QoL Compilation)","StSLib","The Wild Card"],"gold_per_floor":[363,363,313,327,327,327,358,23,23,33,33,33,33,50,50,153,153,165,185,85,95,95,95,95,112,112,112,129,129,129,160,160,264,264,275,275,78,90,108,139,139,153,223,250,20,0,52,52,52,52],"floor_reached":51,"language":"ENG","playtime":2370,"items_purged":["theWildCard:Arsene","theWildCard:BasicStrike","theWildCard:BasicDefend+1","theWildCard:LadyLuck+1"],"score":908,"play_id":"54e30e3c-9114-42a1-b4fb-484e8579c58d","local_time":"20210202205201","is_ascension_mode":true,"campfire_choices":[{"data":"theWildCard:BasicDefend","floor":6,"key":"SMITH"},{"data":"theWildCard:TheGreatSeal","floor":12,"key":"SMITH"},{"floor":15,"key":"REST"},{"data":"theWildCard:Abstinence","floor":23,"key":"SMITH"},{"floor":27,"key":"REST"},{"data":"theWildCard:BasicDefend","floor":30,"key":"SMITH"},{"floor":32,"key":"RECALL"},{"floor":41,"key":"REST"},{"data":"theWildCard:Abstinence","floor":49,"key":"SMITH"}],"circlet_count":0,"master_deck":["theWildCard:BasicDefend+1","theWildCard:Providence+1","theWildCard:TheGreatSeal+1","theWildCard:Abstinence+1","theWildCard:Ruination+1","theWildCard:Impatience+1","theWildCard:Abstinence+1"],"relics":["theWildCard:VelvetContract","White Beast Statue","Molten Egg 2","Toxic Egg 2","Mummified Hand","War Paint","Busted Crown","PreservedInsect","Bottled Tornado","Anchor","Red Mask","Thread and Needle"],"acts_visited":["Exordium","TheCity","TheBeyond"],"potions_floor_usage":[18,19,42,50],"damage_taken":[{"damage":14,"enemies":"2 Louse","floor":1,"turns":3},{"damage":6,"enemies":"Jaw Worm","floor":4,"turns":3},{"damage":21,"enemies":"Lagavulin","floor":7,"turns":8},{"damage":0,"enemies":"Small Slimes","floor":10,"turns":3},{"damage":5,"enemies":"Gremlin Gang","floor":14,"turns":5},{"damage":13,"enemies":"Slime Boss","floor":16,"turns":9},{"damage":0,"enemies":"Spheric Guardian","floor":18,"turns":3},{"damage":9,"enemies":"2 Thieves","floor":19,"turns":4},{"damage":6,"enemies":"Centurion and Healer","floor":21,"turns":6},{"damage":0,"enemies":"Snake Plant","floor":25,"turns":3},{"damage":0,"enemies":"Shelled Parasite and Fungi","floor":28,"turns":7},{"damage":10,"enemies":"Slavers","floor":31,"turns":8},{"damage":19,"enemies":"Champ","floor":33,"turns":10},{"damage":1,"enemies":"3 Darklings","floor":35,"turns":5},{"damage":0,"enemies":"Orb Walker","floor":38,"turns":3},{"damage":7,"enemies":"3 Darklings","floor":39,"turns":5},{"damage":0,"enemies":"Giant Head","floor":40,"turns":7},{"damage":4,"enemies":"4 Shapes","floor":42,"turns":4},{"damage":25,"enemies":"Reptomancer","floor":44,"turns":5},{"damage":4,"enemies":"2 Orb Walkers","floor":47,"turns":4},{"damage":0,"enemies":"Donu and Deca","floor":50,"turns":7}],"seed_played":"-7006835144147602506","potions_obtained":[{"floor":1,"key":"Swift Potion"},{"floor":4,"key":"CultistPotion"},{"floor":7,"key":"AttackPotion"},{"floor":18,"key":"ColorlessPotion"},{"floor":19,"key":"BlessingOfTheForge"},{"floor":42,"key":"Fruit Juice"},{"floor":44,"key":"SpeedPotion"}],"is_trial":false,"path_per_floor":["M","?","?","M","?","R","E","$","T","M","$","R","?","M","R","B",null,"M","M","$","M","$","R","?","M","T","R","M","?","R","E","R","B",null,"M","?","$","M","M","E","R","M","T","E","$","?","?","?","R","B",null],"character_chosen":"THE_WILD_CARD","items_purchased":["Molten Egg 2","theWildCard:LadyLuck+1","theWildCard:Abstinence"],"campfire_rested":3,"item_purchase_floors":[8,37,45],"current_hp_per_floor":[40,40,40,36,29,29,16,16,16,20,20,20,20,21,37,32,54,54,45,45,43,43,43,34,36,36,53,59,59,59,55,55,40,59,59,59,59,59,56,59,59,64,64,39,39,39,39,39,39,49],"gold":52,"neow_bonus":"TWO_FIFTY_GOLD","is_daily":false,"chose_seed":false,"campfire_upgraded":5,"win_rate":0.0,"timestamp":1612295521,"path_taken":["M","?","?","M","?","R","E","$","T","M","?","R","?","M","R","BOSS","M","M","$","?","$","R","?","M","T","R","M","?","R","E","R","BOSS","M","?","$","M","M","E","R","M","T","E","?","?","?","?","R","BOSS"],"items_purchased_type":["Relic","Card","Card"],"build_version":"2020-12-22","purchased_purges":4,"victory":true,"max_hp_per_floor":[54,54,54,54,54,54,54,54,54,54,54,54,54,54,54,54,54,54,54,54,54,54,54,59,59,59,59,59,59,59,59,59,59,59,59,59,59,59,59,59,59,64,64,64,64,64,64,64,64,64],"card_choices":[{"not_picked":["theWildCard:Proficiency","theWildCard:StalwartBlade"],"picked":"theWildCard:Providence","floor":1},{"not_picked":["theWildCard:Unburden","theWildCard:StalwartBlade","theWildCard:SeveringSlash"],"picked":"SKIP","floor":4},{"not_picked":["theWildCard:SeveringSlash","theWildCard:PowerOfTheArcana"],"picked":"theWildCard:TheGreatSeal","floor":7},{"not_picked":["theWildCard:StalwartBlade+1","theWildCard:EnergizedStroke+1","theWildCard:ArcaneArts+1"],"picked":"SKIP","floor":10},{"not_picked":["theWildCard:Safeguard","theWildCard:Michael+1"],"picked":"theWildCard:Abstinence","floor":14},{"not_picked":["theWildCard:Lucifer+1","theWildCard:Amaterasu+1"],"picked":"theWildCard:Ruination+1","floor":16},{"not_picked":["theWildCard:Polydeuces+1","theWildCard:BladeOfGenerations+1","theWildCard:EnergizedStroke+1"],"picked":"SKIP","floor":18},{"not_picked":["theWildCard:IdentityTheft+1","theWildCard:SeveringSlash+1","theWildCard:Providence+1"],"picked":"SKIP","floor":19},{"not_picked":["theWildCard:SeveringSlash+1","theWildCard:Proficiency+1","theWildCard:MagicMettle+1"],"picked":"SKIP","floor":21},{"not_picked":["theWildCard:Polydeuces+1","theWildCard:PaleRider+1","theWildCard:ArchaicAssault+1"],"picked":"SKIP","floor":25},{"not_picked":["theWildCard:ArcaneArts+1","theWildCard:StingingStrike+1","theWildCard:AllOutAttack+1"],"picked":"SKIP","floor":28},{"not_picked":["theWildCard:Michael+1","theWildCard:Odin+1","theWildCard:Providence+1"],"picked":"SKIP","floor":31},{"not_picked":["theWildCard:Safeguard"],"picked":"SKIP","floor":35},{"not_picked":["theWildCard:SeveringSlash+1"],"picked":"SKIP","floor":38},{"not_picked":[],"picked":"theWildCard:Impatience+1","floor":39},{"not_picked":["theWildCard:SacrificialStroke+1"],"picked":"SKIP","floor":40},{"not_picked":["theWildCard:Proficiency+1"],"picked":"SKIP","floor":42},{"not_picked":["theWildCard:Unburden+1"],"picked":"SKIP","floor":44}],"player_experience":544181,"relics_obtained":[{"floor":7,"key":"White Beast Statue"},{"floor":9,"key":"Toxic Egg 2"},{"floor":26,"key":"Mummified Hand"},{"floor":31,"key":"War Paint"},{"floor":40,"key":"PreservedInsect"},{"floor":43,"key":"Bottled Tornado"},{"floor":44,"key":"Anchor"},{"floor":47,"key":"Thread and Needle"}],"event_choices":[{"damage_healed":0,"gold_gain":0,"player_choice":"Grow","damage_taken":0,"max_hp_gain":0,"max_hp_loss":0,"event_name":"Living Wall","floor":2,"gold_loss":0,"cards_upgraded":["theWildCard:Providence"]},{"cards_removed":["theWildCard:CallToAdventure"],"damage_healed":0,"gold_gain":0,"player_choice":"Card Removal","damage_taken":0,"max_hp_gain":0,"max_hp_loss":0,"event_name":"The Cleric","floor":3,"gold_loss":50},{"cards_removed":["theWildCard:BasicStrike"],"damage_healed":0,"gold_gain":0,"player_choice":"Card Removal","damage_taken":7,"max_hp_gain":0,"max_hp_loss":0,"event_name":"Golden Wing","floor":5,"gold_loss":0},{"cards_removed":["theWildCard:BasicStrike"],"damage_healed":0,"gold_gain":0,"player_choice":"Offered Basic","damage_taken":0,"max_hp_gain":0,"max_hp_loss":0,"event_name":"Bonfire Elementals","floor":13,"gold_loss":0},{"damage_healed":0,"gold_gain":0,"player_choice":"Shed Blood","damage_taken":14,"max_hp_gain":5,"max_hp_loss":0,"event_name":"Forgotten Altar","floor":24,"gold_loss":0},{"cards_removed":["theWildCard:BasicStrike"],"damage_healed":0,"gold_gain":0,"player_choice":"Elegance","damage_taken":0,"max_hp_gain":0,"max_hp_loss":0,"event_name":"Back to Basics","floor":29,"gold_loss":0},{"cards_removed":["theWildCard:BasicDefend"],"damage_healed":0,"gold_gain":0,"player_choice":"Card Removal","damage_taken":0,"max_hp_gain":0,"max_hp_loss":0,"event_name":"Wheel of Change","floor":36,"gold_loss":0},{"damage_healed":0,"gold_gain":0,"player_choice":"Paid","damage_taken":0,"relics_obtained":["Red Mask"],"max_hp_gain":0,"max_hp_loss":0,"event_name":"Tomb of Lord Red Mask","floor":46,"gold_loss":20},{"damage_healed":0,"gold_gain":0,"player_choice":"Fight","damage_taken":0,"max_hp_gain":0,"max_hp_loss":0,"event_name":"Mysterious Sphere","floor":47,"gold_loss":0},{"cards_removed":["theWildCard:BasicDefend"],"damage_healed":0,"gold_gain":0,"player_choice":"Removed Skill","damage_taken":0,"max_hp_gain":0,"max_hp_loss":0,"event_name":"Falling","floor":48,"gold_loss":0}],"is_beta":false,"boss_relics":[{"not_picked":["Pandora\u0027s Box","Snecko Eye","Astrolabe"]},{"not_picked":["Cursed Key","Black Star"],"picked":"Busted Crown"}],"items_purged_floors":[8,20,37,45],"is_endless":false,"potions_floor_spawned":[1,4,7,10,14,16,18,19,21,25,28,31,33,35,38,39,40,42,44,47],"ascension_level":3}}