{"host":"mw3dmj42qtkbha4b","time":1612273674,"event":{"mods":["BaseMod","Colored Map","Colored Powertips","DeckTracker","Minty Spire (QoL Compilation)","StSLib","SuperFastMode"],"gold_per_floor":[16,35,0,0,15,15,42,42,42,69,81,108,122,142,142,219,219,232,243,243,243,243],"floor_reached":21,"language":"KOR","playtime":677,"items_purged":[],"score":552,"play_id":"ad4bb34a-c822-4bff-9877-15cefadb1428","local_time":"20210202224754","is_ascension_mode":true,"campfire_choices":[{"data":"Eruption","floor":6.0,"key":"SMITH"},{"data":"ReachHeaven","floor":8.0,"key":"SMITH"},{"floor":15.0,"key":"REST"}],"circlet_count":0,"master_deck":["AscendersBane","Strike_P","Strike_P","Strike_P","Strike_P","Defend_P","Defend_P","Defend_P","Defend_P","Eruption+1","Vigilance","ReachHeaven+1"],"relics":["PureWater","Pantograph","Bag of Preparation","Nunchaku","Darkstone Periapt","SlaversCollar"],"acts_visited":["Exordium","TheCity"],"potions_floor_usage":[21,21],"damage_taken":[{"damage":4.0,"enemies":"Jaw Worm","floor":1.0,"turns":3.0},{"damage":14.0,"enemies":"2 Louse","floor":2.0,"turns":3.0},{"damage":0.0,"enemies":"Cultist","floor":5.0,"turns":2.0},{"damage":45.0,"enemies":"Lagavulin","floor":7.0,"turns":7.0},{"damage":0.0,"enemies":"Gremlin Nob","floor":10.0,"turns":2.0},{"damage":0.0,"enemies":"Large Slime","floor":11.0,"turns":3.0},{"damage":18.0,"enemies":"3 Sentries","floor":12.0,"turns":3.0},{"damage":2.0,"enemies":"Gremlin Gang","floor":13.0,"turns":3.0},{"damage":0.0,"enemies":"Looter","floor":14.0,"turns":1.0},{"damage":0.0,"enemies":"Slime Boss","floor":16.0,"turns":3.0},{"damage":38.0,"enemies":"3 Byrds","floor":18.0,"turns":7.0},{"damage":14.0,"enemies":"Chosen","floor":19.0,"turns":3.0},{"damage":25,"enemies":"Snake Plant","floor":21,"turns":2}],"seed_played":"7659539735876887080","potions_obtained":[{"floor":2.0,"key":"Weak Potion"},{"floor":7.0,"key":"Dexterity Potion"},{"floor":12.0,"key":"SneckoOil"},{"floor":13.0,"key":"Explosive Potion"},{"floor":14.0,"key":"BlessingOfTheForge"},{"floor":18.0,"key":"LiquidBronze"},{"floor":19.0,"key":"Swift Potion"}],"is_trial":false,"path_per_floor":["M","M","?","?","M","R","E","R","T","E","M","E","M","M","R","B",null,"M","M","?","M"],"character_chosen":"WATCHER","items_purchased":[],"campfire_rested":1,"item_purchase_floors":[],"current_hp_per_floor":[69,55,75,75,75,75,30,30,30,30,30,12,10,10,34,59,75,37,23,23,0,0],"gold":243,"neow_bonus":"TWENTY_PERCENT_HP_BONUS","is_daily":false,"chose_seed":false,"campfire_upgraded":2,"win_rate":0.0,"timestamp":1612273674,"path_taken":["M","M","?","?","M","R","E","R","T","E","?","E","M","M","R","BOSS","M","M","?","M"],"items_purchased_type":[],"build_version":"2020-12-22","purchased_purges":0,"victory":false,"max_hp_per_floor":[80,80,80,80,80,80,80,80,80,80,80,80,80,80,80,80,80,80,80,80,80,80],"card_choices":[{"not_picked":["EmptyFist","Conclude","CarveReality"],"picked":"SKIP","floor":1.0},{"not_picked":["ClearTheMind","FlyingSleeves","CutThroughFate"],"picked":"SKIP","floor":2.0},{"not_picked":["FlyingSleeves","Evaluate","CutThroughFate"],"picked":"SKIP","floor":5.0},{"not_picked":["Protect","Consecrate"],"picked":"ReachHeaven","floor":7.0},{"not_picked":["Brilliance","DeceiveReality","Evaluate"],"picked":"SKIP","floor":10.0},{"not_picked":["Pray","CutThroughFate","Tantrum"],"picked":"SKIP","floor":11.0},{"not_picked":["Perseverance","EmptyFist","Fasting2"],"picked":"SKIP","floor":12.0},{"not_picked":["BowlingBash","CarveReality","Prostrate"],"picked":"SKIP","floor":13.0},{"not_picked":["WreathOfFlame","Halt","ReachHeaven"],"picked":"SKIP","floor":14.0},{"not_picked":["Collect","Perseverance+1","CutThroughFate"],"picked":"SKIP","floor":18.0},{"not_picked":["SandsOfTime","Nirvana","SignatureMove"],"picked":"SKIP","floor":19.0}],"player_experience":1783808,"relics_obtained":[{"floor":7.0,"key":"Pantograph"},{"floor":9.0,"key":"Bag of Preparation"},{"floor":10.0,"key":"Nunchaku"},{"floor":12.0,"key":"Darkstone Periapt"}],"event_choices":[{"damage_healed":20.0,"max_hp_gain":0.0,"max_hp_loss":0.0,"gold_gain":0.0,"event_name":"The Cleric","player_choice":"Healed","floor":3.0,"gold_loss":35.0,"damage_taken":0.0},{"damage_healed":0.0,"max_hp_gain":0.0,"max_hp_loss":0.0,"gold_gain":0.0,"event_name":"Golden Idol","player_choice":"Ignored","floor":4.0,"gold_loss":0.0,"damage_taken":0.0},{"damage_healed":0.0,"max_hp_gain":0.0,"max_hp_loss":0.0,"gold_gain":0.0,"event_name":"Vampires","player_choice":"Ignored","floor":20.0,"gold_loss":0.0,"damage_taken":0.0}],"is_beta":false,"boss_relics":[{"not_picked":["Astrolabe","HolyWater"],"picked":"SlaversCollar"}],"items_purged_floors":[],"is_endless":false,"potions_floor_spawned":[2,7,12,13,14,18,19],"killed_by":"Snake Plant","ascension_level":20}}