{"host":"y1oqg7uy0jc6f5mb","time":1612277521,"event":{"mods":["AchievementEnabler","BaseMod","Better Altar","Better Match","Better Note","Better Sensory Stone","Better Skull","Better Third Choice","Colored Map","Colored Powertips","Downfall","Highlight Path","Ironclad Rager","Minty Spire (QoL Compilation)","Permanent Neow","Quick Restart","Relic Stats","Replay The Spire","Shop Mod","StSLib"],"gold_per_floor":[114,114,114,131,147,147,163,163,190,216,216,229,229,258,258,362,362,376,391,405,21,21,21,40,40,65,82,102,102,137,137,137],"floor_reached":31,"language":"ENG","playtime":2404,"items_purged":["Strike_G"],"score":401,"play_id":"f6edad1c-ac88-4ec1-a1e6-997a63351bf2","local_time":"20210202225201","is_ascension_mode":true,"campfire_choices":[{"data":"Noxious Fumes","floor":6.0,"key":"SMITH"},{"data":"Neutralize","floor":8.0,"key":"SMITH"},{"data":"Calculated Gamble","floor":13.0,"key":"SMITH"},{"data":"A Thousand Cuts","floor":15.0,"key":"SMITH"},{"data":"Envenom","floor":23.0,"key":"SMITH"},{"floor":29.0,"key":"REST"}],"circlet_count":0,"master_deck":["AscendersBane","Strike_G","Defend_G","Defend_G","Defend_G","Survivor","Neutralize+1","Escape Plan","Dash","Noxious Fumes+1","ReplayTheSpireMod:Speed Training","All Out Attack","Reflex","Fluid Movement","Poisoned Strike+1","Calculated Gamble+1","A Thousand Cuts+1","Envenom+1","Choke","Dagger Spray+1","Hidden Blade+1","Dash+1","Crippling Poison","Accuracy","Hidden Blade","Dagger Throw","Burst","Corpse Explosion"],"relics":["Ring of the Snake","Lantern","Dream Catcher","Bottled Lightning","WristBlade","Lee\u0027s Waffle","betterAltar:BloodRelic","Bronze Scales","Replay:Mystery Machine"],"acts_visited":["Exordium","TheCity"],"potions_floor_usage":[],"damage_taken":[{"damage":5.0,"enemies":"Cultist","floor":1.0,"turns":4.0},{"damage":1.0,"enemies":"2 Louse","floor":4.0,"turns":3.0},{"damage":0.0,"enemies":"Small Slimes","floor":5.0,"turns":3.0},{"damage":1.0,"enemies":"3 Louse","floor":7.0,"turns":3.0},{"damage":7.0,"enemies":"Replay:BlueRogue","floor":10.0,"turns":7.0},{"damage":0.0,"enemies":"Looter","floor":12.0,"turns":3.0},{"damage":18.0,"enemies":"Lagavulin","floor":14.0,"turns":5.0},{"damage":12.0,"enemies":"Fading Forest","floor":16.0,"turns":11.0},{"damage":13.0,"enemies":"Shell Parasite","floor":18.0,"turns":6.0},{"damage":6.0,"enemies":"3 Byrds","floor":19.0,"turns":5.0},{"damage":22.0,"enemies":"Cultist and Chosen","floor":20.0,"turns":6.0},{"damage":25.0,"enemies":"Centurion and Healer","floor":24.0,"turns":5.0},{"damage":23.0,"enemies":"Sentry and Sphere","floor":27.0,"turns":5.0},{"damage":3.0,"enemies":"Chosen and Byrds","floor":28.0,"turns":4.0},{"damage":34.0,"enemies":"Slavers","floor":30.0,"turns":4.0},{"damage":30,"enemies":"Shelled Parasite and Fungi","floor":31,"turns":3}],"seed_played":"-2604497770052229094","potions_obtained":[{"floor":1.0,"key":"Swift Potion"},{"floor":4.0,"key":"SteroidPotion"},{"floor":14.0,"key":"Fire Potion"},{"floor":16.0,"key":"Poison Potion"},{"floor":18.0,"key":"FearPotion"},{"floor":20.0,"key":"Explosive Potion"},{"floor":24.0,"key":"Toxic Potion"}],"is_trial":false,"path_per_floor":["M","?","?","M","M","R","M","R","T","E","?","M","R","E","R","B",null,"M","M","M","$","?","R","M","?","T","M","M","R","E","M"],"character_chosen":"THE_SILENT","items_purchased":["Lee\u0027s Waffle","Blood Vial"],"campfire_rested":1,"item_purchase_floors":[21,21],"current_hp_per_floor":[58,58,58,57,57,57,56,56,56,49,49,49,49,31,31,39,62,49,43,21,77,73,73,52,52,52,32,33,56,26,0,0],"gold":137,"neow_bonus":"TRANSFORM_TWO_CARDS","is_daily":false,"chose_seed":false,"campfire_upgraded":5,"win_rate":0.0,"timestamp":1612277521,"path_taken":["M","?","?","M","M","R","?","R","T","E","?","?","R","E","R","BOSS","M","M","M","$","?","R","M","?","T","M","M","R","E","?"],"items_purchased_type":["Relic","Relic"],"build_version":"2020-12-22","purchased_purges":1,"victory":false,"max_hp_per_floor":[70,70,70,70,70,70,70,70,70,70,70,70,70,70,70,70,70,70,70,70,77,77,77,77,77,77,77,77,77,77,77,77],"relic_stats":{"Dream Catcher":1,"Lee\u0027s Waffle":56,"counters":[16,77],"Bronze Scales":[52],"obtain_stats":[{"Blood Vial":21,"Lantern":9,"Dream Catcher":10,"Lee\u0027s Waffle":21,"WristBlade":17,"betterAltar:BloodRelic":22,"Bronze Scales":26,"Bottled Lightning":14,"Replay:Mystery Machine":30,"Ring of the Snake":0},{"Blood Vial":11,"Lantern":4,"Dream Catcher":5,"Lee\u0027s Waffle":11,"WristBlade":8,"betterAltar:BloodRelic":11,"Bronze Scales":12,"Bottled Lightning":7,"Replay:Mystery Machine":15,"Ring of the Snake":0},{"Blood Vial":56,"Lantern":13,"Dream Catcher":20,"Lee\u0027s Waffle":56,"WristBlade":39,"betterAltar:BloodRelic":56,"Bronze Scales":61,"Bottled Lightning":28,"Replay:Mystery Machine":74,"Ring of the Snake":0}],"Ring of the Snake":[32]},"card_choices":[{"not_picked":["Outmaneuver","ReplayTheSpireMod:Speed Training"],"picked":"Noxious Fumes","floor":1.0},{"not_picked":["Masterful Stab","Backflip"],"picked":"ReplayTheSpireMod:Speed Training","floor":4.0},{"not_picked":["Deflect","Slice"],"picked":"All Out Attack","floor":5.0},{"not_picked":["Flying Knee","Hidden Blade"],"picked":"Reflex","floor":7.0},{"not_picked":["Sucker Punch","Deflect"],"picked":"Fluid Movement","floor":10.0},{"not_picked":["ReplayTheSpireMod:Exploit Weakness","Underhanded Strike"],"picked":"Calculated Gamble","floor":12.0},{"not_picked":["Backflip","Wraith Form v2"],"picked":"A Thousand Cuts","floor":14.0},{"not_picked":["Die Die Die","Atom Bomb"],"picked":"Envenom","floor":16.0},{"not_picked":["Setup","Choke","Flying Knee"],"picked":"SKIP","floor":18.0},{"not_picked":["Setup","Flying Knee"],"picked":"Choke","floor":18.0},{"not_picked":["Escape Plan","Deadly Poison+1"],"picked":"Dagger Spray+1","floor":19.0},{"not_picked":["Well Laid Plans","Tactician"],"picked":"Hidden Blade+1","floor":20.0},{"not_picked":["Replay:Poison Smokescreen","Hidden Blade"],"picked":"Dash+1","floor":24.0},{"not_picked":["Toxin Wave+1","ReplayTheSpireMod:The Works"],"picked":"Hidden Blade","floor":27.0},{"not_picked":["Flechettes","Dagger Spray"],"picked":"Dagger Throw","floor":28.0},{"not_picked":["Dagger Spray","Distraction"],"picked":"Burst","floor":29.0},{"not_picked":["Slice","Poisoned Stab+1"],"picked":"Corpse Explosion","floor":30.0}],"player_experience":320134,"relics_obtained":[{"floor":9.0,"key":"Lantern"},{"floor":10.0,"key":"Dream Catcher"},{"floor":14.0,"key":"Bottled Lightning"},{"floor":26.0,"key":"Bronze Scales"},{"floor":30.0,"key":"Replay:Mystery Machine"}],"event_choices":[{"cards_removed":["Voices"],"damage_healed":0.0,"max_hp_gain":0.0,"max_hp_loss":0.0,"gold_gain":0.0,"event_name":"Fountain of Cleansing","player_choice":"Removed Curses","floor":3.0,"gold_loss":0.0,"damage_taken":0.0},{"damage_healed":0.0,"max_hp_gain":0.0,"max_hp_loss":0.0,"gold_gain":1.0,"event_name":"betterStone:BetterStone","player_choice":"4","floor":11.0,"gold_loss":0.0,"damage_taken":0.0,"cards_obtained":["Poisoned Strike"]},{"damage_healed":0.0,"max_hp_gain":77.0,"max_hp_loss":73.0,"gold_gain":0.0,"event_name":"betterAltar:BetterAltar","player_choice":" RottenVial ","floor":22.0,"potions_obtained":[],"relics_lost":["Blood Vial"],"gold_loss":0.0,"damage_taken":4.0,"relics_obtained":["betterAltar:BloodRelic"]},{"damage_healed":0.0,"max_hp_gain":0.0,"max_hp_loss":0.0,"gold_gain":0.0,"cards_transformed":["Strike_G","Strike_G"],"event_name":"Drug Dealer","player_choice":"Became Test Subject","floor":25.0,"gold_loss":0.0,"damage_taken":0.0,"cards_obtained":["Crippling Poison","Accuracy"]}],"is_beta":false,"boss_relics":[{"not_picked":["Philosopher\u0027s Stone","Black Star"],"picked":"WristBlade"}],"items_purged_floors":[21],"is_endless":false,"potions_floor_spawned":[1,4,14,16,18,20,24],"killed_by":"Shelled Parasite and Fungi","ascension_level":10}}