{"host":"kgj3hkp928synzkd","time":1612297946,"event":{"mods":["2.2 Compatiblity","A Magickal Journey","AchievementEnabler","Act Like it!","AlwaysNeverKeys","Aspiration","BaseMod","Better Altar","Better Match","Better Note","Better Sensory Stone","Better Synergies","Better Third Choice","Better Vampires","Block Reminder","Colored Map","Colored Powertips","Conspire","Curses Come First","Disable Question Mark Monsters","Downfall","GifTheSpireLib","Googly Eyes","Gremlin Skip","GungeonMod","Hallownest","Infinite Spire","Luminous","Marisa????????","Marked Mod","Minty Spire (QoL Compilation)","Permanent Neow","Quick Restart","Random Character Button","Rare Cards Sparkle","Replay The Spire","Spicy Shops","StSLib","SuperFastMode","The Bug Knight","The Exalted","Uncapped"],"gold_per_floor":[117,8,8,18,18,18,46,46,46,1,17,17,17,42,42,138,238,250,250,261,261,313,313,323,350,405,29,29,64,79,91,91,91,91],"floor_reached":33,"language":"ENG","playtime":1194,"items_purged":[],"score":355,"play_id":"575eb9c4-3656-4dfa-b1a5-e48744927bd8","local_time":"20210202153226","is_ascension_mode":true,"campfire_choices":[{"data":"Apotheosis","floor":6,"key":"SMITH"},{"floor":8,"key":"RECALL"},{"floor":15,"key":"DIG"},{"floor":23,"key":"REST"},{"floor":28,"key":"REST"},{"floor":32,"key":"REST"}],"circlet_count":0,"master_deck":["Strike_G","Strike_G","Strike_G","Strike_G","Strike_G","Defend_G","Defend_G","Defend_G","Defend_G","Defend_G","Survivor","Neutralize","Strike_G","Strike_G","Apotheosis+1","Backflip+1","Slice","Parasite","Blade Dance","Poisoned Stab","Cloak And Dagger","Deadly Poison","A Thousand Cuts+1","Noxious Fumes","Hallownest:curseDreamersLament","Bouncing Flask","Slice+1","Blade Dance","Deadly Poison","Accuracy","Accuracy","Backflip+1","Bouncing Flask"],"relics":["Ring of the Snake","PreservedInsect","Quantum Egg","ReplayTheSpireMod:Shallot","Bromod:ArcaneConsequence","DemoMod:DecoyRelic","Replay:Wanted Poster","Hallownest:WatcherSealRelic","Replay:Wax Seal","DemoMod:PoisonVial","Medical Kit","aspiration:VileToxins","conspire:InfiniteJournal"],"acts_visited":["Exordium","Hallownest:Greenpath"],"potions_floor_usage":[16,16,30,30,31],"damage_taken":[{"damage":1,"enemies":"Hallownest:2_MossCreeps","floor":1,"turns":5},{"damage":0,"enemies":"Hallownest:monsterHuskGuard","floor":4,"turns":4},{"damage":0,"enemies":"Hallownest:eliteVengeflyKing","floor":7,"turns":4},{"damage":0,"enemies":"2_ Uuma","floor":11,"turns":4},{"damage":0,"enemies":"Hallownest:eliteMossKnight","floor":14,"turns":6},{"damage":14,"enemies":"Hallownest:BossBrokenVessel","floor":16,"turns":7},{"damage":4,"enemies":"Hallownest:Flukemon_and_Top","floor":18,"turns":3},{"damage":28,"enemies":"Hallownest:2_Mistakes","floor":20,"turns":5},{"damage":2,"enemies":"Hallownest:3_Mistakes","floor":24,"turns":5},{"damage":27,"enemies":"Hallownest:eliteWatcherKnight","floor":25,"turns":8},{"damage":17,"enemies":"Hallownest:Nosk","floor":29,"turns":5},{"damage":26,"enemies":"Hallownest:Master_and_Novice","floor":30,"turns":4},{"damage":0,"enemies":"Hallownest:Warrior_and_Youth","floor":31,"turns":2},{"damage":31,"enemies":"Hallownest:BossSoulMaster","floor":33,"turns":3}],"seed_played":"-2421636059055628667","potions_obtained":[{"floor":4,"key":"Toxic Potion"},{"floor":14,"key":"Energy Potion"},{"floor":16,"key":"Dexterity Potion"},{"floor":20,"key":"AttackPotion"},{"floor":22,"key":"DistilledChaos"}],"is_trial":false,"path_per_floor":["M","$","?","M","?","R","E","R","T","$","M","$","T","E","R_BF","B",null,"M","?","M","?","?","R","M","E","T","$","R","E","M","M","R","B"],"character_chosen":"THE_SILENT","items_purchased":["Slice","PreservedInsect","Cloak And Dagger","Accuracy","Medical Kit","aspiration:VileToxins"],"campfire_rested":3,"item_purchase_floors":[2,2,10,27,27,27],"current_hp_per_floor":[69,69,69,69,69,69,69,69,69,69,69,69,69,69,69,55,70,66,66,38,38,38,59,57,30,30,30,51,34,8,8,29,0,0],"gold":91,"neow_bonus":"RANDOM_COLORLESS_2","is_daily":false,"chose_seed":false,"campfire_upgraded":1,"win_rate":0.0,"timestamp":1612297946,"path_taken":["M","$","?","M","?","R","E","R","T","$","M","?","?","E","R_BF","BOSS","M","?","M","?","?","R","M","E","T","?","R","E","M","M","R","BOSS"],"items_purchased_type":["Card","Relic","Card","Card","Relic","Relic"],"build_version":"2020-12-22","purchased_purges":0,"victory":false,"max_hp_per_floor":[70,70,70,70,70,70,70,70,70,70,70,70,70,70,70,70,70,70,70,70,70,70,70,70,70,70,70,70,70,70,70,70,70,70],"card_choices":[{"not_picked":["DemoMod:Invincible","ReplayTheSpireMod:Necrogeddon"],"picked":"Apotheosis","floor":0},{"not_picked":["ReplayTheSpireMod:Tripwire","Poisoned Stab"],"picked":"Backflip","floor":1},{"not_picked":["Acrobatics","Reflex"],"picked":"Blade Dance","floor":4},{"not_picked":["Skewer","Terror"],"picked":"Poisoned Stab","floor":7},{"not_picked":["ReplayTheSpireMod:Speed Training","Hidden Blade"],"picked":"Deadly Poison","floor":11},{"not_picked":["Underhanded Strike","Flechettes","Distraction"],"picked":"SKIP","floor":14},{"not_picked":["Storm of Steel","infinitespire:Neurotoxin"],"picked":"A Thousand Cuts","floor":16},{"not_picked":["All Out Attack","Concentrate"],"picked":"Noxious Fumes","floor":18},{"not_picked":["Dagger Throw","Acrobatics+1"],"picked":"Bouncing Flask","floor":20},{"not_picked":["ReplayTheSpireMod:Speed Training","Outmaneuver"],"picked":"Slice+1","floor":22},{"not_picked":["Reflex","Bane"],"picked":"Blade Dance","floor":22},{"not_picked":["Eviscerate","Outmaneuver"],"picked":"Deadly Poison","floor":24},{"not_picked":["conspire:PoisonWeapons","Storm of Steel","Riddle With Holes"],"picked":"SKIP","floor":25},{"not_picked":["Replay:Bag of Tricks","Heel Hook"],"picked":"Backflip+1","floor":29},{"not_picked":["Leg Sweep","Predator","Backflip+1"],"picked":"SKIP","floor":30},{"not_picked":["Hidden Blade","Flying Knee"],"picked":"Bouncing Flask","floor":31}],"player_experience":321082,"relics_obtained":[{"floor":7,"key":"Quantum Egg"},{"floor":9,"key":"ReplayTheSpireMod:Shallot"},{"floor":14,"key":"Bromod:ArcaneConsequence"},{"floor":15,"key":"DemoMod:DecoyRelic"},{"floor":22,"key":"Replay:Wax Seal"},{"floor":25,"key":"DemoMod:PoisonVial"},{"floor":29,"key":"conspire:InfiniteJournal"}],"event_choices":[],"is_beta":false,"boss_relics":[{"not_picked":["Ectoplasm","conspire:SlowCooker"],"picked":"Replay:Wanted Poster"}],"items_purged_floors":[],"is_endless":false,"potions_floor_spawned":[4,14,16,20,24,29],"killed_by":"Hallownest:BossSoulMaster","ascension_level":1}}