{"host":"pjgcdp3h1plnbocs","time":1612275670,"event":{"mods":["AchievementEnabler","BaseMod","Colored Map","Downfall","Highlight Path","Minty Spire (QoL Compilation)","StSLib"],"gold_per_floor":[110,110,120,130,145,145,174,174,174,174,199,54,54,82,82,180,180,197,197,16,16,27,52,72,99,123,143,177,190,24,34,34,139,139,159,209,226,226,242,575,589,615,641,673,673,687,700,712,712,712,712,712,10,40,40,40],"floor_reached":55,"language":"ENG","playtime":2736,"items_purged":["Strike_G","downfall:Bewildered","Strike_G"],"score":903,"play_id":"48a2da5f-0891-439a-b40d-2506ac9cf0d8","local_time":"20210202152110","is_ascension_mode":true,"campfire_choices":[{"data":"Blade Dance","floor":6.0,"key":"SMITH"},{"data":"Venomology","floor":8.0,"key":"SMITH"},{"data":"Neutralize","floor":10.0,"key":"SMITH"},{"floor":15.0,"key":"REST"},{"floor":32.0,"key":"REST"},{"floor":49,"key":"RECALL"},{"data":"Apotheosis","floor":52,"key":"SMITH"}],"circlet_count":0,"master_deck":["Strike_G","Strike_G","Strike_G","Defend_G","Defend_G","Defend_G","Defend_G","Survivor+1","Neutralize+1","Acrobatics","Blade Dance+1","Venomology+1","Adrenaline","Infinite Blades","Envenom","Flash of Steel","Blade Dance","Dagger Spray+1","Noxious Fumes+1","Apotheosis+1","Catalyst+1","Cloak And Dagger+1","Footwork","Venomology","Backflip+1","Footwork+1","Accuracy+1"],"relics":["Ring of the Snake","Orichalcum","Blue Candle","Ginger","Centennial Puzzle","Philosopher\u0027s Stone","sneckomod:BabySnecko","StoneCalendar","Torii","Bag of Preparation","Incense Burner","Black Star","Prayer Wheel","Old Coin","Art of War","Frozen Egg 2","Nunchaku","MealTicket","Potion Belt","Anchor","Lantern","Pen Nib","TheAbacus","Slimebound:PreparedRelic","Bronze Scales"],"acts_visited":["Exordium","TheCity","TheBeyond","TheEnding"],"potions_floor_usage":[50,50,54,54,55,55,55,55,55,55,55],"damage_taken":[{"damage":5.0,"enemies":"Jaw Worm","floor":1.0,"turns":4.0},{"damage":2.0,"enemies":"2 Louse","floor":3.0,"turns":3.0},{"damage":1.0,"enemies":"Cultist","floor":4.0,"turns":4.0},{"damage":5.0,"enemies":"Large Slime","floor":5.0,"turns":9.0},{"damage":18.0,"enemies":"Lagavulin","floor":7.0,"turns":6.0},{"damage":12.0,"enemies":"3 Sentries","floor":11.0,"turns":8.0},{"damage":26.0,"enemies":"Gremlin Nob","floor":14.0,"turns":6.0},{"damage":11.0,"enemies":"Slime Boss","floor":16.0,"turns":10.0},{"damage":2.0,"enemies":"Chosen","floor":18.0,"turns":3.0},{"damage":6.0,"enemies":"Spheric Guardian","floor":22.0,"turns":3.0},{"damage":20.0,"enemies":"Book of Stabbing","floor":23.0,"turns":4.0},{"damage":0.0,"enemies":"Centurion and Healer","floor":24.0,"turns":5.0},{"damage":5.0,"enemies":"Gremlin Leader","floor":25.0,"turns":5.0},{"damage":13.0,"enemies":"Sentry and Sphere","floor":27.0,"turns":4.0},{"damage":1.0,"enemies":"Slavers","floor":28.0,"turns":2.0},{"damage":0.0,"enemies":"Snake Plant","floor":29.0,"turns":3.0},{"damage":0.0,"enemies":"Centurion and Healer","floor":31.0,"turns":4.0},{"damage":13.0,"enemies":"Champ","floor":33.0,"turns":6.0},{"damage":2.0,"enemies":"Orb Walker","floor":35.0,"turns":3.0},{"damage":0.0,"enemies":"Mind Bloom Boss Battle","floor":36.0,"turns":6.0},{"damage":0.0,"enemies":"3 Shapes","floor":37.0,"turns":4.0},{"damage":1.0,"enemies":"Transient","floor":39.0,"turns":5.0},{"damage":1.0,"enemies":"Giant Head","floor":40.0,"turns":6.0},{"damage":13.0,"enemies":"Sphere and 2 Shapes","floor":41.0,"turns":5.0},{"damage":13.0,"enemies":"Nemesis","floor":42.0,"turns":7.0},{"damage":2.0,"enemies":"Reptomancer","floor":44.0,"turns":4.0},{"damage":2.0,"enemies":"Maw","floor":46.0,"turns":7.0},{"damage":6.0,"enemies":"Spire Growth","floor":47.0,"turns":5.0},{"damage":0.0,"enemies":"3 Darklings","floor":48.0,"turns":3.0},{"damage":8,"enemies":"Donu and Deca","floor":50,"turns":8},{"damage":26,"enemies":"Shield and Spear","floor":54,"turns":7},{"damage":48,"enemies":"The Heart","floor":55,"turns":8}],"seed_played":"-690694875179066677","potions_obtained":[{"floor":3.0,"key":"GamblersBrew"},{"floor":4.0,"key":"Poison Potion"},{"floor":16.0,"key":"BlessingOfTheForge"},{"floor":23.0,"key":"Strength Potion"},{"floor":27.0,"key":"DistilledChaos"},{"floor":28.0,"key":"Poison Potion"},{"floor":29.0,"key":"CultistPotion"},{"floor":37.0,"key":"Guardian:BlockOnCardUsePotion"},{"floor":41.0,"key":"Weak Potion"},{"floor":42.0,"key":"FearPotion"},{"floor":47.0,"key":"DuplicationPotion"}],"is_trial":false,"path_per_floor":["M","?","M","M","M","R","E","R","T","R","E","$","?","E","R","B",null,"M","?","$","?","M","E","M","E","T","M","E","M","$","M","R","B",null,"M","?","M","?","M","E","M","E","T","E","?","M","M","M","R","B",null,"R","$","E","B"],"character_chosen":"THE_SILENT","items_purchased":["Infinite Blades","Flash of Steel","Apotheosis","Lantern","Pen Nib","TheAbacus","Footwork+1","Dexterity Potion"],"campfire_rested":2,"item_purchase_floors":[12,20,30,53,53,53,53,53],"current_hp_per_floor":[65,65,63,62,57,57,39,39,39,39,27,27,27,1,22,11,70,68,68,68,68,62,42,42,37,37,24,23,23,23,23,44,31,70,68,68,68,68,67,66,53,40,40,38,38,36,30,30,30,22,70,70,70,44,0,0],"gold":40,"neow_bonus":"RANDOM_COMMON_RELIC","is_daily":false,"chose_seed":false,"campfire_upgraded":4,"win_rate":0.0,"timestamp":1612275670,"path_taken":["M","?","M","M","M","R","E","R","T","R","E","$","?","E","R","BOSS","M","?","$","?","M","E","M","E","T","M","E","M","$","M","R","BOSS","M","?","M","?","M","E","M","E","T","E","?","M","M","M","R","BOSS","R","$","E","BOSS"],"items_purchased_type":["Card","Card","Card","Relic","Relic","Relic","Card","Potion"],"build_version":"2020-12-22","purchased_purges":3,"victory":false,"max_hp_per_floor":[70,70,70,70,70,70,70,70,70,70,70,70,70,70,70,70,70,70,70,70,70,70,70,70,70,70,70,70,70,70,70,70,70,70,70,70,70,70,70,70,70,70,70,70,70,70,70,70,70,70,70,70,70,70,70,70],"card_choices":[{"not_picked":["Quick Slash","Bane"],"picked":"Acrobatics","floor":1.0},{"not_picked":["Bane","Underhanded Strike","Deflect"],"picked":"SKIP","floor":3.0},{"not_picked":["Slice","Dash"],"picked":"Blade Dance","floor":4.0},{"not_picked":["Predator","Dagger Throw","Heel Hook"],"picked":"SKIP","floor":5.0},{"not_picked":["Bouncing Flask","Concentrate"],"picked":"Venomology","floor":7.0},{"not_picked":["Dodge and Roll","Underhanded Strike"],"picked":"Adrenaline","floor":11.0},{"not_picked":["Corpse Explosion","Storm of Steel"],"picked":"Envenom","floor":16.0},{"not_picked":["Skewer","Leg Sweep+1","Bouncing Flask"],"picked":"SKIP","floor":18.0},{"not_picked":["Underhanded Strike","Caltrops"],"picked":"Blade Dance","floor":22.0},{"not_picked":["Flechettes","Bouncing Flask","Well Laid Plans+1"],"picked":"SKIP","floor":23.0},{"not_picked":["Deadly Poison","Bane","Blade Dance"],"picked":"SKIP","floor":24.0},{"not_picked":["All Out Attack","Well Laid Plans"],"picked":"Dagger Spray+1","floor":25.0},{"not_picked":["All Out Attack+1","Skewer","Dagger Spray"],"picked":"SKIP","floor":27.0},{"not_picked":["Skewer","Eviscerate","Prepared"],"picked":"SKIP","floor":28.0},{"not_picked":["Acrobatics+1","Dagger Spray+1"],"picked":"Noxious Fumes+1","floor":29.0},{"not_picked":["Concentrate","Crippling Poison+1","Expertise+1"],"picked":"SKIP","floor":31.0},{"not_picked":["Terror+1","Leg Sweep"],"picked":"Catalyst+1","floor":35.0},{"not_picked":["Distraction+1","Calculated Gamble+1"],"picked":"Cloak And Dagger+1","floor":37.0},{"not_picked":["PiercingWail","Riddle With Holes+1","Dagger Spray+1"],"picked":"SKIP","floor":37.0},{"not_picked":["Prepared+1","Bane"],"picked":"Footwork","floor":39.0},{"not_picked":["Bane+1","Storm of Steel","Acrobatics"],"picked":"SKIP","floor":39.0},{"not_picked":["Bane+1","Expertise","Quick Slash"],"picked":"SKIP","floor":40.0},{"not_picked":["Deflect+1","Poisoned Stab+1","All Out Attack+1"],"picked":"SKIP","floor":41.0},{"not_picked":["Venomology","Blade Dance+1","Sucker Punch+1"],"picked":"SKIP","floor":41.0},{"not_picked":["Cloak And Dagger+1","PiercingWail","All Out Attack+1"],"picked":"SKIP","floor":42.0},{"not_picked":["Prepared","Deflect+1"],"picked":"Venomology","floor":44.0},{"not_picked":["Poisoned Stab","Caltrops+1"],"picked":"Backflip+1","floor":46.0},{"not_picked":["Cloak And Dagger","Bane+1","Backstab+1"],"picked":"SKIP","floor":46.0},{"not_picked":["Quick Slash+1","Noxious Fumes+1","Caltrops+1"],"picked":"SKIP","floor":47.0},{"not_picked":["Bane+1","Masterful Stab","Infinite Blades+1"],"picked":"SKIP","floor":47.0},{"not_picked":["Acrobatics","Poisoned Stab+1","Slice+1"],"picked":"SKIP","floor":48.0},{"not_picked":["Heel Hook","Terror","Dagger Spray+1"],"picked":"SKIP","floor":48.0},{"not_picked":["Leg Sweep+1","Dodge and Roll+1"],"picked":"Accuracy+1","floor":54}],"player_experience":219459,"relics_obtained":[{"floor":7.0,"key":"Blue Candle"},{"floor":11.0,"key":"Ginger"},{"floor":14.0,"key":"Centennial Puzzle"},{"floor":23.0,"key":"StoneCalendar"},{"floor":25.0,"key":"Torii"},{"floor":26.0,"key":"Bag of Preparation"},{"floor":28.0,"key":"Incense Burner"},{"floor":36.0,"key":"Prayer Wheel"},{"floor":40.0,"key":"Old Coin"},{"floor":40.0,"key":"Art of War"},{"floor":42.0,"key":"Frozen Egg 2"},{"floor":42.0,"key":"Nunchaku"},{"floor":43.0,"key":"MealTicket"},{"floor":44.0,"key":"Potion Belt"},{"floor":44.0,"key":"Anchor"},{"floor":54,"key":"Slimebound:PreparedRelic"},{"floor":54,"key":"Bronze Scales"}],"event_choices":[{"damage_healed":0.0,"max_hp_gain":0.0,"max_hp_loss":0.0,"gold_gain":0.0,"event_name":"Liars Game","player_choice":"Ignored","floor":2.0,"gold_loss":0.0,"damage_taken":0.0},{"damage_healed":0.0,"max_hp_gain":0.0,"max_hp_loss":0.0,"gold_gain":0.0,"event_name":"Upgrade Shrine","player_choice":"Upgraded","floor":13.0,"gold_loss":0.0,"damage_taken":0.0,"cards_upgraded":["Survivor"]},{"damage_healed":0.0,"max_hp_gain":0.0,"max_hp_loss":0.0,"gold_gain":0.0,"event_name":"N\u0027loth","player_choice":"Ignored","floor":21.0,"gold_loss":0.0,"damage_taken":0.0},{"damage_healed":0.0,"max_hp_gain":0.0,"max_hp_loss":0.0,"gold_gain":0.0,"event_name":"MindBloom","player_choice":"Fight","floor":36.0,"gold_loss":0.0,"damage_taken":0.0},{"cards_removed":["Defend_G"],"damage_healed":0.0,"max_hp_gain":0.0,"max_hp_loss":0.0,"gold_gain":0.0,"event_name":"Falling","player_choice":"Removed Skill","floor":38.0,"gold_loss":0.0,"damage_taken":0.0},{"damage_healed":0.0,"max_hp_gain":0.0,"max_hp_loss":0.0,"gold_gain":0.0,"event_name":"Mysterious Sphere","player_choice":"Ignored","floor":45.0,"gold_loss":0.0,"damage_taken":0.0}],"is_beta":false,"boss_relics":[{"not_picked":["Sozu","Calling Bell"],"picked":"Philosopher\u0027s Stone"},{"not_picked":["Pandora\u0027s Box","Tiny House"],"picked":"Black Star"}],"items_purged_floors":[12,20,53],"is_endless":false,"potions_floor_spawned":[3,4,16,23,27,28,29,31,33,37,40,41,42,47,54],"killed_by":"The Heart","ascension_level":1}}