{"host":"i09pxcjttd31eh4q","time":1612263133,"event":{"mods":["AchievementEnabler","BaseMod","Colored Map","Keyboard Shortcuts","Minty Spire (QoL Compilation)","StSLib","SuperFastMode"],"gold_per_floor":[17,32,51,51,126,126,126,47,47,63,63,75,90,1,1,78,78,95,20,39,39,39,74,74,88,88,122,135,158,171,171,171],"floor_reached":31,"language":"KOR","playtime":849,"items_purged":[],"score":584,"play_id":"acf41d6b-be71-4528-8d8a-2cf4b6834577","local_time":"20210202195213","is_ascension_mode":true,"campfire_choices":[{"data":"Neutralize","floor":6.0,"key":"SMITH"},{"data":"Masterful Stab","floor":15.0,"key":"SMITH"},{"floor":24.0,"key":"RECALL"}],"circlet_count":0,"master_deck":["AscendersBane","Strike_G","Strike_G+1","Defend_G","Defend_G","Defend_G","Defend_G","Defend_G","Survivor","Neutralize+1","Acrobatics+1","Deflect","A Thousand Cuts+1","Masterful Stab+1","Backstab","Footwork+1","Backflip","A Thousand Cuts+1","Backflip","Acrobatics+1","Prepared"],"relics":["Ring of the Snake","Frozen Egg 2","Shuriken","Busted Crown","MutagenicStrength","Boot","Singing Bowl","Du-Vu Doll","Ancient Tea Set"],"acts_visited":["Exordium","TheCity"],"potions_floor_usage":[27,31],"damage_taken":[{"damage":14.0,"enemies":"Jaw Worm","floor":1.0,"turns":8.0},{"damage":0.0,"enemies":"Small Slimes","floor":2.0,"turns":5.0},{"damage":0.0,"enemies":"2 Louse","floor":3.0,"turns":5.0},{"damage":15.0,"enemies":"Exordium Wildlife","floor":10.0,"turns":7.0},{"damage":0.0,"enemies":"3 Louse","floor":12.0,"turns":3.0},{"damage":0.0,"enemies":"Blue Slaver","floor":13.0,"turns":4.0},{"damage":9.0,"enemies":"The Guardian","floor":16.0,"turns":11.0},{"damage":6.0,"enemies":"2 Thieves","floor":18.0,"turns":3.0},{"damage":12.0,"enemies":"Chosen","floor":20.0,"turns":4.0},{"damage":0.0,"enemies":"Gremlin Leader","floor":23.0,"turns":5.0},{"damage":5.0,"enemies":"3 Cultists","floor":25.0,"turns":4.0},{"damage":19,"enemies":"Slavers","floor":27,"turns":4},{"damage":0,"enemies":"Centurion and Healer","floor":28,"turns":4},{"damage":5,"enemies":"Snecko","floor":30,"turns":6},{"damage":18,"enemies":"Cultist and Chosen","floor":31,"turns":5}],"seed_played":"-7934033374507386643","potions_obtained":[{"floor":1.0,"key":"Swift Potion"},{"floor":10.0,"key":"Regen Potion"},{"floor":13.0,"key":"Swift Potion"},{"floor":16.0,"key":"Explosive Potion"},{"floor":23.0,"key":"Fire Potion"},{"floor":25.0,"key":"Poison Potion"},{"floor":30,"key":"SpeedPotion"}],"is_trial":false,"path_per_floor":["M","M","M","?","?","R","T","$","T","M","?","M","M","$","R","B",null,"M","?","M","?","?","E","R","M","T","E","M","T","M","M"],"character_chosen":"THE_SILENT","items_purchased":["A Thousand Cuts+1","Footwork+1","Backflip"],"campfire_rested":0,"item_purchase_floors":[8,14,14],"current_hp_per_floor":[45,45,45,50,39,39,39,39,39,24,3,3,3,3,3,9,56,50,50,38,38,38,38,38,33,33,16,18,18,15,0,0],"gold":171,"neow_bonus":"REMOVE_TWO","is_daily":false,"chose_seed":false,"campfire_upgraded":2,"win_rate":0.0,"timestamp":1612263133,"path_taken":["M","M","M","?","?","R","?","$","T","M","?","?","M","$","R","BOSS","M","?","M","?","?","E","R","M","T","E","M","?","M","?"],"items_purchased_type":["Card","Card","Card"],"build_version":"2020-12-22","purchased_purges":0,"victory":false,"max_hp_per_floor":[66,66,66,71,71,71,71,71,71,71,71,71,71,71,71,71,71,71,71,71,71,71,71,71,71,71,73,75,75,77,77,77],"card_choices":[{"not_picked":["Choke","Terror"],"picked":"Acrobatics","floor":1.0},{"not_picked":["Prepared","Flying Knee"],"picked":"Deflect","floor":2.0},{"not_picked":["Caltrops","Bane","Flechettes"],"picked":"SKIP","floor":3.0},{"not_picked":["Dodge and Roll","Flechettes"],"picked":"Masterful Stab","floor":10.0},{"not_picked":["Unload","Sucker Punch","Catalyst"],"picked":"SKIP","floor":12.0},{"not_picked":["Flying Knee","Sucker Punch"],"picked":"Backstab","floor":13.0},{"not_picked":["Envenom+1","Phantasmal Killer"],"picked":"A Thousand Cuts+1","floor":16.0},{"not_picked":["Skewer"],"picked":"SKIP","floor":18.0},{"not_picked":[],"picked":"Backflip","floor":20.0},{"not_picked":[],"picked":"Acrobatics+1","floor":23.0},{"not_picked":[],"picked":"Prepared","floor":25.0},{"not_picked":["Wraith Form v2+1"],"picked":"Singing Bowl","floor":27},{"not_picked":["Underhanded Strike"],"picked":"Singing Bowl","floor":28},{"not_picked":["Tactician"],"picked":"Singing Bowl","floor":30}],"player_experience":878836,"relics_obtained":[{"floor":7.0,"key":"Frozen Egg 2"},{"floor":9.0,"key":"Shuriken"},{"floor":23.0,"key":"Boot"},{"floor":26.0,"key":"Singing Bowl"},{"floor":27,"key":"Du-Vu Doll"},{"floor":29,"key":"Ancient Tea Set"}],"event_choices":[{"damage_healed":0.0,"max_hp_gain":5.0,"max_hp_loss":0.0,"gold_gain":0.0,"event_name":"Big Fish","player_choice":"Donut","floor":4.0,"gold_loss":0.0,"damage_taken":0.0},{"damage_healed":0.0,"max_hp_gain":0.0,"max_hp_loss":0.0,"gold_gain":75.0,"event_name":"World of Goop","player_choice":"Gather Gold","floor":5.0,"gold_loss":0.0,"damage_taken":11.0},{"damage_healed":0.0,"max_hp_gain":0.0,"max_hp_loss":0.0,"gold_gain":0.0,"event_name":"Shining Light","player_choice":"Entered Light","floor":11.0,"gold_loss":0.0,"damage_taken":21.0,"cards_upgraded":["Strike_G","Acrobatics"]},{"cards_removed":["Strike_G"],"damage_healed":0.0,"max_hp_gain":0.0,"max_hp_loss":0.0,"gold_gain":0.0,"event_name":"Beggar","player_choice":"Gave Gold","floor":19.0,"gold_loss":75.0,"damage_taken":0.0},{"damage_healed":0.0,"max_hp_gain":0.0,"max_hp_loss":0.0,"gold_gain":0.0,"event_name":"Cursed Tome","player_choice":"Ignored","floor":21.0,"gold_loss":0.0,"damage_taken":0.0},{"damage_healed":0.0,"max_hp_gain":0.0,"max_hp_loss":0.0,"gold_gain":0.0,"event_name":"Drug Dealer","player_choice":"Inject Mutagens","floor":22.0,"gold_loss":0.0,"damage_taken":0.0,"relics_obtained":["MutagenicStrength"]}],"is_beta":false,"boss_relics":[{"not_picked":["Calling Bell","Tiny House"],"picked":"Busted Crown"}],"items_purged_floors":[],"is_endless":false,"potions_floor_spawned":[1,10,13,16,23,25,30],"killed_by":"Cultist and Chosen","ascension_level":20}}