{"host":"jcp2nz6q7v3b3vtq","time":1612226966,"event":{"mods":["BaseMod","Marisa????????","Minty Spire (QoL Compilation)","The Servant 0.9.4"],"gold_per_floor":[116,130,150,150,150,150,169,188,188,513,144,144,162,162,162,162,162],"floor_reached":16,"language":"ENG","playtime":516,"items_purged":["Strike_S"],"score":102,"play_id":"226077cc-6e4b-4e27-91fe-ee27518aa540","local_time":"20210202014926","is_ascension_mode":false,"campfire_choices":[{"data":"InstantArmor","floor":6,"key":"SMITH"},{"floor":15,"key":"REST"}],"circlet_count":0,"master_deck":["Strike_S+1","Strike_S","Strike_S+1","Defend_S","Defend_S","Defend_S","Defend_S","KidneyShot","Exchange","InstantArmor+1","BottledTime","Rearm","SilverBlades+1"],"relics":["Uniform","Pear","Old Coin","HandDrill","PreservedInsect"],"acts_visited":["Exordium"],"potions_floor_usage":[8,10,10],"damage_taken":[{"damage":4,"enemies":"2 Louse","floor":1,"turns":5},{"damage":1,"enemies":"Small Slimes","floor":2,"turns":5},{"damage":0,"enemies":"Jaw Worm","floor":3,"turns":3},{"damage":0,"enemies":"Looter","floor":7,"turns":4},{"damage":0,"enemies":"Exordium Wildlife","floor":8,"turns":4},{"damage":19,"enemies":"Gremlin Nob","floor":10,"turns":4},{"damage":2,"enemies":"2 Fungi Beasts","floor":13,"turns":4},{"damage":40,"enemies":"Hexaghost","floor":16,"turns":11}],"seed_played":"8932242123008882890","potions_obtained":[{"floor":2,"key":"SteroidPotion"},{"floor":7,"key":"FearPotion"},{"floor":8,"key":"Dexterity Potion"}],"is_trial":true,"path_per_floor":["M","M","M","?","?","R","M","M","T","E","$","?","M","?","R","B"],"character_chosen":"THE_SERVANT","items_purchased":["HandDrill","PreservedInsect"],"campfire_rested":1,"item_purchase_floors":[11,11],"current_hp_per_floor":[61,60,60,60,47,47,47,47,57,38,38,38,36,36,58,18,18],"gold":162,"neow_bonus":"","is_daily":false,"chose_seed":false,"campfire_upgraded":1,"win_rate":0.0,"timestamp":1612226966,"path_taken":["M","M","M","?","?","R","M","M","T","E","$","?","?","?","R","BOSS"],"items_purchased_type":["Relic","Relic"],"build_version":"2020-12-22","purchased_purges":1,"victory":false,"max_hp_per_floor":[65,65,65,65,65,65,65,65,75,75,75,75,75,75,75,75,75],"card_choices":[{"not_picked":["Revamp","Potential"],"picked":"InstantArmor","floor":1},{"not_picked":["Contraction","Barrier","Rewind"],"picked":"SKIP","floor":2},{"not_picked":["DoubleEdge","Rewind"],"picked":"BottledTime","floor":3},{"not_picked":["DoubleEdge","TimeWarp"],"picked":"Rearm","floor":7},{"not_picked":["Sabotage","TimeWarp"],"picked":"SilverBlades","floor":8},{"not_picked":["TimeWarp","Initiator","MoonPhase"],"picked":"SKIP","floor":10},{"not_picked":["Misdirection","StarChef","Comet"],"picked":"SKIP","floor":13}],"player_experience":25031,"relics_obtained":[{"floor":9,"key":"Pear"},{"floor":10,"key":"Old Coin"}],"event_choices":[{"damage_healed":0,"gold_gain":0,"player_choice":"Ignored","damage_taken":0,"max_hp_gain":0,"max_hp_loss":0,"event_name":"Liars Game","floor":4,"gold_loss":0},{"damage_healed":0,"gold_gain":0,"player_choice":"Entered Light","damage_taken":13,"max_hp_gain":0,"max_hp_loss":0,"event_name":"Shining Light","floor":5,"gold_loss":0,"cards_upgraded":["Strike_S","Strike_S"]},{"damage_healed":0,"gold_gain":0,"player_choice":"Ignored","damage_taken":0,"max_hp_gain":0,"max_hp_loss":0,"event_name":"Golden Wing","floor":12,"gold_loss":0},{"damage_healed":0,"gold_gain":0,"player_choice":"Grow","damage_taken":0,"max_hp_gain":0,"max_hp_loss":0,"event_name":"Living Wall","floor":14,"gold_loss":0,"cards_upgraded":["SilverBlades"]}],"is_beta":false,"boss_relics":[],"items_purged_floors":[11],"is_endless":false,"potions_floor_spawned":[2,7,8],"killed_by":"Hexaghost","ascension_level":0}}