{"host":"fuszjwm6fqgjjp4d","time":1612247628,"event":{"mods":["BaseMod","Bestiary","Colored Map","DeckTracker","Minty Spire (QoL Compilation)","Permanent Neow","Relic Sorter","Relic Stats","StSLib"],"gold_per_floor":[118,118,129,8,22,50,50,66,119,139,139,139,139,150,150,150,150],"floor_reached":16,"language":"ENG","playtime":339,"items_purged":[],"score":204,"play_id":"4aa70309-5b4f-4968-aad7-a60f926e74ac","local_time":"20210202003348","is_ascension_mode":true,"campfire_choices":[{"data":"Deadly Poison","floor":7,"key":"SMITH"},{"data":"Noxious Fumes","floor":12,"key":"SMITH"},{"floor":15,"key":"REST"}],"circlet_count":0,"master_deck":["AscendersBane","Strike_G","Strike_G","Defend_G","Defend_G","Defend_G","Defend_G","Defend_G","Survivor","Neutralize","Corpse Explosion","Skewer","Flying Knee","PiercingWail","Caltrops","Dash","Deadly Poison+1","Poisoned Stab","Noxious Fumes+1","Pain","Crippling Poison"],"relics":["Ring of the Snake","Shuriken","MealTicket","WarpedTongs"],"acts_visited":[],"potions_floor_usage":[6,6,6,14,14],"damage_taken":[{"damage":1,"enemies":"2 Louse","floor":1,"turns":2},{"damage":0,"enemies":"Cultist","floor":3,"turns":3},{"damage":5,"enemies":"Small Slimes","floor":5,"turns":4},{"damage":19,"enemies":"Gremlin Nob","floor":6,"turns":4},{"damage":3,"enemies":"3 Louse","floor":8,"turns":2},{"damage":0,"enemies":"Red Slaver","floor":10,"turns":3},{"damage":7,"enemies":"Exordium Thugs","floor":14,"turns":4},{"damage":37,"enemies":"Slime Boss","floor":16,"turns":7}],"seed_played":"-8660502152793892871","potions_obtained":[{"floor":3,"key":"Fruit Juice"},{"floor":5,"key":"EntropicBrew"},{"floor":10,"key":"BlessingOfTheForge"}],"is_trial":false,"path_per_floor":["M","?","M","$","M","E","R","M","T","M","?","R","?","M","R","B"],"character_chosen":"THE_SILENT","items_purchased":["Caltrops","Dash"],"campfire_rested":1,"item_purchase_floors":[4,4],"current_hp_per_floor":[43,43,43,43,38,24,24,21,21,21,21,21,21,14,35,0,0],"gold":150,"neow_bonus":"TRANSFORM_TWO_CARDS","is_daily":false,"chose_seed":false,"campfire_upgraded":2,"win_rate":0.0,"timestamp":1612247628,"path_taken":["M","?","?","$","M","E","R","M","T","M","?","R","?","M","R","BOSS"],"items_purchased_type":["Card","Card"],"build_version":"2020-12-22","purchased_purges":0,"victory":false,"max_hp_per_floor":[66,66,66,66,66,71,71,71,71,71,71,71,71,71,71,71,71],"relic_stats":{"counters":[8,29],"Shuriken":[2],"MealTicket":0,"obtain_stats":[{"Shuriken":6,"MealTicket":9,"Ring of the Snake":0,"WarpedTongs":13},{"Shuriken":4,"MealTicket":5,"Ring of the Snake":0,"WarpedTongs":6},{"Shuriken":13,"MealTicket":15,"Ring of the Snake":0,"WarpedTongs":18}],"Ring of the Snake":[16],"WarpedTongs":[11]},"card_choices":[{"not_picked":["Acrobatics","Sucker Punch"],"picked":"Flying Knee","floor":1},{"not_picked":["Underhanded Strike","Blade Dance"],"picked":"PiercingWail","floor":3},{"not_picked":["Heel Hook","Cloak And Dagger"],"picked":"Deadly Poison","floor":5},{"not_picked":["Bullet Time","Distraction"],"picked":"Poisoned Stab","floor":6},{"not_picked":["Prepared","Dagger Spray","Deadly Poison"],"picked":"SKIP","floor":8},{"not_picked":["Underhanded Strike","Quick Slash"],"picked":"Noxious Fumes","floor":10},{"not_picked":["Finisher","Choke"],"picked":"Crippling Poison","floor":14}],"player_experience":1421750,"relics_obtained":[{"floor":6,"key":"Shuriken"},{"floor":9,"key":"MealTicket"}],"event_choices":[{"cards_removed":["Strike_G"],"damage_healed":0,"gold_gain":0,"player_choice":"Purged","damage_taken":0,"max_hp_gain":0,"max_hp_loss":0,"event_name":"Purifier","floor":2,"gold_loss":0},{"damage_healed":0,"gold_gain":0,"player_choice":"Ignored","damage_taken":0,"max_hp_gain":0,"max_hp_loss":0,"event_name":"Liars Game","floor":11,"gold_loss":0},{"damage_healed":0,"gold_gain":0,"player_choice":"Rummage","damage_taken":0,"relics_obtained":["WarpedTongs"],"max_hp_gain":0,"max_hp_loss":0,"event_name":"Accursed Blacksmith","floor":13,"gold_loss":0,"cards_obtained":["Pain"]}],"is_beta":false,"boss_relics":[],"items_purged_floors":[],"is_endless":false,"potions_floor_spawned":[3,5,10],"killed_by":"Slime Boss","ascension_level":20}}