{"host":"l2dnabsh5e0fsksb","time":1612269102,"event":{"mods":["2.2 Compatiblity","BaseMod","Downfall","Minty Spire (QoL Compilation)","Quick Restart","StSLib"],"gold_per_floor":[99,99,99,199,199,199,279,310,338,350,350,350],"floor_reached":10,"language":"ENG","playtime":266,"items_purged":[],"score":102,"play_id":"3e8998d8-943e-4aac-bc0b-481cc696dd8f","local_time":"20210202230142","is_ascension_mode":true,"campfire_choices":[{"floor":1.0,"key":"RECALL"}],"circlet_count":0,"master_deck":["AscendersBane","bronze:Strike","bronze:Strike","bronze:Strike","bronze:Strike","bronze:Defend","bronze:Defend","bronze:Defend","bronze:Defend","bronze:Replicate","bronze:Goto","bronze:Invalidate","bronze:Iterate+1","bronze:BitShift","bronze:Frontload","bronze:CutThrough"],"relics":["bronze:BronzeCore","downfall:HeartsMalice","Shuriken","MawBank"],"acts_visited":["Exordium"],"potions_floor_usage":[10],"damage_taken":[{"damage":0.0,"enemies":"2 Louse","floor":2.0,"turns":1.0},{"damage":0.0,"enemies":"Small Slimes","floor":3.0,"turns":1.0},{"damage":0.0,"enemies":"Jaw Worm","floor":5.0,"turns":1.0},{"damage":55.0,"enemies":"3 Sentries","floor":8.0,"turns":9.0},{"damage":4.0,"enemies":"Exordium Wildlife","floor":9.0,"turns":4.0},{"damage":6,"enemies":"Lagavulin","floor":10,"turns":3}],"seed_played":"-3256708613441267636","potions_obtained":[{"floor":8.0,"key":"ColorlessPotion"},{"floor":9.0,"key":"Fire Potion"}],"is_trial":false,"path_per_floor":["R","M","M","?","M","?","T","E","M","E"],"character_chosen":"THE_AUTOMATON","items_purchased":[],"campfire_rested":0,"item_purchase_floors":[],"current_hp_per_floor":[63,63,63,63,63,63,63,8,4,0,0,0],"gold":350,"neow_bonus":"THREE_ENEMY_KILL","is_daily":false,"chose_seed":false,"campfire_upgraded":0,"win_rate":0.0,"timestamp":1612269102,"path_taken":["R","M","M","?","M","?","T","E","M","E"],"items_purchased_type":[],"build_version":"2020-12-22","purchased_purges":0,"victory":false,"max_hp_per_floor":[70,70,70,70,70,70,70,70,70,70,70,70],"card_choices":[{"not_picked":["bronze:ForLoop","bronze:NullPointer"],"picked":"bronze:Invalidate","floor":2.0},{"not_picked":["bronze:FollowUp","bronze:DarkDash"],"picked":"bronze:Iterate","floor":3.0},{"not_picked":["bronze:Turbo","bronze:NullPointer"],"picked":"bronze:BitShift","floor":5.0},{"not_picked":["bronze:Invalidate","bronze:DelayedGuard"],"picked":"bronze:Frontload","floor":8.0},{"not_picked":["bronze:Turbo","bronze:Overheat"],"picked":"bronze:CutThrough","floor":9.0}],"player_experience":1893676,"relics_obtained":[{"floor":7.0,"key":"Shuriken"},{"floor":8.0,"key":"MawBank"}],"event_choices":[{"damage_healed":0.0,"max_hp_gain":0.0,"max_hp_loss":0.0,"gold_gain":0.0,"event_name":"Living Wall","player_choice":"Grow","floor":6.0,"gold_loss":0.0,"damage_taken":0.0,"cards_upgraded":["bronze:Iterate"]}],"is_beta":false,"boss_relics":[],"items_purged_floors":[],"is_endless":false,"potions_floor_spawned":[8,9],"killed_by":"Lagavulin","ascension_level":13}}