{"host":"sav7uxregyirlf69","time":1612247012,"event":{"mods":["AchievementEnabler","BaseMod","Colored Map","DeckTracker","Keyboard Shortcuts","Minty Spire (QoL Compilation)","READ ME - Guardian Mod","StSLib","SuperFastMode"],"gold_per_floor":[18,18,18,39,57,57,76,76,76,76,116,116,139,162,162,162,162],"floor_reached":16,"language":"KOR","playtime":236,"items_purged":[],"score":204,"play_id":"ba8ef079-68c0-4be1-b3f6-81ddb7da9542","local_time":"20210202152332","is_ascension_mode":true,"campfire_choices":[{"data":"Carnage","floor":6,"key":"SMITH"},{"floor":8,"key":"REST"},{"data":"Pommel Strike","floor":10,"key":"SMITH"},{"data":"Fire Breathing","floor":15,"key":"SMITH"}],"circlet_count":0,"master_deck":["AscendersBane","Strike_R","Strike_R","Strike_R","Strike_R+1","Strike_R","Defend_R","Defend_R","Defend_R","Defend_R+1","Bash","Pommel Strike+1","Carnage+1","Shrug It Off","Fire Breathing+1","Seeing Red","Immolate"],"relics":["Burning Blood","Golden Idol","Blood Vial","Question Card","Turnip"],"acts_visited":["Exordium"],"potions_floor_usage":[16,16],"damage_taken":[{"damage":9,"enemies":"Jaw Worm","floor":1,"turns":4},{"damage":1,"enemies":"2 Louse","floor":4,"turns":3},{"damage":1,"enemies":"Cultist","floor":5,"turns":3},{"damage":6,"enemies":"Red Slaver","floor":7,"turns":4},{"damage":26,"enemies":"3 Sentries","floor":11,"turns":8},{"damage":1,"enemies":"2 Fungi Beasts","floor":13,"turns":2},{"damage":5,"enemies":"Lots of Slimes","floor":14,"turns":5},{"damage":54,"enemies":"Hexaghost","floor":16,"turns":9}],"seed_played":"-683072903449899074","potions_obtained":[{"floor":7,"key":"BlessingOfTheForge"},{"floor":14,"key":"ColorlessPotion"}],"is_trial":false,"path_per_floor":["M","?","?","M","M","R","M","R","T","R","E","T","M","M","R","B"],"character_chosen":"IRONCLAD","items_purchased":[],"campfire_rested":1,"item_purchase_floors":[],"current_hp_per_floor":[79,48,21,26,31,31,31,57,57,57,39,39,46,49,49,0,0],"gold":162,"neow_bonus":"TWENTY_PERCENT_HP_BONUS","is_daily":false,"chose_seed":false,"campfire_upgraded":3,"win_rate":0.0,"timestamp":1612247012,"path_taken":["M","?","?","M","M","R","M","R","T","R","E","?","M","M","R","BOSS"],"items_purchased_type":[],"build_version":"2020-12-22","purchased_purges":0,"victory":false,"max_hp_per_floor":[89,89,89,89,89,89,89,89,89,89,89,89,89,89,89,89,89],"card_choices":[{"not_picked":["Flex","Intimidate"],"picked":"Pommel Strike","floor":1},{"not_picked":["Flame Barrier","Rupture"],"picked":"Carnage","floor":4},{"not_picked":["Body Slam","Flex"],"picked":"Shrug It Off","floor":5},{"not_picked":["Dual Wield","Sword Boomerang","Rupture"],"picked":"SKIP","floor":7},{"not_picked":["Inflame","Barricade"],"picked":"Fire Breathing","floor":11},{"not_picked":["Armaments","True Grit","Anger"],"picked":"Seeing Red","floor":13},{"not_picked":["Flame Barrier","Pommel Strike","Body Slam"],"picked":"Immolate","floor":14}],"player_experience":1457252,"relics_obtained":[{"floor":9,"key":"Blood Vial"},{"floor":11,"key":"Question Card"},{"floor":12,"key":"Turnip"}],"event_choices":[{"damage_healed":0,"gold_gain":0,"player_choice":"Take Damage","damage_taken":31,"relics_obtained":["Golden Idol"],"max_hp_gain":0,"max_hp_loss":0,"event_name":"Golden Idol","floor":2,"gold_loss":0},{"damage_healed":0,"gold_gain":0,"player_choice":"Entered Light","damage_taken":27,"max_hp_gain":0,"max_hp_loss":0,"event_name":"Shining Light","floor":3,"gold_loss":0,"cards_upgraded":["Defend_R","Strike_R"]}],"is_beta":false,"boss_relics":[],"items_purged_floors":[],"is_endless":false,"potions_floor_spawned":[7,14],"killed_by":"Hexaghost","ascension_level":20}}