{"host":"j4g6ia6asvpyu2b0","time":1612226746,"event":{"mods":["BaseMod","Colored Map","Minty Spire (QoL Compilation)","Permanent Neow","Quick Restart","Relic Stats","StSLib","Unceasing Turn Reminder"],"gold_per_floor":[118,118,83,98,98,134,149,149,172,18,18,59,75,118,118,239,239,253,266,266,266],"floor_reached":20,"language":"ENG","playtime":647,"items_purged":[],"score":374,"play_id":"88af844e-1880-4d5b-bef7-0d2116c67aa4","local_time":"20210201174546","is_ascension_mode":true,"campfire_choices":[{"data":"Blur","floor":8,"key":"SMITH"},{"data":"Trip","floor":11,"key":"SMITH"},{"data":"Predator","floor":15,"key":"SMITH"}],"circlet_count":0,"master_deck":["Strike_G","Strike_G","Strike_G","Strike_G","Strike_G","Defend_G","Defend_G","Defend_G","Defend_G","Defend_G","Survivor","Neutralize","Dagger Throw","Blur+1","Tools of the Trade","Trip+1","Acrobatics","PiercingWail","Predator+1","Backflip","Corpse Explosion","Cloak And Dagger","Prepared"],"relics":["Busted Crown","Golden Idol","Centennial Puzzle","PreservedInsect","Vajra","Anchor","Gremlin Horn","Philosopher\u0027s Stone"],"acts_visited":["Exordium","TheCity"],"potions_floor_usage":[12,16],"damage_taken":[{"damage":1,"enemies":"Small Slimes","floor":1,"turns":5},{"damage":0,"enemies":"2 Louse","floor":4,"turns":3},{"damage":25,"enemies":"3 Sentries","floor":6,"turns":12},{"damage":0,"enemies":"Cultist","floor":7,"turns":2},{"damage":0,"enemies":"Gremlin Nob","floor":12,"turns":3},{"damage":0,"enemies":"Blue Slaver","floor":13,"turns":3},{"damage":2,"enemies":"3 Sentries","floor":14,"turns":8},{"damage":0,"enemies":"Slime Boss","floor":16,"turns":6},{"damage":12,"enemies":"Spheric Guardian","floor":18,"turns":4},{"damage":2,"enemies":"3 Byrds","floor":19,"turns":3}],"seed_played":"-6673655487925804443","potions_obtained":[{"floor":1,"key":"LiquidMemories"},{"floor":6,"key":"Strength Potion"},{"floor":13,"key":"Dexterity Potion"},{"floor":16,"key":"SteroidPotion"},{"floor":19,"key":"Explosive Potion"}],"is_trial":false,"path_per_floor":["M","?","?","M","?","E","M","R","T","$","R","E","M","E","R","B",null,"M","M","$"],"character_chosen":"THE_SILENT","items_purchased":["Vajra"],"campfire_rested":0,"item_purchase_floors":[10],"current_hp_per_floor":[62,45,62,62,62,37,37,37,37,37,37,37,37,35,35,35,61,49,47,47,47],"gold":266,"neow_bonus":"BOSS_RELIC","is_daily":false,"chose_seed":false,"campfire_upgraded":3,"win_rate":0.0,"timestamp":1612226746,"path_taken":["M","?","?","M","?","E","M","R","T","$","R","E","M","E","R","BOSS","M","M","$"],"items_purchased_type":["Relic"],"build_version":"2020-12-22","purchased_purges":0,"victory":false,"max_hp_per_floor":[70,70,70,70,70,70,70,70,70,70,70,70,70,70,70,70,70,70,70,70,70],"relic_stats":{"Centennial Puzzle":[9],"Busted Crown":20,"Gremlin Horn":[2,2],"counters":[10,49],"Golden Idol":63,"PreservedInsect":55,"obtain_stats":[{"Centennial Puzzle":6,"Anchor":12,"Busted Crown":0,"Gremlin Horn":14,"Golden Idol":2,"Vajra":10,"Philosopher\u0027s Stone":17,"PreservedInsect":9,"Ring of the Snake":0},{"Centennial Puzzle":3,"Anchor":5,"Busted Crown":0,"Gremlin Horn":7,"Golden Idol":1,"Vajra":4,"Philosopher\u0027s Stone":8,"PreservedInsect":4,"Ring of the Snake":0},{"Centennial Puzzle":20,"Anchor":25,"Busted Crown":0,"Gremlin Horn":36,"Golden Idol":5,"Vajra":22,"Philosopher\u0027s Stone":42,"PreservedInsect":22,"Ring of the Snake":0}]},"card_choices":[{"not_picked":[],"picked":"Dagger Throw","floor":1},{"not_picked":[],"picked":"Blur","floor":4},{"not_picked":[],"picked":"Acrobatics","floor":6},{"not_picked":[],"picked":"PiercingWail","floor":7},{"not_picked":[],"picked":"Predator","floor":12},{"not_picked":[],"picked":"Backflip","floor":13},{"not_picked":["Prepared"],"picked":"SKIP","floor":14},{"not_picked":[],"picked":"Corpse Explosion","floor":16},{"not_picked":[],"picked":"Cloak And Dagger","floor":18},{"not_picked":[],"picked":"Prepared","floor":19}],"player_experience":1094347,"relics_obtained":[{"floor":6,"key":"Centennial Puzzle"},{"floor":9,"key":"PreservedInsect"},{"floor":12,"key":"Anchor"},{"floor":14,"key":"Gremlin Horn"}],"event_choices":[{"damage_healed":0,"gold_gain":0,"player_choice":"Take Damage","damage_taken":17,"relics_obtained":["Golden Idol"],"max_hp_gain":0,"max_hp_loss":0,"event_name":"Golden Idol","floor":2,"gold_loss":0},{"damage_healed":17,"gold_gain":0,"player_choice":"Healed","damage_taken":0,"max_hp_gain":0,"max_hp_loss":0,"event_name":"The Cleric","floor":3,"gold_loss":35},{"damage_healed":0,"gold_gain":0,"player_choice":"2 cards matched","damage_taken":0,"max_hp_gain":0,"max_hp_loss":0,"event_name":"Match and Keep!","floor":5,"gold_loss":0,"cards_obtained":["Tools of the Trade","Trip"]}],"is_beta":false,"boss_relics":[{"not_picked":["Pandora\u0027s Box","Ectoplasm"],"picked":"Philosopher\u0027s Stone"}],"items_purged_floors":[],"is_endless":false,"potions_floor_spawned":[1,6,13,16,19],"ascension_level":8}}