{"host":"xrk7zhg70ipmpx3n","time":1612236482,"event":{"mods":["BaseMod","Colored Map","Downfall","Highlight Path","Minty Spire (QoL Compilation)","StSLib"],"gold_per_floor":[18,31,47,60,60,60,46,109,132,132,165,176,176,195,195,292,292,304,317,317,317,317],"floor_reached":21,"language":"ENG","playtime":1568,"items_purged":[],"score":183,"play_id":"b3cb5120-801c-491f-98be-91a5df90367a","local_time":"20210202132802","is_ascension_mode":false,"campfire_choices":[{"floor":6,"key":"REST"},{"floor":10,"key":"REST"},{"floor":13,"key":"REST"},{"floor":15,"key":"REST"}],"circlet_count":0,"master_deck":["Strike_G","Strike_G","Strike_G","Strike_G","Strike_G","Defend_G","Defend_G+1","Defend_G","Defend_G","Defend_G","Survivor","Neutralize","Footwork","Acrobatics","Slice","PiercingWail+1","Sucker Punch","Dagger Spray","Quick Slash","Dodge and Roll","A Thousand Cuts","Night Terror","Sucker Punch","Blade Dance"],"relics":["Ring of the Snake","PreservedInsect","Centennial Puzzle","Bronze Scales","Black Star"],"acts_visited":["Exordium","TheCity"],"potions_floor_usage":[16,16,16,21],"damage_taken":[{"damage":5,"enemies":"Cultist","floor":1,"turns":5},{"damage":3,"enemies":"Small Slimes","floor":2,"turns":4},{"damage":13,"enemies":"Jaw Worm","floor":3,"turns":6},{"damage":3,"enemies":"3 Louse","floor":4,"turns":5},{"damage":2,"enemies":"Exordium Thugs","floor":7,"turns":5},{"damage":26,"enemies":"Gremlin Nob","floor":8,"turns":5},{"damage":25,"enemies":"3 Sentries","floor":11,"turns":6},{"damage":13,"enemies":"Red Slaver","floor":12,"turns":3},{"damage":10,"enemies":"Exordium Wildlife","floor":14,"turns":2},{"damage":39,"enemies":"The Guardian","floor":16,"turns":10},{"damage":36,"enemies":"Spheric Guardian","floor":18,"turns":5},{"damage":7,"enemies":"Shell Parasite","floor":19,"turns":9},{"damage":45,"enemies":"Sentry and Sphere","floor":21,"turns":9}],"seed_played":"-8899265885966932281","potions_obtained":[{"floor":1,"key":"Guardian:BlockOnCardUsePotion"},{"floor":4,"key":"hexamod:SoulburnPotion"},{"floor":8,"key":"BlessingOfTheForge"},{"floor":18,"key":"Explosive Potion"},{"floor":19,"key":"Block Potion"}],"is_trial":false,"path_per_floor":["M","M","M","M","?","R","M","?","T","R","E","M","R","M","R","B",null,"M","M","?","M"],"character_chosen":"THE_SILENT","items_purchased":[],"campfire_rested":4,"item_purchase_floors":[],"current_hp_per_floor":[79,76,63,60,43,68,66,40,40,65,40,27,52,42,67,28,84,48,41,41,0,0],"gold":317,"neow_bonus":"TWENTY_PERCENT_HP_BONUS","is_daily":false,"chose_seed":false,"campfire_upgraded":0,"win_rate":0.0,"timestamp":1612236482,"path_taken":["M","?","M","M","?","R","M","?","T","R","E","M","R","M","R","BOSS","M","M","?","M"],"items_purchased_type":[],"build_version":"2020-12-22","purchased_purges":0,"victory":false,"max_hp_per_floor":[84,84,84,84,84,84,84,84,84,84,84,84,84,84,84,84,84,84,84,84,84,84],"card_choices":[{"not_picked":["Acrobatics","Outmaneuver"],"picked":"Footwork","floor":1},{"not_picked":["Sucker Punch","Dagger Spray"],"picked":"Acrobatics","floor":2},{"not_picked":["Reflex","Dagger Throw"],"picked":"Slice","floor":3},{"not_picked":["Deflect","Tools of the Trade"],"picked":"PiercingWail","floor":4},{"not_picked":["Noxious Fumes","Acrobatics"],"picked":"Sucker Punch","floor":7},{"not_picked":["Acrobatics","Sucker Punch"],"picked":"Dagger Spray","floor":8},{"not_picked":["Sucker Punch","Backflip"],"picked":"Quick Slash","floor":11},{"not_picked":["Backflip","Skewer"],"picked":"Dodge and Roll","floor":12},{"not_picked":["Escape Plan","Acrobatics"],"picked":"A Thousand Cuts","floor":14},{"not_picked":["A Thousand Cuts","Venomology"],"picked":"Night Terror","floor":16},{"not_picked":["Well Laid Plans","Underhanded Strike"],"picked":"Sucker Punch","floor":18},{"not_picked":["Outmaneuver","Venomology"],"picked":"Blade Dance","floor":19}],"player_experience":15570,"relics_obtained":[{"floor":8,"key":"PreservedInsect"},{"floor":9,"key":"Centennial Puzzle"},{"floor":11,"key":"Bronze Scales"}],"event_choices":[{"damage_healed":0,"gold_gain":0,"player_choice":"Entered Light","damage_taken":17,"max_hp_gain":0,"max_hp_loss":0,"event_name":"Shining Light","floor":5,"gold_loss":0,"cards_upgraded":["PiercingWail","Defend_G"]},{"damage_healed":0,"gold_gain":30,"player_choice":"Searched \u00273\u0027 times","damage_taken":0,"max_hp_gain":0,"max_hp_loss":0,"event_name":"Dead Adventurer","floor":8,"gold_loss":0},{"damage_healed":0,"gold_gain":0,"player_choice":"Ignored","damage_taken":0,"max_hp_gain":0,"max_hp_loss":0,"event_name":"Ghosts","floor":20,"gold_loss":0}],"is_beta":false,"boss_relics":[{"not_picked":["Tiny House","SacredBark"],"picked":"Black Star"}],"items_purged_floors":[],"is_endless":false,"potions_floor_spawned":[1,4,8,11,14,18,19],"killed_by":"Sentry and Sphere","ascension_level":0}}