{"host":"v3mpq6flurzldi5g","time":1612224619,"event":{"mods":["AchievementEnabler","BaseMod","Colored Powertips","Highlight Path","Minty Spire (QoL Compilation)","StSLib"],"gold_per_floor":[114,131,144,144,94,94,104,104,104,104,29,45,45,80,80,152,152,167,167,18,18,117,117,117,117,117,117,128,128,163,163,163,240,240,259,269,45,45,0,0,18,18,67,86,86,86,86,106,106,106,106],"floor_reached":50,"language":"ENG","playtime":1939,"items_purged":["Strike_G"],"score":790,"play_id":"f6d58a7e-4c66-45cd-a7a9-d3543bbd487c","local_time":"20210201191019","is_ascension_mode":true,"campfire_choices":[{"data":"Dagger Spray","floor":6,"key":"SMITH"},{"data":"Defend_G","floor":8,"key":"SMITH"},{"data":"Defend_G","floor":10,"key":"SMITH"},{"data":"Footwork","floor":13,"key":"SMITH"},{"data":"Noxious Fumes","floor":15,"key":"SMITH"},{"data":"Defend_G","floor":23,"key":"SMITH"},{"data":"Defend_G","floor":25,"key":"SMITH"},{"data":"Defend_G","floor":27,"key":"SMITH"},{"data":"Accuracy","floor":29,"key":"SMITH"},{"data":"Cloak And Dagger","floor":32,"key":"SMITH"},{"data":"Accuracy","floor":40,"key":"SMITH"},{"data":"Blade Dance","floor":46,"key":"SMITH"},{"data":"Burst","floor":47,"key":"SMITH"},{"data":"Glass Knife","floor":49,"key":"SMITH"}],"circlet_count":0,"master_deck":["AscendersBane","Strike_G","Strike_G","Strike_G","Defend_G+1","Defend_G+1","Defend_G+1","Defend_G+1","Defend_G+1","Survivor","Neutralize+1","Blade Dance","Noxious Fumes+1","Dagger Spray+1","Slice","Accuracy+1","Footwork+1","Burst+1","Cloak And Dagger+1","Infinite Blades","Blade Dance","Adrenaline","Glass Knife+1","CurseOfTheBell","Infinite Blades","Accuracy+1","Flash of Steel","Blade Dance+1","Accuracy+1","Infinite Blades"],"relics":["Ring of the Snake","Incense Burner","FossilizedHelix","Philosopher\u0027s Stone","MutagenicStrength","MealTicket","Mercury Hourglass","Boot","Calling Bell","Juzu Bracelet","Meat on the Bone","WingedGreaves","TwistedFunnel","Red Mask","Vajra"],"acts_visited":["Exordium","TheCity","TheBeyond"],"potions_floor_usage":[14,16,30,30,41,41,50],"damage_taken":[{"damage":0,"enemies":"Small Slimes","floor":1,"turns":4},{"damage":0,"enemies":"2 Louse","floor":2,"turns":3},{"damage":1,"enemies":"Jaw Worm","floor":3,"turns":4},{"damage":0,"enemies":"Exordium Thugs","floor":7,"turns":4},{"damage":2,"enemies":"Gremlin Gang","floor":12,"turns":4},{"damage":0,"enemies":"3 Sentries","floor":14,"turns":7},{"damage":22,"enemies":"The Guardian","floor":16,"turns":12},{"damage":1,"enemies":"Shell Parasite","floor":18,"turns":5},{"damage":0,"enemies":"Chosen","floor":28,"turns":4},{"damage":7,"enemies":"Gremlin Leader","floor":30,"turns":4},{"damage":49,"enemies":"Champ","floor":33,"turns":11},{"damage":0,"enemies":"3 Darklings","floor":35,"turns":5},{"damage":6,"enemies":"3 Shapes","floor":36,"turns":3},{"damage":0,"enemies":"Jaw Worm Horde","floor":41,"turns":3},{"damage":0,"enemies":"Sphere and 2 Shapes","floor":44,"turns":4},{"damage":7,"enemies":"Spire Growth","floor":48,"turns":4},{"damage":76,"enemies":"Time Eater","floor":50,"turns":4}],"seed_played":"-4047146751974292153","potions_obtained":[{"floor":3,"key":"Swift Potion"},{"floor":7,"key":"SteroidPotion"},{"floor":12,"key":"PowerPotion"},{"floor":16,"key":"DuplicationPotion"},{"floor":28,"key":"ColorlessPotion"},{"floor":35,"key":"AttackPotion"},{"floor":36,"key":"Weak Potion"},{"floor":48,"key":"CultistPotion"}],"is_trial":false,"path_per_floor":["M","M","M","?","?","R","M","R","T","R","$","M","R","E","R","B",null,"M","?","$","?","?","R","T","R","T","R","M","R","E","$","R","B",null,"M","M","$","?","?","R","M","?","T","M","?","R","R","M","R","B"],"character_chosen":"THE_SILENT","items_purchased":["Accuracy","Infinite Blades","Accuracy","TwistedFunnel"],"campfire_rested":0,"item_purchase_floors":[11,20,37,37],"current_hp_per_floor":[70,70,69,69,69,69,69,69,69,69,69,67,67,67,67,45,69,68,68,68,68,68,68,68,68,68,68,68,68,61,76,76,27,65,65,59,74,74,74,74,74,74,74,74,74,74,74,67,67,0,0],"gold":106,"neow_bonus":"TEN_PERCENT_HP_BONUS","is_daily":false,"chose_seed":false,"campfire_upgraded":14,"win_rate":0.0,"timestamp":1612224619,"path_taken":["M","M","M","?","?","R","M","R","T","R","$","M","R","E","R","BOSS","M","?","$","?","?","R","?","R","T","R","?","R","E","?","R","BOSS","M","M","$","?","?","R","M","?","T","M","?","R","R","M","R","BOSS"],"items_purchased_type":["Card","Card","Card","Relic"],"build_version":"2020-12-22","purchased_purges":1,"victory":false,"max_hp_per_floor":[77,77,77,77,77,77,77,77,77,77,77,77,77,77,77,77,77,77,77,77,77,77,77,77,77,77,77,77,77,77,77,77,77,77,77,77,77,77,77,77,77,77,77,77,77,77,77,77,77,77,77],"card_choices":[{"not_picked":["Acrobatics","Dagger Throw"],"picked":"Blade Dance","floor":1},{"not_picked":["Well Laid Plans","Flying Knee"],"picked":"Noxious Fumes","floor":2},{"not_picked":["All Out Attack","Backflip"],"picked":"Dagger Spray","floor":3},{"not_picked":["Dodge and Roll","Dagger Spray"],"picked":"Slice","floor":7},{"not_picked":["Underhanded Strike","Bane"],"picked":"Footwork","floor":12},{"not_picked":["Quick Slash","Tools of the Trade"],"picked":"Calculated Gamble","floor":14},{"not_picked":["Tools of the Trade","Malaise"],"picked":"Burst","floor":16},{"not_picked":["Finisher","Outmaneuver+1"],"picked":"Cloak And Dagger","floor":18},{"not_picked":["PiercingWail","Heel Hook+1","Acrobatics"],"picked":"SKIP","floor":28},{"not_picked":["Deflect","Bane"],"picked":"Adrenaline","floor":30},{"not_picked":["Night Terror","Malaise"],"picked":"Glass Knife","floor":33},{"not_picked":["Flying Knee+1","Cloak And Dagger"],"picked":"Infinite Blades","floor":35},{"not_picked":["Acrobatics","Heel Hook","Quick Slash"],"picked":"SKIP","floor":36},{"not_picked":["Deflect+1","Bane"],"picked":"Blade Dance","floor":41},{"not_picked":["Skewer","Quick Slash","Flying Knee"],"picked":"SKIP","floor":44},{"not_picked":["Expertise","Distraction"],"picked":"Infinite Blades","floor":48}],"player_experience":1098683,"relics_obtained":[{"floor":9,"key":"Incense Burner"},{"floor":14,"key":"FossilizedHelix"},{"floor":24,"key":"MealTicket"},{"floor":26,"key":"Mercury Hourglass"},{"floor":30,"key":"Boot"},{"floor":34,"key":"Juzu Bracelet"},{"floor":34,"key":"Meat on the Bone"},{"floor":34,"key":"WingedGreaves"},{"floor":43,"key":"Vajra"}],"event_choices":[{"damage_healed":0,"gold_gain":0,"player_choice":"Grow","damage_taken":0,"max_hp_gain":0,"max_hp_loss":0,"event_name":"Living Wall","floor":4,"gold_loss":0,"cards_upgraded":["Neutralize"]},{"cards_removed":["Strike_G"],"damage_healed":0,"gold_gain":0,"player_choice":"Card Removal","damage_taken":0,"max_hp_gain":0,"max_hp_loss":0,"event_name":"The Cleric","floor":5,"gold_loss":50},{"damage_healed":0,"gold_gain":0,"player_choice":"Inject Mutagens","damage_taken":0,"relics_obtained":["MutagenicStrength"],"max_hp_gain":0,"max_hp_loss":0,"event_name":"Drug Dealer","floor":19,"gold_loss":0},{"damage_healed":0,"gold_gain":0,"player_choice":"Read","damage_taken":0,"max_hp_gain":0,"max_hp_loss":0,"event_name":"The Library","floor":21,"gold_loss":0,"cards_obtained":["Blade Dance"]},{"damage_healed":0,"gold_gain":99,"player_choice":"Stole From Cult","damage_taken":0,"max_hp_gain":0,"max_hp_loss":0,"event_name":"Nest","floor":22,"gold_loss":0},{"damage_healed":0,"gold_gain":0,"player_choice":"1 cards matched","damage_taken":0,"max_hp_gain":0,"max_hp_loss":0,"event_name":"Match and Keep!","floor":38,"gold_loss":0,"cards_obtained":["Flash of Steel"]},{"damage_healed":0,"gold_gain":0,"player_choice":"Paid","damage_taken":0,"relics_obtained":["Red Mask"],"max_hp_gain":0,"max_hp_loss":0,"event_name":"Tomb of Lord Red Mask","floor":39,"gold_loss":45},{"damage_healed":0,"gold_gain":0,"player_choice":"Copied","damage_taken":0,"max_hp_gain":0,"max_hp_loss":0,"event_name":"Duplicator","floor":42,"gold_loss":0,"cards_obtained":["Accuracy"]},{"cards_removed":["Calculated Gamble"],"damage_healed":0,"gold_gain":0,"player_choice":"Removed Skill","damage_taken":0,"max_hp_gain":0,"max_hp_loss":0,"event_name":"Falling","floor":45,"gold_loss":0}],"is_beta":false,"boss_relics":[{"not_picked":["Busted Crown","Pandora\u0027s Box"],"picked":"Philosopher\u0027s Stone"},{"not_picked":["SacredBark","Coffee Dripper"],"picked":"Calling Bell"}],"items_purged_floors":[20],"is_endless":false,"potions_floor_spawned":[3,7,12,16,28,35,36,48],"killed_by":"Time Eater","ascension_level":13}}