{"host":"hzswyuuwdl03wwzr","time":1612285113,"event":{"mods":["100% Spire Juice","ATMod(∞¢Ë™Mod)","AchievementEnabler","Act Like it!","BaseMod","Gensokyo","Hallownest","Marisa£®ÏF”Í°°ƒß¿Ì…≥£©","Minty Spire (QoL Compilation)","Prisma Mod","Reliquary","Remilia_Scarlet Moed£®¿Ÿ√◊¿Ú—«°§Àπø®¿◊Ãÿ£©3.3.5","Replay The Spire","StSLib","The Animator","The Bug Knight","The Cursed","The Servant 0.9.4","Warlord Emblem","Yakumo Yukari mod","Youmu£®ªÍ∆«—˝√Œ£©","°æπ¶ƒ‹Mod°øªÏ„Á÷Æª∑–ﬁ∏¥≤π∂°","°æ“≈ŒÔø®≈∆°øREMEMod"],"gold_per_floor":[111,131,148,165,179,179,208,208,231,292,222,222,222,222,222,222,222],"floor_reached":16,"language":"ZHS","playtime":1205,"items_purged":[],"score":107,"play_id":"2921a7e8-3f08-4b17-a200-e99ad8e84587","local_time":"20210203005833","is_ascension_mode":true,"campfire_choices":[{"data":"PrismaMod:IllyaCheapChannelPoison","floor":6,"key":"SMITH"},{"data":"PrismaMod:IllyaUncommonDefend","floor":8,"key":"SMITH"},{"data":"PrismaMod:IllyaCheapChannelPoison","floor":13,"key":"SMITH"},{"data":"PrismaMod:IllyaRussianRoulette","floor":15,"key":"SMITH"}],"circlet_count":0,"master_deck":["PrismaMod:IllyaCommonAttack","PrismaMod:IllyaCommonDefend","PrismaMod:IllyaCommonAttack","PrismaMod:IllyaCommonDefend","PrismaMod:IllyaCommonAttack+1","PrismaMod:IllyaCommonDefend","PrismaMod:IllyaCommonAttack","PrismaMod:IllyaCommonDefend+1","PrismaMod:IllyaCommonAttack","PrismaMod:IllyaCommonDefend","PrismaMod:IllyaUncommonAttack","PrismaMod:IllyaUncommonDefend+1","PrismaMod:IllyaFeed","PrismaMod:IllyaGrail+1","PrismaMod:IllyaCheapChannelPoison+1","PrismaMod:IllyaCheapChannelPoison+1","PrismaMod:IllyaRussianRoulette+1"],"relics":["PrismaMod:PrismaRuby","AT_ATBox","REME_ComplimentaryCards","NeowsBlessing","AT_RedTearstoneRing","AT_MibuBalloonWealth","Gensokyo:CelestialsFlawlessClothing"],"acts_visited":["Gensokyo:Gensokyo"],"potions_floor_usage":[5],"damage_taken":[{"damage":0,"enemies":"Gensokyo:Gryphon","floor":1,"turns":1},{"damage":0,"enemies":"Gensokyo:3_Fairies","floor":2,"turns":1},{"damage":0,"enemies":"Gensokyo:2_Kodama","floor":3,"turns":1},{"damage":2,"enemies":"Gensokyo:VengefulSpirit","floor":4,"turns":5},{"damage":17,"enemies":"Gensokyo:Gryphon_and_Rabbit","floor":5,"turns":7},{"damage":5,"enemies":"Gensokyo:Aya","floor":7,"turns":5},{"damage":8,"enemies":"Gensokyo:Python_and_Kodama","floor":10,"turns":4},{"damage":6,"enemies":"Gensokyo:Reimu","floor":16,"turns":4}],"seed_played":"797604599078835690","potions_obtained":[{"floor":2,"key":"Toxic Potion"},{"floor":3,"key":"Regen Potion"},{"floor":5,"key":"REME_GoldPotion"}],"is_trial":false,"path_per_floor":["M","M","M","M","M","R","E","R","T","M","?","?","R","?","R","B"],"character_chosen":"ILLYA","items_purchased":[],"campfire_rested":0,"item_purchase_floors":[],"current_hp_per_floor":[75,75,75,73,57,57,67,67,67,59,59,41,41,41,41,35,35],"gold":222,"neow_bonus":"THREE_ENEMY_KILL","is_daily":false,"chose_seed":false,"campfire_upgraded":4,"win_rate":0.0,"timestamp":1612285113,"path_taken":["M","?","?","M","M","R","E","R","T","M","?","?","R","?","R","BOSS"],"items_purchased_type":[],"build_version":"2020-12-22","purchased_purges":0,"victory":false,"max_hp_per_floor":[75,75,75,75,75,75,75,75,75,75,75,75,75,75,75,75,75],"card_choices":[{"not_picked":["PrismaMod:IllyaRubysPotion","PrismaMod:IllyaAssassinRevenge"],"picked":"PrismaMod:IllyaFeed","floor":1},{"not_picked":["PrismaMod:IllyaEvokeAll","PrismaMod:IllyaMinorZwei"],"picked":"PrismaMod:IllyaGrail","floor":2},{"not_picked":["PrismaMod:IllyaMinorRapidFire","PrismaMod:IllyaCheapChannelAttack"],"picked":"PrismaMod:IllyaCheapChannelPoison","floor":3},{"not_picked":["PrismaMod:IllyaUpgradeOrbs","PrismaMod:IllyaPoisonBlock","PrismaMod:IllyaStunPoison"],"picked":"SKIP","floor":4},{"not_picked":["PrismaMod:IllyaMinorRapidFire","PrismaMod:IllyaBlindPoisonToss"],"picked":"PrismaMod:IllyaCheapChannelPoison","floor":5},{"not_picked":["PrismaMod:IllyaAlice","PrismaMod:IllyaInstallArcher","PrismaMod:IllyaPoisonTippedWeapons"],"picked":"SKIP","floor":7},{"not_picked":["PrismaMod:IllyaBoysLove","PrismaMod:IllyaZwei"],"picked":"PrismaMod:IllyaRussianRoulette","floor":10}],"player_experience":47765,"relics_obtained":[{"floor":7,"key":"AT_RedTearstoneRing"},{"floor":9,"key":"AT_MibuBalloonWealth"}],"event_choices":[],"is_beta":false,"boss_relics":[],"items_purged_floors":[],"is_endless":false,"potions_floor_spawned":[2,3,5],"killed_by":"Gensokyo:Reimu","ascension_level":1}}