{"host":"xvgt0ylb0bh4kid5","time":1612258479,"event":{"mods":["AchievementEnabler","BaseMod","BetterRewards","Colored Map","Downfall","Duelist Mod","Highlight Path","Hubris","Hyrulean Relics","Infinite Spire","Marisa????????","Minty Spire (QoL Compilation)","Rare Cards Sparkle","Reorder Act Four","Replay The Spire","Shop Mod","StSLib","The Animator","The Bladedancer","The Cursed","The Forsaken","The Hierophant","The Jungle","The Necromancer","The Servant 0.9.4","Transform Curses"],"gold_per_floor":[116,126,126,126,126,126,142,142,168,118,118,137,137,157,157,262,262,277,277,277,296,307,335,355,355,433,452,483,496,190,190,190,294,294,304,318,318,318,332,332,349,349,349,349,349],"floor_reached":44,"language":"ENG","playtime":2809,"items_purged":[],"score":465,"play_id":"303fe1a8-8fbe-439f-ab7a-87a1a943def3","local_time":"20210202013439","is_ascension_mode":false,"campfire_choices":[{"floor":6,"key":"RECALL"},{"data":"Negative_Energy_Arrows","floor":8,"key":"SMITH"},{"data":"Blood_Curse","floor":11,"key":"SMITH"},{"data":"Summon_Vampire_Lady","floor":15,"key":"SMITH"},{"floor":25,"key":"REST"},{"floor":32,"key":"REST"},{"data":"Summon_Death_Knight","floor":40,"key":"SMITH"},{"floor":42,"key":"REST"}],"circlet_count":0,"master_deck":["Strike_W","Strike_W","Strike_W","Strike_W","Defend_W+1","Defend_W","Defend_W+1","Negative_Energy_Arrows+1","Bone_Wall","Death_March_Dance","Blood_Curse+1","Bones_to_Steel","Bone_Armor","Siphon_Strength+1","Summon_Vampire_Lady+1","Requiem","Toxic_Smoke_Screen","Negative_Energy_Shield","Shackles_Of_Pain","Bone_Shift","Finger_Of_Death","Negative_Energy_Javelin","Stop_Heart","Apotheosis","Summon_Undead_Army","Jack Of All Trades","Summon_Vampire_Lady","Negative_Energy_Javelin+1","Thousand_Bone_Knives+1","Normality","ReplayTheSpireMod:Echoes of Time","Summon_Death_Knight+1","Pandemic"],"relics":["Vampire_Amulet","ReplayTheSpireMod:Ring of Collecting","ReplayTheSpireMod:Ring of Exchange","Omamori","WarpedTongs","Ring of Searing","hubris:ScarierMask","Girya","Snack Pack","Ring of Hypnosis","War Paint","Centennial Puzzle","ReplayTheSpireMod:Ring of Addiction","Chameleon Ring","SacredBark","Toolbox","Ring of Misfortune","hubris:MysteriousPyramids"],"acts_visited":["Exordium","Exordium","TheBeyond"],"potions_floor_usage":[23,33,33,41,44],"damage_taken":[{"damage":0,"enemies":"Cultist","floor":1,"turns":5},{"damage":0,"enemies":"Jaw Worm","floor":2,"turns":4},{"damage":0,"enemies":"Small Slimes","floor":7,"turns":4},{"damage":14,"enemies":"Looter","floor":12,"turns":3},{"damage":11,"enemies":"Exordium Thugs","floor":14,"turns":4},{"damage":29,"enemies":"The Guardian","floor":16,"turns":9},{"damage":56,"enemies":"theJungle:5_Spyders","floor":18,"turns":11},{"damage":15,"enemies":"theJungle:Flameango_and_Byrd","floor":21,"turns":5},{"damage":16,"enemies":"theJungle:2_Snecko_Cultists","floor":22,"turns":3},{"damage":18,"enemies":"theJungle:MamaSnecko","floor":23,"turns":6},{"damage":15,"enemies":"theJungle:Snecko_Cultist_And_Trap","floor":24,"turns":4},{"damage":33,"enemies":"theJungle:Lyon","floor":27,"turns":6},{"damage":40,"enemies":"theJungle:Cassacara","floor":28,"turns":8},{"damage":8,"enemies":"theJungle:SlimyTreeVines","floor":29,"turns":5},{"damage":48,"enemies":"theJungle:QueenSpyder","floor":33,"turns":9},{"damage":48,"enemies":"Orb Walker","floor":35,"turns":5},{"damage":9,"enemies":"3 Shapes","floor":36,"turns":3},{"damage":0,"enemies":"Transient","floor":39,"turns":5},{"damage":45,"enemies":"4 Shapes","floor":41,"turns":6},{"damage":37,"enemies":"Nightmare","floor":44,"turns":4}],"seed_played":"-4066156235051652001","potions_obtained":[{"floor":1,"key":"Swift Potion"},{"floor":2,"key":"sneckomod:MuddlingPotion"},{"floor":12,"key":"DuplicationPotion"},{"floor":28,"key":"Fire Potion"},{"floor":31,"key":"Block Potion"},{"floor":36,"key":"hexamod:SoulburnPotion"}],"is_trial":false,"path_per_floor":["M","M","?","?","?","R","M","R","T","?","R","M","?","M","R","B",null,"M","?","?","M","M","E","M","R","T","M","E","M","$","T","R","B",null,"M","M","?","?","M","R","M","R","T","NM"],"character_chosen":"NECROMANCER","items_purchased":["Apotheosis","Summon_Undead_Army","Jack Of All Trades"],"campfire_rested":3,"item_purchase_floors":[30,30,30],"current_hp_per_floor":[75,75,75,75,75,75,75,75,75,75,75,63,63,56,56,50,75,54,64,64,54,43,58,54,75,75,56,48,51,51,51,73,69,75,32,30,30,30,40,40,5,26,26,0,0],"gold":349,"neow_bonus":"RANDOM_EVENT","is_daily":false,"chose_seed":false,"campfire_upgraded":4,"win_rate":0.0,"timestamp":1612258479,"path_taken":["M","?","?","?","?","R","?","R","T","?","R","M","?","M","R","BOSS","M","?","?","M","M","E","M","R","T","M","E","?","$","?","R","BOSS","M","M","?","?","M","R","M","R","T","NM"],"items_purchased_type":["Card","Card","Card"],"build_version":"2020-12-22","purchased_purges":0,"victory":false,"max_hp_per_floor":[75,75,75,75,75,75,75,75,75,75,75,75,75,75,75,75,75,75,75,75,75,75,75,75,75,75,75,75,75,75,75,75,75,75,75,75,73,73,73,71,71,71,71,71,71],"card_choices":[{"not_picked":["Consume_Illness","Negative_Energy_Sphere"],"picked":"Death_March_Dance","floor":1},{"not_picked":["Negative_Energy_Shield","Death_Knell"],"picked":"Blood_Curse","floor":2},{"not_picked":["Whirlwind_of_Bones","Plague_Bolt"],"picked":"Bones_to_Steel","floor":7},{"not_picked":["Violent_Necrosis","Death_Coil"],"picked":"Bone_Armor","floor":12},{"not_picked":["Bone_Bullets","Spectral_Walk"],"picked":"Summon_Vampire_Lady","floor":14},{"not_picked":["Reap_The_Weak","Negative_Energy_Bomb"],"picked":"Requiem","floor":16},{"not_picked":["Negative_Energy_Shield","Bones_to_Steel"],"picked":"Toxic_Smoke_Screen","floor":18},{"not_picked":["Bone_Bullets","Bone_Shift"],"picked":"Negative_Energy_Shield","floor":21},{"not_picked":["Bone_Shift","Life_Drain"],"picked":"Finger_Of_Death+1","floor":22},{"not_picked":["Requiem","Bone_Shift"],"picked":"Shackles_Of_Pain","floor":23},{"not_picked":["Acid_Javelin","Negative_Energy_Sphere"],"picked":"Bone_Shift","floor":24},{"not_picked":["Vampiric_Strike","Blood_Wake"],"picked":"Finger_Of_Death","floor":27},{"not_picked":["Blood_Whip","Finger_Of_Death"],"picked":"Negative_Energy_Javelin","floor":28},{"not_picked":["Negative_Energy_Mist","Bone_Shift"],"picked":"Stop_Heart","floor":29},{"not_picked":["Hellfire","Grasp_Heart"],"picked":"Summon_Vampire_Lady","floor":33},{"not_picked":["Death_March_Dance","Bone_Shift"],"picked":"Negative_Energy_Javelin+1","floor":35},{"not_picked":["Acid_Javelin","Scare"],"picked":"Thousand_Bone_Knives+1","floor":36},{"not_picked":["ReplayTheSpireMod:??????????????????????","infinitespire:Fortify"],"picked":"ReplayTheSpireMod:Echoes of Time","floor":38},{"not_picked":["Toxic_Smoke_Screen+1","Vampiric_Strike+1"],"picked":"Summon_Death_Knight","floor":39},{"not_picked":["Scare+1","Negative_Energy_Javelin"],"picked":"Pandemic","floor":41}],"player_experience":112077,"relics_obtained":[{"floor":3,"key":"ReplayTheSpireMod:Ring of Collecting"},{"floor":3,"key":"ReplayTheSpireMod:Ring of Exchange"},{"floor":4,"key":"Omamori"},{"floor":9,"key":"Ring of Searing"},{"floor":23,"key":"Girya"},{"floor":26,"key":"Snack Pack"},{"floor":26,"key":"Ring of Hypnosis"},{"floor":28,"key":"War Paint"},{"floor":31,"key":"Centennial Puzzle"},{"floor":31,"key":"ReplayTheSpireMod:Ring of Addiction"},{"floor":31,"key":"Chameleon Ring"},{"floor":31,"key":"SacredBark"},{"floor":43,"key":"Ring of Misfortune"},{"floor":43,"key":"hubris:MysteriousPyramids"}],"event_choices":[{"damage_healed":0,"gold_gain":0,"player_choice":"Rummage","damage_taken":0,"relics_obtained":["WarpedTongs"],"max_hp_gain":0,"max_hp_loss":0,"event_name":"Accursed Blacksmith","floor":5,"gold_loss":0,"cards_obtained":["Pain"]},{"cards_removed":["Doubt"],"damage_healed":0,"gold_gain":0,"player_choice":"Card Removal","damage_taken":0,"max_hp_gain":0,"max_hp_loss":0,"event_name":"The Cleric","floor":10,"gold_loss":50},{"cards_removed":["Defend_W"],"damage_healed":0,"gold_gain":0,"player_choice":"Card Removal","damage_taken":0,"max_hp_gain":0,"max_hp_loss":0,"event_name":"Wheel of Change","floor":20,"gold_loss":0},{"cards_removed":["Finger_Of_Death"],"damage_healed":0,"gold_gain":0,"player_choice":"Removed Attack","damage_taken":0,"max_hp_gain":0,"max_hp_loss":0,"event_name":"Falling","floor":37,"gold_loss":0}],"is_beta":false,"boss_relics":[{"not_picked":["Medical Kit","hubris:HerbalPaste"],"picked":"hubris:ScarierMask"},{"not_picked":["hubris:GrandSneckoEye","Sozu"],"picked":"Toolbox"}],"items_purged_floors":[],"is_endless":false,"potions_floor_spawned":[1,2,12,22,28,29,36],"killed_by":"Nightmare","ascension_level":0}}