{"host":"fbnmuibw0uyiaf00","time":1612248903,"event":{"mods":["BaseMod","Colored Powertips","Lobotomy","LobotomyExtend","Marisa£®ÏF”Í°°ƒß¿Ì…≥£©","Minty Spire (QoL Compilation)","Remilia£®¿Ÿ√◊¿Ú—«£©","UnlockEverythingMod","Youmu£®ªÍ∆«—˝√Œ£©","[IsaacMod]“‘»ˆº‚À˛"],"gold_per_floor":[111,111,123,139,151,183,193,206,206,206,206,222,255,180,180,283,283,293,293,318,318,328,328,94,119,119,154,254,111,111,126,126,230,230,243,255,255,102,114,114,132,132,207,220,232,250,281,281,281,281,281],"floor_reached":52,"language":"ZHS","playtime":2026,"items_purged":["Parasite"],"score":948,"play_id":"2baf020b-1f3c-496e-99dc-9ff3705fa7e1","local_time":"20210202145503","is_ascension_mode":true,"campfire_choices":[{"floor":11,"key":"REST"},{"data":"BloodAndWine","floor":15,"key":"SMITH"},{"data":"QueenOfMidnight","floor":23,"key":"SMITH"},{"data":"ScarletCoffin","floor":30,"key":"SMITH"},{"data":"CeilingFear","floor":32,"key":"SMITH"},{"data":"ScarletMeister","floor":40,"key":"SMITH"},{"floor":42,"key":"REST"},{"floor":49,"key":"RECALL"}],"circlet_count":0,"master_deck":["Strike_RM","Strike_RM","Strike_RM","Defend_RM","Defend_RM","Defend_RM","Defend_RM","RedMoon","ScarletShoot","BloodyBrimstone+1","MillenniumVampire","VampireKiss","ChaoticDestiny","Ultimatum","NightLord","VampireClaw+1","DevilSight","EmergencyRegeneration","TricksterDevil","UnstableMagic+1","QueenOfMidnight+1","CurseOfTheBell","ChainGang","BloodHunter","EndlessAdversity+1","ScarletCoffin+1","CeilingFear+1","ScarletDevilSign","HunterOfTheNight","ChainGang","Septette+1","Stigmanizer","ScarletMeister+1","BloodyTrap","CharismaGuard","ScarletSymphony+1","ScarletGensokyo+1","Maim+1","BombardNight+1","VampirishNight","BloodyMagicSquare"],"relics":["ScarletHat","HushsDoor","GuppysHead","Strawberry","LetterFromLob","PillsDrop","Happy Flower","DeadEye","Void","Red Mask","RedBat","Matryoshka","Gremlin Horn","TheBattery","GuppysTail","MagicMushroom","Pocketwatch","Toy Ornithopter","BelialBook","Question Card","InkBottle","SharpPlug","Boot","DoctorsRemote"],"acts_visited":["Exordium","TheCity","TheBeyond"],"potions_floor_usage":[27,33,50,50],"damage_taken":[{"damage":1,"enemies":"Small Slimes","floor":1,"turns":6},{"damage":0,"enemies":"Cultist","floor":3,"turns":5},{"damage":0,"enemies":"Jaw Worm","floor":4,"turns":3},{"damage":6,"enemies":"Blue Slaver","floor":5,"turns":9},{"damage":46,"enemies":"Gremlin Nob","floor":6,"turns":6},{"damage":6,"enemies":"Red Slaver","floor":7,"turns":3},{"damage":10,"enemies":"3 Louse","floor":8,"turns":2},{"damage":18,"enemies":"2 Fungi Beasts","floor":12,"turns":6},{"damage":2,"enemies":"3 Sentries","floor":13,"turns":3},{"damage":111,"enemies":"Slime Boss","floor":16,"turns":10},{"damage":0,"enemies":"Chosen","floor":18,"turns":6},{"damage":48,"enemies":"Masked Bandits","floor":20,"turns":4},{"damage":62,"enemies":"Spheric Guardian","floor":22,"turns":4},{"damage":0,"enemies":"Gremlin Leader","floor":25,"turns":5},{"damage":45,"enemies":"Book of Stabbing","floor":27,"turns":5},{"damage":10,"enemies":"Shelled Parasite and Fungi","floor":31,"turns":3},{"damage":30,"enemies":"Automaton","floor":33,"turns":6},{"damage":10,"enemies":"Orb Walker","floor":35,"turns":3},{"damage":14,"enemies":"3 Shapes","floor":36,"turns":3},{"damage":37,"enemies":"3 Darklings","floor":39,"turns":4},{"damage":14,"enemies":"Jaw Worm Horde","floor":41,"turns":3},{"damage":14,"enemies":"Sphere and 2 Shapes","floor":44,"turns":3},{"damage":27,"enemies":"Spire Growth","floor":45,"turns":5},{"damage":15,"enemies":"Writhing Mass","floor":46,"turns":4},{"damage":9,"enemies":"Nemesis","floor":47,"turns":6},{"damage":82,"enemies":"Donu and Deca","floor":50,"turns":6}],"seed_played":"4348102558152957030","potions_obtained":[{"floor":4,"key":"FairyPotion"},{"floor":7,"key":"ColorlessPotion"},{"floor":8,"key":"LiquidMemories"},{"floor":27,"key":"Fruit Juice"},{"floor":35,"key":"Swift Potion"},{"floor":39,"key":"Dexterity Potion"}],"is_trial":false,"path_per_floor":["M","?","M","M","M","E","M","M","T","?","R","M","E","$","R","B",null,"M","?","?","?","M","R","$","E","T","E","?","$","R","M","R","B",null,"M","M","?","$","M","R","M","R","T","M","M","M","E","?","R","B",null,null],"character_chosen":"REMILIA","items_purchased":["ScarletCoffin","CeilingFear","TheBattery","BelialBook"],"campfire_rested":2,"item_purchase_floors":[24,24,29,38],"current_hp_per_floor":[75,75,75,75,71,36,34,26,26,45,68,52,57,57,57,12,76,73,58,12,12,67,67,67,67,67,63,63,63,63,56,56,37,71,64,56,68,68,41,41,36,54,54,63,50,66,66,66,66,63,63],"gold":281,"neow_bonus":"TRANSFORM_CARD","is_daily":false,"chose_seed":false,"campfire_upgraded":5,"win_rate":0.0,"timestamp":1612248903,"path_taken":["M","?","M","M","M","E","M","?","T","?","R","M","E","$","R","BOSS","M","?","?","?","M","R","$","E","T","E","?","$","R","M","R","BOSS","M","M","?","$","M","R","?","R","T","M","?","M","E","?","R","BOSS"],"items_purchased_type":["Card","Card","Relic","Relic"],"build_version":"2020-12-22","purchased_purges":1,"victory":true,"max_hp_per_floor":[75,75,75,75,75,79,79,79,79,79,79,79,82,79,79,76,76,73,73,70,70,67,67,67,67,67,72,72,72,72,64,64,64,71,71,71,71,71,63,63,63,63,63,63,66,66,66,66,66,63,63],"card_choices":[{"not_picked":[],"picked":"BloodyBrimstone","floor":0},{"not_picked":["ScarletNetherworld","BlasphemousPunishment"],"picked":"VampireKiss","floor":1},{"not_picked":["StarOfDavid","CharismaGuard"],"picked":"BloodAndWine","floor":3},{"not_picked":["CharismaGuard","VampireKiss"],"picked":"ChaoticDestiny","floor":4},{"not_picked":["Maim","VampireFantasy"],"picked":"Ultimatum","floor":5},{"not_picked":["BlasphemousPunishment","EndlessAdversity"],"picked":"NightLord","floor":6},{"not_picked":["UnderTheZenith","BloodAndWine"],"picked":"VampireClaw","floor":7},{"not_picked":["EndlessAdversity","Ultimatum"],"picked":"DevilSight","floor":7},{"not_picked":["Bomb","TransientEternity"],"picked":"EmergencyRegeneration","floor":8},{"not_picked":["NightDance","BlasphemousPunishment"],"picked":"TricksterDevil","floor":12},{"not_picked":["ScarletGensokyo","BlasphemousPunishment"],"picked":"UnstableMagic","floor":13},{"not_picked":["HellCatastrophe","BloodRain"],"picked":"QueenOfMidnight","floor":16},{"not_picked":["BlasphemousPunishment","RedRainbow+1"],"picked":"ChainGang","floor":18},{"not_picked":["UnstableMagic","MastersStateliness"],"picked":"BloodHunter","floor":20},{"not_picked":["ScarletDevil","RedRainbow"],"picked":"EndlessAdversity+1","floor":22},{"not_picked":["HellCatastrophe","FavorOfDestiny+1"],"picked":"ScarletDevilSign","floor":25},{"not_picked":["ScarletDevil+1","MastersStateliness"],"picked":"HunterOfTheNight","floor":25},{"not_picked":["CharismaGuard","BloodyMagicSquare"],"picked":"ChainGang","floor":27},{"not_picked":["UnstableMagic+1","EternalNight"],"picked":"Septette+1","floor":27},{"not_picked":["ForbiddenFruit","FitfulNightmare"],"picked":"Stigmanizer","floor":31},{"not_picked":["BloodyHallows","BloodyCatastrophe"],"picked":"ScarletMeister","floor":33},{"not_picked":["ScarletImprint+1","CharismaGuard+1"],"picked":"BloodyTrap","floor":35},{"not_picked":["ScarletImprint","VampireKiss+1"],"picked":"CharismaGuard","floor":36},{"not_picked":["DiffusionOfMisfortune","Stigmanizer"],"picked":"ScarletSymphony","floor":39},{"not_picked":["ChainGang","FavorOfDestiny"],"picked":"ScarletGensokyo+1","floor":41},{"not_picked":["EndlessAdversity","UnderTheZenith+1","BloodHunter"],"picked":"Maim+1","floor":44},{"not_picked":["BlasphemousPunishment","RedRainbow+1","DiffusionOfMisfortune"],"picked":"BombardNight+1","floor":44},{"not_picked":["EndlessAdversity","CurseOfVladTepes","UnderTheZenith","VampirishNight+1"],"picked":"SKIP","floor":45},{"not_picked":["DevilSight+1","CharismaGuard","TwelveNightmare"],"picked":"VampirishNight","floor":46},{"not_picked":["UnstableMagic+1","StarOfDavid","NightDance"],"picked":"BloodyMagicSquare","floor":47}],"player_experience":39489,"relics_obtained":[{"floor":6,"key":"Strawberry"},{"floor":6,"key":"LetterFromLob"},{"floor":9,"key":"PillsDrop"},{"floor":13,"key":"Bottled Lightning"},{"floor":17,"key":"Happy Flower"},{"floor":17,"key":"DeadEye"},{"floor":17,"key":"Void"},{"floor":20,"key":"Red Mask"},{"floor":25,"key":"RedBat"},{"floor":26,"key":"Matryoshka"},{"floor":27,"key":"Gremlin Horn"},{"floor":31,"key":"GuppysTail"},{"floor":35,"key":"Pocketwatch"},{"floor":36,"key":"Toy Ornithopter"},{"floor":43,"key":"Question Card"},{"floor":43,"key":"InkBottle"},{"floor":45,"key":"SharpPlug"},{"floor":46,"key":"Boot"},{"floor":47,"key":"DoctorsRemote"}],"event_choices":[{"damage_healed":0,"gold_gain":0,"player_choice":"Grow","damage_taken":0,"max_hp_gain":0,"max_hp_loss":0,"event_name":"Living Wall","floor":2,"gold_loss":0,"cards_upgraded":["BloodyBrimstone"]},{"damage_healed":19,"gold_gain":0,"player_choice":"Healed and dodged fight","damage_taken":0,"max_hp_gain":0,"max_hp_loss":0,"event_name":"Mushrooms","floor":10,"gold_loss":0,"cards_obtained":["Parasite"]},{"damage_healed":0,"gold_gain":0,"player_choice":"Fought Bandits","damage_taken":0,"max_hp_gain":0,"max_hp_loss":0,"event_name":"Masked Bandits","floor":20,"gold_loss":0},{"damage_healed":0,"gold_gain":100,"player_choice":"Pray","damage_taken":0,"max_hp_gain":0,"max_hp_loss":0,"event_name":"Golden Shrine","floor":28,"gold_loss":0}],"is_beta":false,"boss_relics":[{"not_picked":["Coffee Dripper","Empty Cage"],"picked":"Calling Bell"},{"not_picked":[]},{"not_picked":["SacredBark","ScarletEmblem"],"picked":"MagicMushroom"},{"not_picked":[]}],"items_purged_floors":[14],"is_endless":false,"potions_floor_spawned":[4,5,7,8,13,20,22,25,27,39,41,44,47],"ascension_level":3}}