{"host":"4mwxwqvoirj3cq7x","time":1612260981,"event":{"mods":["BaseMod","KinomotoSakuraMod(Ä¾Ö®±¾Ó£)","Minty Spire (QoL Compilation)","StSLib"],"gold_per_floor":[119,119,139,155,43,43,55,71,96,96,106,137,137],"floor_reached":12,"language":"ZHS","playtime":334,"items_purged":["ClowCardTheShield"],"score":148,"play_id":"04a3b3e2-ebab-4925-881d-b86e1a0e121c","local_time":"20210202181621","is_ascension_mode":true,"campfire_choices":[{"data":"ClowCardTheStorm","floor":6.0,"key":"SMITH"},{"data":"ClowCardTheLight","floor":10.0,"key":"SMITH"}],"circlet_count":0,"master_deck":["AscendersBane","ClowCardTheSword","ClowCardTheSword","ClowCardTheSword+1","ClowCardTheSword+1","ClowCardTheShield+1","ClowCardTheShield","ClowCardTheShield","SpellCardSeal","SpellCardRelease","ClowCardTheJump","ClowCardTheLight+1","ClowCardTheChange","ClowCardTheWood","ClowCardTheStorm+1","ClowCardTheMove+1","ClowCardTheFirey"],"relics":["KSMOD_SealedBook","KSMOD_SealedWand","NeowsBlessing","War Paint","Whetstone"],"acts_visited":["Exordium"],"potions_floor_usage":[11],"damage_taken":[{"damage":0.0,"enemies":"2 Louse","floor":1.0,"turns":1.0},{"damage":0.0,"enemies":"Cultist","floor":3.0,"turns":1.0},{"damage":0.0,"enemies":"Jaw Worm","floor":4.0,"turns":1.0},{"damage":6.0,"enemies":"Large Slime","floor":7.0,"turns":7.0},{"damage":8.0,"enemies":"Blue Slaver","floor":8.0,"turns":4.0},{"damage":15,"enemies":"Gremlin Gang","floor":11,"turns":3},{"damage":20,"enemies":"Gremlin Nob","floor":12,"turns":3}],"seed_played":"-5964681406949810706","potions_obtained":[{"floor":3.0,"key":"FearPotion"},{"floor":4.0,"key":"ColorlessPotion"},{"floor":12,"key":"SkillPotion"}],"is_trial":false,"path_per_floor":["M","?","M","M","$","R","M","M","T","R","M","E"],"character_chosen":"KINOMOTOSAKURA","items_purchased":["ClowCardTheStorm"],"campfire_rested":0,"item_purchase_floors":[5],"current_hp_per_floor":[59,59,59,59,59,59,53,45,45,45,30,10,10],"gold":137,"neow_bonus":"THREE_ENEMY_KILL","is_daily":false,"chose_seed":false,"campfire_upgraded":2,"win_rate":0.0,"timestamp":1612260981,"path_taken":["M","?","M","M","$","R","?","M","T","R","M","E"],"items_purchased_type":["Card"],"build_version":"2020-12-22","purchased_purges":1,"victory":false,"max_hp_per_floor":[65,65,65,65,65,65,65,65,65,65,65,65,65],"card_choices":[{"not_picked":["ClowCardTheLock","ClowCardTheSleep"],"picked":"ClowCardTheJump","floor":1.0},{"not_picked":["ClowCardTheLoop","ClowCardThePower"],"picked":"ClowCardTheChange","floor":3.0},{"not_picked":["ClowCardTheIllusion","ClowCardTheSilent"],"picked":"ClowCardTheWood","floor":4.0},{"not_picked":["ClowCardTheMaze","ClowCardTheSleep","ClowCardTheEarthy"],"picked":"SKIP","floor":7.0},{"not_picked":["ClowCardTheFloat","ClowCardTheRain"],"picked":"ClowCardTheMove","floor":8.0},{"not_picked":["ClowCardTheSilent","ClowCardTheCreate"],"picked":"ClowCardTheFirey","floor":11},{"not_picked":["ClowCardTheLoop","ClowCardTheTwin","ClowCardTheSilent"],"picked":"SKIP","floor":12}],"player_experience":628587,"relics_obtained":[{"floor":9.0,"key":"War Paint"},{"floor":12,"key":"Whetstone"}],"event_choices":[{"damage_healed":0.0,"max_hp_gain":0.0,"max_hp_loss":0.0,"gold_gain":0.0,"event_name":"Match and Keep!","player_choice":"1 cards matched","floor":2.0,"gold_loss":0.0,"damage_taken":0.0,"cards_obtained":["ClowCardTheLight"]}],"is_beta":false,"boss_relics":[],"items_purged_floors":[5],"is_endless":false,"potions_floor_spawned":[3,4,12],"killed_by":"Gremlin Nob","ascension_level":16}}