{"host":"121m0oxswv9tg9hk","time":1612288121,"event":{"mods":["AchievementEnabler","BaseMod","Better Third Choice","Downfall","Minty Spire (QoL Compilation)","StSLib"],"gold_per_floor":[99,110,71,71,91,125,149,149,183,183,197,212,3,3,19,114,164,164,177,37,37,52,65,92,92,112,129,146,46,64,80,96,197,197,97,111,111,8,18,77,77,91,107,107,107,138,38,56,72,72,72,99,47,47,47,47],"floor_reached":57,"language":"ENG","playtime":6331,"items_purged":["bronze:Strike","bronze:Strike"],"score":1370,"play_id":"e632dc86-ac98-493f-a667-0103ada96165","local_time":"20210202184841","is_ascension_mode":true,"campfire_choices":[{"data":"bronze:Replicate","floor":1,"key":"SMITH"},{"floor":10,"key":"REST"},{"floor":18,"key":"RECALL"},{"floor":25,"key":"REST"},{"floor":29,"key":"REST"},{"data":"bronze:Return","floor":35,"key":"SMITH"},{"floor":45,"key":"REST"},{"floor":47,"key":"REST"},{"floor":54,"key":"REST"}],"circlet_count":0,"master_deck":["bronze:Strike","bronze:Strike","bronze:Defend+1","bronze:Defend","bronze:Defend","bronze:Replicate+1","bronze:Goto","bronze:ClassDefault","bronze:FollowUp+1","bronze:Branch","bronze:Spike","bronze:DazingPulse","bronze:FollowUp","bronze:ForceShield+1","bronze:DelayedGuard","bronze:Format","bronze:Constructor","bronze:OilSpill","bronze:FollowUp","bronze:ClassDefault","bronze:HardenedForm","bronze:Return+1","bronze:Fortify","bronze:Deprecate","bronze:Shell","bronze:Repair","bronze:Terminator","bronze:ForLoop","bronze:Verify","bronze:InfiniteBeams","bronze:FollowUp","bronze:InfiniteBeams","bronze:Separator","bronze:ForLoop","bronze:Constructor+1","bronze:Shell","bronze:HardenedForm","bronze:TinkerersToolbox"],"relics":["Runic Dome","Blue Candle","Omamori","Bottled Tornado","Chemical X","Akabeko","Tiny House","War Paint","downfall:HeartBlessingRed","Calling Bell","Mummified Hand","Peace Pipe","Nunchaku","downfall:HeartBlessingBlue","Mercury Hourglass","Pen Nib","downfall:HeartBlessingGreen","Bag of Marbles"],"acts_visited":["Exordium","TheCity","TheBeyond","TheEnding"],"potions_floor_usage":[9,16,19,28,30,32,33,40,43,46,46,48,56,56,56],"damage_taken":[{"damage":1,"enemies":"Cultist","floor":2,"turns":3},{"damage":0,"enemies":"downfall:FleeingMerchant","floor":3,"turns":4},{"damage":12,"enemies":"downfall:FleeingMerchant","floor":4,"turns":6},{"damage":0,"enemies":"Small Slimes","floor":5,"turns":3},{"damage":5,"enemies":"Lagavulin","floor":6,"turns":6},{"damage":0,"enemies":"Gremlin Nob","floor":9,"turns":3},{"damage":8,"enemies":"2 Louse","floor":11,"turns":2},{"damage":0,"enemies":"2 Fungi Beasts","floor":12,"turns":3},{"damage":0,"enemies":"downfall:FleeingMerchant","floor":13,"turns":4},{"damage":4,"enemies":"Exordium Wildlife","floor":15,"turns":4},{"damage":16,"enemies":"DF_ARCHETYPE_STREAMLINE","floor":16,"turns":8},{"damage":11,"enemies":"Shell Parasite","floor":19,"turns":4},{"damage":4,"enemies":"downfall:FleeingMerchant","floor":20,"turns":4},{"damage":5,"enemies":"Centurion and Healer","floor":22,"turns":6},{"damage":13,"enemies":"Snake Plant","floor":23,"turns":4},{"damage":21,"enemies":"Snecko","floor":26,"turns":5},{"damage":1,"enemies":"Sentry and Sphere","floor":27,"turns":6},{"damage":37,"enemies":"Chosen and Byrds","floor":28,"turns":7},{"damage":11,"enemies":"Centurion and Healer","floor":30,"turns":6},{"damage":6,"enemies":"Sentry and Sphere","floor":31,"turns":5},{"damage":11,"enemies":"Chosen and Byrds","floor":32,"turns":6},{"damage":8,"enemies":"IC_MUSHROOM_ARCHETYPE","floor":33,"turns":12},{"damage":44,"enemies":"3 Shapes","floor":36,"turns":7},{"damage":0,"enemies":"downfall:FleeingMerchant","floor":38,"turns":4},{"damage":1,"enemies":"Orb Walker","floor":39,"turns":3},{"damage":0,"enemies":"downfall:FleeingMerchant","floor":40,"turns":4},{"damage":19,"enemies":"Transient","floor":42,"turns":5},{"damage":17,"enemies":"4 Shapes","floor":43,"turns":5},{"damage":39,"enemies":"Reptomancer","floor":46,"turns":9},{"damage":11,"enemies":"Sphere and 2 Shapes","floor":48,"turns":6},{"damage":20,"enemies":"Jaw Worm Horde","floor":49,"turns":5},{"damage":17,"enemies":"SI_POISON_ARCHETYPE","floor":50,"turns":16},{"damage":60,"enemies":"downfall:CharBossMerchant","floor":52,"turns":10},{"damage":10,"enemies":"downfall:NeowBoss","floor":55,"turns":17},{"damage":46,"enemies":"downfall:NeowBossFinal","floor":56,"turns":14}],"seed_played":"6102963658263363503","potions_obtained":[{"floor":5,"key":"Fruit Juice"},{"floor":6,"key":"FearPotion"},{"floor":9,"key":"AttackPotion"},{"floor":16,"key":"Weak Potion"},{"floor":17,"key":"BlessingOfTheForge"},{"floor":19,"key":"Ancient Potion"},{"floor":22,"key":"Regen Potion"},{"floor":28,"key":"bronze:FreeFunctionsPotion"},{"floor":31,"key":"BlessingOfTheForge"},{"floor":39,"key":"Energy Potion"},{"floor":42,"key":"DuplicationPotion"},{"floor":43,"key":"AttackPotion"},{"floor":46,"key":"Swift Potion"},{"floor":52,"key":"champ:CounterPotion"}],"is_trial":false,"path_per_floor":["R","M","$","?","M","E","T","?","E","R","M","M","$","?","M","B",null,"R","M","$","?","M","M","T","R","M","M","M","R","M","M","M","B",null,"R","M","?","$","M","$","T","M","M","?","R","E","R","M","M","B",null,"E","$","R","B","B",null],"character_chosen":"THE_AUTOMATON","items_purchased":["bronze:Branch","Chemical X","bronze:ClassDefault","bronze:Deprecate","Block Potion","bronze:FollowUp","LiquidBronze","bronze:Separator","bronze:ForLoop","PowerPotion"],"campfire_rested":6,"item_purchase_floors":[3,13,13,20,38,38,40,40,40,53],"current_hp_per_floor":[70,69,69,57,57,52,52,52,52,70,62,62,62,55,51,35,75,75,64,60,60,55,42,42,64,43,42,5,27,31,32,42,41,75,85,48,74,74,74,79,79,67,50,50,73,34,57,46,26,16,79,22,22,45,42,3],"gold":47,"neow_bonus":"BOSS_RELIC","is_daily":false,"chose_seed":false,"campfire_upgraded":2,"win_rate":0.0,"timestamp":1612288121,"path_taken":["R","M","$","?","M","E","T","?","E","R","M","M","$","?","M","BOSS","R","M","$","?","M","M","T","R","M","M","M","R","M","M","M","BOSS","R","M","?","$","M","$","T","M","M","?","R","E","R","?","M","BOSS","E","$","R","BOSS","BOSS"],"items_purchased_type":["Card","Relic","Card","Card","Potion","Card","Potion","Card","Card","Potion"],"build_version":"2020-12-22","purchased_purges":2,"victory":true,"max_hp_per_floor":[70,70,70,70,70,70,70,70,70,70,70,70,70,70,70,70,75,75,75,75,75,75,75,75,75,75,75,75,75,75,75,75,75,75,85,85,74,74,74,79,79,79,79,79,79,79,79,79,79,79,79,79,79,79,79,79],"card_choices":[{"not_picked":["bronze:Overheat","bronze:BugBarrage"],"picked":"bronze:ClassDefault","floor":2},{"not_picked":["bronze:DelayedGuard","bronze:Frontload"],"picked":"bronze:FollowUp","floor":3},{"not_picked":[],"picked":"bronze:Spike","floor":4},{"not_picked":[],"picked":"bronze:DazingPulse","floor":4},{"not_picked":["bronze:Invalidate","bronze:Shield"],"picked":"bronze:FollowUp","floor":4},{"not_picked":["bronze:WildBeam","bronze:Overheat"],"picked":"bronze:ForceShield","floor":5},{"not_picked":["bronze:Verify","bronze:ForceShield"],"picked":"bronze:DelayedGuard","floor":6},{"not_picked":["bronze:DelayedGuard","bronze:Refactor"],"picked":"bronze:Format","floor":9},{"not_picked":["bronze:DelayedGuard","bronze:WhirlingStrike"],"picked":"bronze:Constructor","floor":11},{"not_picked":["bronze:WildBeam","bronze:Return"],"picked":"bronze:OilSpill","floor":12},{"not_picked":["bronze:Invalidate","bronze:OilSpill"],"picked":"bronze:FollowUp","floor":13},{"not_picked":["bronze:Break","bronze:Branch","bronze:Iterate"],"picked":"SKIP","floor":15},{"not_picked":["bronze:Virus","bronze:InfiniteLoop"],"picked":"bronze:HardenedForm","floor":16},{"not_picked":["bronze:BuggyMess","bronze:Frontload"],"picked":"bronze:Return","floor":17},{"not_picked":["bronze:Branch","bronze:ForLoop+1"],"picked":"bronze:Fortify","floor":19},{"not_picked":["bronze:Branch","bronze:ItsAFeature+1","bronze:Boost"],"picked":"SKIP","floor":20},{"not_picked":["bronze:WhirlingStrike","bronze:Invalidate","bronze:Iterate"],"picked":"SKIP","floor":22},{"not_picked":["bronze:ChildClass","bronze:DelayedSlice","bronze:ForceShield"],"picked":"SKIP","floor":23},{"not_picked":["bronze:OilSpill+1","bronze:Shield","bronze:BugBarrage"],"picked":"SKIP","floor":26},{"not_picked":["bronze:BurnOut","bronze:Frontload","bronze:CutThrough"],"picked":"SKIP","floor":27},{"not_picked":["bronze:OilSpill","bronze:Frontload"],"picked":"bronze:Shell","floor":28},{"not_picked":["bronze:Deprecate","bronze:NullPointer"],"picked":"bronze:Repair","floor":30},{"not_picked":["bronze:OilSpill","bronze:DelayedGuard"],"picked":"bronze:Terminator","floor":31},{"not_picked":["bronze:Overload","bronze:Overheat+1"],"picked":"bronze:ForLoop","floor":32},{"not_picked":["bronze:TinkerersToolbox","bronze:ShipIt"],"picked":"bronze:Verify","floor":33},{"not_picked":["bronze:BuggyMess+1","bronze:OilSpill+1","bronze:FineTuning"],"picked":"SKIP","floor":36},{"not_picked":["bronze:Overheat","bronze:BugBarrage"],"picked":"bronze:InfiniteBeams","floor":38},{"not_picked":["bronze:GetLatest+1","bronze:Fortify"],"picked":"bronze:InfiniteBeams","floor":39},{"not_picked":["bronze:OilSpill+1","bronze:Constructor","bronze:DarkDash"],"picked":"SKIP","floor":40},{"not_picked":["bronze:Deprecate","bronze:BitShift"],"picked":"bronze:Constructor+1","floor":42},{"not_picked":["bronze:WhirlingStrike+1","bronze:DelayedSlice+1"],"picked":"bronze:Shell","floor":43},{"not_picked":["bronze:Deprecate","bronze:Iterate+1"],"picked":"bronze:HardenedForm","floor":46},{"not_picked":["bronze:Safeguard+1","bronze:ForceShield","bronze:Boost+1"],"picked":"SKIP","floor":48},{"not_picked":["bronze:WhirlingStrike","bronze:OilSpill","bronze:Iterate"],"picked":"SKIP","floor":49},{"not_picked":["bronze:ChildClass+1","bronze:Invalidate"],"picked":"bronze:TinkerersToolbox","floor":52}],"player_experience":2592658,"relics_obtained":[{"floor":6,"key":"Blue Candle"},{"floor":7,"key":"Omamori"},{"floor":9,"key":"Bottled Tornado"},{"floor":34,"key":"Mummified Hand"},{"floor":34,"key":"Peace Pipe"},{"floor":34,"key":"Nunchaku"},{"floor":41,"key":"Mercury Hourglass"},{"floor":46,"key":"Pen Nib"},{"floor":52,"key":"Bag of Marbles"}],"event_choices":[{"cards_removed":["bronze:Defend"],"damage_healed":0,"gold_gain":0,"player_choice":"Card Removal","damage_taken":0,"max_hp_gain":0,"max_hp_loss":0,"event_name":"The Cleric","floor":8,"gold_loss":0},{"damage_healed":0,"gold_gain":1,"player_choice":"Relic ","damage_taken":7,"max_hp_gain":0,"max_hp_loss":0,"event_name":"betterThird:BetterScrap","floor":14,"gold_loss":0,"cards_obtained":["Hyperbeam"]},{"damage_healed":0,"gold_gain":0,"player_choice":"Stole Relic","damage_taken":0,"relics_obtained":["War Paint"],"max_hp_gain":0,"max_hp_loss":0,"event_name":"Addict","floor":21,"gold_loss":0,"cards_obtained":["Pride"]}],"is_beta":false,"boss_relics":[{"not_picked":["Velvet Choker","Black Star"],"picked":"Tiny House"},{"not_picked":["Fusion Hammer","SlaversCollar"],"picked":"Calling Bell"}],"items_purged_floors":[20,40],"is_endless":false,"potions_floor_spawned":[5,6,9,16,19,22,26,28,31,39,42,43,46,52],"ascension_level":2}}