{"host":"5zhjtp2pgwgfdund","time":1612230667,"event":{"mods":["2.2 Compatiblity","AchievementEnabler","Act Like it!","BaseMod","Colored Map","Colored Powertips","Downfall","Gensokyo","Infinite Spire","Minty Spire (QoL Compilation)","Replay The Spire","Shop Mod","StSLib","The Bug Knight","The Jungle"],"gold_per_floor":[99,113,132,132,142,142,168,38,58,58,103,103,103,103,117,216,216,116,127,127,227,242,256,279,307,107,120,120,120,120,146,164,164,164,164],"floor_reached":33,"language":"ENG","playtime":3834,"items_purged":[],"score":300,"play_id":"d63eb707-485f-40df-b6ab-fcb34506270d","local_time":"20210201205107","is_ascension_mode":false,"campfire_choices":[{"data":"Slimebound:Split","floor":1.0,"key":"SMITH"},{"floor":6.0,"key":"RECALL"},{"data":"Slimebound:ForwardTackle","floor":10.0,"key":"SMITH"},{"floor":13.0,"key":"REST"},{"data":"Slimebound:SplitLeeching","floor":18.0,"key":"SMITH"},{"floor":26,"key":"REST"},{"data":"Slimebound:ForwardTackle","floor":30,"key":"SMITH"}],"circlet_count":0,"master_deck":["Slimebound:Tackle","Slimebound:Defend_Slimebound","Slimebound:Defend_Slimebound","Slimebound:Defend_Slimebound","Slimebound:Split+1","Slimebound:CorrosiveSpit","Slimebound:HauntingLick","Slimebound:Prepare","Slimebound:ForwardTackle+1","Slimebound:ComboTackle","Slimebound:Repurpose","Slimebound:Grow","Slimebound:SplitLeeching+1","Slimebound:ProtectTheBoss","Slimebound:SplitLeeching","Slimebound:SlimeSpikes","Slimebound:Teamwork","Slimebound:Chomp","Slimebound:SplitBruiser","Slimebound:GoopSpray","Slimebound:GrowthPunch","Slimebound:ForwardTackle+1","Slimebound:LivingWall","Slimebound:SamplingLick","Slimebound:GoopTackle","Bite","Bite","Bite","Bite","Bite","Slimebound:GoopSpray","Slimebound:ViciousTackle","Slimebound:GrowthPunch"],"relics":["Slimebound:AbsorbEndCombat","Chameleon Ring","Lizard Tail","Replay:Bronze Core","downfall:HeartBlessingBlue","Strawberry","Prayer Wheel","downfall:HeartBlessingGreen","downfall:HeartBlessingRed","Ancient Tea Set"],"acts_visited":["Exordium","TheCity"],"potions_floor_usage":[],"damage_taken":[{"damage":0.0,"enemies":"Small Slimes","floor":2.0,"turns":3.0},{"damage":4.0,"enemies":"Cultist","floor":3.0,"turns":3.0},{"damage":0.0,"enemies":"2 Louse","floor":5.0,"turns":3.0},{"damage":1.0,"enemies":"downfall:FleeingMerchant","floor":8.0,"turns":4.0},{"damage":15.0,"enemies":"Blue Slaver","floor":9.0,"turns":3.0},{"damage":3.0,"enemies":"2 Fungi Beasts","floor":15.0,"turns":4.0},{"damage":35.0,"enemies":"WA_ARCHETYPE_RETAIN","floor":16.0,"turns":10.0},{"damage":14.0,"enemies":"Spheric Guardian","floor":19.0,"turns":5.0},{"damage":39,"enemies":"Shelled Parasite and Fungi","floor":22,"turns":7},{"damage":11,"enemies":"Cultist and Chosen","floor":23,"turns":8},{"damage":11,"enemies":"HollowMod:Nosk","floor":25,"turns":11},{"damage":11,"enemies":"Centurion and Healer","floor":27,"turns":6},{"damage":68,"enemies":"Nightmare","floor":31,"turns":9},{"damage":16,"enemies":"Snecko","floor":32,"turns":4},{"damage":61,"enemies":"DF_ARCHETYPE_CLAW","floor":33,"turns":5}],"seed_played":"-4427313146145315954","potions_obtained":[{"floor":2.0,"key":"Weak Potion"},{"floor":5.0,"key":"Languid Potion"},{"floor":16.0,"key":"SteroidPotion"},{"floor":22,"key":"SteroidPotion"},{"floor":23,"key":"Fire Potion"},{"floor":27,"key":"BlessingOfTheForge"},{"floor":31,"key":"Slimebound:SpawnSlimePotion"}],"is_trial":false,"path_per_floor":["R","M","M","?","M","R","T","$","M","R","?","?","R","?","M","B",null,"R","M","?","?","M","M","T","E","R","M","?","?","R","NM","M","B"],"character_chosen":"SLIMEBOUND","items_purchased":["Slimebound:Repurpose","Slimebound:Grow"],"campfire_rested":2,"item_purchase_floors":[8,8],"current_hp_per_floor":[71,71,69,69,71,71,71,71,60,60,43,31,52,52,53,26,71,81,67,67,67,32,29,36,33,59,56,56,56,56,11,33,0,0,0],"gold":164,"neow_bonus":"TEN_PERCENT_HP_BONUS","is_daily":false,"chose_seed":false,"campfire_upgraded":4,"win_rate":0.0,"timestamp":1612230667,"path_taken":["R","M","M","?","M","R","T","$","?","R","?","?","R","?","M","BOSS","R","M","?","?","?","M","T","E","R","M","?","?","R","NM","M","BOSS"],"items_purchased_type":["Card","Card"],"build_version":"2020-12-22","purchased_purges":0,"victory":false,"max_hp_per_floor":[71,71,71,71,71,71,71,71,71,71,71,71,71,71,71,71,71,81,81,81,81,81,81,88,88,88,88,61,61,61,61,61,61,61,61],"card_choices":[{"not_picked":["Slimebound:LeechingTouch","Slimebound:ViciousTackle"],"picked":"Slimebound:HauntingLick","floor":2.0},{"not_picked":["Slimebound:LeechingTouch","Slimebound:ProtectTheBoss"],"picked":"Slimebound:Prepare","floor":3.0},{"not_picked":["Slimebound:Equalize","Slimebound:LeechingTouch"],"picked":"Slimebound:ForwardTackle","floor":5.0},{"not_picked":["Slimebound:LevelUp","Slimebound:SlimeSpikes"],"picked":"Slimebound:ComboTackle","floor":8.0},{"not_picked":["Slimebound:SamplingLick","Slimebound:Replication"],"picked":"Slimebound:SplitLeeching","floor":9.0},{"not_picked":["Slimebound:SplitAcid","Slimebound:LeechingTouch"],"picked":"Slimebound:ProtectTheBoss","floor":11.0},{"not_picked":["Slimebound:SlimeTap","Slimebound:OneTwoCombo"],"picked":"Slimebound:SplitLeeching","floor":11.0},{"not_picked":["Slimebound:LeechingTouch","Slimebound:ComboTackle"],"picked":"Slimebound:SlimeSpikes","floor":15.0},{"not_picked":["Slimebound:DouseInSlime","Slimebound:WasteNot"],"picked":"Slimebound:Teamwork","floor":16.0},{"not_picked":["Slimebound:LeechEnergy","Slimebound:Dissolve"],"picked":"Slimebound:Chomp","floor":19.0},{"not_picked":["Slimebound:Grow","Slimebound:Prepare"],"picked":"Slimebound:GrowthPunch","floor":22},{"not_picked":["Slimebound:PressTheAttack","Slimebound:RallyTheTroops"],"picked":"Slimebound:ForwardTackle","floor":23},{"not_picked":["Slimebound:SplitBruiser","Slimebound:Replication"],"picked":"Slimebound:LivingWall","floor":25},{"not_picked":["Slimebound:FinishingTackle","Slimebound:SplitMire"],"picked":"Slimebound:SamplingLick","floor":27},{"not_picked":["Slimebound:LivingWall","Slimebound:SplitBruiser"],"picked":"Slimebound:GoopTackle","floor":27},{"not_picked":["Slimebound:ComboTackle+1","Slimebound:LeechEnergy"],"picked":"Slimebound:GoopSpray","floor":31},{"not_picked":["Slimebound:Schlurp","Slimebound:SlimeBrawl"],"picked":"Slimebound:ViciousTackle","floor":32},{"not_picked":["Slimebound:LeechingTouch","Slimebound:Repurpose+1"],"picked":"Slimebound:GrowthPunch","floor":32}],"player_experience":120960,"relics_obtained":[{"floor":11.0,"key":"Chameleon Ring"},{"floor":24,"key":"Strawberry"},{"floor":25,"key":"Prayer Wheel"},{"floor":31,"key":"Ancient Tea Set"}],"event_choices":[{"cards_removed":["Defend_G"],"damage_healed":0.0,"max_hp_gain":0.0,"max_hp_loss":0.0,"gold_gain":0.0,"event_name":"NoteForYourself","player_choice":"Took Card","floor":4.0,"gold_loss":0.0,"damage_taken":0.0,"cards_obtained":["Defend_G"]},{"damage_healed":0.0,"max_hp_gain":0.0,"max_hp_loss":0.0,"gold_gain":0.0,"event_name":"Scrap Ooze","player_choice":"Success","floor":12.0,"gold_loss":0.0,"damage_taken":12.0,"relics_obtained":["Lizard Tail"]},{"damage_healed":0,"gold_gain":0,"cards_transformed":["Slimebound:Strike_Slimebound","Slimebound:Defend_Slimebound"],"player_choice":"Became Test Subject","damage_taken":0,"max_hp_gain":0,"max_hp_loss":0,"event_name":"Drug Dealer","floor":20,"gold_loss":0,"cards_obtained":["Slimebound:SplitBruiser","Slimebound:GoopSpray"]},{"damage_healed":0,"gold_gain":0,"player_choice":"Became a vampire","damage_taken":0,"max_hp_gain":0,"max_hp_loss":27,"event_name":"Vampires","floor":28,"gold_loss":0,"cards_obtained":["Bite","Bite","Bite","Bite","Bite"]}],"is_beta":false,"boss_relics":[{"not_picked":["ChewingGum","Runic Dome"],"picked":"Replay:Bronze Core"}],"items_purged_floors":[],"is_endless":true,"potions_floor_spawned":[2,5,16,22,23,27,31],"killed_by":"DF_ARCHETYPE_CLAW","ascension_level":0}}