{"host":"irwdypew7j0recua","time":1612299892,"event":{"mods":["AchievementEnabler","BaseMod","Better Third Choice","Better Vampires","BetterRewards","Conspire","Custom Start","Downfall","Googly Eyes","Hermit","Infinite Spire","KomeijiMod","Marisa????????","Minty Spire (QoL Compilation)","Quick Restart","Rare Cards Sparkle","Reworked Bosses","Shop Mod","Spicy Shops","StSLib","The Construct","The Cursed","The Necromancer","WarShipGirlsR/????R mod"],"gold_per_floor":[114,114,289,314,89,118,134,159,184,184,259,278,297,314,314,419,419,435,447,447,459,474,474,492,492,516,530,530,530],"floor_reached":28,"language":"ENG","playtime":1802,"items_purged":["Doubt"],"score":257,"play_id":"f8928574-5ba5-4884-a970-f5df9a631f57","local_time":"20210202190452","is_ascension_mode":false,"campfire_choices":[{"data":"rmod:chargemoney","floor":10.0,"key":"SMITH"},{"data":"rmod:basicallowance","floor":15.0,"key":"SMITH"},{"floor":23,"key":"RECALL"},{"floor":25,"key":"REST"}],"circlet_count":0,"master_deck":["rmod:strick","rmod:strick","rmod:strick","rmod:strick","rmod:defend","rmod:defend","rmod:defend","rmod:defend","rmod:basicallowance+1","rmod:maingunfire","rmod:aviationdawn","rmod:chargemoney+1","rmod:acesubmarine","rmod:openingtorpedo","rmod:maintain","rmod:intelligenceanalysis","rmod:timeschanged","rmod:expeditionaryescort","rmod:steelsupply+1","rmod:heivgo","rmod:stealaluminum","rmod:luckystar+1"],"relics":["NeowsBlessing","MealTicket","Bottled Lightning","Lantern","Potion Belt","Shuriken","Blood Vial","rmod:mogul"],"acts_visited":["Exordium","TheCity"],"potions_floor_usage":[18,22,22,24,27],"damage_taken":[{"damage":0.0,"enemies":"Small Slimes","floor":1.0,"turns":1.0},{"damage":0.0,"enemies":"conspire:MimicChest","floor":4.0,"turns":1.0},{"damage":0.0,"enemies":"Gremlin Nob","floor":6.0,"turns":1.0},{"damage":11.0,"enemies":"Jaw Worm","floor":7.0,"turns":2.0},{"damage":11.0,"enemies":"3 Sentries","floor":8.0,"turns":4.0},{"damage":0.0,"enemies":"2 Louse","floor":12.0,"turns":1.0},{"damage":7.0,"enemies":"Exordium Wildlife","floor":13.0,"turns":3.0},{"damage":0.0,"enemies":"3 Louse","floor":14.0,"turns":2.0},{"damage":23.0,"enemies":"Hexaghost","floor":16.0,"turns":7.0},{"damage":10,"enemies":"Shell Parasite","floor":18,"turns":3},{"damage":25,"enemies":"3 Byrds","floor":19,"turns":6},{"damage":5,"enemies":"Snecko","floor":21,"turns":3},{"damage":4,"enemies":"Cultist and Chosen","floor":22,"turns":6},{"damage":40,"enemies":"Centurion and Healer","floor":24,"turns":6},{"damage":33,"enemies":"Snecko","floor":27,"turns":6},{"damage":27,"enemies":"Slavers","floor":28,"turns":1}],"seed_played":"-8247628946751798124","potions_obtained":[{"floor":4.0,"key":"PowerPotion"},{"floor":6.0,"key":"Fire Potion"},{"floor":7.0,"key":"LiquidMemories"},{"floor":14.0,"key":"sneckomod:MuddlingPotion"},{"floor":18,"key":"SpeedPotion"},{"floor":21,"key":"Fire Potion"},{"floor":27,"key":"BlessingOfTheForge"}],"is_trial":false,"path_per_floor":["M","?","?","?","$","E","M","E","T","R","?","M","M","M","R","B",null,"M","M","?","M","M","R","M","R","T","M","E"],"character_chosen":"PRAEFECT","items_purchased":["Lantern"],"campfire_rested":1,"item_purchase_floors":[5],"current_hp_per_floor":[75,75,75,75,75,75,64,53,53,53,42,44,39,41,41,20,75,65,42,75,70,68,68,30,52,52,21,0,0],"gold":530,"neow_bonus":"THREE_ENEMY_KILL","is_daily":false,"chose_seed":false,"campfire_upgraded":2,"win_rate":0.0,"timestamp":1612299892,"path_taken":["M","?","?","?","$","E","?","E","T","R","?","M","M","M","R","BOSS","M","M","?","?","M","R","M","R","T","M","E"],"items_purchased_type":["Relic"],"build_version":"2020-12-22","purchased_purges":1,"victory":false,"max_hp_per_floor":[75,75,75,75,75,75,75,75,75,75,75,75,75,75,75,75,75,75,75,75,75,75,75,75,75,75,75,75,75],"card_choices":[{"not_picked":["rmod:ring","rmod:fuelsupply"],"picked":"rmod:aviationdawn","floor":1.0},{"not_picked":["rmod:fletcherpendant","rmod:intelligenceanalysis"],"picked":"rmod:chargemoney","floor":4.0},{"not_picked":["rmod:aviationdawn","rmod:fuelsupply"],"picked":"rmod:acesubmarine","floor":6.0},{"not_picked":["rmod:tearstotiara","rmod:victimresponsibility"],"picked":"rmod:openingtorpedo","floor":7.0},{"not_picked":["rmod:aluminumsupply","rmod:fuelsupply"],"picked":"rmod:maintain","floor":8.0},{"not_picked":["rmod:supportescort","rmod:guardianhero"],"picked":"rmod:intelligenceanalysis","floor":12.0},{"not_picked":["rmod:aluminumsupply","rmod:fletcherpendant"],"picked":"rmod:punchline","floor":13.0},{"not_picked":["rmod:tearstotiara","rmod:rockthrower"],"picked":"rmod:timeschanged","floor":14.0},{"not_picked":["rmod:stealaluminum","rmod:windflower"],"picked":"rmod:expeditionaryescort","floor":16.0},{"not_picked":["rmod:tearstotiara","rmod:victimresponsibility"],"picked":"rmod:steelsupply+1","floor":18},{"not_picked":["rmod:robin","rmod:ammunitionsupply+1"],"picked":"rmod:heivgo","floor":19},{"not_picked":["rmod:ammunitionsupply","rmod:aviationdawn+1"],"picked":"rmod:stealaluminum","floor":21},{"not_picked":["rmod:smokecover","rmod:unsinkable","rmod:openingtorpedo"],"picked":"SKIP","floor":22},{"not_picked":["rmod:steelsupply+1","rmod:ammunitionsupply","rmod:salvage"],"picked":"SKIP","floor":24},{"not_picked":["rmod:heivgo","rmod:aluminumsupply"],"picked":"rmod:luckystar+1","floor":27}],"player_experience":184201,"relics_obtained":[{"floor":2.0,"key":"MealTicket"},{"floor":4.0,"key":"Bottled Lightning"},{"floor":6.0,"key":"Potion Belt"},{"floor":8.0,"key":"Shuriken"},{"floor":9.0,"key":"Blood Vial"}],"event_choices":[{"damage_healed":0.0,"max_hp_gain":0.0,"max_hp_loss":0.0,"gold_gain":175.0,"event_name":"betterThird:BetterSerpent","player_choice":"AGREE","floor":3.0,"gold_loss":0.0,"damage_taken":114.0},{"damage_healed":0.0,"max_hp_gain":0.0,"max_hp_loss":0.0,"gold_gain":75.0,"event_name":"betterThird:BetterGoop","player_choice":"Gold","floor":11.0,"gold_loss":0.0,"damage_taken":11.0},{"cards_removed":["rmod:punchline"],"damage_healed":33,"gold_gain":0,"player_choice":"Offered Uncommon","damage_taken":0,"max_hp_gain":0,"max_hp_loss":0,"event_name":"Bonfire Elementals","floor":20,"gold_loss":0}],"is_beta":false,"boss_relics":[{"not_picked":["Cursed Key","Pandora\u0027s Box"],"picked":"rmod:mogul"}],"items_purged_floors":[5],"is_endless":false,"potions_floor_spawned":[4,6,7,14,18,21,27],"killed_by":"Slavers","ascension_level":0}}