{"host":"9d9dhukr2jywmy0f","time":1612259191,"event":{"mods":["2.2 Compatiblity","Alarm Clock","BaseMod","Bestiary","Block Reminder","Colored Map","Colored Powertips","Curses Come First","DeckTracker","Energized Spire","Highlight Path","Key Reminder","Minty Spire (QoL Compilation)","Quick Restart","Rare Cards Sparkle","Relic Sorter","Relic Stats","Reliquary","Spire Birthday Party","StSLib","SuperFastMode","Synergy Search","Unceasing Turn Reminder","Unknown Chances"],"gold_per_floor":[119,119,129,26,26,58,58,88,88,113,132,132,132,132,132,132,132],"floor_reached":16,"language":"ZHS","playtime":381,"items_purged":["Strike_B"],"score":282,"play_id":"60632a8a-c8a8-467f-b3bd-3d5077b6d8f0","local_time":"20210202174631","is_ascension_mode":true,"campfire_choices":[{"data":"Streamline","floor":7.0,"key":"SMITH"},{"data":"Recycle","floor":12.0,"key":"SMITH"},{"data":"Zap","floor":15.0,"key":"SMITH"}],"circlet_count":0,"master_deck":["AscendersBane","Strike_B","Strike_B","Strike_B","Defend_B","Defend_B","Defend_B","Defend_B","Zap+1","Dualcast","Turbo","Streamline+1","Cold Snap","Glacier","Recycle+1"],"relics":["Cracked Core","NeowsBlessing","Matryoshka","reliquary:WeakTea","keyreminder:keyreminder","reliquary:Firecrackers","reliquary:BoilingFlask","Anchor","CaptainsWheel","Golden Idol"],"acts_visited":["Exordium"],"potions_floor_usage":[16,16],"damage_taken":[{"damage":0.0,"enemies":"Small Slimes","floor":1.0,"turns":1.0},{"damage":0.0,"enemies":"2 Louse","floor":3.0,"turns":1.0},{"damage":0.0,"enemies":"3 Sentries","floor":6.0,"turns":2.0},{"damage":27.0,"enemies":"Lagavulin","floor":8.0,"turns":6.0},{"damage":8.0,"enemies":"3 Sentries","floor":10.0,"turns":8.0},{"damage":0.0,"enemies":"Cultist","floor":11.0,"turns":3.0},{"damage":32,"enemies":"Slime Boss","floor":16,"turns":8}],"seed_played":"-5557566371437284719","potions_obtained":[{"floor":3.0,"key":"SteroidPotion"},{"floor":8.0,"key":"Weak Potion"}],"is_trial":false,"path_per_floor":["M","?","M","$","?","E","R","E","T","E","M","R","?","?","R","B"],"character_chosen":"DEFECT","items_purchased":["Streamline"],"campfire_rested":0,"item_purchase_floors":[4],"current_hp_per_floor":[64,59,59,59,49,49,49,22,22,14,14,14,14,35,35,3,3],"gold":132,"neow_bonus":"THREE_ENEMY_KILL","is_daily":false,"chose_seed":false,"campfire_upgraded":3,"win_rate":0.0,"timestamp":1612259191,"path_taken":["M","?","M","$","?","E","R","E","T","E","?","R","?","?","R","BOSS"],"items_purchased_type":["Card"],"build_version":"2020-12-22","purchased_purges":1,"victory":false,"max_hp_per_floor":[71,71,71,71,71,71,71,71,71,71,71,71,64,64,64,64,64],"relic_stats":{"counters":[7,29],"Golden Idol":0,"obtain_stats":[{"keyreminder:keyreminder":6,"Anchor":9,"CaptainsWheel":10,"Matryoshka":2,"NeowsBlessing":0,"Golden Idol":13,"reliquary:Firecrackers":8,"reliquary:BoilingFlask":9,"reliquary:WeakTea":6,"Cracked Core":0},{"keyreminder:keyreminder":3,"Anchor":4,"CaptainsWheel":5,"Matryoshka":1,"NeowsBlessing":0,"Golden Idol":6,"reliquary:Firecrackers":4,"reliquary:BoilingFlask":4,"reliquary:WeakTea":3,"Cracked Core":0},{"keyreminder:keyreminder":4,"Anchor":10,"CaptainsWheel":18,"Matryoshka":1,"NeowsBlessing":0,"Golden Idol":21,"reliquary:Firecrackers":10,"reliquary:BoilingFlask":10,"reliquary:WeakTea":4,"Cracked Core":0}]},"card_choices":[{"not_picked":["Leap","Stack","Steam Power"],"picked":"SKIP","floor":1.0},{"not_picked":["Steam","Cold Snap"],"picked":"Turbo","floor":3.0},{"not_picked":["Sweeping Beam","Hologram"],"picked":"Cold Snap","floor":6.0},{"not_picked":["Heatsinks","Turbo"],"picked":"Glacier","floor":8.0},{"not_picked":["Rip and Tear","Barrage","Conserve Battery"],"picked":"SKIP","floor":10.0},{"not_picked":["Steam","Scrape"],"picked":"Recycle","floor":11.0}],"player_experience":868604,"relics_obtained":[{"floor":6.0,"key":"reliquary:WeakTea"},{"floor":8.0,"key":"reliquary:Firecrackers"},{"floor":9.0,"key":"reliquary:BoilingFlask"},{"floor":9.0,"key":"Anchor"},{"floor":10.0,"key":"CaptainsWheel"}],"event_choices":[{"damage_healed":0.0,"max_hp_gain":0.0,"max_hp_loss":0.0,"gold_gain":0.0,"event_name":"Scrap Ooze","player_choice":"Success","floor":2.0,"gold_loss":0.0,"damage_taken":5.0,"relics_obtained":["Matryoshka"]},{"damage_healed":0.0,"max_hp_gain":0.0,"max_hp_loss":0.0,"gold_gain":0.0,"event_name":"Wheel of Change","player_choice":"Damaged","floor":5.0,"gold_loss":0.0,"damage_taken":10.0},{"damage_healed":0.0,"max_hp_gain":0.0,"max_hp_loss":7.0,"gold_gain":0.0,"event_name":"Golden Idol","player_choice":"Lose Max HP","floor":13.0,"gold_loss":0.0,"damage_taken":0.0,"relics_obtained":["Golden Idol"]},{"damage_healed":21.0,"max_hp_gain":0.0,"max_hp_loss":0.0,"gold_gain":0.0,"event_name":"Big Fish","player_choice":"Banana","floor":14.0,"gold_loss":0.0,"damage_taken":0.0}],"is_beta":false,"boss_relics":[],"items_purged_floors":[4],"is_endless":false,"potions_floor_spawned":[3,8],"killed_by":"Slime Boss","ascension_level":20}}