{"host":"f76wcztdlwlduum6","time":1612249842,"event":{"mods":["BaseMod","BetterRewards","Colored Powertips","Minty Spire (QoL Compilation)","Quick Restart","Rare Cards Sparkle","Relic Stats","StSLib","SuperFastMode","everything is the same but u backflip on backflip"],"gold_per_floor":[110,285,296,312,262,292,292,302,302,318,334,368,378,395,395,496,496,510,520,28,41,41,66,78,88,114,148,148,161,161,41,41,140,140,156,0,0,20,40,75,128,143,197,207,219,219,249,49,49,49,49,49,1,34,34],"floor_reached":56,"language":"ENG","playtime":2645,"items_purged":["Strike_P","Strike_P","Defend_P","Strike_P","Eruption","FollowUp"],"score":2161,"play_id":"f2a0ded7-6d65-4c43-bba6-7fceaa1af924","local_time":"20210202011042","is_ascension_mode":true,"campfire_choices":[{"data":"Ragnarok","floor":7,"key":"SMITH"},{"data":"Crescendo","floor":15,"key":"SMITH"},{"data":"ClearTheMind","floor":28,"key":"SMITH"},{"data":"Crescendo","floor":30,"key":"SMITH"},{"data":"BattleHymn","floor":32,"key":"SMITH"},{"data":"Vault","floor":46,"key":"SMITH"},{"floor":49,"key":"RECALL"},{"data":"DevaForm","floor":52,"key":"SMITH"}],"circlet_count":0,"master_deck":["Strike_P","Defend_P+1","Defend_P+1","Vigilance+1","Ragnarok+1","LikeWater","Crescendo+1","Wallop","TalkToTheHand","MentalFortress","Tantrum","Evaluate+1","Indignation+1","Devotion","Crescendo+1","FearNoEvil","Finesse+1","Evaluate+1","Wallop","ClearTheMind+1","EmptyMind+1","LikeWater","Vault+1","CrushJoints","InnerPeace","Sanctity+1","DevaForm+1","Adaptation+1","BattleHymn+1","Establishment+1","BattleHymn+1","Omniscience+1","Omniscience+1","Wallop+1","ClearTheMind+1","Vault","MentalFortress","DevaForm+1","Fasting2+1","FlurryOfBlows+1","ClearTheMind","Omniscience"],"relics":["PureWater","ClockworkSouvenir","Ice Cream","TeardropLocket","Bag of Marbles","OrangePellets","Bird Faced Urn","Mercury Hourglass","Blue Candle","Kunai","Omamori","VioletLotus","Bronze Scales","Nloth\u0027s Gift","Prayer Wheel","Lantern","Pen Nib","FossilizedHelix","Ice Cream","Singing Bowl","Orrery","Philosopher\u0027s Stone","DollysMirror","Red Mask","Blood Vial","Mummified Hand","Boot","Happy Flower"],"acts_visited":["Exordium","TheCity","TheBeyond","TheEnding"],"potions_floor_usage":[18,40,42,55,55],"damage_taken":[{"damage":0,"enemies":"Small Slimes","floor":1,"turns":2},{"damage":0,"enemies":"Jaw Worm","floor":3,"turns":1},{"damage":0,"enemies":"Cultist","floor":4,"turns":3},{"damage":18,"enemies":"3 Sentries","floor":6,"turns":8},{"damage":0,"enemies":"Red Slaver","floor":8,"turns":1},{"damage":4,"enemies":"Looter","floor":10,"turns":2},{"damage":0,"enemies":"Large Slime","floor":11,"turns":2},{"damage":0,"enemies":"Gremlin Nob","floor":12,"turns":4},{"damage":14,"enemies":"3 Louse","floor":13,"turns":2},{"damage":6,"enemies":"2 Fungi Beasts","floor":14,"turns":2},{"damage":3,"enemies":"Hexaghost","floor":16,"turns":6},{"damage":0,"enemies":"Spheric Guardian","floor":18,"turns":3},{"damage":0,"enemies":"2 Thieves","floor":19,"turns":1},{"damage":7,"enemies":"Snake Plant","floor":21,"turns":3},{"damage":1,"enemies":"Book of Stabbing","floor":23,"turns":3},{"damage":15,"enemies":"Cultist and Chosen","floor":24,"turns":2},{"damage":0,"enemies":"Chosen and Byrds","floor":25,"turns":4},{"damage":4,"enemies":"Gremlin Leader","floor":27,"turns":6},{"damage":0,"enemies":"Centurion and Healer","floor":29,"turns":4},{"damage":12,"enemies":"Champ","floor":33,"turns":8},{"damage":11,"enemies":"3 Darklings","floor":35,"turns":3},{"damage":0,"enemies":"Orb Walker","floor":38,"turns":4},{"damage":0,"enemies":"Spire Growth","floor":39,"turns":3},{"damage":0,"enemies":"Giant Head","floor":40,"turns":5},{"damage":32,"enemies":"2 Orb Walkers","floor":41,"turns":3},{"damage":0,"enemies":"Transient","floor":42,"turns":5},{"damage":4,"enemies":"Sphere and 2 Shapes","floor":44,"turns":3},{"damage":0,"enemies":"Maw","floor":45,"turns":4},{"damage":7,"enemies":"Reptomancer","floor":47,"turns":4},{"damage":49,"enemies":"Time Eater","floor":50,"turns":7},{"damage":44,"enemies":"Shield and Spear","floor":54,"turns":5},{"damage":29,"enemies":"The Heart","floor":55,"turns":6}],"seed_played":"-2244259719834910869","potions_obtained":[{"floor":4,"key":"Dexterity Potion"},{"floor":6,"key":"SteroidPotion"},{"floor":10,"key":"BottledMiracle"},{"floor":14,"key":"Swift Potion"},{"floor":18,"key":"Regen Potion"},{"floor":40,"key":"SpeedPotion"},{"floor":44,"key":"FairyPotion"},{"floor":45,"key":"Explosive Potion"}],"is_trial":false,"path_per_floor":["M","?","M","M","?","E","R","M","T","M","M","E","M","M","R","B",null,"M","M","$","M","?","E","M","M","T","E","R","M","R","$","R","B",null,"M","?","?","M","M","E","?","M","T","M","M","R","E","$","R","B",null,"R","$","E","B",null],"character_chosen":"WATCHER","items_purchased":["ClockworkSouvenir","Ice Cream","Ragnarok","TeardropLocket","Bag of Marbles","OrangePellets","Mercury Hourglass","War Paint","Finesse","Bronze Scales","Evaluate","Wallop","Orrery","ClearTheMind"],"campfire_rested":0,"item_purchase_floors":[0,0,0,0,0,0,0,0,20,20,20,20,31,53],"current_hp_per_floor":[65,65,65,67,67,51,51,51,51,49,49,51,39,33,33,34,63,67,67,67,62,62,65,50,56,56,58,58,64,64,70,70,68,76,71,71,71,84,86,86,66,88,88,86,90,90,92,92,92,49,81,81,81,60,77],"gold":34,"neow_bonus":"","is_daily":false,"chose_seed":false,"campfire_upgraded":7,"win_rate":0.0,"timestamp":1612249842,"path_taken":["M","?","M","M","?","E","R","?","T","M","M","E","M","M","R","BOSS","M","M","$","M","?","E","M","M","T","E","R","?","R","?","R","BOSS","M","?","?","M","M","E","?","M","T","M","M","R","E","$","R","BOSS","R","$","E","BOSS"],"items_purchased_type":["Relic","Relic","Card","Relic","Relic","Relic","Relic","Relic","Card","Relic","Card","Card","Relic","Card"],"build_version":"2020-12-22","purchased_purges":6,"victory":true,"max_hp_per_floor":[72,72,72,72,72,72,72,72,72,72,72,72,72,72,72,72,72,72,72,72,72,72,72,72,72,72,72,72,72,72,78,78,78,78,82,82,82,84,86,86,88,88,88,90,90,90,92,92,92,92,92,92,92,92,92],"relic_stats":{"Singing Bowl":20,"Happy Flower":[28],"counters":[85,343],"Blue Candle":[0],"Pen Nib":[24],"Boot":[9],"Mercury Hourglass":[696],"Blood Vial":8,"OrangePellets":[11],"Mummified Hand":[68],"Bird Faced Urn":[161],"Bronze Scales":[502],"Prayer Wheel":9,"VioletLotus":[38],"Nloth\u0027s Gift":7,"Kunai":[42],"obtain_stats":[{"Ice Cream":0,"CeramicFish":11,"Vajra":23,"Whetstone":9,"Ginger":53,"Sling":37,"Boot":27,"Blood Vial":40,"HornCleat":53,"DollysMirror":0,"Strawberry":3,"MealTicket":14,"Prayer Wheel":22,"Philosopher\u0027s Stone":34,"VioletLotus":1,"Kunai":9,"Toxic Egg 2":3,"Girya":43,"Pear":0,"Happy Flower":0,"Blue Candle":48,"Dead Branch":41,"Pen Nib":0,"Guardian:PocketSentry":0,"Letter Opener":26,"War Paint":37,"sneckomod:SneckoTalon":34,"Akabeko":37,"Du-Vu Doll":8,"SlaversCollar":17,"OrangePellets":0,"Bottled Flame":54,"Bronze Scales":0,"Bird Faced Urn":0,"Slimebound:PreparedRelic":37,"Nloth\u0027s Gift":22,"Meat on the Bone":2,"Pocketwatch":47,"Lantern":38,"Singing Bowl":31,"Mango":19,"StoneCalendar":53,"CloakClasp":1,"Juzu Bracelet":6,"Bag of Preparation":0,"TeardropLocket":0,"PrismaticShard":25,"Ancient Tea Set":30,"ClockworkSouvenir":0,"TheAbacus":0,"Slimebound:StickyStick":2,"Mummified Hand":23,"Pantograph":53,"Red Mask":36,"Chemical X":53,"Potion Belt":44,"Lee\u0027s Waffle":19,"Damaru":0,"The Courier":31,"Omamori":0,"Frozen Egg 2":0,"Orichalcum":21,"Medical Kit":38,"bronze:BronzeIdol":28,"Mercury Hourglass":21,"Anchor":0,"Ornamental Fan":45,"Orrery":31,"Turnip":54,"Coffee Dripper":34,"Bag of Marbles":0,"Art of War":38,"Bottled Lightning":8,"Membership Card":0,"PureWater":0,"hexamod:BolsterEngine":40,"Toy Ornithopter":11,"FossilizedHelix":27},{"Ice Cream":29,"CeramicFish":35,"Vajra":14,"Whetstone":33,"Ginger":51,"Sling":21,"Boot":41,"Blood Vial":77,"HornCleat":27,"DollysMirror":29,"Strawberry":30,"MealTicket":36,"Prayer Wheel":67,"Philosopher\u0027s Stone":73,"VioletLotus":1,"Kunai":58,"Toxic Egg 2":1,"Girya":23,"Pear":29,"Happy Flower":29,"Blue Candle":50,"Dead Branch":78,"Pen Nib":29,"Guardian:PocketSentry":29,"Letter Opener":15,"War Paint":21,"sneckomod:SneckoTalon":45,"Akabeko":21,"Du-Vu Doll":5,"SlaversCollar":9,"OrangePellets":53,"Bottled Flame":28,"Bronze Scales":29,"Bird Faced Urn":53,"Slimebound:PreparedRelic":21,"Nloth\u0027s Gift":67,"Meat on the Bone":1,"Pocketwatch":26,"Lantern":21,"Singing Bowl":72,"Mango":10,"StoneCalendar":27,"CloakClasp":1,"Juzu Bracelet":4,"Bag of Preparation":29,"TeardropLocket":0,"PrismaticShard":40,"Ancient Tea Set":43,"ClockworkSouvenir":53,"TheAbacus":29,"Slimebound:StickyStick":1,"Mummified Hand":14,"Pantograph":27,"Red Mask":74,"Chemical X":27,"Potion Belt":24,"Lee\u0027s Waffle":10,"Damaru":29,"The Courier":18,"Omamori":29,"Frozen Egg 2":29,"Orichalcum":39,"Medical Kit":46,"bronze:BronzeIdol":16,"Mercury Hourglass":39,"Anchor":29,"Ornamental Fan":49,"Orrery":72,"Turnip":52,"Coffee Dripper":19,"Bag of Marbles":29,"Art of War":46,"Bottled Lightning":5,"Membership Card":29,"PureWater":0,"hexamod:BolsterEngine":23,"Toy Ornithopter":6,"FossilizedHelix":71},{"Ice Cream":149,"CeramicFish":163,"Vajra":72,"Whetstone":157,"Ginger":214,"Sling":100,"Boot":180,"Blood Vial":306,"HornCleat":136,"DollysMirror":149,"Strawberry":150,"MealTicket":166,"Prayer Wheel":264,"Philosopher\u0027s Stone":291,"VioletLotus":3,"Kunai":239,"Toxic Egg 2":8,"Girya":113,"Pear":149,"Happy Flower":149,"Blue Candle":209,"Dead Branch":309,"Pen Nib":149,"Guardian:PocketSentry":149,"Letter Opener":74,"War Paint":100,"sneckomod:SneckoTalon":193,"Akabeko":100,"Du-Vu Doll":27,"SlaversCollar":44,"OrangePellets":225,"Bottled Flame":141,"Bronze Scales":149,"Bird Faced Urn":225,"Slimebound:PreparedRelic":100,"Nloth\u0027s Gift":264,"Meat on the Bone":8,"Pocketwatch":129,"Lantern":100,"Singing Bowl":283,"Mango":48,"StoneCalendar":136,"CloakClasp":3,"Juzu Bracelet":23,"Bag of Preparation":149,"TeardropLocket":0,"PrismaticShard":177,"Ancient Tea Set":185,"ClockworkSouvenir":225,"TheAbacus":149,"Slimebound:StickyStick":8,"Mummified Hand":70,"Pantograph":136,"Red Mask":294,"Chemical X":136,"Potion Belt":120,"Lee\u0027s Waffle":48,"Damaru":149,"The Courier":85,"Omamori":149,"Frozen Egg 2":149,"Orichalcum":175,"Medical Kit":196,"bronze:BronzeIdol":77,"Mercury Hourglass":175,"Anchor":149,"Ornamental Fan":206,"Orrery":283,"Turnip":219,"Coffee Dripper":92,"Bag of Marbles":149,"Art of War":196,"Bottled Lightning":27,"Membership Card":149,"PureWater":0,"hexamod:BolsterEngine":113,"Toy Ornithopter":31,"FossilizedHelix":279}]},"card_choices":[{"not_picked":["PathToVictory","CrushJoints"],"picked":"LikeWater","floor":1},{"not_picked":["PathToVictory","Pray","JustLucky"],"picked":"SKIP","floor":3},{"not_picked":["Conclude","EmptyFist"],"picked":"Crescendo","floor":4},{"not_picked":["DeceiveReality","Meditate"],"picked":"Wallop","floor":6},{"not_picked":["Perseverance","CarveReality"],"picked":"TalkToTheHand","floor":8},{"not_picked":["PathToVictory","SignatureMove","Consecrate"],"picked":"SKIP","floor":10},{"not_picked":["Crescendo","Blasphemy"],"picked":"MentalFortress","floor":11},{"not_picked":["Indignation","Weave"],"picked":"Tantrum","floor":12},{"not_picked":["BowlingBash","FlurryOfBlows"],"picked":"Evaluate","floor":13},{"not_picked":["EmptyFist","ThirdEye"],"picked":"Indignation","floor":14},{"not_picked":["Judgement","LessonLearned"],"picked":"Devotion","floor":16},{"not_picked":["CrushJoints","SandsOfTime"],"picked":"Crescendo","floor":18},{"not_picked":["FlyingSleeves","Crescendo"],"picked":"FearNoEvil","floor":19},{"not_picked":["FlyingSleeves","EmptyFist","Crescendo"],"picked":"SKIP","floor":21},{"not_picked":["Alpha","SandsOfTime+1"],"picked":"ClearTheMind","floor":23},{"not_picked":["EmptyFist","FearNoEvil+1"],"picked":"EmptyMind","floor":24},{"not_picked":["ClearTheMind","FollowUp"],"picked":"LikeWater","floor":24},{"not_picked":["JustLucky","PathToVictory+1"],"picked":"Vault","floor":25},{"not_picked":["Prostrate","Nirvana+1"],"picked":"CrushJoints","floor":25},{"not_picked":["Fasting2","Crescendo"],"picked":"InnerPeace","floor":27},{"not_picked":["Protect","Tantrum"],"picked":"Sanctity+1","floor":29},{"not_picked":["WaveOfTheHand","PathToVictory","Weave"],"picked":"SKIP","floor":29},{"not_picked":["CarveReality+1","ThirdEye+1","SashWhip"],"picked":"Singing Bowl","floor":31},{"not_picked":["FollowUp+1","EmptyBody"],"picked":"Adaptation+1","floor":31},{"not_picked":["EmptyFist+1","Adaptation","SashWhip"],"picked":"Singing Bowl","floor":31},{"not_picked":["ForeignInfluence","FlyingSleeves+1"],"picked":"BattleHymn","floor":31},{"not_picked":["Tantrum","InnerPeace","FlyingSleeves"],"picked":"Singing Bowl","floor":31},{"not_picked":["LessonLearned","MasterReality"],"picked":"Omniscience","floor":33},{"not_picked":["BowlingBash","EmptyFist","SashWhip"],"picked":"Singing Bowl","floor":35},{"not_picked":["EmptyFist","Crescendo","Protect"],"picked":"Singing Bowl","floor":35},{"not_picked":["PathToVictory","Judgement","CrushJoints"],"picked":"Singing Bowl","floor":38},{"not_picked":["Halt+1","JustLucky+1"],"picked":"Wallop+1","floor":38},{"not_picked":["SpiritShield","Nirvana"],"picked":"ClearTheMind+1","floor":39},{"not_picked":["SashWhip+1","LessonLearned","FollowUp"],"picked":"Singing Bowl","floor":39},{"not_picked":["DeceiveReality+1","SignatureMove+1"],"picked":"Vault","floor":40},{"not_picked":["Prostrate+1","Nirvana","Halt+1"],"picked":"Singing Bowl","floor":41},{"not_picked":["BowlingBash","SignatureMove"],"picked":"MentalFortress","floor":42},{"not_picked":["Consecrate+1","FlyingSleeves"],"picked":"DevaForm","floor":42},{"not_picked":["JustLucky","WreathOfFlame","SandsOfTime"],"picked":"Singing Bowl","floor":44},{"not_picked":["Sanctity+1","PathToVictory+1"],"picked":"FollowUp","floor":44},{"not_picked":["CarveReality","Halt+1"],"picked":"Fasting2+1","floor":45},{"not_picked":["JustLucky","Vengeance"],"picked":"FlurryOfBlows+1","floor":45},{"not_picked":["CarveReality","CrushJoints+1","Nirvana"],"picked":"Singing Bowl","floor":47},{"not_picked":["Weave","Perseverance"],"picked":"Omniscience","floor":54}],"player_experience":244314,"relics_obtained":[{"floor":6,"key":"Blue Candle"},{"floor":9,"key":"Kunai"},{"floor":12,"key":"Omamori"},{"floor":23,"key":"Lantern"},{"floor":26,"key":"Pen Nib"},{"floor":27,"key":"FossilizedHelix"},{"floor":40,"key":"Blood Vial"},{"floor":41,"key":"Dead Branch"},{"floor":47,"key":"Boot"},{"floor":54,"key":"Happy Flower"}],"event_choices":[{"damage_healed":0,"gold_gain":175,"player_choice":"AGREE","damage_taken":0,"max_hp_gain":0,"max_hp_loss":0,"event_name":"Liars Game","floor":2,"gold_loss":0,"cards_obtained":["Doubt"]},{"cards_removed":["Doubt"],"damage_healed":0,"gold_gain":0,"player_choice":"Card Removal","damage_taken":0,"max_hp_gain":0,"max_hp_loss":0,"event_name":"The Cleric","floor":5,"gold_loss":50},{"damage_healed":0,"gold_gain":0,"player_choice":"Traded Relic","damage_taken":0,"relics_obtained":["Nloth\u0027s Gift"],"max_hp_gain":0,"max_hp_loss":0,"event_name":"N\u0027loth","floor":22,"relics_lost":["War Paint"],"gold_loss":0},{"damage_healed":0,"gold_gain":0,"player_choice":"Paid","damage_taken":0,"relics_obtained":["Red Mask"],"max_hp_gain":0,"max_hp_loss":0,"event_name":"Tomb of Lord Red Mask","floor":36,"gold_loss":156},{"cards_removed":["Defend_P"],"damage_healed":0,"gold_gain":0,"player_choice":"Removed Skill","damage_taken":0,"max_hp_gain":0,"max_hp_loss":0,"event_name":"Falling","floor":37,"gold_loss":0},{"damage_healed":0,"gold_gain":0,"player_choice":"Fight","damage_taken":0,"max_hp_gain":0,"max_hp_loss":0,"event_name":"Mysterious Sphere","floor":41,"gold_loss":0}],"is_beta":false,"boss_relics":[{"not_picked":["Runic Dome","SlaversCollar"],"picked":"VioletLotus"},{"not_picked":["Runic Pyramid","Fusion Hammer"],"picked":"Philosopher\u0027s Stone"}],"items_purged_floors":[0,0,0,20,31,48],"is_endless":false,"potions_floor_spawned":[4,6,10,14,18,19,27,35,40,44,45,47,54],"ascension_level":8}}