{"host":"pesfwaef25r60kxm","time":1612256940,"event":{"mods":["ATMod(阿瑾Mod)","Act Like it!","Arknights","BaseMod","Colored Powertips","Downfall","Gensokyo","Minty Spire (QoL Compilation)","Pale of the Ancients","Replay The Spire","RumiaBox-露米娅的神秘盒子","Shop Mod","Spicy Shops","StSLib","Waifu the Spire","WarShipGirlsR/战舰少女R mod","[IsaacMod]以撒尖塔","noobMod","【功能Mod】聪明的最终Boss","【遗物卡牌】REMEMod"],"gold_per_floor":[191,202,59,157,174,203,203,221,221,101,101,10,29,342,342,641,641,661,661,278,296,311,540,510,510,510,510,546,546,582,600,600,715,715,732,732,732,745,332,371,371,390,390,390,421,421,441,64,64,74,99,117,117,194,194,232,232,0,0,2],"floor_reached":61,"language":"ZHS","playtime":2043,"items_purged":["Normality","Strike_R","Strike_R","Strike_R","Defend_R"],"score":1779,"play_id":"dfc4e996-9333-47f6-80b3-c527cbfde04b","local_time":"20210202170900","is_ascension_mode":true,"campfire_choices":[{"data":"Armaments","floor":7,"key":"SMITH"},{"floor":15,"key":"RECALL"},{"data":"After Image","floor":25,"key":"SMITH"},{"data":"AT_Dispersion","floor":27,"key":"SMITH"},{"data":"REME_ACTH","floor":32,"key":"SMITH"},{"data":"Barricade","floor":41,"key":"SMITH"},{"data":"Night Terror","floor":46,"key":"SMITH"},{"data":"REME_MagicPocketWatch","floor":49,"key":"SMITH"},{"data":"Impervious","floor":55,"key":"SMITH"},{"data":"Demon Form","floor":57,"key":"SMITH"}],"circlet_count":0,"master_deck":["Defend_R","Defend_R+1","Defend_R","Bash","AT_Dispersion+1","After Image+1","Armaments+1","Heavy Blade","REME_ACTH+1","AT_EmpoweredMortalDraw","Night Terror+1","Barricade+1","AT_ShrugMaster+1","Impervious+1","Specialist+1","REME_MagicPocketWatch+1","Panacea+1","AT_BodySlamDance+1","Life Link+1","Madness","Madness+1","ReplayTheSpireMod:Corrosion Curse+1","Demon Form+1","Secret Technique","Inflame+1"],"relics":["Burning Blood","HushsDoor","ice","REME_ComplimentaryCards","AT_ATBox","SteamSale","AT_SeraphEmbrace","AT_RedTearstoneRing","Replay:Wax Seal","Gremlin Horn","Blue Candle","AT_GuinsooRageblade","Strawberry","AT_SunfireAegis","AT_MortalBlade","NineVolt","Replay:Bandana","BookOfRevelations","Prayer Wheel","Snack Pack","PillsDrop","GodSword1","Empty Cage","GuppysTail","GuppysPaw","Strange Spoon","War Paint","Durian","HandDrill","HowToJump","Omamori","AnarchistCookbook","Regal Pillow","AT_ImmortalShieldbow","AT_SilvercatRing","TheBattery","paleoftheancients:Timepiece","paleoftheancients:KeyRelic","Letter Opener","CultistMask","ReplayTheSpireMod:Ring of Challenge","MagicDraw2","paleoftheancients:SoulOfTheHexaghost","AT_TimeSand","BargainBundle"],"acts_visited":["Exordium","Gensokyo:Gensokyo","TheBeyond","TheBeyond"],"potions_floor_usage":[8,16,16,60,60],"damage_taken":[{"damage":9,"enemies":"Gensokyo:Python","floor":1,"turns":4},{"damage":13,"enemies":"Gensokyo:3_Fairies","floor":2,"turns":7},{"damage":10,"enemies":"Gensokyo:2_Kodama","floor":5,"turns":3},{"damage":13,"enemies":"Gensokyo:Mamizou","floor":6,"turns":10},{"damage":19,"enemies":"Gensokyo:5_Fairies","floor":8,"turns":4},{"damage":13,"enemies":"Gensokyo:CorruptedTreant","floor":13,"turns":6},{"damage":22,"enemies":"Gensokyo:2_Rabbits","floor":14,"turns":6},{"damage":12,"enemies":"Gensokyo:Kokoro","floor":16,"turns":10},{"damage":0,"enemies":"Gensokyo:2_Gloops","floor":18,"turns":2},{"damage":57,"enemies":"Gensokyo:CosmicMonolith","floor":21,"turns":7},{"damage":29,"enemies":"Gensokyo:Slime_Group","floor":22,"turns":3},{"damage":36,"enemies":"Gensokyo:Reisen","floor":23,"turns":4},{"damage":12,"enemies":"Gensokyo:Tenshi","floor":28,"turns":2},{"damage":27,"enemies":"Gensokyo:Koishi","floor":30,"turns":3},{"damage":0,"enemies":"Gensokyo:3_Gloops","floor":31,"turns":2},{"damage":0,"enemies":"Gensokyo:Eiki","floor":33,"turns":3},{"damage":0,"enemies":"3 Shapes","floor":35,"turns":2},{"damage":0,"enemies":"3 Darklings","floor":38,"turns":2},{"damage":0,"enemies":"R_Hoarder","floor":40,"turns":2},{"damage":0,"enemies":"Jaw Worm Horde","floor":42,"turns":2},{"damage":0,"enemies":"Nemesis","floor":45,"turns":3},{"damage":0,"enemies":"Maw","floor":47,"turns":2},{"damage":2,"enemies":"Replay:Hell Engine","floor":50,"turns":2},{"damage":0,"enemies":"Replay:Hell Engine","floor":51,"turns":2},{"damage":0,"enemies":"Replay:Hell Engine","floor":52,"turns":2},{"damage":0,"enemies":"Replay:Hell Engine","floor":56,"turns":2},{"damage":0,"enemies":"paleoftheancients:N","floor":60,"turns":3}],"seed_played":"1983723775055968447","potions_obtained":[{"floor":2,"key":"LiquidBronze"},{"floor":13,"key":"Venom Potion"},{"floor":14,"key":"Fire Potion"},{"floor":18,"key":"Ancient Potion"},{"floor":28,"key":"Adrenaline Potion"},{"floor":30,"key":"Strength Potion"},{"floor":40,"key":"EssenceOfSteel"},{"floor":52,"key":"Elixir"}],"is_trial":false,"path_per_floor":["M","M","$","?","M","E","R","M","T","$","?","COS","M","M","R","B",null,"M","?","COS","M","M","E","?","R","T","R","E","?","E","M","R","B",null,"M","?","?","M","$","E","R","M","T","?","E","R","M","$","R","B","M","M","?","T","R","M","R","$","?","B",null],"character_chosen":"IRONCLAD","items_purchased":["AT_ArchangelStaff","AT_RedTearstoneRing","AT_GuinsooRageblade","GuppysTail","GuppysPaw","Strange Spoon","War Paint","Durian","HandDrill","HowToJump","AT_ImmortalShieldbow","AT_SilvercatRing","TheBattery","AT_TimeSand","BargainBundle","Secret Technique","Inflame+1"],"campfire_rested":0,"item_purchase_floors":[3,3,10,34,34,39,39,39,39,39,48,48,48,58,58,58,58],"current_hp_per_floor":[69,62,62,30,26,19,19,82,82,82,79,79,72,56,56,50,94,100,90,90,39,16,105,105,105,105,105,99,99,78,87,87,97,97,99,99,89,95,100,105,105,102,102,89,97,97,105,105,105,107,107,110,110,110,110,110,110,110,110,113],"gold":2,"neow_bonus":"RANDOM_EVENT","is_daily":false,"chose_seed":false,"campfire_upgraded":9,"win_rate":0.0,"timestamp":1612256940,"path_taken":["M","M","$","?","M","E","R","M","T","?","?","COS","M","M","R","BOSS","M","?","COS","M","M","E","?","R","T","R","E","?","E","M","R","BOSS","M","?","?","M","$","E","R","M","T","?","E","R","?","$","R","BOSS","M","M","?","T","R","M","R","$","?","BOSS"],"items_purchased_type":["Relic","Relic","Relic","Relic","Relic","Relic","Relic","Relic","Relic","Relic","Relic","Relic","Relic","Relic","Relic","Card","Card"],"build_version":"2020-12-22","purchased_purges":5,"victory":true,"max_hp_per_floor":[80,80,80,80,80,80,80,82,82,82,89,89,93,107,107,114,109,109,109,109,116,118,123,123,123,123,123,126,116,119,122,122,124,97,99,99,99,100,105,105,105,102,102,102,106,106,106,106,106,107,107,110,110,110,110,110,110,110,110,113],"card_choices":[{"not_picked":["Abandon","Havoc","Flex"],"picked":"SKIP","floor":1},{"not_picked":["Headbutt","True Grit"],"picked":"Armaments","floor":2},{"not_picked":["Armaments","Flex"],"picked":"Heavy Blade","floor":4},{"not_picked":["Second Wind","Clothesline","Thunderclap"],"picked":"SKIP","floor":5},{"not_picked":["Berserk","Flame Barrier","Sentinel"],"picked":"SKIP","floor":6},{"not_picked":["Disarm","Abandon","Headbutt"],"picked":"SKIP","floor":8},{"not_picked":["Armaments","Battle Trance","Warcry"],"picked":"SKIP","floor":13},{"not_picked":["Spot Weakness","Clash","Havoc"],"picked":"SKIP","floor":14},{"not_picked":["Demonic Infusion","Impervious"],"picked":"REME_ACTH","floor":16},{"not_picked":["AT_ManFootWork","ReplayTheSpireMod:Strike From Hell","Wild Strike+1"],"picked":"SKIP","floor":18},{"not_picked":["Sword Boomerang+1","Defy Death+1","Havoc+1"],"picked":"SKIP","floor":21},{"not_picked":["ReplayTheSpireMod:Strike From Hell","ReplayTheSpireMod:Muscle Training","Run Through"],"picked":"SKIP","floor":21},{"not_picked":["Replay:Many Hands","True Grit","Fire Breathing"],"picked":"SKIP","floor":22},{"not_picked":["Whirlwind","Hemokinesis+1","AT_DrawKnifeCut"],"picked":"SKIP","floor":23},{"not_picked":["Impervious","Berserk"],"picked":"Barricade","floor":28},{"not_picked":["Rage","Pommel Strike+1","ReplayTheSpireMod:Strike From Hell+1"],"picked":"SKIP","floor":28},{"not_picked":["Wild Strike","ReplayTheSpireMod:Muscle Training","Shockwave"],"picked":"SKIP","floor":30},{"not_picked":["Cleave+1","Sword Boomerang+1"],"picked":"AT_ShrugMaster+1","floor":31},{"not_picked":["Hemogenesis","Wild Strike","Clothesline"],"picked":"SKIP","floor":31},{"not_picked":["Hemogenesis","Demonic Infusion"],"picked":"Impervious","floor":33},{"not_picked":["AT_BodySlamDance+1","Cleave+1","Inflame"],"picked":"SKIP","floor":35},{"not_picked":["Replay:Undeath\u0027s Touch","Perfected Strike","Sword Boomerang"],"picked":"SKIP","floor":35},{"not_picked":["REME_PuzzleBox","SuicideKing"],"picked":"Specialist","floor":37},{"not_picked":["AT_LightSaberMaster","ChaosCard"],"picked":"REME_MagicPocketWatch","floor":37},{"not_picked":["REME_ShortnessOfBreath","Replay:Parry"],"picked":"Panacea","floor":37},{"not_picked":["Clash+1","Flex"],"picked":"AT_BodySlamDance+1","floor":38},{"not_picked":["Warcry","Uppercut","REME_SingleHolding+1"],"picked":"SKIP","floor":38},{"not_picked":["Flex","Shrug It Off","AT_BodySlamDance"],"picked":"SKIP","floor":40},{"not_picked":["Perfected Strike+1","Ghostly Armor"],"picked":"Life Link+1","floor":42},{"not_picked":["Burning Pact+1","Headbutt+1","Shockwave"],"picked":"SKIP","floor":42},{"not_picked":["Run Through+1","Pummel","REME_SingleHolding"],"picked":"SKIP","floor":45},{"not_picked":["Barricade","Warcry","Perfected Strike"],"picked":"SKIP","floor":47},{"not_picked":["Pommel Strike+1","ReplayTheSpireMod:Strike From Hell","Double Tap"],"picked":"SKIP","floor":47},{"not_picked":["Wild Strike+1","Iron Wave","Whirlwind"],"picked":"SKIP","floor":51},{"not_picked":["Twin Strike+1","Anger+1","Abandon+1"],"picked":"SKIP","floor":51},{"not_picked":["Reaper","Havoc"],"picked":"ReplayTheSpireMod:Corrosion Curse+1","floor":52},{"not_picked":["Flex","Shockwave","Heavy Blade"],"picked":"SKIP","floor":52},{"not_picked":["REME_FearOfPain+1","Pommel Strike+1"],"picked":"Demon Form","floor":56},{"not_picked":["Twin Strike+1","Headbutt","Havoc"],"picked":"SKIP","floor":56}],"player_experience":143606,"relics_obtained":[{"floor":4,"key":"Replay:Wax Seal"},{"floor":6,"key":"Gremlin Horn"},{"floor":9,"key":"Blue Candle"},{"floor":23,"key":"BookOfRevelations"},{"floor":28,"key":"Snack Pack"},{"floor":30,"key":"GodSword1"},{"floor":40,"key":"Omamori"},{"floor":43,"key":"AnarchistCookbook"},{"floor":45,"key":"Regal Pillow"},{"floor":53,"key":"ReplayTheSpireMod:Ring of Challenge"},{"floor":54,"key":"MagicDraw2"},{"floor":56,"key":"paleoftheancients:SoulOfTheHexaghost"}],"event_choices":[{"damage_healed":0,"gold_gain":0,"player_choice":"Ignored","damage_taken":0,"max_hp_gain":0,"max_hp_loss":0,"event_name":"Tomb of Lord Red Mask","floor":36,"gold_loss":0},{"damage_healed":0,"gold_gain":0,"player_choice":"Memory 3","damage_taken":10,"max_hp_gain":0,"max_hp_loss":0,"event_name":"SensoryStone","floor":37,"gold_loss":0},{"damage_healed":0,"gold_gain":0,"player_choice":"Embrace Madness","damage_taken":13,"max_hp_gain":0,"max_hp_loss":0,"event_name":"Winding Halls","floor":44,"gold_loss":0,"cards_obtained":["Madness","Madness"]}],"is_beta":false,"boss_relics":[{"not_picked":["Velvet Choker","Cursed Key"],"picked":"AT_MortalBlade"},{"not_picked":[]},{"not_picked":["EasyGame_NEW","Pandora\u0027s Box"],"picked":"Empty Cage"},{"not_picked":[]}],"items_purged_floors":[3,17,34,48,58],"is_endless":false,"potions_floor_spawned":[2,13,14,18,28,30,31,33,35,40,47,51,52],"ascension_level":7}}