{"host":"vyiqbz5w606ur92t","time":1612240109,"event":{"mods":["BaseMod","Downfall","Minty Spire (QoL Compilation)","StSLib"],"gold_per_floor":[0,20,20,40,140,240,240,240,253,285,185,31,31,66,78,179,179,179,195,213,228,178,197,197,208,235,235,265,165,199,218,231,328,328,328,340,360,371,389,421,445,479,498,398,398,398,44,75,86,86,86,116,36,36,36,36],"floor_reached":57,"language":"ENG","playtime":6033,"items_purged":["Injury","Slimebound:ViciousTackle"],"score":1831,"play_id":"aa3d5c2b-f26e-4532-9f64-0176a8687979","local_time":"20210202042829","is_ascension_mode":true,"campfire_choices":[{"data":"Slimebound:OneTwoCombo","floor":1,"key":"SMITH"},{"floor":8,"key":"RECALL"},{"data":"Slimebound:Repurpose","floor":11,"key":"SMITH"},{"data":"Slimebound:MassFeed","floor":13,"key":"SMITH"},{"data":"Slimebound:Recycling","floor":18,"key":"SMITH"},{"floor":29,"key":"REST"},{"data":"Slimebound:LevelUp","floor":35,"key":"SMITH"},{"data":"Slimebound:SlimeBrawl","floor":44,"key":"SMITH"},{"data":"Slimebound:Nibble","floor":54,"key":"SMITH"}],"circlet_count":0,"master_deck":["Slimebound:Tackle","Slimebound:Split","Slimebound:CorrosiveSpit","Slimebound:Equalize","Slimebound:OneTwoCombo+1","Slimebound:SplitAcid","Slimebound:Repurpose+1","Slimebound:RainOfGoop","Slimebound:MassFeed+1","Slimebound:GoopSpray","Slimebound:MinionMaster","Slimebound:LevelUp+1","Slimebound:Darklings","Slimebound:Grow","Slimebound:SlimeBrawl+1","Slimebound:Recycling+1","Slimebound:WasteNot+1","Slimebound:PressTheAttack","Slimebound:ServeAndProtect+1","Slimebound:Prepare","Slimebound:Equalize+1","Slimebound:SplitLeeching","Slimebound:SlimeSpikes+1","Slimebound:SplitBruiser","Slimebound:Nibble+1","Slimebound:SlimeSpikes+1","Slimebound:MinionMaster","Slimebound:LeadByExample+1","Slimebound:GoopSpray+1","Slimebound:Nibble+1","Slimebound:HungryTackle+1","Slimebound:SlimeTap+1","expansioncontent:AwakenDeath","Slimebound:SamplingLick+1","Slimebound:SplitAcid","Slimebound:SplitMire+1","Slimebound:SelfFormingGoo","Slimebound:DivideAndConquer+1"],"relics":["Slimebound:AbsorbEndCombat","Unceasing Top","The Courier","downfall:HeartBlessingRed","Mummified Hand","Pandora\u0027s Box","Art of War","FossilizedHelix","Slimebound:AggressiveSlimeRelic","downfall:HeartBlessingGreen","Bottled Tornado","Cursed Key","War Paint","Orichalcum","downfall:HeartBlessingBlue","Dead Branch","Bag of Marbles","Slimebound:MaxSlimesRelic","Anchor","White Beast Statue"],"acts_visited":["Exordium","TheCity","TheBeyond","TheEnding"],"potions_floor_usage":[10,14,16,16,28,33,33,39,42,56,56],"damage_taken":[{"damage":0,"enemies":"2 Louse","floor":2,"turns":2},{"damage":7,"enemies":"Jaw Worm","floor":4,"turns":2},{"damage":0,"enemies":"Small Slimes","floor":9,"turns":2},{"damage":20,"enemies":"Lagavulin","floor":10,"turns":5},{"damage":0,"enemies":"downfall:FleeingMerchant","floor":12,"turns":4},{"damage":21,"enemies":"Gremlin Nob","floor":14,"turns":3},{"damage":12,"enemies":"Gremlin Gang","floor":15,"turns":2},{"damage":49,"enemies":"DF_ARCHETYPE_STREAMLINE","floor":16,"turns":9},{"damage":17,"enemies":"Chosen","floor":19,"turns":5},{"damage":27,"enemies":"Snake Plant","floor":20,"turns":2},{"damage":14,"enemies":"Shelled Parasite and Fungi","floor":21,"turns":3},{"damage":15,"enemies":"Cultist and Chosen","floor":23,"turns":3},{"damage":0,"enemies":"Sentry and Sphere","floor":25,"turns":4},{"damage":33,"enemies":"Book of Stabbing","floor":26,"turns":5},{"damage":41,"enemies":"Slavers","floor":28,"turns":3},{"damage":28,"enemies":"Book of Stabbing","floor":30,"turns":5},{"damage":7,"enemies":"Shelled Parasite and Fungi","floor":31,"turns":2},{"damage":0,"enemies":"Centurion and Healer","floor":32,"turns":4},{"damage":11,"enemies":"IC_MUSHROOM_ARCHETYPE","floor":33,"turns":4},{"damage":23,"enemies":"3 Shapes","floor":36,"turns":2},{"damage":0,"enemies":"Orb Walker","floor":37,"turns":2},{"damage":0,"enemies":"Transient","floor":38,"turns":5},{"damage":0,"enemies":"Writhing Mass","floor":39,"turns":2},{"damage":0,"enemies":"Nemesis","floor":40,"turns":5},{"damage":52,"enemies":"Reptomancer","floor":42,"turns":5},{"damage":31,"enemies":"Jaw Worm Horde","floor":43,"turns":3},{"damage":0,"enemies":"downfall:FleeingMerchant","floor":47,"turns":4},{"damage":0,"enemies":"Nemesis","floor":48,"turns":1},{"damage":0,"enemies":"Sphere and 2 Shapes","floor":49,"turns":3},{"damage":0,"enemies":"WA_ARCHETYPE_DIVINITY","floor":50,"turns":3},{"damage":0,"enemies":"downfall:CharBossMerchant","floor":52,"turns":3},{"damage":0,"enemies":"downfall:NeowBoss","floor":55,"turns":6},{"damage":99,"enemies":"downfall:NeowBossFinal","floor":56,"turns":5}],"seed_played":"-1180031645721712446","potions_obtained":[{"floor":9,"key":"SneckoOil"},{"floor":10,"key":"AttackPotion"},{"floor":14,"key":"BlessingOfTheForge"},{"floor":15,"key":"EssenceOfSteel"},{"floor":20,"key":"ColorlessPotion"},{"floor":21,"key":"CultistPotion"},{"floor":25,"key":"SteroidPotion"},{"floor":31,"key":"Strength Potion"},{"floor":37,"key":"hexamod:SoulburnPotion"},{"floor":38,"key":"Weak Potion"},{"floor":40,"key":"LiquidBronze"},{"floor":43,"key":"Energy Potion"}],"is_trial":false,"path_per_floor":["R","M","?","M","?","?","T","R","M","E","R","$","R","E","M","B",null,"R","M","M","M","?","M","T","M","E","?","E","R","E","M","M","B",null,"R","M","M","M","M","E","T","E","M","R","?","?","$","E","M","B",null,"E","$","R","B","B",null],"character_chosen":"SLIMEBOUND","items_purchased":["Slimebound:MassFeed","Slimebound:GoopSpray","Dead Branch","Slimebound:SplitAcid","Bag of Marbles","Slimebound:MaxSlimesRelic"],"campfire_rested":1,"item_purchase_floors":[12,12,47,47,47,47],"current_hp_per_floor":[59,65,65,65,65,65,65,65,65,50,50,62,62,53,57,30,65,65,54,33,23,53,52,52,72,61,61,38,64,58,55,71,64,83,83,70,72,89,89,89,89,53,36,46,46,46,66,72,92,106,107,107,107,107,107,8],"gold":36,"neow_bonus":"TRANSFORM_TWO_CARDS","is_daily":false,"chose_seed":false,"campfire_upgraded":7,"win_rate":0.0,"timestamp":1612240109,"path_taken":["R","M","?","M","?","?","T","R","M","E","R","$","R","E","M","BOSS","R","M","M","?","?","M","T","M","E","?","E","R","E","M","M","BOSS","R","M","M","M","M","E","T","E","M","R","?","?","$","E","M","BOSS","E","$","R","BOSS","BOSS"],"items_purchased_type":["Card","Card","Relic","Card","Relic","Relic"],"build_version":"2020-12-22","purchased_purges":2,"victory":true,"max_hp_per_floor":[65,65,65,65,65,65,65,65,65,65,65,65,65,65,73,77,77,77,81,81,81,81,81,81,81,85,85,89,89,89,89,89,89,89,89,89,89,89,89,89,89,89,89,99,99,99,103,103,107,107,107,107,107,107,107,107],"card_choices":[{"not_picked":["Slimebound:FinishingTackle","Slimebound:GoopTackle"],"picked":"Slimebound:SplitAcid","floor":2},{"not_picked":["Slimebound:BestDefense","Slimebound:LeechingTouch","Slimebound:GoopTackle"],"picked":"SKIP","floor":4},{"not_picked":["Slimebound:ItLooksTasty","Slimebound:MegaLick"],"picked":"Slimebound:Repurpose","floor":9},{"not_picked":["Slimebound:ForwardTackle","Slimebound:ViciousTackle","Slimebound:Schlurp"],"picked":"SKIP","floor":10},{"not_picked":["Slimebound:LeechingTouch","Slimebound:SlimeSpikes"],"picked":"Slimebound:RainOfGoop","floor":12},{"not_picked":["Slimebound:Chomp","Slimebound:HungryTackle"],"picked":"Slimebound:MinionMaster","floor":14},{"not_picked":["Slimebound:Schlurp","Slimebound:GoopTackle"],"picked":"Slimebound:LevelUp","floor":15},{"not_picked":["Slimebound:DuplicatedForm","Slimebound:CheckThePlaybook"],"picked":"Slimebound:Darklings","floor":16},{"not_picked":["Slimebound:GoopTackle","Slimebound:Grow"],"picked":"Slimebound:PressTheAttack","floor":19},{"not_picked":["Slimebound:Schlurp","Slimebound:GrowthPunch"],"picked":"Slimebound:ServeAndProtect","floor":20},{"not_picked":["Slimebound:Replication+1","Slimebound:ComboTackle"],"picked":"Slimebound:Prepare","floor":21},{"not_picked":["Slimebound:FirmFortitude","Slimebound:Chomp+1"],"picked":"Slimebound:Equalize+1","floor":23},{"not_picked":["Slimebound:MegaLick","Slimebound:SlimeSpikes"],"picked":"Slimebound:SplitLeeching","floor":25},{"not_picked":["Slimebound:SamplingLick","Slimebound:ComboTackle+1"],"picked":"Slimebound:SlimeSpikes+1","floor":26},{"not_picked":["Slimebound:FinishingTackle","Slimebound:ItLooksTasty","Slimebound:FormOfPuddle"],"picked":"SKIP","floor":28},{"not_picked":["Slimebound:GoopTackle","Slimebound:Dissolve","Slimebound:SplitBruiser"],"picked":"SKIP","floor":30},{"not_picked":["Slimebound:GoopTackle","Slimebound:Dissolve"],"picked":"Slimebound:SplitBruiser","floor":30},{"not_picked":["Slimebound:ItLooksTasty+1","Slimebound:SlimeSpikes"],"picked":"Slimebound:Nibble","floor":31},{"not_picked":["Slimebound:SplitLeeching","Slimebound:LivingWall"],"picked":"Slimebound:SlimeSpikes+1","floor":32},{"not_picked":["Slimebound:CheckThePlaybook","Slimebound:OozeBath"],"picked":"Slimebound:MinionMaster","floor":33},{"not_picked":["Slimebound:GoopTackle+1","Slimebound:ViciousTackle+1"],"picked":"Slimebound:LeadByExample+1","floor":36},{"not_picked":["Slimebound:ServeAndProtect","Slimebound:ItLooksTasty"],"picked":"Slimebound:GoopSpray+1","floor":37},{"not_picked":["Slimebound:SlimeTap","Slimebound:LeechingTouch+1","Slimebound:SamplingLick"],"picked":"SKIP","floor":38},{"not_picked":["Slimebound:RejuvenatingLick+1","Slimebound:HauntingLick"],"picked":"Slimebound:Nibble+1","floor":39},{"not_picked":["Slimebound:LivingWall+1","Slimebound:RejuvenatingLick+1"],"picked":"Slimebound:LevelUp","floor":40},{"not_picked":["Slimebound:FormOfPuddle+1","Slimebound:FinishingTackle"],"picked":"Slimebound:HungryTackle+1","floor":42},{"not_picked":["Slimebound:PrepareCrush","Slimebound:FinishingTackle"],"picked":"Slimebound:SlimeTap+1","floor":43},{"not_picked":["expansioncontent:GuardianWhirl","expansioncontent:PolyBeam"],"picked":"expansioncontent:AwakenDeath","floor":45},{"not_picked":["Slimebound:MinionMaster","Slimebound:FirmFortitude"],"picked":"Slimebound:SamplingLick+1","floor":47},{"not_picked":["Slimebound:FinishingTackle+1","Slimebound:RollThrough"],"picked":"Slimebound:SplitMire+1","floor":48},{"not_picked":["Slimebound:Dissolve","Slimebound:GoopTackle"],"picked":"Slimebound:SelfFormingGoo","floor":49},{"not_picked":["Slimebound:SlimeSpikes+1","Slimebound:SplitAcid"],"picked":"Slimebound:DivideAndConquer+1","floor":52}],"player_experience":1355626,"relics_obtained":[{"floor":7,"key":"Unceasing Top"},{"floor":10,"key":"The Courier"},{"floor":14,"key":"Mummified Hand"},{"floor":24,"key":"Art of War"},{"floor":26,"key":"FossilizedHelix"},{"floor":28,"key":"Slimebound:AggressiveSlimeRelic"},{"floor":30,"key":"Bottled Tornado"},{"floor":40,"key":"War Paint"},{"floor":42,"key":"Orichalcum"},{"floor":48,"key":"Anchor"},{"floor":52,"key":"White Beast Statue"}],"event_choices":[{"cards_removed":["Slimebound:LevelUp"],"damage_healed":0,"gold_gain":0,"player_choice":"Removed Power","damage_taken":0,"max_hp_gain":0,"max_hp_loss":0,"event_name":"Falling","floor":46,"gold_loss":0}],"is_beta":false,"boss_relics":[{"not_picked":["SacredBark","Tiny House"],"picked":"Pandora\u0027s Box"},{"not_picked":["bronze:MakeshiftBattery","Astrolabe"],"picked":"Cursed Key"}],"items_purged_floors":[47,53],"is_endless":false,"potions_floor_spawned":[9,10,14,15,20,21,25,31,37,38,40,43,48],"ascension_level":6}}