{"host":"065qd6lm2zi3e66e","time":1612246763,"event":{"mods":["2.2 Compatiblity","A Magickal Journey","AYAYA","Act Like it!","Art Attack!","Bard","BaseMod","Beaked The Cultist","Bestiary","CapriCore","CatGirl Mod","ChefMod","Chen","Colored Map","Colored Powertips","Curses Come First","Displayed Cursed Tome","Ekko","Eldritch Tears","Fiend Mod","Fox Events","FutureSeer","Glutton Mod","Gremlin Mod","Hero for Fun","HornydragonMod","JesterMod","Kalas","KinomotoSakuraMod(????)","Luminous","Mad Scientist","Magitek Elite","Minty Spire (QoL Compilation)","Rare Cards Sparkle","Relic Stats","StSLib","The Accelerator","The Death Knight","The Dragon Tamer","The Gatherer","The Hayseed","The Hierophant","TheWitcher"],"gold_per_floor":[116,42,42,42,95,176,176,207,207,220,244,287,302,386,386,566,566,581,581,354,386,386,442,481,481,481,481,156,156,212,212,212,401,401,487,525,525,260,334,445,445,468,495,495,526,658,356,464,464,482,482,482,23,57,57],"floor_reached":56,"language":"ENG","playtime":3024,"items_purged":["Glutton:Strike","Glutton:Strike","Glutton:Strike","Glutton:Strike","Glutton:Strike"],"score":1424,"play_id":"6b6a4cc9-72cd-4d44-98c3-54ef26e4a27d","local_time":"20210202001923","is_ascension_mode":false,"campfire_choices":[{"data":"Glutton:Chomp","floor":7,"key":"SMITH"},{"data":"Glutton:Malignancy","floor":15,"key":"SMITH"},{"data":"Glutton:LashOut","floor":25,"key":"SMITH"},{"data":"Glutton:Hoard","floor":27,"key":"SMITH"},{"data":"Glutton:Clot","floor":32,"key":"SMITH"},{"floor":41,"key":"RECALL"},{"data":"Glutton:ToxicResidue","floor":49,"key":"SMITH"},{"data":"Glutton:BellySlam","floor":52,"key":"SMITH"}],"circlet_count":0,"master_deck":["Glutton:Strike","Glutton:Defend","Glutton:Defend","Glutton:Defend","Glutton:Flail","Glutton:Chomp+1","Glutton:Hoard+1","Glutton:LashOut+1","Glutton:Clot+1","Glutton:Treat","Glutton:Brace","Glutton:DistilledAgony","Glutton:Malignancy+1","Glutton:GuardStance","Glutton:Devour","Glutton:Reminisce","Necronomicurse","Glutton:Mug","Glutton:Devour","Glutton:EatAlive","Glutton:ToxicResidue+1","Glutton:SelfFlagellate+1","Glutton:Masochism+1","Glutton:Feed+1","Glutton:Nostalgia","Glutton:BellySlam+1","Glutton:ToxicResidue+1","Glutton:Salivate+1","Enlightenment"],"relics":["Glutton:EternalHunger","Golden Idol","StrikeDummy","beaked:ShinyBauble","Glutton:LuckySock","Bronze Scales","HornCleat","Velvet Choker","Necronomicon","Singing Bowl","Prayer Wheel","Membership Card","Gremlin Horn","Sundial","Runic Pyramid","Lee\u0027s Waffle","Kunai","Guard_Bracelet","Art of War","Lantern","Gambling Chip","Pen Nib","FossilizedHelix","Letter Opener","ClockworkSouvenir","Shuriken","Eternal Feather","Blood Vial"],"acts_visited":["Exordium","TheCity","TheBeyond","TheEnding"],"potions_floor_usage":[6,12,12,36,36,55,55],"damage_taken":[{"damage":10,"enemies":"Small Slimes","floor":1,"turns":3},{"damage":26,"enemies":"Jaw Worm","floor":5,"turns":6},{"damage":88,"enemies":"Lagavulin","floor":6,"turns":7},{"damage":35,"enemies":"3 Sentries","floor":8,"turns":6},{"damage":10,"enemies":"2 Louse","floor":10,"turns":3},{"damage":13,"enemies":"Exordium Thugs","floor":11,"turns":3},{"damage":18,"enemies":"Gremlin Nob","floor":12,"turns":3},{"damage":20,"enemies":"Blue Slaver","floor":13,"turns":3},{"damage":47,"enemies":"3 Sentries","floor":14,"turns":6},{"damage":31,"enemies":"The Guardian","floor":16,"turns":10},{"damage":10,"enemies":"3 Byrds","floor":18,"turns":3},{"damage":24,"enemies":"Shell Parasite","floor":21,"turns":2},{"damage":33,"enemies":"Slavers","floor":23,"turns":6},{"damage":18,"enemies":"Centurion and Healer","floor":24,"turns":2},{"damage":26,"enemies":"Gremlin Leader","floor":30,"turns":4},{"damage":78,"enemies":"Collector","floor":33,"turns":7},{"damage":37,"enemies":"3 Shapes","floor":35,"turns":5},{"damage":29,"enemies":"3 Darklings","floor":36,"turns":4},{"damage":12,"enemies":"Jaw Worm Horde","floor":39,"turns":5},{"damage":87,"enemies":"beaked:SuperParasite","floor":40,"turns":8},{"damage":22,"enemies":"Spire Growth","floor":42,"turns":3},{"damage":25,"enemies":"Reptomancer","floor":45,"turns":3},{"damage":45,"enemies":"2 Orb Walkers","floor":46,"turns":5},{"damage":10,"enemies":"Giant Head","floor":48,"turns":6},{"damage":22,"enemies":"Time Eater","floor":50,"turns":7},{"damage":12,"enemies":"Shield and Spear","floor":54,"turns":5},{"damage":80,"enemies":"The Heart","floor":55,"turns":7}],"seed_played":"3364160473546573542","potions_obtained":[{"floor":1,"key":"Regen Potion"},{"floor":8,"key":"EssenceOfSteel"},{"floor":10,"key":"Fire Potion"},{"floor":11,"key":"Swift Potion"},{"floor":13,"key":"Fire Potion"},{"floor":30,"key":"Block Potion"},{"floor":39,"key":"SpeedPotion"},{"floor":40,"key":"LiquidBronze"},{"floor":42,"key":"BlessingOfTheForge"}],"is_trial":false,"path_per_floor":["M","$","?","?","M","E","R","E","T","M","M","E","M","E","R","B",null,"M","?","$","M","T","E","M","R","T","R","$","?","E","?","R","B",null,"M","M","?","$","M","E","R","M","T","?","E","?","$","E","R","B",null,"R","$","E","B",null],"character_chosen":"GLUTTON","items_purchased":["Glutton:Hoard","Glutton:Mug","GamblersBrew","Membership Card","Gremlin Horn","Lee\u0027s Waffle","Kunai","Pen Nib","FossilizedHelix","ClockworkSouvenir","Enlightenment","Shuriken","Eternal Feather"],"campfire_rested":0,"item_purchase_floors":[2,20,20,28,28,38,38,47,47,53,53,53,53],"current_hp_per_floor":[122,122,122,115,105,47,47,34,34,39,48,52,54,39,39,46,131,129,113,113,109,109,117,137,137,137,137,137,137,140,140,140,87,141,150,177,177,184,201,174,174,197,197,197,223,235,235,261,261,306,307,307,307,349,312],"gold":57,"neow_bonus":"TEN_PERCENT_HP_BONUS","is_daily":false,"chose_seed":false,"campfire_upgraded":7,"win_rate":0.0,"timestamp":1612246763,"path_taken":["M","$","?","?","M","E","R","E","T","M","M","E","M","E","R","BOSS","M","?","$","M","?","E","M","R","T","R","$","?","E","?","R","BOSS","M","M","?","$","M","E","R","M","T","?","E","?","?","E","R","BOSS","R","$","E","BOSS"],"items_purchased_type":["Card","Card","Potion","Relic","Relic","Relic","Relic","Relic","Relic","Relic","Card","Relic","Relic"],"build_version":"2020-12-22","purchased_purges":5,"victory":true,"max_hp_per_floor":[132,132,122,122,122,122,122,123,123,124,125,126,127,130,130,131,131,132,132,132,132,132,135,137,137,137,137,137,137,140,140,140,141,141,156,177,177,184,201,225,225,226,226,226,229,244,244,262,262,307,307,307,307,351,353],"relic_stats":{"Lee\u0027s Waffle":7,"Singing Bowl":14,"Gremlin Horn":[17,17],"counters":[27,132],"Golden Idol":231,"Eternal Feather":0,"Pen Nib":[4],"Letter Opener":[20],"Blood Vial":2,"Sundial":[4],"Shuriken":[2],"Bronze Scales":[398],"Gambling Chip":[9],"Prayer Wheel":5,"Necronomicon":[42],"Art of War":[4],"Kunai":[16],"obtain_stats":[{"beaked:ShinyBauble":8,"Lantern":45,"Glutton:LuckySock":9,"Singing Bowl":22,"Gremlin Horn":28,"ClockworkSouvenir":53,"Blood Vial":54,"HornCleat":14,"Sundial":30,"Gambling Chip":46,"Prayer Wheel":23,"Necronomicon":19,"Kunai":38,"Runic Pyramid":34,"Glutton:EternalHunger":0,"Lee\u0027s Waffle":38,"Golden Idol":3,"Velvet Choker":17,"Eternal Feather":53,"Pen Nib":47,"Letter Opener":48,"Shuriken":53,"Bronze Scales":12,"Art of War":43,"Membership Card":28,"Guard_Bracelet":40,"StrikeDummy":6,"FossilizedHelix":47},{"beaked:ShinyBauble":4,"Lantern":22,"Glutton:LuckySock":4,"Singing Bowl":12,"Gremlin Horn":14,"ClockworkSouvenir":25,"Blood Vial":26,"HornCleat":9,"Sundial":15,"Gambling Chip":23,"Prayer Wheel":13,"Necronomicon":11,"Kunai":18,"Runic Pyramid":16,"Glutton:EternalHunger":0,"Lee\u0027s Waffle":18,"Golden Idol":1,"Velvet Choker":10,"Eternal Feather":25,"Pen Nib":23,"Letter Opener":24,"Shuriken":25,"Bronze Scales":7,"Art of War":21,"Membership Card":14,"Guard_Bracelet":20,"StrikeDummy":3,"FossilizedHelix":23},{"beaked:ShinyBauble":22,"Lantern":102,"Glutton:LuckySock":22,"Singing Bowl":55,"Gremlin Horn":63,"ClockworkSouvenir":120,"Blood Vial":125,"HornCleat":40,"Sundial":67,"Gambling Chip":107,"Prayer Wheel":61,"Necronomicon":53,"Kunai":83,"Runic Pyramid":74,"Glutton:EternalHunger":0,"Lee\u0027s Waffle":83,"Golden Idol":3,"Velvet Choker":50,"Eternal Feather":120,"Pen Nib":107,"Letter Opener":113,"Shuriken":120,"Bronze Scales":31,"Art of War":99,"Membership Card":63,"Guard_Bracelet":96,"StrikeDummy":16,"FossilizedHelix":107}]},"card_choices":[{"not_picked":["Glutton:Thrombosis","Glutton:ShareWeakness"],"picked":"Glutton:Chomp","floor":1},{"not_picked":["Glutton:Salivate","Glutton:Thrombosis"],"picked":"Glutton:LashOut","floor":5},{"not_picked":["Glutton:ToxicResidue","Glutton:Thrombosis"],"picked":"Glutton:Clot","floor":6},{"not_picked":["Glutton:SelfFlagellate","Glutton:ShareWeakness"],"picked":"Glutton:Treat","floor":8},{"not_picked":["Glutton:Treat","Glutton:FragileMight"],"picked":"Glutton:Brace","floor":10},{"not_picked":["Glutton:Yearn","Glutton:FeebleKick"],"picked":"Glutton:DistilledAgony","floor":11},{"not_picked":["Glutton:Demolish","Glutton:GoldenArmor"],"picked":"Glutton:Malignancy","floor":12},{"not_picked":["Glutton:Demolish","Glutton:Thrombosis"],"picked":"Glutton:GuardStance","floor":13},{"not_picked":["Glutton:Tumor","Glutton:Demolish"],"picked":"Glutton:Devour","floor":14},{"not_picked":["Glutton:Retaliation","Glutton:Malignancy"],"picked":"Glutton:Reminisce","floor":16},{"not_picked":["Glutton:Slam","Glutton:Devour","Glutton:Dispepsia"],"picked":"SKIP","floor":18},{"not_picked":["Glutton:Regurgitate+1","Glutton:LashOut","Glutton:DistilledAgony"],"picked":"SKIP","floor":21},{"not_picked":["Glutton:Enfeeblement","Glutton:GoldenArmor+1","Glutton:Brace"],"picked":"Singing Bowl","floor":23},{"not_picked":["Glutton:Demolish","Glutton:SelfFlagellate","Glutton:Slam"],"picked":"Singing Bowl","floor":24},{"not_picked":["Glutton:LashOut","Glutton:Delusion+1"],"picked":"Glutton:Devour","floor":24},{"not_picked":["Glutton:Retaliation","Glutton:LashOut","Glutton:KneeJerk+1"],"picked":"Singing Bowl","floor":30},{"not_picked":["Glutton:Reminisce","Glutton:Avarice"],"picked":"Glutton:EatAlive","floor":33},{"not_picked":["Glutton:Yearn","Glutton:Clot+1"],"picked":"Glutton:ToxicResidue+1","floor":35},{"not_picked":["Glutton:Clot+1","Glutton:Rest"],"picked":"Glutton:SelfFlagellate+1","floor":35},{"not_picked":["Glutton:Scab","Glutton:Dispepsia"],"picked":"Glutton:Borborygmi","floor":36},{"not_picked":["Glutton:Delusion","Glutton:Migraine"],"picked":"Glutton:Masochism+1","floor":36},{"not_picked":["Glutton:Misery+1","Glutton:SelfFlagellate+1","Glutton:GnawingHunger"],"picked":"Singing Bowl","floor":39},{"not_picked":["Glutton:Devour","Glutton:Rest+1"],"picked":"Glutton:Feed+1","floor":39},{"not_picked":["Glutton:GnawingHunger","Glutton:GuardStance"],"picked":"Glutton:Nostalgia","floor":40},{"not_picked":["Glutton:Thrombosis+1","Glutton:Masochism"],"picked":"Glutton:BellySlam","floor":42},{"not_picked":["Glutton:Torment+1","Glutton:Treat+1"],"picked":"Glutton:ToxicResidue","floor":42},{"not_picked":["Glutton:Strain","Glutton:Voracity+1","Glutton:DecrepitStrike"],"picked":"Singing Bowl","floor":45},{"not_picked":["Glutton:Delusion","Glutton:PainMeditation+1"],"picked":"Glutton:Salivate+1","floor":46},{"not_picked":["Glutton:Migraine+1","Glutton:GnawingHunger","Glutton:BloodyKnuckle"],"picked":"Singing Bowl","floor":48},{"not_picked":["Glutton:Masochism","Glutton:Tantrum","Glutton:Feed+1"],"picked":"Singing Bowl","floor":54}],"player_experience":716249,"relics_obtained":[{"floor":6,"key":"StrikeDummy"},{"floor":8,"key":"beaked:ShinyBauble"},{"floor":9,"key":"Glutton:LuckySock"},{"floor":12,"key":"Bronze Scales"},{"floor":14,"key":"HornCleat"},{"floor":22,"key":"Singing Bowl"},{"floor":23,"key":"Prayer Wheel"},{"floor":30,"key":"Sundial"},{"floor":40,"key":"Guard_Bracelet"},{"floor":43,"key":"Art of War"},{"floor":45,"key":"Lantern"},{"floor":46,"key":"Gambling Chip"},{"floor":48,"key":"Letter Opener"},{"floor":54,"key":"Blood Vial"}],"event_choices":[{"damage_healed":0,"gold_gain":0,"player_choice":"Lose Max HP","damage_taken":0,"relics_obtained":["Golden Idol"],"max_hp_gain":0,"max_hp_loss":10,"event_name":"Golden Idol","floor":3,"gold_loss":0},{"cards_removed":["ArtAttackMod:ArtAttack"],"damage_healed":0,"gold_gain":0,"player_choice":"Card Removal","damage_taken":7,"max_hp_gain":0,"max_hp_loss":0,"event_name":"Golden Wing","floor":4,"gold_loss":0},{"damage_healed":0,"gold_gain":0,"player_choice":"Obtained Book","damage_taken":16,"max_hp_gain":0,"max_hp_loss":0,"event_name":"Cursed Tome","floor":19,"gold_loss":0},{"damage_healed":0,"gold_gain":0,"player_choice":"Ignored","damage_taken":0,"max_hp_gain":0,"max_hp_loss":0,"event_name":"Vampires","floor":29,"gold_loss":0},{"damage_healed":0,"gold_gain":0,"player_choice":"Ignored","damage_taken":0,"max_hp_gain":0,"max_hp_loss":0,"event_name":"Tomb of Lord Red Mask","floor":37,"gold_loss":0},{"cards_removed":["Glutton:Borborygmi"],"damage_healed":0,"gold_gain":0,"player_choice":"Removed Attack","damage_taken":0,"max_hp_gain":0,"max_hp_loss":0,"event_name":"Falling","floor":44,"gold_loss":0},{"damage_healed":0,"gold_gain":0,"player_choice":"Fight","damage_taken":0,"max_hp_gain":0,"max_hp_loss":0,"event_name":"Mysterious Sphere","floor":46,"gold_loss":0}],"is_beta":false,"boss_relics":[{"not_picked":["Tiny House","Sozu"],"picked":"Velvet Choker"},{"not_picked":["Golden_Hairpin","beaked:SacredDeck"],"picked":"Runic Pyramid"}],"items_purged_floors":[20,28,38,47,53],"is_endless":false,"potions_floor_spawned":[1,8,10,11,13,23,30,33,39,40,42,48,54],"ascension_level":0}}