{"host":"rq7gz685gkaokql0","time":1612300120,"event":{"mods":["BaseMod","Hubris","Infinite Spire","Minty Spire (QoL Compilation)","Replay The Spire","StSLib"],"gold_per_floor":[117,117,117,117,23,66,95,141,141,147,147],"floor_reached":10,"language":"ENG","playtime":277,"items_purged":[],"score":148,"play_id":"832529be-d840-4a6f-83f1-3afdc69f489b","local_time":"20210202110840","is_ascension_mode":true,"campfire_choices":[],"circlet_count":0,"master_deck":["AscendersBane","Strike_R+1","Strike_R","Strike_R","Strike_R","Strike_R","Defend_R","Defend_R","Defend_R","Defend_R","Bash","Perfected Strike+1","Armaments","Perfected Strike","Hemokinesis","hubris:SharpeningStone","Juggernaut"],"relics":["Burning Blood","Lizard Tail","CeramicFish","Replay:Bandana","Kunai","hubris:AstralHammer"],"acts_visited":["Exordium"],"potions_floor_usage":[],"damage_taken":[{"damage":16,"enemies":"Jaw Worm","floor":1,"turns":4},{"damage":14,"enemies":"Replay:BlueRogue","floor":6,"turns":4},{"damage":3,"enemies":"2 Louse","floor":7,"turns":2},{"damage":57,"enemies":"3 Sentries","floor":8,"turns":12},{"damage":38,"enemies":"Lagavulin","floor":10,"turns":5}],"seed_played":"-6247243658100268595","potions_obtained":[{"floor":7,"key":"Elixir"}],"is_trial":false,"path_per_floor":["M","?","?","?","$","E","M","E","T","E"],"character_chosen":"IRONCLAD","items_purchased":["Armaments","Perfected Strike"],"campfire_rested":0,"item_purchase_floors":[5,5],"current_hp_per_floor":[58,51,28,23,23,15,18,24,24,0,0],"gold":147,"neow_bonus":"RANDOM_EVENT","is_daily":false,"chose_seed":false,"campfire_upgraded":0,"win_rate":0.0,"timestamp":1612300120,"path_taken":["M","?","?","?","$","E","?","E","T","E"],"items_purchased_type":["Card","Card"],"build_version":"2020-12-22","purchased_purges":0,"victory":false,"max_hp_per_floor":[75,75,75,75,75,75,75,75,75,75,75],"card_choices":[{"not_picked":["Havoc","Clothesline"],"picked":"Perfected Strike","floor":1},{"not_picked":["Anger","True Grit"],"picked":"Hemokinesis","floor":6},{"not_picked":["Armaments","Wild Strike"],"picked":"hubris:SharpeningStone","floor":7},{"not_picked":["Body Slam","Pommel Strike"],"picked":"Juggernaut","floor":8}],"player_experience":1236532,"relics_obtained":[{"floor":6,"key":"Replay:Bandana"},{"floor":8,"key":"Kunai"},{"floor":9,"key":"hubris:AstralHammer"}],"event_choices":[{"damage_healed":0,"gold_gain":0,"player_choice":"Box","damage_taken":0,"relics_obtained":["Lizard Tail"],"max_hp_gain":0,"max_hp_loss":0,"event_name":"Big Fish","floor":0,"gold_loss":0,"cards_obtained":["Regret"]},{"cards_removed":["Regret"],"damage_healed":0,"gold_gain":0,"player_choice":"Card Removal","damage_taken":7,"max_hp_gain":0,"max_hp_loss":0,"event_name":"Golden Wing","floor":2,"gold_loss":0},{"damage_healed":0,"gold_gain":0,"player_choice":"Entered Light","damage_taken":23,"max_hp_gain":0,"max_hp_loss":0,"event_name":"Shining Light","floor":3,"gold_loss":0,"cards_upgraded":["Perfected Strike","Strike_R"]},{"damage_healed":0,"gold_gain":0,"player_choice":"Success","damage_taken":5,"relics_obtained":["CeramicFish"],"max_hp_gain":0,"max_hp_loss":0,"event_name":"Scrap Ooze","floor":4,"gold_loss":0}],"is_beta":false,"boss_relics":[],"items_purged_floors":[],"is_endless":false,"potions_floor_spawned":[7],"killed_by":"Lagavulin","ascension_level":20}}