{"host":"4pckc3u5mqcilakq","time":1612293291,"event":{"mods":["AchievementEnabler","BaseMod","Bestiary","Colored Map","Colored Powertips","Highlight Path","Minty Spire (QoL Compilation)","Quick Restart","Relic Stats"],"gold_per_floor":[17,17,92,18,18,47,67,67,67,67,93,108,139,89,89,193,193,211,231,241,254,266,295,0,31,79,112,112,112,112,112],"floor_reached":30,"language":"ENG","playtime":1300,"items_purged":["Defend_R"],"score":526,"play_id":"f9988fad-22b5-40da-a787-b9c2e537f7f5","local_time":"20210202221451","is_ascension_mode":true,"campfire_choices":[{"data":"Cleave","floor":8.0,"key":"SMITH"},{"data":"Demon Form","floor":10.0,"key":"SMITH"},{"data":"Warcry","floor":15.0,"key":"SMITH"},{"data":"Feed","floor":28,"key":"SMITH"}],"circlet_count":0,"master_deck":["Strike_R","Strike_R","Strike_R","Strike_R","Defend_R","Bash+1","Demon Form+1","Shrug It Off","Shrug It Off","Cleave+1","Impervious","Twin Strike","Bloodletting","Warcry+1","Feed+1","Shrug It Off","Limit Break","Sword Boomerang","Twin Strike","Shrug It Off","Heavy Blade","Flash of Steel","Sword Boomerang+1"],"relics":["Burning Blood","Oddly Smooth Stone","InkBottle","Omamori","Cursed Key","Bottled Tornado","Self Forming Clay","Bronze Scales","Bag of Marbles"],"acts_visited":["Exordium","TheCity"],"potions_floor_usage":[27],"damage_taken":[{"damage":6.0,"enemies":"2 Louse","floor":1.0,"turns":3.0},{"damage":38.0,"enemies":"Gremlin Nob","floor":6.0,"turns":5.0},{"damage":0.0,"enemies":"Small Slimes","floor":7.0,"turns":5.0},{"damage":18.0,"enemies":"3 Sentries","floor":11.0,"turns":6.0},{"damage":0.0,"enemies":"Cultist","floor":12.0,"turns":3.0},{"damage":32.0,"enemies":"Gremlin Nob","floor":13.0,"turns":4.0},{"damage":6.0,"enemies":"Hexaghost","floor":16.0,"turns":6.0},{"damage":6.0,"enemies":"3 Byrds","floor":18.0,"turns":5.0},{"damage":0.0,"enemies":"Chosen","floor":19.0,"turns":4.0},{"damage":18.0,"enemies":"Snake Plant","floor":20.0,"turns":4.0},{"damage":12.0,"enemies":"Snecko","floor":21.0,"turns":5.0},{"damage":50.0,"enemies":"Shelled Parasite and Fungi","floor":22.0,"turns":6.0},{"damage":8.0,"enemies":"Gremlin Leader","floor":23.0,"turns":5.0},{"damage":21.0,"enemies":"Book of Stabbing","floor":25.0,"turns":4.0},{"damage":0,"enemies":"Gremlin Leader","floor":27,"turns":5},{"damage":5,"enemies":"Book of Stabbing","floor":30,"turns":4}],"seed_played":"-8858901715165215055","potions_obtained":[{"floor":7.0,"key":"FearPotion"},{"floor":12.0,"key":"SpeedPotion"},{"floor":16.0,"key":"Strength Potion"},{"floor":21.0,"key":"Block Potion"},{"floor":23.0,"key":"Fire Potion"},{"floor":27,"key":"ElixirPotion"}],"is_trial":false,"path_per_floor":["M","?","?","$","?","E","M","R","T","R","E","M","E","?","R","B",null,"M","M","M","M","M","E","$","E","T","E","R","?","E"],"character_chosen":"IRONCLAD","items_purchased":["Shrug It Off","Cleave","Heavy Blade","Regen Potion","Flash of Steel"],"campfire_rested":0,"item_purchase_floors":[4,4,24,24,24],"current_hp_per_floor":[80,80,69,69,69,37,43,43,43,43,31,37,11,11,11,11,63,66,75,66,63,22,20,20,17,17,23,23,23,18,18],"gold":112,"neow_bonus":"THREE_RARE_CARDS","is_daily":false,"chose_seed":false,"campfire_upgraded":4,"win_rate":0.0,"timestamp":1612293291,"path_taken":["M","?","?","$","?","E","M","R","T","R","E","?","E","?","R","BOSS","M","M","M","M","M","E","$","E","T","E","R","?","E"],"items_purchased_type":["Card","Card","Card","Potion","Card"],"build_version":"2020-12-22","purchased_purges":1,"victory":false,"max_hp_per_floor":[80,80,80,80,80,80,80,80,80,80,80,80,80,80,80,80,80,83,86,89,92,95,95,95,95,95,95,95,95,95,95],"relic_stats":{"counters":[16,74],"Self Forming Clay":[3],"Bronze Scales":[27],"Cursed Key":1,"obtain_stats":[{"Self Forming Clay":25,"Bronze Scales":26,"Oddly Smooth Stone":6,"Omamori":11,"Bag of Marbles":27,"Bottled Tornado":23,"Cursed Key":17,"Burning Blood":0,"InkBottle":9},{"Self Forming Clay":14,"Bronze Scales":14,"Oddly Smooth Stone":2,"Omamori":4,"Bag of Marbles":15,"Bottled Tornado":13,"Cursed Key":7,"Burning Blood":0,"InkBottle":3},{"Self Forming Clay":65,"Bronze Scales":65,"Oddly Smooth Stone":8,"Omamori":19,"Bag of Marbles":70,"Bottled Tornado":61,"Cursed Key":32,"Burning Blood":0,"InkBottle":13}],"Burning Blood":90,"InkBottle":[18]},"card_choices":[],"player_experience":244035,"relics_obtained":[],"event_choices":[],"is_beta":false,"boss_relics":[],"items_purged_floors":[],"is_endless":false,"potions_floor_spawned":[],"killed_by":"Book of Stabbing","ascension_level":5}}