{"host":"zsnmfqgcm92hlreo","time":1612304035,"event":{"mods":["AchievementEnabler","Act Like it!","BaseMod","Bestiary","Block Reminder","Colored Map","Colored Powertips","Hermit","Jorbs\u0027s Wanderer Trilogy","Minty Spire (QoL Compilation)","Permanent Neow","Quick Restart","Relic Stats","StSLib","Weighted Paths"],"gold_per_floor":[113,113,131,144,162,162,193,204,231,243,276,276,314,314,314,314,314],"floor_reached":16,"language":"ENG","playtime":562,"items_purged":[],"score":344,"play_id":"144652ed-1ddf-458c-9aef-63804cce0c72","local_time":"20210202161355","is_ascension_mode":true,"campfire_choices":[{"data":"Fiend Fire","floor":6.0,"key":"SMITH"},{"data":"Corruption","floor":15,"key":"SMITH"}],"circlet_count":0,"master_deck":["AscendersBane","Strike_R","Strike_R","Strike_R","Strike_R+1","Defend_R","Defend_R","Defend_R","Defend_R","Bash","Fiend Fire+1","Clothesline","Clash+1","Shrug It Off","Battle Trance","Feel No Pain","Feel No Pain","Corruption+1"],"relics":["Burning Blood","Calipers","Anchor","Potion Belt","Golden Idol","Whetstone"],"acts_visited":["Exordium"],"potions_floor_usage":[13,16,16,16],"damage_taken":[{"damage":12.0,"enemies":"Jaw Worm","floor":1.0,"turns":2.0},{"damage":2.0,"enemies":"Small Slimes","floor":3.0,"turns":3.0},{"damage":0.0,"enemies":"Cultist","floor":4.0,"turns":3.0},{"damage":10.0,"enemies":"2 Fungi Beasts","floor":5.0,"turns":3.0},{"damage":26.0,"enemies":"Gremlin Nob","floor":7.0,"turns":4.0},{"damage":0.0,"enemies":"3 Louse","floor":8.0,"turns":3.0},{"damage":1.0,"enemies":"Exordium Thugs","floor":10.0,"turns":3.0},{"damage":26.0,"enemies":"Lagavulin","floor":11.0,"turns":8.0},{"damage":8,"enemies":"Gremlin Nob","floor":13,"turns":3}],"seed_played":"9093411880601467329","potions_obtained":[{"floor":8.0,"key":"ColorlessPotion"},{"floor":10.0,"key":"Block Potion"},{"floor":11.0,"key":"Fire Potion"},{"floor":13,"key":"DuplicationPotion"}],"is_trial":false,"path_per_floor":["M","$","M","M","M","R","E","M","T","M","E","?","E","?","R","B"],"character_chosen":"IRONCLAD","items_purchased":[],"campfire_rested":0,"item_purchase_floors":[],"current_hp_per_floor":[62,62,66,68,64,64,44,50,50,55,35,35,33,33,33,0,0],"gold":314,"neow_bonus":"THREE_RARE_CARDS","is_daily":false,"chose_seed":false,"campfire_upgraded":2,"win_rate":0.0,"timestamp":1612304035,"path_taken":["M","$","M","M","M","R","E","M","T","M","E","?","E","?","R","BOSS"],"items_purchased_type":[],"build_version":"2020-12-22","purchased_purges":0,"victory":false,"max_hp_per_floor":[68,68,68,68,68,68,68,68,68,68,68,62,62,62,62,62,62],"relic_stats":{"counters":[10,43],"Golden Idol":8,"Whetstone":["Clash","Strike_R"],"obtain_stats":[{"Potion Belt":11,"Anchor":9,"Calipers":7,"Golden Idol":12,"Whetstone":13,"Burning Blood":0},{"Potion Belt":8,"Anchor":6,"Calipers":5,"Golden Idol":8,"Whetstone":9,"Burning Blood":0},{"Potion Belt":29,"Anchor":18,"Calipers":15,"Golden Idol":29,"Whetstone":32,"Burning Blood":0}],"Burning Blood":50},"card_choices":[{"not_picked":["Brutality","Barricade"],"picked":"Fiend Fire","floor":0.0},{"not_picked":["Wild Strike","Thunderclap","Perfected Strike"],"picked":"SKIP","floor":1.0},{"not_picked":["Anger","Cleave"],"picked":"Clothesline","floor":3.0},{"not_picked":["Seeing Red","Clash","Blood for Blood"],"picked":"SKIP","floor":4.0},{"not_picked":["Seeing Red","Blood for Blood"],"picked":"Clash","floor":4.0},{"not_picked":["Bloodletting","Anger"],"picked":"Shrug It Off","floor":5.0},{"not_picked":["Wild Strike","Exhume"],"picked":"Battle Trance","floor":7.0},{"not_picked":["True Grit","Evolve"],"picked":"Feel No Pain","floor":8.0},{"not_picked":["Iron Wave","Burning Pact","Anger"],"picked":"SKIP","floor":10.0},{"not_picked":["Havoc","Seeing Red"],"picked":"Feel No Pain","floor":11.0},{"not_picked":["Hemokinesis","Disarm"],"picked":"Corruption","floor":13}],"player_experience":989086,"relics_obtained":[{"floor":7.0,"key":"Calipers"},{"floor":9.0,"key":"Anchor"},{"floor":11.0,"key":"Potion Belt"},{"floor":13,"key":"Whetstone"}],"event_choices":[{"damage_healed":0.0,"max_hp_gain":0.0,"max_hp_loss":6.0,"gold_gain":0.0,"event_name":"Golden Idol","player_choice":"Lose Max HP","floor":12.0,"gold_loss":0.0,"damage_taken":0.0,"relics_obtained":["Golden Idol"]},{"cards_removed":["Strike_R"],"damage_healed":0,"gold_gain":0,"player_choice":"Purged","damage_taken":0,"max_hp_gain":0,"max_hp_loss":0,"event_name":"Purifier","floor":14,"gold_loss":0}],"is_beta":false,"boss_relics":[],"items_purged_floors":[],"is_endless":false,"potions_floor_spawned":[8,10,11,13],"killed_by":"The Guardian","ascension_level":20}}