{"host":"Ryley","time":1612286292,"event":{"mods":["BaseMod","Downfall","Minty Spire (QoL Compilation)","StSLib"],"gold_per_floor":[99,117,217,217,217,236,236,236,40,50,50,35,49,61,78,78,78,78],"floor_reached":16,"language":"ENG","playtime":501,"items_purged":[],"score":92,"play_id":"7066c617-9b1a-4968-83c1-6fca92e16796","local_time":"20210202111812","is_ascension_mode":false,"campfire_choices":[{"data":"bronze:Replicate","floor":1,"key":"SMITH"},{"floor":8,"key":"REST"},{"data":"expansioncontent:StudyTheSpire","floor":11,"key":"SMITH"}],"circlet_count":0,"master_deck":["bronze:Strike","bronze:Strike","bronze:Strike","bronze:Strike","bronze:Defend","bronze:Defend","bronze:Defend","bronze:Defend","bronze:Replicate+1","bronze:Goto","bronze:CutThrough","bronze:ClassDefault+1","expansioncontent:StudyTheSpire+1","bronze:DelayedGuard","bronze:WildBeam","bronze:Constructor"],"relics":["bronze:BronzeCore","White Beast Statue","Vajra"],"acts_visited":["Exordium"],"potions_floor_usage":[15],"damage_taken":[{"damage":8,"enemies":"2 Louse","floor":2,"turns":3},{"damage":2,"enemies":"Small Slimes","floor":6,"turns":4},{"damage":5,"enemies":"downfall:FleeingMerchant","floor":9,"turns":4},{"damage":15,"enemies":"Jaw Worm","floor":10,"turns":4},{"damage":10,"enemies":"downfall:FleeingMerchant","floor":12,"turns":4},{"damage":15,"enemies":"Exordium Thugs","floor":13,"turns":5},{"damage":11,"enemies":"Blue Slaver","floor":14,"turns":4},{"damage":7,"enemies":"Large Slime","floor":15,"turns":5},{"damage":24,"enemies":"DF_ARCHETYPE_STREAMLINE","floor":16,"turns":3}],"seed_played":"2489906798189193495","potions_obtained":[{"floor":6,"key":"hexamod:SoulburnPotion"},{"floor":9,"key":"LiquidBronze"},{"floor":10,"key":"Energy Potion"},{"floor":12,"key":"Strength Potion"},{"floor":15,"key":"Ancient Potion"}],"is_trial":false,"path_per_floor":["R","M","?","?","?","M","T","R","$","M","R","$","M","M","M","B"],"character_chosen":"THE_AUTOMATON","items_purchased":["expansioncontent:StudyTheSpire"],"campfire_rested":1,"item_purchase_floors":[9],"current_hp_per_floor":[70,62,62,50,50,48,48,69,64,49,49,39,24,13,6,0,0,0],"gold":78,"neow_bonus":"THREE_CARDS","is_daily":false,"chose_seed":false,"campfire_upgraded":2,"win_rate":0.0,"timestamp":1612286292,"path_taken":["R","M","?","?","?","M","T","R","$","M","R","?","M","M","M","BOSS"],"items_purchased_type":["Card"],"build_version":"2020-12-18","purchased_purges":0,"victory":false,"max_hp_per_floor":[70,70,70,70,70,70,70,70,70,70,70,70,70,70,70,70,70,70],"card_choices":[{"not_picked":["bronze:Iterate","bronze:BugBarrage"],"picked":"bronze:CutThrough","floor":0},{"not_picked":["bronze:CutThrough","bronze:Flail"],"picked":"bronze:ClassDefault","floor":2},{"not_picked":["bronze:CutThrough","bronze:Turbo","bronze:BuggyMess"],"picked":"SKIP","floor":6},{"not_picked":["bronze:Repair","bronze:BuggyMess","bronze:Return"],"picked":"SKIP","floor":9},{"not_picked":["bronze:Turbo","bronze:MaxOutput","bronze:Invalidate"],"picked":"SKIP","floor":10},{"not_picked":["bronze:Deprecate","bronze:Frontload"],"picked":"bronze:DelayedGuard","floor":12},{"not_picked":["bronze:Terminator","bronze:Allocate","bronze:Deprecate"],"picked":"SKIP","floor":13},{"not_picked":["bronze:Frontload","bronze:Iterate"],"picked":"bronze:WildBeam","floor":14},{"not_picked":["bronze:DelayedGuard","bronze:Invalidate"],"picked":"bronze:Constructor","floor":15}],"player_experience":372925,"relics_obtained":[{"floor":7,"key":"Vajra"}],"event_choices":[{"damage_healed":0,"gold_gain":0,"player_choice":"Success","damage_taken":12,"relics_obtained":["White Beast Statue"],"max_hp_gain":0,"max_hp_loss":0,"event_name":"Scrap Ooze","floor":4,"gold_loss":0},{"damage_healed":0,"gold_gain":0,"player_choice":"Grow","damage_taken":0,"max_hp_gain":0,"max_hp_loss":0,"event_name":"Living Wall","floor":5,"gold_loss":0,"cards_upgraded":["bronze:ClassDefault"]}],"is_beta":true,"boss_relics":[],"items_purged_floors":[],"is_endless":false,"potions_floor_spawned":[6,9,10,12,13,14,15],"killed_by":"DF_ARCHETYPE_STREAMLINE","ascension_level":0}}