{"host":"0jile2yd1dg679g0","time":1612309915,"event":{"mods":["AchievementEnabler","Act Like it!","BaseMod","Better Third Choice","Colored Map","Colored Powertips","Gensokyo","Hermit","Luminous","Marisa????????","Minty Spire (QoL Compilation)","Random Character Button","Spicy Shops","StSLib","The Servant 0.9.4","Transform Curses","Waifu the Spire"],"gold_per_floor":[114,130,130,230,244,244,287,287,310,326,326,357,532,551,551,551,551],"floor_reached":16,"language":"ENG","playtime":926,"items_purged":[],"score":154,"play_id":"4de1e031-f863-401a-9968-d808b75020b5","local_time":"20210202185155","is_ascension_mode":true,"campfire_choices":[{"floor":6,"key":"REST"},{"floor":8,"key":"REST"},{"data":"Uppercut","floor":11,"key":"SMITH"},{"floor":15,"key":"REST"}],"circlet_count":0,"master_deck":["Strike_R","Strike_R","Strike_R","Strike_R","Strike_R","Defend_R","Defend_R","Defend_R","Defend_R","Bash","Seeing Red","Carnage","Intimidate","Heavy Blade","Uppercut+1","Flex","Doubt"],"relics":["Burning Blood","TungstenRod","Golden Idol","Bag of Preparation","Boot","PreservedInsect"],"acts_visited":["Exordium"],"potions_floor_usage":[5,5,12,16,16],"damage_taken":[{"damage":5,"enemies":"Cultist","floor":1,"turns":3},{"damage":6,"enemies":"2 Louse","floor":2,"turns":4},{"damage":16,"enemies":"Small Slimes","floor":5,"turns":4},{"damage":52,"enemies":"Lagavulin","floor":7,"turns":6},{"damage":13,"enemies":"Exordium Thugs","floor":10,"turns":4},{"damage":12,"enemies":"Gremlin Nob","floor":12,"turns":3},{"damage":5,"enemies":"Blue Slaver","floor":14,"turns":3},{"damage":58,"enemies":"The Guardian","floor":16,"turns":10}],"seed_played":"-5127972225200678895","potions_obtained":[{"floor":1,"key":"Dexterity Potion"},{"floor":2,"key":"PowerPotion"},{"floor":10,"key":"PowerPotion"},{"floor":12,"key":"ColorlessPotion"},{"floor":14,"key":"Fruit Juice"}],"is_trial":false,"path_per_floor":["M","M","?","?","M","R","E","R","T","M","R","E","?","M","R","B"],"character_chosen":"IRONCLAD","items_purchased":[],"campfire_rested":3,"item_purchase_floors":[],"current_hp_per_floor":[72,72,55,55,45,66,20,41,41,34,34,28,28,29,50,0,0],"gold":551,"neow_bonus":"ONE_RARE_RELIC","is_daily":false,"chose_seed":false,"campfire_upgraded":1,"win_rate":0.0,"timestamp":1612309915,"path_taken":["M","?","?","?","M","R","E","R","T","?","R","E","?","M","R","BOSS"],"items_purchased_type":[],"build_version":"2020-12-22","purchased_purges":0,"victory":false,"max_hp_per_floor":[72,72,72,72,72,72,72,72,72,72,72,72,72,72,72,77,77],"card_choices":[{"not_picked":["Headbutt","Blood for Blood"],"picked":"Seeing Red","floor":1},{"not_picked":["Iron Wave","Rage"],"picked":"Carnage","floor":2},{"not_picked":["Feel No Pain","Thunderclap"],"picked":"Intimidate","floor":5},{"not_picked":["Dark Embrace","Twin Strike"],"picked":"Heavy Blade","floor":7},{"not_picked":["Warcry","Dark Embrace"],"picked":"Uppercut","floor":10},{"not_picked":["Entrench","Carnage"],"picked":"Flex","floor":12},{"not_picked":["Iron Wave","Rupture","Burning Pact"],"picked":"SKIP","floor":14}],"player_experience":296649,"relics_obtained":[{"floor":7,"key":"Bag of Preparation"},{"floor":9,"key":"Boot"},{"floor":12,"key":"PreservedInsect"}],"event_choices":[{"damage_healed":0,"gold_gain":0,"player_choice":"Take Damage","damage_taken":18,"relics_obtained":["Golden Idol"],"max_hp_gain":0,"max_hp_loss":0,"event_name":"Golden Idol","floor":3,"gold_loss":0},{"damage_healed":0,"gold_gain":100,"player_choice":"Pray","damage_taken":0,"max_hp_gain":0,"max_hp_loss":0,"event_name":"Golden Shrine","floor":4,"gold_loss":0},{"damage_healed":0,"gold_gain":175,"player_choice":"AGREE","damage_taken":357,"max_hp_gain":0,"max_hp_loss":0,"event_name":"betterThird:BetterSerpent","floor":13,"gold_loss":0}],"is_beta":false,"boss_relics":[],"items_purged_floors":[],"is_endless":false,"potions_floor_spawned":[1,2,10,12,14],"killed_by":"The Guardian","ascension_level":8}}