{"host":"facnppb4175fcpe2","time":1612269520,"event":{"mods":["AchievementEnabler","BaseMod","Colored Map","Colored Powertips","Highlight Path","Minty Spire (QoL Compilation)","Quick Restart","Rare Cards Sparkle","Relic Stats","StSLib","SuperFastMode"],"gold_per_floor":[111,111,130,80,92,118,118,193,193,218,270,286,286,334,334,334,334],"floor_reached":16,"language":"ZHS","playtime":405,"items_purged":[],"score":148,"play_id":"ce2e6747-5da8-46a6-886b-954469634c92","local_time":"20210202203840","is_ascension_mode":true,"campfire_choices":[{"data":"Defend_R","floor":7.0,"key":"SMITH"},{"floor":13.0,"key":"REST"},{"data":"Defend_R","floor":15.0,"key":"SMITH"}],"circlet_count":0,"master_deck":["Strike_R","Strike_R","Strike_R","Strike_R","Defend_R","Defend_R","Defend_R+1","Defend_R+1","Bash+1"],"relics":["Busted Crown","Ornamental Fan","Question Card","Nunchaku","Kunai"],"acts_visited":["Exordium"],"potions_floor_usage":[],"damage_taken":[{"damage":2.0,"enemies":"Jaw Worm","floor":1.0,"turns":3.0},{"damage":5.0,"enemies":"Small Slimes","floor":3.0,"turns":4.0},{"damage":3.0,"enemies":"2 Louse","floor":5.0,"turns":2.0},{"damage":35.0,"enemies":"3 Sentries","floor":6.0,"turns":13.0},{"damage":18.0,"enemies":"Lagavulin","floor":10.0,"turns":5.0},{"damage":2.0,"enemies":"Looter","floor":12.0,"turns":4.0},{"damage":10.0,"enemies":"3 Sentries","floor":14.0,"turns":7.0},{"damage":19,"enemies":"Hexaghost","floor":16,"turns":8}],"seed_played":"3811209474542584508","potions_obtained":[{"floor":1.0,"key":"DuplicationPotion"},{"floor":10.0,"key":"Explosive Potion"},{"floor":12.0,"key":"ColorlessPotion"}],"is_trial":false,"path_per_floor":["M","?","M","?","M","E","R","?","T","E","T","M","R","E","R","B"],"character_chosen":"IRONCLAD","items_purchased":[],"campfire_rested":1,"item_purchase_floors":[],"current_hp_per_floor":[78,78,73,73,70,35,35,24,24,6,6,4,28,18,18,0,0],"gold":334,"neow_bonus":"BOSS_RELIC","is_daily":false,"chose_seed":false,"campfire_upgraded":2,"win_rate":0.0,"timestamp":1612269520,"path_taken":["M","?","M","?","M","E","R","?","T","E","?","M","R","E","R","BOSS"],"items_purchased_type":[],"build_version":"2020-12-22","purchased_purges":0,"victory":false,"max_hp_per_floor":[80,80,80,80,80,80,80,80,80,80,80,80,80,80,80,80,80],"relic_stats":{"Nunchaku":[3],"Busted Crown":14,"counters":[8,46],"Ornamental Fan":[24],"Kunai":[2],"Question Card":3,"obtain_stats":[{"Nunchaku":10,"Busted Crown":0,"Ornamental Fan":6,"Kunai":14,"Question Card":9,"Burning Blood":0},{"Nunchaku":5,"Busted Crown":0,"Ornamental Fan":4,"Kunai":7,"Question Card":4,"Burning Blood":0},{"Nunchaku":27,"Busted Crown":0,"Ornamental Fan":22,"Kunai":38,"Question Card":22,"Burning Blood":0}]},"card_choices":[{"not_picked":["Warcry"],"picked":"SKIP","floor":1.0},{"not_picked":["Havoc"],"picked":"SKIP","floor":3.0},{"not_picked":["Reckless Charge"],"picked":"SKIP","floor":5.0},{"not_picked":["Sword Boomerang"],"picked":"SKIP","floor":6.0},{"not_picked":["Berserk","Rampage"],"picked":"SKIP","floor":10.0},{"not_picked":["Disarm","Heavy Blade"],"picked":"SKIP","floor":12.0},{"not_picked":["Cleave","Havoc"],"picked":"SKIP","floor":14.0}],"player_experience":117827,"relics_obtained":[{"floor":6.0,"key":"Ornamental Fan"},{"floor":9.0,"key":"Question Card"},{"floor":10.0,"key":"Nunchaku"},{"floor":14.0,"key":"Kunai"}],"event_choices":[{"damage_healed":0.0,"max_hp_gain":0.0,"max_hp_loss":0.0,"gold_gain":0.0,"event_name":"Living Wall","player_choice":"Grow","floor":2.0,"gold_loss":0.0,"damage_taken":0.0,"cards_upgraded":["Bash"]},{"cards_removed":["Strike_R"],"damage_healed":0.0,"max_hp_gain":0.0,"max_hp_loss":0.0,"gold_gain":0.0,"event_name":"The Cleric","player_choice":"Card Removal","floor":4.0,"gold_loss":50.0,"damage_taken":0.0},{"damage_healed":0.0,"max_hp_gain":0.0,"max_hp_loss":0.0,"gold_gain":75.0,"event_name":"World of Goop","player_choice":"Gather Gold","floor":8.0,"gold_loss":0.0,"damage_taken":11.0}],"is_beta":false,"boss_relics":[],"items_purged_floors":[],"is_endless":false,"potions_floor_spawned":[1,10,12],"killed_by":"Hexaghost","ascension_level":5}}