{"host":"eaiphzh066bwqdh7","time":1612228951,"event":{"mods":["BaseMod","Better Note","Halation","Hubris","Minty Spire (QoL Compilation)","Reliquary","Replay The Spire","StSLib"],"gold_per_floor":[117,117,117,134,149,149,163,163,188,188,188,206,206,222,222,317,317,327,327,48,48,147,147,166,183,259,259,285,285,285,285],"floor_reached":30,"language":"ENG","playtime":636,"items_purged":["Strike_B"],"score":274,"play_id":"fdb316ff-c940-4dfb-ac7a-152a4d09a24e","local_time":"20210201202231","is_ascension_mode":true,"campfire_choices":[{"data":"ReplayTheSpireMod:Faulty Equipment","floor":6,"key":"SMITH"},{"data":"Redo","floor":8,"key":"SMITH"},{"data":"Zap","floor":11,"key":"SMITH"},{"data":"Streamline","floor":13,"key":"SMITH"},{"data":"Dualcast","floor":15,"key":"SMITH"},{"data":"Echo Form","floor":23,"key":"SMITH"},{"floor":27,"key":"REST"}],"circlet_count":0,"master_deck":["Strike_B","Strike_B","Defend_B","Defend_B","Defend_B","Defend_B","Zap+1","Dualcast+1","Rebound","Redo+1","Streamline+1","Echo Form+1","Gash","Static Discharge","Static Discharge","BootSequence","Heatsinks"],"relics":["Cracked Core","FossilizedHelix","halation:EternalFortune","Juzu Bracelet","MealTicket","halation:TwoAmDonut","hubris:DisguiseKit"],"acts_visited":["Exordium","TheCity"],"potions_floor_usage":[16,16,28,30],"damage_taken":[{"damage":0,"enemies":"Small Slimes","floor":1,"turns":3},{"damage":0,"enemies":"2 Louse","floor":4,"turns":3},{"damage":5,"enemies":"Cultist","floor":5,"turns":4},{"damage":12,"enemies":"Exordium Thugs","floor":7,"turns":4},{"damage":0,"enemies":"Blue Slaver","floor":12,"turns":3},{"damage":0,"enemies":"Looter","floor":14,"turns":2},{"damage":18,"enemies":"Slime Boss","floor":16,"turns":9},{"damage":22,"enemies":"Spheric Guardian","floor":18,"turns":4},{"damage":21,"enemies":"Shell Parasite","floor":24,"turns":3},{"damage":32,"enemies":"Snecko","floor":25,"turns":5},{"damage":32,"enemies":"Book of Stabbing","floor":28,"turns":4},{"damage":17,"enemies":"3 Cultists","floor":30,"turns":3}],"seed_played":"5164460328956221922","potions_obtained":[{"floor":7,"key":"DuplicationPotion"},{"floor":14,"key":"BlessingOfTheForge"},{"floor":25,"key":"PowerPotion"},{"floor":28,"key":"Reflective Coating"}],"is_trial":false,"path_per_floor":["M","$","?","M","M","R","M","R","T","?","R","M","R","M","R","B",null,"M","?","$","$","?","R","M","M","T","R","E","?","M"],"character_chosen":"DEFECT","items_purchased":["MealTicket","Static Discharge"],"campfire_rested":1,"item_purchase_floors":[20,20],"current_hp_per_floor":[75,75,78,78,73,73,61,61,61,78,78,78,78,78,78,60,78,56,78,78,78,78,78,57,25,25,48,16,16,0,0],"gold":285,"neow_bonus":"ONE_RARE_RELIC","is_daily":false,"chose_seed":false,"campfire_upgraded":6,"win_rate":0.0,"timestamp":1612228951,"path_taken":["M","$","?","M","M","R","M","R","T","?","R","M","R","M","R","BOSS","M","?","?","$","?","R","M","M","T","R","E","?","M"],"items_purchased_type":["Relic","Card"],"build_version":"2020-12-22","purchased_purges":1,"victory":false,"max_hp_per_floor":[75,75,78,78,78,78,78,78,78,78,78,78,78,78,78,78,78,78,78,78,78,78,78,78,78,78,78,78,78,78,78],"card_choices":[{"not_picked":["Hologram","Steam","BasicCrystalCard"],"picked":"SKIP","floor":1},{"not_picked":["Hologram","hubris:Ukulele","Panic Button"],"picked":"SKIP","floor":4},{"not_picked":["ReplayTheSpireMod:Repulse","Leap"],"picked":"Rebound","floor":5},{"not_picked":["ReplayTheSpireMod:Calculation Training","Rebound"],"picked":"Redo","floor":7},{"not_picked":["Stack","Skim"],"picked":"Streamline","floor":12},{"not_picked":["Crystallizer","Hologram","Panic Button"],"picked":"SKIP","floor":14},{"not_picked":["Meteor Strike","Thunder Strike"],"picked":"Echo Form","floor":16},{"not_picked":["Aggregate","Sweeping Beam"],"picked":"Gash","floor":18},{"not_picked":["Turbo","BasicCrystalCard","Scrape"],"picked":"SKIP","floor":24},{"not_picked":["Panic Button","ReplaySort+1"],"picked":"BootSequence","floor":25},{"not_picked":["Echo Form","Time Bomb","Steam"],"picked":"SKIP","floor":28}],"player_experience":230414,"relics_obtained":[{"floor":9,"key":"Juzu Bracelet"},{"floor":26,"key":"halation:TwoAmDonut"},{"floor":28,"key":"hubris:DisguiseKit"}],"event_choices":[{"damage_healed":26,"gold_gain":0,"player_choice":"Banana","damage_taken":0,"max_hp_gain":0,"max_hp_loss":0,"event_name":"Big Fish","floor":10,"gold_loss":0},{"damage_healed":22,"gold_gain":0,"player_choice":"Full Heal","damage_taken":0,"max_hp_gain":0,"max_hp_loss":0,"event_name":"Wheel of Change","floor":19,"gold_loss":0},{"damage_healed":0,"gold_gain":99,"player_choice":"Stole From Cult","damage_taken":0,"max_hp_gain":0,"max_hp_loss":0,"event_name":"Nest","floor":22,"gold_loss":0},{"damage_healed":0,"gold_gain":0,"cards_transformed":["Strike_B"],"player_choice":"Transformed","damage_taken":0,"max_hp_gain":0,"max_hp_loss":0,"event_name":"Transmorgrifier","floor":29,"gold_loss":0,"cards_obtained":["Heatsinks"]}],"is_beta":false,"boss_relics":[{"not_picked":["Replay:Ancient Bell","halation:Yufonium","Runic Dome"]}],"items_purged_floors":[20],"is_endless":false,"potions_floor_spawned":[7,14,25,28],"killed_by":"3 Cultists","ascension_level":3}}