{"host":"kg61lsvem4dxoat8","time":1612285218,"event":{"mods":["AchievementEnabler","BaseMod","Better Altar","Better Match","Better Sensory Stone","Highlight Path","Minty Spire (QoL Compilation)","Quick Restart","Relic Sorter","Relic Stats","StSLib","Synergy Search","slay the spire mod where everything is the same but ironclad has a cowboy hat"],"gold_per_floor":[128,78,262,282,282,316,197,197,248,248,263,263,163,190,190,190,190],"floor_reached":16,"language":"ENG","playtime":270,"items_purged":["Doubt","Strike_R"],"score":147,"play_id":"e39b322d-a0c0-4ea9-a9ff-1331d3b0f4f5","local_time":"20210203010018","is_ascension_mode":true,"campfire_choices":[{"floor":8,"key":"REST"},{"data":"Immolate","floor":12,"key":"SMITH"},{"data":"Bash","floor":15,"key":"SMITH"}],"circlet_count":0,"master_deck":["AscendersBane","Strike_R","Strike_R","Strike_R","Defend_R","Defend_R","Defend_R","Defend_R","Bash+1","Twin Strike","Immolate+1","Shrug It Off","Flex"],"relics":["Burning Blood","CeramicFish","Blue Candle","Question Card","Akabeko","PreservedInsect"],"acts_visited":["Exordium"],"potions_floor_usage":[6,16],"damage_taken":[{"damage":18,"enemies":"Jaw Worm","floor":1,"turns":4},{"damage":4,"enemies":"Small Slimes","floor":4,"turns":4},{"damage":61,"enemies":"Lagavulin","floor":6,"turns":6},{"damage":0,"enemies":"Cultist","floor":11,"turns":2},{"damage":6,"enemies":"Looter","floor":14,"turns":2},{"damage":37,"enemies":"The Guardian","floor":16,"turns":8}],"seed_played":"5920735906329273040","potions_obtained":[{"floor":1,"key":"FearPotion"},{"floor":6,"key":"GamblersBrew"},{"floor":14,"key":"LiquidBronze"}],"is_trial":false,"path_per_floor":["M","?","?","M","T","E","$","R","T","?","M","R","$","M","R","B"],"character_chosen":"IRONCLAD","items_purchased":["Shrug It Off"],"campfire_rested":1,"item_purchase_floors":[7],"current_hp_per_floor":[60,60,60,62,62,7,7,31,31,31,37,37,37,37,37,0,0],"gold":190,"neow_bonus":"RANDOM_COMMON_RELIC","is_daily":false,"chose_seed":false,"campfire_upgraded":2,"win_rate":0.0,"timestamp":1612285218,"path_taken":["M","?","?","M","?","E","$","R","T","?","?","R","$","M","R","BOSS"],"items_purchased_type":["Card"],"build_version":"2020-12-22","purchased_purges":2,"victory":false,"max_hp_per_floor":[80,80,80,80,80,80,80,80,80,80,80,80,80,80,80,80,80],"relic_stats":{"counters":[6,26],"CeramicFish":45,"Blue Candle":[1],"PreservedInsect":0,"Question Card":2,"obtain_stats":[{"CeramicFish":0,"Blue Candle":5,"PreservedInsect":10,"Question Card":6,"Burning Blood":0,"Akabeko":9},{"CeramicFish":0,"Blue Candle":2,"PreservedInsect":3,"Question Card":3,"Burning Blood":0,"Akabeko":3},{"CeramicFish":0,"Blue Candle":8,"PreservedInsect":14,"Question Card":14,"Burning Blood":0,"Akabeko":14}],"Burning Blood":30},"card_choices":[{"not_picked":["Dual Wield","Headbutt"],"picked":"Twin Strike","floor":1},{"not_picked":["Blood for Blood","Sword Boomerang","True Grit"],"picked":"SKIP","floor":4},{"not_picked":["Twin Strike","Havoc"],"picked":"Immolate","floor":6},{"not_picked":["Evolve","Pommel Strike","Warcry","Dark Embrace"],"picked":"SKIP","floor":11},{"not_picked":["Wild Strike","Cleave","Thunderclap"],"picked":"Flex","floor":14}],"player_experience":1456237,"relics_obtained":[{"floor":5,"key":"Blue Candle"},{"floor":6,"key":"Question Card"},{"floor":9,"key":"Akabeko"}],"event_choices":[{"cards_removed":["Strike_R"],"damage_healed":0,"gold_gain":0,"player_choice":"Card Removal","damage_taken":0,"max_hp_gain":0,"max_hp_loss":0,"event_name":"The Cleric","floor":2,"gold_loss":50},{"damage_healed":0,"gold_gain":175,"player_choice":"AGREE","damage_taken":0,"max_hp_gain":0,"max_hp_loss":0,"event_name":"Liars Game","floor":3,"gold_loss":0,"cards_obtained":["Doubt"]},{"damage_healed":0,"gold_gain":0,"player_choice":"Gave Potion","damage_taken":0,"relics_obtained":["PreservedInsect"],"max_hp_gain":0,"max_hp_loss":0,"event_name":"WeMeetAgain","floor":10,"gold_loss":0}],"is_beta":false,"boss_relics":[],"items_purged_floors":[7,13],"is_endless":false,"potions_floor_spawned":[1,6,14],"killed_by":"The Guardian","ascension_level":10}}