{"host":"kg61lsvem4dxoat8","time":1612275003,"event":{"mods":["AchievementEnabler","BaseMod","Better Altar","Better Match","Better Sensory Stone","Highlight Path","Minty Spire (QoL Compilation)","Quick Restart","Relic Sorter","Relic Stats","StSLib","Synergy Search","slay the spire mod where everything is the same but ironclad has a cowboy hat"],"gold_per_floor":[212,86,86,86,86,86,96,27,50,0,12,35,46,62,62,164,164,179,192,192,192],"floor_reached":20,"language":"ENG","playtime":459,"items_purged":["Strike_B"],"score":164,"play_id":"0055f026-f42c-4766-bb19-174d68a3db05","local_time":"20210202221003","is_ascension_mode":false,"campfire_choices":[{"data":"Zap","floor":6,"key":"SMITH"},{"data":"Capacitor","floor":15,"key":"SMITH"}],"circlet_count":0,"master_deck":["Strike_B","Defend_B","Defend_B","Defend_B","Zap+1","Dualcast","Capacitor+1","Coolheaded","Streamline+1","Capacitor","Streamline+1","Creative AI","Cold Snap"],"relics":["Cracked Core","TungstenRod","Dream Catcher","Whetstone","Busted Crown"],"acts_visited":["Exordium","TheCity"],"potions_floor_usage":[16,19],"damage_taken":[{"damage":7,"enemies":"Small Slimes","floor":1,"turns":4},{"damage":0,"enemies":"Jaw Worm","floor":7,"turns":4},{"damage":10,"enemies":"2 Louse","floor":11,"turns":3},{"damage":9,"enemies":"Gremlin Gang","floor":13,"turns":3},{"damage":10,"enemies":"Red Slaver","floor":14,"turns":3},{"damage":9,"enemies":"Hexaghost","floor":16,"turns":8},{"damage":14,"enemies":"Spheric Guardian","floor":18,"turns":4},{"damage":38,"enemies":"3 Byrds","floor":19,"turns":6},{"damage":23,"enemies":"Centurion and Healer","floor":20,"turns":4}],"seed_played":"-6339870729813552496","potions_obtained":[{"floor":11,"key":"Swift Potion"},{"floor":13,"key":"Dexterity Potion"},{"floor":14,"key":"Dexterity Potion"},{"floor":16,"key":"PowerPotion"}],"is_trial":false,"path_per_floor":["M","$","?","?","?","R","M","$","T","?","M","T","M","M","R","B",null,"M","M","M"],"character_chosen":"DEFECT","items_purchased":["Coolheaded","Capacitor"],"campfire_rested":0,"item_purchase_floors":[2,8],"current_hp_per_floor":[68,68,61,49,49,49,49,49,49,49,39,39,30,20,20,11,75,61,23,0,0],"gold":192,"neow_bonus":"HUNDRED_GOLD","is_daily":false,"chose_seed":false,"campfire_upgraded":2,"win_rate":0.0,"timestamp":1612275003,"path_taken":["M","$","?","?","?","R","?","?","T","?","M","?","M","M","R","BOSS","M","?","?"],"items_purchased_type":["Card","Card"],"build_version":"2020-12-22","purchased_purges":1,"victory":false,"max_hp_per_floor":[75,75,75,75,75,75,75,75,75,75,75,75,75,75,75,75,75,75,75,75,75],"relic_stats":{"Dream Catcher":0,"Busted Crown":4,"counters":[9,39],"Whetstone":["Streamline","Streamline"],"obtain_stats":[{"Dream Catcher":9,"Busted Crown":17,"Whetstone":12,"Cracked Core":0,"TungstenRod":4},{"Dream Catcher":2,"Busted Crown":6,"Whetstone":3,"Cracked Core":0,"TungstenRod":1},{"Dream Catcher":8,"Busted Crown":25,"Whetstone":11,"Cracked Core":0,"TungstenRod":4}],"TungstenRod":34},"card_choices":[{"not_picked":["Redo","Gash"],"picked":"Capacitor","floor":1},{"not_picked":["Barrage","Auto Shields"],"picked":"Streamline","floor":7},{"not_picked":["Steam","Conserve Battery"],"picked":"Streamline","floor":11},{"not_picked":["Gash","Fusion","Compile Driver"],"picked":"SKIP","floor":13},{"not_picked":["Chill","Beam Cell","Leap"],"picked":"SKIP","floor":14},{"not_picked":["Meteor Strike","Thunder Strike"],"picked":"Creative AI","floor":16},{"not_picked":["Gash"],"picked":"SKIP","floor":18},{"not_picked":[],"picked":"Cold Snap","floor":19}],"player_experience":1453171,"relics_obtained":[{"floor":9,"key":"Dream Catcher"},{"floor":12,"key":"Whetstone"}],"event_choices":[{"cards_removed":["Strike_B"],"damage_healed":0,"gold_gain":0,"player_choice":"Card Removal","damage_taken":7,"max_hp_gain":0,"max_hp_loss":0,"event_name":"Golden Wing","floor":3,"gold_loss":0},{"damage_healed":0,"gold_gain":0,"player_choice":"Success","damage_taken":12,"relics_obtained":["TungstenRod"],"max_hp_gain":0,"max_hp_loss":0,"event_name":"Scrap Ooze","floor":4,"gold_loss":0},{"cards_removed":["Strike_B"],"damage_healed":0,"gold_gain":0,"player_choice":"Offered Basic","damage_taken":0,"max_hp_gain":0,"max_hp_loss":0,"event_name":"Bonfire Elementals","floor":5,"gold_loss":0},{"cards_removed":["Defend_B"],"damage_healed":0,"gold_gain":0,"player_choice":"Card Removal","damage_taken":0,"max_hp_gain":0,"max_hp_loss":0,"event_name":"The Cleric","floor":10,"gold_loss":50}],"is_beta":false,"boss_relics":[{"not_picked":["Empty Cage","Inserter"],"picked":"Busted Crown"}],"items_purged_floors":[2],"is_endless":false,"potions_floor_spawned":[11,13,14,16,18],"killed_by":"Centurion and Healer","ascension_level":0}}