{"host":"dowi7cgbhepuzvpj","time":1612266108,"event":{"mods":["AchievementEnabler","BaseMod","Keyboard Shortcuts","Minty Spire (QoL Compilation)","Permanent Neow","Quick Restart","StSLib","SuperFastMode"],"gold_per_floor":[112,112,37,37,47,47,81,8,33,45,45,45,62,76,76,150,150,168,168,168,185,8,8,24,52,52,52,68,68,57,69,69,146,146,163,180,200,200,211,242,242,285,308,308,337,337,21,37,37,37,37],"floor_reached":52,"language":"KOR","playtime":2052,"items_purged":["Prepared"],"score":2089,"play_id":"8bff15ec-a7c5-409e-a18c-15f5389dd899","local_time":"20210202204148","is_ascension_mode":true,"campfire_choices":[{"data":"Blade Dance","floor":6.0,"key":"SMITH"},{"floor":11.0,"key":"REST"},{"data":"Neutralize","floor":15.0,"key":"SMITH"},{"data":"Accuracy","floor":23.0,"key":"SMITH"},{"floor":29.0,"key":"REST"},{"data":"Apotheosis","floor":32.0,"key":"SMITH"},{"data":"After Image","floor":41.0,"key":"SMITH"},{"data":"Footwork","floor":46.0,"key":"SMITH"},{"data":"Accuracy","floor":49.0,"key":"SMITH"}],"circlet_count":0,"master_deck":["AscendersBane","Strike_G","Strike_G+1","Defend_G","Defend_G+1","Defend_G+1","Defend_G","Survivor+1","After Image+1","Blade Dance+1","Dagger Spray","Blade Dance","Cloak And Dagger","Cloak And Dagger","Adrenaline","Accuracy+1","Choke","Footwork","Footwork+1","Terror","Blur+1","PiercingWail","Apotheosis+1","Accuracy+1","Backflip","Burst","Acrobatics","Dodge and Roll","Acrobatics","Infinite Blades+1"],"relics":["Ring of the Snake","Bronze Scales","War Paint","Sozu","Unceasing Top","Nilry\u0027s Codex","Mummified Hand","HoveringKite","Strawberry","CeramicFish","Centennial Puzzle","Gambling Chip"],"acts_visited":["Exordium","TheCity","TheBeyond"],"potions_floor_usage":[],"damage_taken":[{"damage":0.0,"enemies":"Small Slimes","floor":1.0,"turns":5.0},{"damage":0.0,"enemies":"Jaw Worm","floor":5.0,"turns":4.0},{"damage":16.0,"enemies":"Gremlin Nob","floor":7.0,"turns":4.0},{"damage":0.0,"enemies":"2 Louse","floor":10.0,"turns":3.0},{"damage":0.0,"enemies":"2 Fungi Beasts","floor":13.0,"turns":3.0},{"damage":0.0,"enemies":"Blue Slaver","floor":14.0,"turns":3.0},{"damage":31.0,"enemies":"The Guardian","floor":16.0,"turns":16.0},{"damage":0.0,"enemies":"Chosen","floor":18.0,"turns":6.0},{"damage":3.0,"enemies":"Spheric Guardian","floor":21.0,"turns":4.0},{"damage":11.0,"enemies":"Cultist and Chosen","floor":24.0,"turns":6.0},{"damage":10.0,"enemies":"Book of Stabbing","floor":25.0,"turns":4.0},{"damage":0.0,"enemies":"3 Cultists","floor":28.0,"turns":6.0},{"damage":0.0,"enemies":"Snake Plant","floor":31.0,"turns":4.0},{"damage":0.0,"enemies":"Automaton","floor":33.0,"turns":7.0},{"damage":0.0,"enemies":"3 Shapes","floor":35.0,"turns":3.0},{"damage":27.0,"enemies":"3 Darklings","floor":36.0,"turns":4.0},{"damage":2.0,"enemies":"Jaw Worm Horde","floor":37.0,"turns":4.0},{"damage":1.0,"enemies":"Writhing Mass","floor":39.0,"turns":4.0},{"damage":0.0,"enemies":"Nemesis","floor":40.0,"turns":5.0},{"damage":0.0,"enemies":"Giant Head","floor":42.0,"turns":5.0},{"damage":0.0,"enemies":"3 Darklings","floor":45.0,"turns":4.0},{"damage":0.0,"enemies":"Transient","floor":48.0,"turns":6.0},{"damage":5,"enemies":"Donu and Deca","floor":50,"turns":7},{"damage":48,"enemies":"Time Eater","floor":51,"turns":12}],"seed_played":"-1669084585441358556","potions_obtained":[{"floor":5.0,"key":"Fire Potion"},{"floor":10.0,"key":"DistilledChaos"},{"floor":13.0,"key":"SpeedPotion"}],"is_trial":false,"path_per_floor":["M","?","?","?","M","R","E","?","T","M","R","?","M","M","R","B",null,"M","?","?","M","$","R","M","E","T","?","M","R","$","M","R","B",null,"M","M","M","?","M","E","R","E","T","?","M","R","$","M","R","B","B",null],"character_chosen":"THE_SILENT","items_purchased":["Footwork","Terror","Mummified Hand","Apotheosis","Accuracy","Gambling Chip"],"campfire_rested":2,"item_purchase_floors":[22,22,30,30,30,47],"current_hp_per_floor":[44,24,24,24,24,24,8,8,8,8,27,32,32,32,32,1,54,54,54,54,51,51,51,40,30,30,9,9,30,30,30,30,30,61,61,34,32,58,57,64,64,64,64,64,64,64,64,64,64,59,11],"gold":37,"neow_bonus":"THREE_RARE_CARDS","is_daily":false,"chose_seed":false,"campfire_upgraded":7,"win_rate":0.0,"timestamp":1612266108,"path_taken":["M","?","?","?","M","R","E","?","T","M","R","?","?","M","R","BOSS","M","?","?","M","$","R","M","E","T","?","M","R","?","M","R","BOSS","M","M","M","?","M","E","R","E","T","?","M","R","$","M","R","BOSS","BOSS"],"items_purchased_type":["Card","Card","Relic","Card","Card","Relic"],"build_version":"2020-12-22","purchased_purges":1,"victory":true,"max_hp_per_floor":[66,66,66,66,66,66,66,66,66,66,66,71,71,71,71,71,71,71,71,71,71,71,71,71,71,71,71,71,71,71,71,71,71,71,71,71,71,58,58,65,65,65,65,65,65,65,65,65,65,65,65],"card_choices":[{"not_picked":["Tools of the Trade","Burst"],"picked":"After Image","floor":0.0},{"not_picked":["Sucker Punch","Underhanded Strike"],"picked":"Blade Dance","floor":1.0},{"not_picked":["Quick Slash","Tactician"],"picked":"Dagger Spray","floor":5.0},{"not_picked":["Glass Knife","Underhanded Strike"],"picked":"Blade Dance","floor":7.0},{"not_picked":["Underhanded Strike","Flying Knee","Distraction"],"picked":"SKIP","floor":10.0},{"not_picked":["Leg Sweep","Outmaneuver"],"picked":"Cloak And Dagger","floor":13.0},{"not_picked":["Quick Slash","Leg Sweep"],"picked":"Cloak And Dagger","floor":14.0},{"not_picked":["A Thousand Cuts","Die Die Die"],"picked":"Adrenaline","floor":16.0},{"not_picked":["Finisher","Terror"],"picked":"Accuracy","floor":18.0},{"not_picked":["Poisoned Stab","Flying Knee","Deadly Poison"],"picked":"SKIP","floor":21.0},{"not_picked":["PiercingWail","Flying Knee+1"],"picked":"Blur+1","floor":24.0},{"not_picked":["Endless Agony+1","Phantasmal Killer","Leg Sweep"],"picked":"SKIP","floor":25.0},{"not_picked":["Underhanded Strike","Cloak And Dagger"],"picked":"PiercingWail","floor":28.0},{"not_picked":["Blade Dance","Leg Sweep"],"picked":"Backflip","floor":31.0},{"not_picked":["Die Die Die","Corpse Explosion"],"picked":"Burst","floor":33.0},{"not_picked":["Deadly Poison","Setup"],"picked":"Acrobatics","floor":35.0},{"not_picked":["Outmaneuver+1","Bouncing Flask"],"picked":"Dodge and Roll","floor":36.0},{"not_picked":["Bane","Well Laid Plans+1","Cloak And Dagger"],"picked":"SKIP","floor":37.0},{"not_picked":["Outmaneuver+1","Grand Finale","Underhanded Strike"],"picked":"SKIP","floor":39.0},{"not_picked":["Slice","Dodge and Roll","Eviscerate"],"picked":"SKIP","floor":40.0},{"not_picked":["Tactician","Backflip+1"],"picked":"Acrobatics","floor":42.0},{"not_picked":["Deadly Poison+1","Dagger Spray+1"],"picked":"Infinite Blades+1","floor":45.0},{"not_picked":["Heel Hook","Catalyst","Endless Agony"],"picked":"SKIP","floor":48.0}],"player_experience":869253,"relics_obtained":[{"floor":7.0,"key":"Bronze Scales"},{"floor":9.0,"key":"War Paint"},{"floor":25.0,"key":"Unceasing Top"},{"floor":27.0,"key":"Nilry\u0027s Codex"},{"floor":40.0,"key":"Strawberry"},{"floor":42.0,"key":"CeramicFish"},{"floor":43.0,"key":"Centennial Puzzle"}],"event_choices":[{"damage_healed":0.0,"max_hp_gain":0.0,"max_hp_loss":0.0,"gold_gain":0.0,"event_name":"Shining Light","player_choice":"Entered Light","floor":2.0,"gold_loss":0.0,"damage_taken":20.0,"cards_upgraded":["Defend_G","Strike_G"]},{"cards_removed":["Strike_G"],"damage_healed":0.0,"max_hp_gain":0.0,"max_hp_loss":0.0,"gold_gain":0.0,"event_name":"The Cleric","player_choice":"Card Removal","floor":3.0,"gold_loss":75.0,"damage_taken":0.0},{"cards_removed":["Strike_G"],"damage_healed":0.0,"max_hp_gain":0.0,"max_hp_loss":0.0,"gold_gain":0.0,"event_name":"Living Wall","player_choice":"Forget","floor":4.0,"gold_loss":0.0,"damage_taken":0.0},{"damage_healed":0.0,"max_hp_gain":0.0,"max_hp_loss":0.0,"gold_gain":0.0,"event_name":"World of Goop","player_choice":"Left Gold","floor":8.0,"gold_loss":73.0,"damage_taken":0.0},{"damage_healed":0.0,"max_hp_gain":5.0,"max_hp_loss":0.0,"gold_gain":0.0,"event_name":"Big Fish","player_choice":"Donut","floor":12.0,"gold_loss":0.0,"damage_taken":0.0},{"damage_healed":0.0,"max_hp_gain":0.0,"max_hp_loss":0.0,"gold_gain":0.0,"cards_transformed":["Strike_G","Defend_G"],"event_name":"Drug Dealer","player_choice":"Became Test Subject","floor":19.0,"gold_loss":0.0,"damage_taken":0.0,"cards_obtained":["Choke","Prepared"]},{"damage_healed":0.0,"max_hp_gain":0.0,"max_hp_loss":0.0,"gold_gain":0.0,"event_name":"The Library","player_choice":"Read","floor":20.0,"gold_loss":0.0,"damage_taken":0.0,"cards_obtained":["Footwork"]},{"damage_healed":0.0,"max_hp_gain":0.0,"max_hp_loss":0.0,"gold_gain":0.0,"event_name":"Cursed Tome","player_choice":"Obtained Book","floor":27.0,"gold_loss":0.0,"damage_taken":21.0},{"damage_healed":58.0,"max_hp_gain":0.0,"max_hp_loss":13.0,"gold_gain":0.0,"event_name":"The Moai Head","player_choice":"Heal","floor":38.0,"gold_loss":0.0,"damage_taken":0.0},{"cards_removed":["Neutralize"],"damage_healed":0.0,"max_hp_gain":0.0,"max_hp_loss":0.0,"gold_gain":0.0,"event_name":"Falling","player_choice":"Removed Attack","floor":44.0,"gold_loss":0.0,"damage_taken":0.0}],"is_beta":false,"boss_relics":[{"not_picked":["Ring of the Serpent","Velvet Choker"],"picked":"Sozu"},{"not_picked":["Runic Pyramid","Coffee Dripper"],"picked":"HoveringKite"}],"items_purged_floors":[30],"is_endless":false,"potions_floor_spawned":[5,10,13,18,25,31,35,37,39],"ascension_level":20}}