{"host":"qm4rv4rkpk76sbxu","time":1612266868,"event":{"mods":["BaseMod","Bestiary","Block Reminder","DeckTracker","Filter the Spire","Keyboard Shortcuts","Minty Spire (QoL Compilation)","MonsterHotkey","Quick Restart","Random Character Button","Relic Stats","Slay-I","StSLib","Unceasing Turn Reminder","ojb\u0027s Better Paths Mod","ojb\u0027s Info Mod"],"gold_per_floor":[119,131,306,306,306,306,333,333,357,374,384,47,82,102,102,204,204,224,189,189,201,213,225,267,294,332,344,376,416,446,458,470,577,589,611,638,1649,1661,1689,1734,1054,1071,1071,1071,1090,1101,1101,1135,1135,1135,1135],"floor_reached":50,"language":"ENG","playtime":6826,"items_purged":["Normality"],"score":840,"play_id":"fe035e6a-4c4c-4097-9e4a-0204c72b5f8b","local_time":"20210202125428","is_ascension_mode":true,"campfire_choices":[{"data":"Dagger Throw","floor":6.0,"key":"SMITH"},{"data":"Noxious Fumes","floor":8.0,"key":"SMITH"},{"data":"Dagger Spray","floor":15.0,"key":"SMITH"},{"data":"Night Terror","floor":23.0,"key":"SMITH"},{"data":"Leg Sweep","floor":27.0,"key":"SMITH"},{"data":"Concentrate","floor":32.0,"key":"SMITH"},{"data":"Bullet Time","floor":44,"key":"SMITH"},{"floor":49,"key":"RECALL"}],"circlet_count":0,"master_deck":["Survivor","Neutralize+1","Dagger Throw+1","Noxious Fumes+1","Adrenaline","Dagger Spray+1","Backflip","Slice","After Image","Bouncing Flask","Finisher","Riddle With Holes","Die Die Die","Night Terror+1","Expertise","Adrenaline","Sucker Punch","Sucker Punch+1","Deadly Poison","Leg Sweep+1","Shame","Bite","Bite","Bite","Bite","Bite","Backflip","Catalyst+1","Backflip+1","Concentrate+1","Writhe","Bullet Time+1","Acrobatics+1","Crippling Poison+1","Normality","Catalyst","Night Terror","Panacea","Dodge and Roll","Reflex+1","Reflex","PiercingWail","Deflect+1"],"relics":["Ring of the Snake","FaceOfCleric","Vajra","Pen Nib","Sling","Centennial Puzzle","White Beast Statue","Pandora\u0027s Box","MawBank","Pear","Whetstone","Smiling Mask","Black Star","Ninja Scroll","Kunai","Toy Ornithopter","Cauldron","Frozen Egg 2","Tough Bandages","Regal Pillow","MealTicket","Lantern"],"acts_visited":["Exordium","TheCity","TheBeyond"],"potions_floor_usage":[35,36,39,42,46,48,50,50,50],"damage_taken":[{"damage":0.0,"enemies":"Small Slimes","floor":1.0,"turns":3.0},{"damage":3.0,"enemies":"2 Louse","floor":2.0,"turns":4.0},{"damage":32.0,"enemies":"Gremlin Nob","floor":7.0,"turns":5.0},{"damage":0.0,"enemies":"Cultist","floor":10.0,"turns":3.0},{"damage":0.0,"enemies":"Exordium Thugs","floor":11.0,"turns":4.0},{"damage":1.0,"enemies":"Lagavulin","floor":13.0,"turns":4.0},{"damage":0.0,"enemies":"Exordium Wildlife","floor":14.0,"turns":2.0},{"damage":23.0,"enemies":"Hexaghost","floor":16.0,"turns":7.0},{"damage":0.0,"enemies":"2 Thieves","floor":18.0,"turns":2.0},{"damage":23.0,"enemies":"Slavers","floor":24.0,"turns":3.0},{"damage":0.0,"enemies":"Spheric Guardian","floor":25.0,"turns":3.0},{"damage":4.0,"enemies":"Snake Plant","floor":28.0,"turns":4.0},{"damage":4.0,"enemies":"Gremlin Leader","floor":29.0,"turns":3.0},{"damage":1.0,"enemies":"Sentry and Sphere","floor":30.0,"turns":3.0},{"damage":46.0,"enemies":"Automaton","floor":33.0,"turns":8.0},{"damage":4,"enemies":"3 Shapes","floor":35,"turns":6},{"damage":6,"enemies":"3 Darklings","floor":36,"turns":5},{"damage":30,"enemies":"Writhing Mass","floor":39,"turns":6},{"damage":32,"enemies":"Giant Head","floor":40,"turns":7},{"damage":23,"enemies":"Sphere and 2 Shapes","floor":42,"turns":4},{"damage":4,"enemies":"4 Shapes","floor":45,"turns":2},{"damage":11,"enemies":"Jaw Worm Horde","floor":46,"turns":3},{"damage":28,"enemies":"Nemesis","floor":48,"turns":7},{"damage":74,"enemies":"Awakened One","floor":50,"turns":14}],"seed_played":"-6398446619246487688","potions_obtained":[{"floor":1.0,"key":"SkillPotion"},{"floor":10.0,"key":"DistilledChaos"},{"floor":11.0,"key":"GamblersBrew"},{"floor":14.0,"key":"CunningPotion"},{"floor":16.0,"key":"AttackPotion"},{"floor":18.0,"key":"SpeedPotion"},{"floor":24.0,"key":"PowerPotion"},{"floor":28.0,"key":"Strength Potion"},{"floor":29.0,"key":"FearPotion"},{"floor":30.0,"key":"Block Potion"},{"floor":35,"key":"LiquidBronze"},{"floor":36,"key":"AttackPotion"},{"floor":39,"key":"SneckoOil"},{"floor":40,"key":"FearPotion"},{"floor":41,"key":"GhostInAJar"},{"floor":41,"key":"BlessingOfTheForge"},{"floor":41,"key":"Dexterity Potion"},{"floor":42,"key":"CunningPotion"},{"floor":46,"key":"LiquidBronze"},{"floor":48,"key":"ColorlessPotion"}],"is_trial":false,"path_per_floor":["M","M","?","?","?","R","E","R","T","M","M","$","E","M","R","B",null,"M","$","?","$","?","R","E","M","T","R","M","E","M","?","R","B",null,"M","M","?","?","M","E","$","M","T","R","M","M","T","E","R","B"],"character_chosen":"THE_SILENT","items_purchased":["Sling","Centennial Puzzle","BlessingOfTheForge","Leg Sweep","Toy Ornithopter","Panacea","Dodge and Roll","Cauldron","Frozen Egg 2"],"campfire_rested":0,"item_purchase_floors":[12,12,12,19,41,41,41,41,41],"current_hp_per_floor":[70,67,67,60,60,60,31,31,31,34,37,37,39,42,42,22,76,77,77,77,77,77,77,69,76,76,76,79,82,88,88,88,51,93,90,89,89,89,68,47,47,39,39,39,40,41,41,27,27,0,0],"gold":1135,"neow_bonus":"RANDOM_COMMON_RELIC","is_daily":false,"chose_seed":false,"campfire_upgraded":7,"win_rate":0.0,"timestamp":1612266868,"path_taken":["M","M","?","?","?","R","E","R","T","?","M","?","E","M","R","BOSS","M","$","?","$","?","R","E","?","T","R","M","E","M","?","R","BOSS","M","M","?","?","?","E","$","M","T","R","?","M","?","E","R","BOSS"],"items_purchased_type":["Relic","Relic","Potion","Card","Relic","Card","Card","Relic","Relic"],"build_version":"2020-12-22","purchased_purges":1,"victory":false,"max_hp_per_floor":[70,70,70,70,70,70,71,71,71,72,73,73,74,75,75,76,76,77,77,77,77,77,77,88,89,89,89,90,91,92,92,92,93,93,94,95,95,95,96,97,97,98,98,98,99,100,100,101,101,101,101],"relic_stats":{"Regal Pillow":0,"counters":[24,112],"Pen Nib":[24],"Whetstone":["Sucker Punch","Neutralize"],"MawBank":252,"Smiling Mask":25,"Centennial Puzzle":[48],"Tough Bandages":[69],"FaceOfCleric":21,"Pandora\u0027s Box":["Bouncing Flask","Finisher","Riddle With Holes","Die Die Die","Night Terror","Expertise","Adrenaline","Sucker Punch","Sucker Punch","Deadly Poison"],"MealTicket":0,"Black Star":2,"Kunai":[15],"obtain_stats":[{"Regal Pillow":47,"Lantern":48,"Pear":24,"Vajra":7,"Pen Nib":9,"Whetstone":29,"Frozen Egg 2":41,"Sling":12,"MawBank":20,"Smiling Mask":31,"White Beast Statue":13,"Blood Vial":0,"Cauldron":41,"Centennial Puzzle":12,"Tough Bandages":43,"FaceOfCleric":5,"Ninja Scroll":40,"Pandora\u0027s Box":17,"MealTicket":48,"Black Star":34,"Kunai":40,"Toy Ornithopter":41,"Ring of the Snake":0},{"Regal Pillow":22,"Lantern":23,"Pear":10,"Vajra":3,"Pen Nib":3,"Whetstone":13,"Frozen Egg 2":19,"Sling":5,"MawBank":9,"Smiling Mask":14,"White Beast Statue":6,"Blood Vial":0,"Cauldron":19,"Centennial Puzzle":5,"Tough Bandages":20,"FaceOfCleric":2,"Ninja Scroll":19,"Pandora\u0027s Box":8,"MealTicket":23,"Black Star":15,"Kunai":19,"Toy Ornithopter":19,"Ring of the Snake":0},{"Regal Pillow":91,"Lantern":98,"Pear":37,"Vajra":12,"Pen Nib":12,"Whetstone":47,"Frozen Egg 2":82,"Sling":19,"MawBank":34,"Smiling Mask":50,"White Beast Statue":23,"Blood Vial":0,"Cauldron":82,"Centennial Puzzle":19,"Tough Bandages":86,"FaceOfCleric":7,"Ninja Scroll":82,"Pandora\u0027s Box":32,"MealTicket":98,"Black Star":58,"Kunai":82,"Toy Ornithopter":82,"Ring of the Snake":0}],"Toy Ornithopter":30,"Ring of the Snake":[48]},"card_choices":[{"not_picked":["Quick Slash","Blade Dance"],"picked":"Dagger Throw","floor":1.0},{"not_picked":["Riddle With Holes","Prepared"],"picked":"Noxious Fumes","floor":2.0},{"not_picked":["Dash","Envenom"],"picked":"Adrenaline","floor":7.0},{"not_picked":["Finisher","Blade Dance"],"picked":"Dagger Spray","floor":10.0},{"not_picked":["Dagger Throw","Poisoned Stab"],"picked":"Backflip","floor":11.0},{"not_picked":["Backflip","Masterful Stab","Deadly Poison"],"picked":"SKIP","floor":13.0},{"not_picked":["Underhanded Strike","Reflex"],"picked":"Slice","floor":14.0},{"not_picked":["Adrenaline","A Thousand Cuts"],"picked":"After Image","floor":16.0},{"not_picked":["Infinite Blades","Flying Knee","Sucker Punch"],"picked":"SKIP","floor":18.0},{"not_picked":["Reflex","Dagger Throw","Calculated Gamble"],"picked":"SKIP","floor":24.0},{"not_picked":["Reflex","Dagger Throw","Calculated Gamble"],"picked":"SKIP","floor":24.0},{"not_picked":["Reflex","Dagger Throw","Calculated Gamble"],"picked":"SKIP","floor":24.0},{"not_picked":["Outmaneuver","Acrobatics"],"picked":"Backflip","floor":25.0},{"not_picked":["Sucker Punch","Riddle With Holes"],"picked":"Catalyst+1","floor":28.0},{"not_picked":["Blade Dance","Dagger Throw"],"picked":"Backflip+1","floor":29.0},{"not_picked":["Dagger Spray","Catalyst"],"picked":"Concentrate","floor":30.0},{"not_picked":["Malaise","Unload"],"picked":"Bullet Time","floor":33.0},{"not_picked":["Riddle With Holes","Escape Plan"],"picked":"Acrobatics+1","floor":35},{"not_picked":["Dagger Spray+1","Dagger Throw"],"picked":"Crippling Poison+1","floor":36},{"not_picked":["Crippling Poison+1","Infinite Blades"],"picked":"Catalyst","floor":39},{"not_picked":["Dagger Throw","Die Die Die"],"picked":"Night Terror","floor":40},{"not_picked":["Dagger Throw","Crippling Poison"],"picked":"Reflex+1","floor":42},{"not_picked":["Dagger Spray+1","Sucker Punch+1"],"picked":"Reflex","floor":45},{"not_picked":["Endless Agony","Underhanded Strike+1"],"picked":"PiercingWail","floor":46},{"not_picked":["A Thousand Cuts+1","Terror"],"picked":"Deflect+1","floor":48}],"player_experience":1490323,"relics_obtained":[{"floor":7.0,"key":"Vajra"},{"floor":9.0,"key":"Pen Nib"},{"floor":13.0,"key":"White Beast Statue"},{"floor":24.0,"key":"Pear"},{"floor":29.0,"key":"Whetstone"},{"floor":40,"key":"Ninja Scroll"},{"floor":40,"key":"Kunai"},{"floor":43,"key":"Tough Bandages"},{"floor":47,"key":"Regal Pillow"},{"floor":48,"key":"MealTicket"},{"floor":48,"key":"Lantern"}],"event_choices":[{"damage_healed":0.0,"max_hp_gain":0.0,"max_hp_loss":0.0,"gold_gain":175.0,"event_name":"Liars Game","player_choice":"AGREE","floor":3.0,"gold_loss":0.0,"damage_taken":0.0,"cards_obtained":["Doubt"]},{"cards_removed":["Doubt"],"damage_healed":0.0,"max_hp_gain":0.0,"max_hp_loss":0.0,"gold_gain":0.0,"event_name":"Golden Wing","player_choice":"Card Removal","floor":4.0,"gold_loss":0.0,"damage_taken":7.0},{"damage_healed":0.0,"max_hp_gain":0.0,"max_hp_loss":0.0,"gold_gain":0.0,"event_name":"FaceTrader","player_choice":"Trade","floor":5.0,"gold_loss":0.0,"damage_taken":0.0,"relics_obtained":["FaceOfCleric"]},{"damage_healed":0.0,"max_hp_gain":0.0,"max_hp_loss":0.0,"gold_gain":0.0,"event_name":"Addict","player_choice":"Stole Relic","floor":20.0,"gold_loss":0.0,"damage_taken":0.0,"relics_obtained":["MawBank"],"cards_obtained":["Shame"]},{"damage_healed":0.0,"max_hp_gain":0.0,"max_hp_loss":0.0,"gold_gain":0.0,"event_name":"Vampires","player_choice":"Became a vampire (Vial)","floor":22.0,"relics_lost":["Blood Vial"],"gold_loss":0.0,"damage_taken":0.0,"cards_obtained":["Bite","Bite","Bite","Bite","Bite"]},{"damage_healed":0.0,"max_hp_gain":0.0,"max_hp_loss":0.0,"gold_gain":0.0,"event_name":"The Mausoleum","player_choice":"Opened","floor":31.0,"gold_loss":0.0,"damage_taken":0.0,"relics_obtained":["Smiling Mask"],"cards_obtained":["Writhe"]},{"damage_healed":0,"gold_gain":999,"player_choice":"Gold","damage_taken":0,"max_hp_gain":0,"max_hp_loss":0,"event_name":"MindBloom","floor":37,"gold_loss":0,"cards_obtained":["Normality","Normality"]},{"damage_healed":0,"gold_gain":0,"player_choice":"Ignored","damage_taken":0,"max_hp_gain":0,"max_hp_loss":0,"event_name":"NoteForYourself","floor":38,"gold_loss":0}],"is_beta":false,"boss_relics":[{"not_picked":["Empty Cage","Ring of the Serpent"],"picked":"Pandora\u0027s Box"},{"not_picked":["SlaversCollar","SacredBark"],"picked":"Black Star"}],"items_purged_floors":[41],"is_endless":false,"potions_floor_spawned":[1,10,11,14,16,18,24,25,28,29,30,33,35,36,39,40,42,45,46,48],"killed_by":"Awakened One","ascension_level":4}}