{"host":"8i4doyxqctgl5qb0","time":1612228218,"event":{"mods":["AchievementEnabler","BaseMod","Block Reminder","Colored Powertips","Downfall","Minty Spire (QoL Compilation)","Permanent Neow","Potion Indicator Mod","Rare Cards Sparkle","StSLib","SuperFastMode","The Jungle"],"gold_per_floor":[119,135,155,155,173,173,198,198,222,222,222,248,258,274,274,374,374,390,315,240,41,51,51,71,71,98,98,98,118,118,132,132,234,234,247,257,62,73,173,173,187,187,236,236,261,13,31,55,55,55],"floor_reached":51,"language":"ZHS","playtime":2031,"items_purged":["Strike_G","Defend_G","Defend_G"],"score":1003,"play_id":"3428a64f-5881-4e58-a075-0d0020d35865","local_time":"20210202091018","is_ascension_mode":true,"campfire_choices":[{"data":"Neutralize","floor":6.0,"key":"SMITH"},{"floor":8.0,"key":"REST"},{"data":"Bouncing Flask","floor":11.0,"key":"SMITH"},{"floor":15.0,"key":"REST"},{"data":"Burst","floor":23.0,"key":"SMITH"},{"data":"Venomology","floor":27.0,"key":"SMITH"},{"data":"Noxious Fumes","floor":30.0,"key":"SMITH"},{"floor":32.0,"key":"REST"},{"data":"Footwork","floor":40.0,"key":"SMITH"},{"data":"Footwork","floor":42.0,"key":"SMITH"},{"data":"Dagger Spray","floor":44.0,"key":"SMITH"},{"floor":49,"key":"REST"}],"circlet_count":0,"master_deck":["Strike_G","Strike_G","Defend_G","Defend_G","Survivor","Neutralize+1","Flechettes","PiercingWail","Caltrops","Bouncing Flask+1","Bane","Burst+1","Footwork+1","Venomology+1","CurseOfTheBell","Deflect","Escape Plan","Poisoned Stab+1","Noxious Fumes+1","Poisoned Stab","Malaise","Leg Sweep+1","Footwork+1","Escape Plan+1","Dagger Spray+1","Madness","Madness","Deadly Poison"],"relics":["Ring of the Serpent","Centennial Puzzle","Happy Flower","Boot","Thread and Needle","Calling Bell","Toy Ornithopter","Blue Candle","Torii","Blood Vial","Strawberry","CeramicFish","Snake Skull"],"acts_visited":["Exordium","TheCity","TheBeyond"],"potions_floor_usage":[48,48,50,50,50],"damage_taken":[{"damage":2.0,"enemies":"Cultist","floor":1.0,"turns":4.0},{"damage":0.0,"enemies":"Jaw Worm","floor":2.0,"turns":5.0},{"damage":1.0,"enemies":"2 Louse","floor":3.0,"turns":3.0},{"damage":5.0,"enemies":"Blue Slaver","floor":5.0,"turns":5.0},{"damage":27.0,"enemies":"3 Sentries","floor":7.0,"turns":10.0},{"damage":13.0,"enemies":"Lagavulin","floor":12.0,"turns":6.0},{"damage":9.0,"enemies":"Exordium Thugs","floor":13.0,"turns":7.0},{"damage":0.0,"enemies":"Lots of Slimes","floor":14.0,"turns":4.0},{"damage":40.0,"enemies":"Slime Boss","floor":16.0,"turns":13.0},{"damage":0.0,"enemies":"Spheric Guardian","floor":18.0,"turns":2.0},{"damage":0.0,"enemies":"3 Byrds","floor":22.0,"turns":5.0},{"damage":8.0,"enemies":"Centurion and Healer","floor":24.0,"turns":7.0},{"damage":0.0,"enemies":"Gremlin Leader","floor":25.0,"turns":1.0},{"damage":11.0,"enemies":"Cultist and Chosen","floor":29.0,"turns":6.0},{"damage":29.0,"enemies":"Sentry and Sphere","floor":31.0,"turns":9.0},{"damage":49.0,"enemies":"Champ","floor":33.0,"turns":12.0},{"damage":12.0,"enemies":"Orb Walker","floor":35.0,"turns":6.0},{"damage":24.0,"enemies":"3 Darklings","floor":36.0,"turns":4.0},{"damage":7.0,"enemies":"Maw","floor":38.0,"turns":8.0},{"damage":15.0,"enemies":"Jaw Worm Horde","floor":41.0,"turns":4.0},{"damage":29.0,"enemies":"Giant Head","floor":45.0,"turns":10.0},{"damage":10,"enemies":"Transient","floor":48,"turns":5},{"damage":78,"enemies":"Time Eater","floor":50,"turns":13}],"seed_played":"8714264041183495108","potions_obtained":[{"floor":2.0,"key":"Swift Potion"},{"floor":3.0,"key":"PowerPotion"},{"floor":7.0,"key":"SneckoOil"},{"floor":16.0,"key":"Energy Potion"},{"floor":18.0,"key":"SkillPotion"},{"floor":31.0,"key":"PowerPotion"},{"floor":36.0,"key":"CunningPotion"},{"floor":41.0,"key":"ColorlessPotion"}],"is_trial":false,"path_per_floor":["M","M","M","?","M","R","E","R","T","?","R","E","M","M","R","B",null,"M","$","?","$","M","R","M","E","T","R","?","M","R","M","R","B",null,"M","M","$","M","?","R","M","R","T","R","E","$","?","M","R","B",null],"character_chosen":"THE_SILENT","items_purchased":["SmokeBomb","Footwork","Snake Skull","Energy Potion","Poison Potion"],"campfire_rested":4,"item_purchase_floors":[21,37,46,46,46],"current_hp_per_floor":[68,68,67,67,62,62,35,58,58,58,58,45,36,36,59,19,63,63,63,63,63,63,63,60,65,65,65,65,66,66,39,62,25,64,59,47,47,62,62,62,69,69,76,76,57,57,46,48,73,12],"gold":55,"neow_bonus":"TEN_PERCENT_HP_BONUS","is_daily":false,"chose_seed":false,"campfire_upgraded":8,"win_rate":0.0,"timestamp":1612228218,"path_taken":["M","?","M","?","?","R","E","R","T","?","R","E","?","M","R","BOSS","M","$","?","$","M","R","M","E","T","R","?","?","R","M","R","BOSS","M","M","?","?","?","R","?","R","T","R","E","$","?","M","R","BOSS"],"items_purchased_type":["Potion","Card","Relic","Potion","Potion"],"build_version":"2020-12-22","purchased_purges":3,"victory":true,"max_hp_per_floor":[77,77,77,77,77,77,77,77,77,77,77,77,77,77,77,77,77,77,77,77,77,77,77,77,77,77,77,77,77,77,77,77,77,77,77,77,77,77,77,77,77,77,84,84,84,84,84,84,84,84],"card_choices":[{"not_picked":["PiercingWail","Calculated Gamble"],"picked":"Flechettes","floor":1.0},{"not_picked":["Riddle With Holes","Reflex"],"picked":"PiercingWail","floor":2.0},{"not_picked":["Underhanded Strike","Dagger Throw"],"picked":"Caltrops","floor":3.0},{"not_picked":["Reflex","Cloak And Dagger"],"picked":"Bouncing Flask","floor":5.0},{"not_picked":["Blade Dance","Dagger Throw","Slice"],"picked":"SKIP","floor":7.0},{"not_picked":["Skewer","Tactician"],"picked":"Bane","floor":12.0},{"not_picked":["Tactician","Prepared"],"picked":"Burst","floor":13.0},{"not_picked":["Well Laid Plans","Predator"],"picked":"Footwork","floor":14.0},{"not_picked":["Doppelganger","Unload"],"picked":"Venomology","floor":16.0},{"not_picked":["Endless Agony+1","Flechettes"],"picked":"Deflect","floor":18.0},{"not_picked":["Dodge and Roll","Dash"],"picked":"Escape Plan","floor":22.0},{"not_picked":["Acrobatics","Backstab+1"],"picked":"Poisoned Stab+1","floor":24.0},{"not_picked":["Concentrate+1","Dagger Throw","Flying Knee"],"picked":"SKIP","floor":29.0},{"not_picked":["Infinite Blades","Flechettes"],"picked":"Poisoned Stab","floor":31.0},{"not_picked":["Wraith Form v2","Envenom"],"picked":"Malaise","floor":33.0},{"not_picked":["Quick Slash+1","All Out Attack","Dodge and Roll"],"picked":"SKIP","floor":35.0},{"not_picked":["PiercingWail+1","Deflect+1"],"picked":"Leg Sweep+1","floor":36.0},{"not_picked":["PiercingWail","Cloak And Dagger+1"],"picked":"Escape Plan+1","floor":38.0},{"not_picked":["Riddle With Holes","Blur"],"picked":"Dagger Spray","floor":41.0},{"not_picked":["Tactician","Acrobatics","Flechettes"],"picked":"SKIP","floor":45.0},{"not_picked":["Dagger Spray+1","Caltrops+1"],"picked":"Deadly Poison","floor":48}],"player_experience":267698,"relics_obtained":[{"floor":7.0,"key":"Happy Flower"},{"floor":9.0,"key":"Boot"},{"floor":12.0,"key":"Thread and Needle"},{"floor":17.0,"key":"Toy Ornithopter"},{"floor":17.0,"key":"Blue Candle"},{"floor":17.0,"key":"Torii"},{"floor":26.0,"key":"Blood Vial"},{"floor":43.0,"key":"Strawberry"},{"floor":45.0,"key":"CeramicFish"}],"event_choices":[{"damage_healed":0.0,"max_hp_gain":0.0,"max_hp_loss":0.0,"gold_gain":0.0,"event_name":"WeMeetAgain","player_choice":"Gave Potion","floor":4.0,"gold_loss":0.0,"damage_taken":0.0,"relics_obtained":["Centennial Puzzle"]},{"cards_removed":["Strike_G"],"damage_healed":0.0,"max_hp_gain":0.0,"max_hp_loss":0.0,"gold_gain":0.0,"event_name":"Purifier","player_choice":"Purged","floor":10.0,"gold_loss":0.0,"damage_taken":0.0},{"cards_removed":["Strike_G"],"damage_healed":0.0,"max_hp_gain":0.0,"max_hp_loss":0.0,"gold_gain":0.0,"event_name":"Beggar","player_choice":"Gave Gold","floor":20.0,"gold_loss":75.0,"damage_taken":0.0},{"damage_healed":0.0,"max_hp_gain":0.0,"max_hp_loss":0.0,"gold_gain":0.0,"cards_transformed":["Defend_G"],"event_name":"Transmorgrifier","player_choice":"Transformed","floor":28.0,"gold_loss":0.0,"damage_taken":0.0,"cards_obtained":["Noxious Fumes"]},{"damage_healed":0.0,"max_hp_gain":0.0,"max_hp_loss":0.0,"gold_gain":100.0,"event_name":"Golden Shrine","player_choice":"Pray","floor":39.0,"gold_loss":0.0,"damage_taken":0.0},{"damage_healed":0.0,"max_hp_gain":0.0,"max_hp_loss":0.0,"gold_gain":0.0,"event_name":"Winding Halls","player_choice":"Embrace Madness","floor":47.0,"gold_loss":0.0,"damage_taken":11.0,"cards_obtained":["Madness","Madness"]}],"is_beta":false,"boss_relics":[{"not_picked":["HoveringKite","Velvet Choker"],"picked":"Calling Bell"},{"not_picked":["Fusion Hammer","Empty Cage"],"picked":"Ring of the Serpent"}],"items_purged_floors":[19,21,37],"is_endless":false,"potions_floor_spawned":[2,3,7,16,18,24,31,36,41],"ascension_level":9}}