{"host":"f0gpob8hq9vgebej","time":1612266737,"event":{"mods":["AchievementEnabler","BaseMod","Minty Spire (QoL Compilation)","Quick Restart","SuperFastMode"],"gold_per_floor":[111,111,128,141,155,155,155,173,173,173,190,203,203,222,222,296,296,316,336,45,62,62,62],"floor_reached":22,"language":"KOR","playtime":548,"items_purged":["Strike_G"],"score":331,"play_id":"8106f9c4-f480-4d99-8796-da9b473a5113","local_time":"20210202205217","is_ascension_mode":true,"campfire_choices":[{"data":"Glass Knife","floor":6,"key":"SMITH"},{"data":"Noxious Fumes","floor":10,"key":"SMITH"},{"data":"Neutralize","floor":15,"key":"SMITH"}],"circlet_count":0,"master_deck":["AscendersBane","Strike_G","Strike_G","Strike_G","Defend_G","Defend_G","Defend_G","Defend_G","Survivor","Neutralize+1","Glass Knife+1","Acrobatics","Noxious Fumes+1","Deadly Poison","Blade Dance","Blade Dance","Finisher","Envenom","Accuracy","Prepared","Accuracy"],"relics":["Ring of the Snake","Blue Candle","HoveringKite","ClockworkSouvenir"],"acts_visited":["Exordium","TheCity"],"potions_floor_usage":[12,13,19],"damage_taken":[{"damage":0,"enemies":"Cultist","floor":1,"turns":5},{"damage":0,"enemies":"Jaw Worm","floor":3,"turns":3},{"damage":0,"enemies":"2 Louse","floor":4,"turns":2},{"damage":12,"enemies":"Large Slime","floor":5,"turns":7},{"damage":6,"enemies":"3 Louse","floor":8,"turns":5},{"damage":5,"enemies":"Red Slaver","floor":11,"turns":4},{"damage":0,"enemies":"Large Slime","floor":12,"turns":4},{"damage":0,"enemies":"Gremlin Gang","floor":13,"turns":1},{"damage":0,"enemies":"3 Louse","floor":14,"turns":4},{"damage":15,"enemies":"The Guardian","floor":16,"turns":11},{"damage":10,"enemies":"Shell Parasite","floor":18,"turns":5},{"damage":9,"enemies":"Chosen","floor":19,"turns":4},{"damage":10,"enemies":"Snecko","floor":21,"turns":4},{"damage":31,"enemies":"Cultist and Chosen","floor":22,"turns":4}],"seed_played":"-6000322137031651999","potions_obtained":[{"floor":4,"key":"SmokeBomb"},{"floor":8,"key":"Swift Potion"},{"floor":12,"key":"FairyPotion"},{"floor":16,"key":"Weak Potion"},{"floor":19,"key":"Explosive Potion"}],"is_trial":false,"path_per_floor":["M","?","M","M","M","R","?","M","T","R","M","M","M","M","R","B",null,"M","M","$","M","M"],"character_chosen":"THE_SILENT","items_purchased":["ClockworkSouvenir","Accuracy"],"campfire_rested":0,"item_purchase_floors":[20,20],"current_hp_per_floor":[44,44,44,44,32,32,25,19,19,19,14,14,14,14,14,19,54,44,35,35,25,0,0],"gold":62,"neow_bonus":"THREE_RARE_CARDS","is_daily":false,"chose_seed":false,"campfire_upgraded":3,"win_rate":0.0,"timestamp":1612266737,"path_taken":["M","?","M","M","M","R","?","M","T","R","M","M","M","M","R","BOSS","M","M","$","M","M"],"items_purchased_type":["Relic","Card"],"build_version":"2020-12-22","purchased_purges":1,"victory":false,"max_hp_per_floor":[66,66,66,66,66,66,66,66,66,66,66,66,66,66,66,66,66,66,66,66,66,66,66],"card_choices":[{"not_picked":["Bullet Time","Unload"],"picked":"Glass Knife","floor":0},{"not_picked":["Flying Knee","Deflect","Sucker Punch"],"picked":"SKIP","floor":1},{"not_picked":["Deadly Poison","Poisoned Stab"],"picked":"Acrobatics","floor":3},{"not_picked":["Flying Knee","Deflect"],"picked":"Noxious Fumes","floor":4},{"not_picked":["Poisoned Stab","Underhanded Strike","Doppelganger"],"picked":"SKIP","floor":5},{"not_picked":["Riddle With Holes","Cloak And Dagger"],"picked":"Deadly Poison","floor":8},{"not_picked":["Underhanded Strike","Setup"],"picked":"Blade Dance","floor":11},{"not_picked":["Dagger Throw","Dagger Spray"],"picked":"Blade Dance","floor":12},{"not_picked":["Bane","Quick Slash"],"picked":"Finisher","floor":14},{"not_picked":["Burst","Night Terror"],"picked":"Envenom","floor":16},{"not_picked":["Deflect","Footwork"],"picked":"Accuracy","floor":18},{"not_picked":["Underhanded Strike","Expertise"],"picked":"Prepared","floor":19},{"not_picked":["Eviscerate","Noxious Fumes","Expertise"],"picked":"SKIP","floor":21}],"player_experience":366718,"relics_obtained":[{"floor":9,"key":"Blue Candle"}],"event_choices":[{"cards_removed":["Strike_G"],"damage_healed":0,"gold_gain":0,"player_choice":"Forget","damage_taken":0,"max_hp_gain":0,"max_hp_loss":0,"event_name":"Living Wall","floor":2,"gold_loss":0},{"cards_removed":["Defend_G"],"damage_healed":0,"gold_gain":0,"player_choice":"Card Removal","damage_taken":7,"max_hp_gain":0,"max_hp_loss":0,"event_name":"Golden Wing","floor":7,"gold_loss":0}],"is_beta":false,"boss_relics":[{"not_picked":["Busted Crown","Black Star"],"picked":"HoveringKite"}],"items_purged_floors":[20],"is_endless":false,"potions_floor_spawned":[4,8,12,13,16,19],"killed_by":"Cultist and Chosen","ascension_level":16}}