{"host":"0o4jkshs65tojivq","time":1612239550,"event":{"mods":["BaseMod","Downfall","Minty Spire (QoL Compilation)","Relic Stats","StSLib"],"gold_per_floor":[99,110,560,560,580,480,507,90,109,109,209,384,234,264,274,371,371,371,385,397,497,407,434,485,554,554,197,197,225,356,383,397,496,496,396,406,467,20,40,67,117,167,67,78,140,238,238,311,321,321,321,348,84,84,84,84],"floor_reached":57,"language":"ENG","playtime":7235,"items_purged":["Pain","bronze:Strike","bronze:Strike","bronze:Defend","bronze:Defend"],"score":1719,"play_id":"8e2e8874-c6e8-4537-a134-ae25e796bc7e","local_time":"20210201201910","is_ascension_mode":true,"campfire_choices":[{"floor":1.0,"key":"RECALL"},{"data":"bronze:MaxOutput","floor":6.0,"key":"SMITH"},{"data":"bronze:BugBarrage","floor":10.0,"key":"SMITH"},{"data":"bronze:MaxOutput","floor":18.0,"key":"SMITH"},{"data":"bronze:MaxOutput","floor":26.0,"key":"SMITH"},{"data":"bronze:MaxOutput","floor":28.0,"key":"SMITH"},{"data":"bronze:MaxOutput","floor":35.0,"key":"SMITH"},{"data":"bronze:FindAndReplace","floor":43.0,"key":"SMITH"},{"data":"bronze:BurnOut","floor":47.0,"key":"SMITH"},{"data":"bronze:Frontload","floor":54,"key":"SMITH"}],"circlet_count":0,"master_deck":["bronze:Defend","bronze:BurnOut+1","bronze:ChildClass+1","bronze:FindAndReplace+1","bronze:MaxOutput+1","downfall:Icky","downfall:Icky","downfall:Icky","bronze:MaxOutput+1","bronze:FindAndReplace+1","bronze:BugBarrage+1","bronze:BurnOut+1","bronze:MaxOutput+1","bronze:Turbo","downfall:Haunted","downfall:Haunted","Injury","downfall:Haunted","Doubt","Doubt","bronze:BuggyMess","bronze:MaxOutput+1","bronze:BurnOut+1","CurseOfTheBell","bronze:FineTuning+1","bronze:MaxOutput+1","bronze:Turbo","bronze:NullPointer+1","bronze:FindAndReplace+1","bronze:Frontload+1","bronze:ItsAFeature+1","bronze:ItsAFeature+1","bronze:ItsAFeature+1","Writhe","downfall:Aged","bronze:BugBarrage+1","Doubt"],"relics":["Astrolabe","downfall:HeartBlessingRed","Bag of Marbles","DollysMirror","Du-Vu Doll","Unceasing Top","Calling Bell","Lantern","Mummified Hand","Bird Faced Urn","downfall:CloakOfManyFaces","CultistMask","FaceOfCleric","NlothsMask","GremlinMask","SsserpentHead","ClockworkSouvenir","Akabeko","The Courier","Frozen Eye","Oddly Smooth Stone","Mango","Frozen Egg 2","Shuriken","Cursed Key","downfall:HeartBlessingGreen","Toxic Egg 2","Orrery","Vajra","downfall:HeartBlessingBlue","Turnip","Blood Vial","InkBottle","Boot"],"acts_visited":["Exordium","TheCity","TheBeyond","TheEnding"],"potions_floor_usage":[56,56],"damage_taken":[{"damage":0.0,"enemies":"2 Louse","floor":2.0,"turns":2.0},{"damage":5.0,"enemies":"Cultist","floor":5.0,"turns":3.0},{"damage":4.0,"enemies":"downfall:FleeingMerchant","floor":8.0,"turns":4.0},{"damage":0.0,"enemies":"Small Slimes","floor":9.0,"turns":1.0},{"damage":15.0,"enemies":"downfall:FleeingMerchant","floor":13.0,"turns":4.0},{"damage":4.0,"enemies":"Lagavulin","floor":14.0,"turns":3.0},{"damage":0.0,"enemies":"Exordium Wildlife","floor":15.0,"turns":1.0},{"damage":0.0,"enemies":"DF_ARCHETYPE_STREAMLINE","floor":16.0,"turns":3.0},{"damage":0.0,"enemies":"Shell Parasite","floor":19.0,"turns":1.0},{"damage":0.0,"enemies":"Spheric Guardian","floor":20.0,"turns":1.0},{"damage":0.0,"enemies":"downfall:FaceTrader","floor":21.0,"turns":1.0},{"damage":0.0,"enemies":"downfall:FleeingMerchant","floor":22.0,"turns":2.0},{"damage":2.0,"enemies":"Slavers","floor":23.0,"turns":2.0},{"damage":0.0,"enemies":"Snecko","floor":25.0,"turns":1.0},{"damage":6.0,"enemies":"Book of Stabbing","floor":29.0,"turns":2.0},{"damage":31.0,"enemies":"Slavers","floor":31.0,"turns":5.0},{"damage":0.0,"enemies":"Centurion and Healer","floor":32.0,"turns":1.0},{"damage":0.0,"enemies":"IC_MUSHROOM_ARCHETYPE","floor":33.0,"turns":1.0},{"damage":3.0,"enemies":"3 Shapes","floor":36.0,"turns":1.0},{"damage":0.0,"enemies":"Orb Walker","floor":37.0,"turns":1.0},{"damage":0.0,"enemies":"Jaw Worm Horde","floor":39.0,"turns":3.0},{"damage":11.0,"enemies":"Reptomancer","floor":40.0,"turns":3.0},{"damage":0.0,"enemies":"Maw","floor":44.0,"turns":2.0},{"damage":25.0,"enemies":"4 Shapes","floor":45.0,"turns":2.0},{"damage":33.0,"enemies":"2 Orb Walkers","floor":46.0,"turns":4.0},{"damage":0.0,"enemies":"Writhing Mass","floor":49.0,"turns":5.0},{"damage":0.0,"enemies":"WA_ARCHETYPE_DIVINITY","floor":50.0,"turns":2.0},{"damage":10.0,"enemies":"downfall:CharBossMerchant","floor":52.0,"turns":2.0},{"damage":9,"enemies":"downfall:NeowBoss","floor":55,"turns":7},{"damage":16,"enemies":"downfall:NeowBossFinal","floor":56,"turns":5}],"seed_played":"-5297465399165698280","potions_obtained":[{"floor":9.0,"key":"Block Potion"},{"floor":16.0,"key":"LiquidMemories"},{"floor":19.0,"key":"PowerPotion"},{"floor":23.0,"key":"bronze:BuildAFunctionPotion"},{"floor":33.0,"key":"SmokeBomb"},{"floor":44.0,"key":"Slimebound:ThreeZeroPotion"},{"floor":46.0,"key":"Energy Potion"},{"floor":49.0,"key":"champ:CounterPotion"}],"is_trial":false,"path_per_floor":["R","M","?","?","M","R","T","$","M","R","?","?","$","E","M","B",null,"R","M","M","?","$","E","T","M","R","$","R","E","T","E","M","B",null,"R","M","M","$","M","E","T","?","R","M","M","?","R","T","M","B",null,"E","$","R","B","B",null],"character_chosen":"THE_AUTOMATON","items_purchased":["bronze:BugBarrage","DollysMirror","bronze:MaxOutput","bronze:Turbo","bronze:MaxOutput","ClockworkSouvenir","Akabeko","Frozen Eye","Oddly Smooth Stone","Toxic Egg 2","bronze:ItsAFeature+1","bronze:ItsAFeature+1","Orrery","Boot"],"campfire_rested":0,"item_purchase_floors":[8,8,8,8,13,22,22,27,27,38,38,38,38,53],"current_hp_per_floor":[70,70,70,70,65,65,65,61,61,61,66,66,51,47,47,47,75,75,75,75,75,76,75,75,76,76,76,76,93,93,71,72,75,96,96,96,97,97,99,95,95,95,105,111,93,71,71,71,88,99,115,110,110,110,117,110],"gold":84,"neow_bonus":"BOSS_RELIC","is_daily":false,"chose_seed":false,"campfire_upgraded":9,"win_rate":0.0,"timestamp":1612239550,"path_taken":["R","M","?","?","M","R","T","$","?","R","?","?","$","E","M","BOSS","R","M","M","?","$","E","T","?","R","$","R","E","?","E","M","BOSS","R","M","?","$","M","E","T","?","R","M","?","?","R","?","M","BOSS","E","$","R","BOSS","BOSS"],"items_purchased_type":["Card","Relic","Card","Card","Card","Relic","Relic","Relic","Relic","Relic","Card","Card","Relic","Relic"],"build_version":"2020-12-22","purchased_purges":5,"victory":true,"max_hp_per_floor":[70,70,70,70,70,70,70,70,70,70,75,75,75,75,75,75,75,75,75,75,75,76,77,77,78,78,78,78,93,93,94,95,96,96,96,97,98,98,99,100,100,100,110,111,112,113,113,113,114,115,115,116,116,116,117,118],"relic_stats":{"counters":[30,75],"Astrolabe":["bronze:BurnOut","bronze:ChildClass","bronze:FindAndReplace"],"Cursed Key":2,"Boot":[0],"Blood Vial":6,"SsserpentHead":350,"FaceOfCleric":19,"Mummified Hand":[64],"Shuriken":[5],"Bird Faced Urn":[95],"Turnip":[5],"obtain_stats":[{"Lantern":17,"bronze:BronzeCore":0,"Vajra":40,"GremlinMask":21,"Mango":29,"downfall:HeartBlessingGreen":35,"Cursed Key":34,"Boot":53,"ClockworkSouvenir":22,"Blood Vial":48,"SsserpentHead":21,"Frozen Eye":27,"FaceOfCleric":21,"DollysMirror":8,"Mummified Hand":17,"downfall:HeartBlessingBlue":43,"downfall:CloakOfManyFaces":21,"Toxic Egg 2":38,"InkBottle":52,"downfall:HeartBlessingRed":6,"Astrolabe":0,"Oddly Smooth Stone":27,"The Courier":23,"Frozen Egg 2":30,"Akabeko":22,"Du-Vu Doll":11,"Calling Bell":17,"Shuriken":31,"Bird Faced Urn":17,"Orrery":38,"CultistMask":21,"Turnip":46,"Bag of Marbles":7,"Unceasing Top":14,"NlothsMask":21},{"Lantern":8,"bronze:BronzeCore":0,"Vajra":22,"GremlinMask":11,"Mango":15,"downfall:HeartBlessingGreen":18,"Cursed Key":18,"Boot":28,"ClockworkSouvenir":12,"Blood Vial":25,"SsserpentHead":11,"Frozen Eye":14,"FaceOfCleric":11,"DollysMirror":3,"Mummified Hand":8,"downfall:HeartBlessingBlue":22,"downfall:CloakOfManyFaces":11,"Toxic Egg 2":20,"InkBottle":28,"downfall:HeartBlessingRed":2,"Astrolabe":0,"Oddly Smooth Stone":14,"The Courier":13,"Frozen Egg 2":15,"Akabeko":12,"Du-Vu Doll":4,"Calling Bell":8,"Shuriken":16,"Bird Faced Urn":8,"Orrery":20,"CultistMask":11,"Turnip":25,"Bag of Marbles":2,"Unceasing Top":6,"NlothsMask":11},{"Lantern":21,"bronze:BronzeCore":0,"Vajra":46,"GremlinMask":24,"Mango":31,"downfall:HeartBlessingGreen":38,"Cursed Key":38,"Boot":63,"ClockworkSouvenir":26,"Blood Vial":54,"SsserpentHead":24,"Frozen Eye":29,"FaceOfCleric":24,"DollysMirror":9,"Mummified Hand":21,"downfall:HeartBlessingBlue":46,"downfall:CloakOfManyFaces":24,"Toxic Egg 2":40,"InkBottle":63,"downfall:HeartBlessingRed":5,"Astrolabe":0,"Oddly Smooth Stone":29,"The Courier":28,"Frozen Egg 2":31,"Akabeko":26,"Du-Vu Doll":10,"Calling Bell":21,"Shuriken":36,"Bird Faced Urn":21,"Orrery":40,"CultistMask":24,"Turnip":54,"Bag of Marbles":5,"Unceasing Top":17,"NlothsMask":24}],"Unceasing Top":[0],"InkBottle":[5]},"card_choices":[{"not_picked":["bronze:Shield","bronze:Repulsor"],"picked":"bronze:MaxOutput","floor":2.0},{"not_picked":["bronze:Separator","bronze:ClassDefault","bronze:WildBeam"],"picked":"SKIP","floor":5.0},{"not_picked":["bronze:Invalidate","bronze:Iterate"],"picked":"bronze:Philosophize","floor":8.0},{"not_picked":["bronze:Backtrace","bronze:Philosophize","bronze:Separator"],"picked":"SKIP","floor":9.0},{"not_picked":["bronze:Branch","bronze:Allocate"],"picked":"bronze:BuggyMess","floor":13.0},{"not_picked":["bronze:Turbo","bronze:Frontload","bronze:Safeguard"],"picked":"SKIP","floor":14.0},{"not_picked":["bronze:Constructor","bronze:DigitalCarnage","bronze:Deprecate"],"picked":"SKIP","floor":15.0},{"not_picked":["bronze:Break","bronze:FindAndReplace"],"picked":"bronze:BurnOut","floor":16.0},{"not_picked":["bronze:Deprecate","bronze:BitShift","bronze:Boost"],"picked":"SKIP","floor":19.0},{"not_picked":["bronze:DelayedGuard+1","bronze:OilSpill"],"picked":"bronze:FineTuning+1","floor":20.0},{"not_picked":["bronze:BitShift+1","bronze:ChosenStrike","bronze:Optimize"],"picked":"SKIP","floor":22.0},{"not_picked":["bronze:CutThrough","bronze:GetLatest+1","bronze:BuggyMess"],"picked":"SKIP","floor":23.0},{"not_picked":["bronze:Invalidate+1","bronze:Separator+1"],"picked":"bronze:MaxOutput","floor":25.0},{"not_picked":["bronze:FineTuning","bronze:Overheat+1"],"picked":"bronze:Turbo","floor":29.0},{"not_picked":["bronze:RecursiveStrike","bronze:Turbo","bronze:Refactor"],"picked":"SKIP","floor":31.0},{"not_picked":["bronze:DelayedSlice","bronze:BronzeOrb"],"picked":"bronze:NullPointer+1","floor":32.0},{"not_picked":["bronze:Mutator+1","bronze:Format"],"picked":"bronze:FindAndReplace","floor":33.0},{"not_picked":["bronze:Allocate+1","bronze:DelayedGuard+1"],"picked":"bronze:Frontload","floor":36.0},{"not_picked":["bronze:ClassDefault+1","bronze:BitShift+1","bronze:FineTuning"],"picked":"SKIP","floor":37.0},{"not_picked":["bronze:Flail+1","bronze:Frontload+1"],"picked":"bronze:ItsAFeature+1","floor":38.0},{"not_picked":["bronze:InfiniteBeams+1","bronze:FineTuning+1","bronze:Overheat+1"],"picked":"SKIP","floor":39.0},{"not_picked":["bronze:InfiniteBeams+1","bronze:FineTuning+1","bronze:Overheat+1"],"picked":"SKIP","floor":39.0},{"not_picked":["bronze:ShipIt","bronze:Iterate+1","bronze:BuggyMess+1"],"picked":"SKIP","floor":40.0},{"not_picked":["bronze:DelayedGuard+1","bronze:Branch","bronze:BitShift+1"],"picked":"SKIP","floor":44.0},{"not_picked":["bronze:DelayedGuard+1","bronze:Branch","bronze:BitShift+1"],"picked":"SKIP","floor":44.0},{"not_picked":["bronze:BuggyMess+1","bronze:Iterate+1"],"picked":"bronze:BugBarrage+1","floor":45.0},{"not_picked":["bronze:OilSpill","bronze:Return+1","bronze:Branch+1"],"picked":"SKIP","floor":49.0},{"not_picked":["bronze:NullPointer+1","bronze:CutThrough+1","bronze:BitShift+1"],"picked":"SKIP","floor":52.0}],"player_experience":1187672,"relics_obtained":[{"floor":7.0,"key":"Bag of Marbles"},{"floor":14.0,"key":"Unceasing Top"},{"floor":17.0,"key":"Lantern"},{"floor":17.0,"key":"Mummified Hand"},{"floor":17.0,"key":"Bird Faced Urn"},{"floor":21.0,"key":"downfall:CloakOfManyFaces"},{"floor":23.0,"key":"The Courier"},{"floor":29.0,"key":"Mango"},{"floor":30.0,"key":"Frozen Egg 2"},{"floor":31.0,"key":"Shuriken"},{"floor":40.0,"key":"Vajra"},{"floor":46.0,"key":"Turnip"},{"floor":48.0,"key":"Blood Vial"},{"floor":52.0,"key":"InkBottle"}],"event_choices":[{"damage_healed":0.0,"max_hp_gain":0.0,"max_hp_loss":0.0,"gold_gain":0.0,"event_name":"Mysterious Sphere","player_choice":"Fight","floor":46.0,"gold_loss":0.0,"damage_taken":0.0}],"is_beta":false,"boss_relics":[{"not_picked":["Coffee Dripper","Sozu"],"picked":"Calling Bell"},{"not_picked":["Runic Dome","Tiny House"],"picked":"Cursed Key"}],"items_purged_floors":[8,13,22,27,53],"is_endless":false,"potions_floor_spawned":[9,16,19,23,25,33,44,45,46,49],"ascension_level":1}}