{"host":"vm8b3ptwl81uq21f","time":1612241137,"event":{"mods":["Act Like it!","Aspiration","BaseMod","BetterRewards","Colored Map","Colored Powertips","GifTheSpireLib","Googly Eyes","GungeonMod","Halation","Hallownest","Hubris","Infinite Spire","Minty Spire (QoL Compilation)","Quick Restart","Rare Cards Sparkle","Replay The Spire","Shop Mod","Spicy Shops","StSLib","Stuff the Spire","The IronCluck","[IsaacMod]????"],"gold_per_floor":[130,153,5,31,60,106,106,59,133,133,152,152,172,190,190,308,308,337,356,356,48,48,86,86,97,97,97,97,97,168,168,168,275,275,299,19,87,107,107,107,143,143,220,245,295,323,117,134,134,147],"floor_reached":51,"language":"ENG","playtime":2350,"items_purged":["Strike_G","Defend_G","Defend_G","Defend_G","Defend_G"],"score":1297,"play_id":"883717bf-1976-4255-b402-a139178a8a3d","local_time":"20210201234537","is_ascension_mode":true,"campfire_choices":[{"data":"Cloak And Dagger","floor":7,"key":"SMITH"},{"data":"Madness","floor":12,"key":"SMITH"},{"data":"Neutralize","floor":15,"key":"SMITH"},{"data":"Adrenaline","floor":24,"key":"SMITH"},{"data":"ReplayTheSpireMod:Scrap Shanks","floor":28,"key":"SMITH"},{"data":"StuffTheSpire:Fury","floor":32,"key":"SMITH"},{"data":"Panache","floor":40,"key":"SMITH"},{"data":"ReplayTheSpireMod:Scrap Shanks","floor":49,"key":"SMITH"}],"circlet_count":0,"master_deck":["Strike_G+1","Strike_G+1","Strike_G","Strike_G","Defend_G","Survivor","Neutralize+1","StuffTheSpire:FreeRealEstate+1","Madness+1","ReplayTheSpireMod:Necrogeddon","hubris:DuctTapeCard","ReplayTheSpireMod:Scrap Shanks+1","Acrobatics+1","Master of Strategy","Cloak And Dagger+1","Backflip","Adrenaline+1","Blade Dance","Acrobatics+1","hubris:Sniper","Reflex","Phantasmal Killer","Blade Dance+1","StuffTheSpire:Incantation","Blade Dance","Concentrate","StuffTheSpire:Fury+1","Adrenaline","Calculated Gamble+1","Prepared+1","Panache+1","hubris:NaturalOne","ReplayTheSpireMod:Haul","Terror+1","Prepared","ReplayTheSpireMod:Scrap Shanks+1","ReplayTheSpireMod:Scrap Shanks"],"relics":["Ring of the Snake","HushsDoor","MerchantsRug","Paper Crane","Lantern","ClockworkSouvenir","Replay:Bottled Flurry","hubris:Reverence","Tingsha","Replay:Bronze Core","DemoMod:GlassGuonStoneRelic","Red Mask","Basket Of Snakes","hubris:Icosahedron","Bronze Scales","Membership Card","aspiration:FutureDiary","DemoMod:MeatBun","DemoMod:WhiteGuonStone","ForgetMeNow","Vajra","Hallownest:KingsIdolRelic","infinitespire:CheckeredPen","Whetstone","halation:WeightlessCrab","Centennial Puzzle","StuffTheSpire:EmeraldSignet"],"acts_visited":["Exordium","Exordium","Hallownest:CityofTears"],"potions_floor_usage":[6,50],"damage_taken":[{"damage":0,"enemies":"Cultist","floor":1,"turns":4},{"damage":0,"enemies":"Small Slimes","floor":2,"turns":2},{"damage":0,"enemies":"Jaw Worm","floor":4,"turns":2},{"damage":0,"enemies":"Lots of Slimes","floor":5,"turns":3},{"damage":3,"enemies":"Replay:BlueRogue","floor":6,"turns":3},{"damage":0,"enemies":"3 Louse","floor":11,"turns":1},{"damage":0,"enemies":"2 Fungi Beasts","floor":13,"turns":1},{"damage":0,"enemies":"Blue Slaver","floor":14,"turns":2},{"damage":2,"enemies":"The Guardian","floor":16,"turns":4},{"damage":0,"enemies":"Hallownest:Guard_and_Sentry","floor":18,"turns":2},{"damage":0,"enemies":"Hallownest:Flukemon_and_Top","floor":19,"turns":2},{"damage":0,"enemies":"Hallownest:Nosk","floor":23,"turns":2},{"damage":0,"enemies":"Hallownest:2_Husk_Sentries","floor":25,"turns":1},{"damage":0,"enemies":"Hallownest:Glutton_and_Coward","floor":30,"turns":2},{"damage":0,"enemies":"Hallownest:BossMantisLord","floor":33,"turns":1},{"damage":0,"enemies":"Hallownest:Shield_Heavy","floor":35,"turns":1},{"damage":0,"enemies":"Hallownest:2_Primals","floor":37,"turns":2},{"damage":0,"enemies":"Hallownest:3_Siblings","floor":38,"turns":1},{"damage":0,"enemies":"Nightmare","floor":41,"turns":1},{"damage":0,"enemies":"Hallownest:eliteCollector","floor":44,"turns":1},{"damage":0,"enemies":"Hallownest:StalkingDevout","floor":46,"turns":1},{"damage":0,"enemies":"Hallownest:2_Great","floor":48,"turns":1},{"damage":0,"enemies":"Hallownest:Radiance","floor":50,"turns":2}],"seed_played":"5111901295337944955","potions_obtained":[{"floor":1,"key":"SkillPotion"},{"floor":5,"key":"Poison Potion"},{"floor":11,"key":"Elixir"},{"floor":14,"key":"Weak Potion"},{"floor":44,"key":"GamblersBrew"}],"is_trial":false,"path_per_floor":["M","M","$","M","M","E","R","$","T","?","M","R","M","M","R","B",null,"M","M","?","$","?","E","R","M","T","?","R","AVR","M","?","R_BF","B",null,"M","$","?","M","?","R","NM","?","T","E","?","E","$","M","R","B",null],"character_chosen":"THE_SILENT","items_purchased":["Accuracy+1","ReplayTheSpireMod:The Works","StuffTheSpire:FreeRealEstate","Guide Book","MerchantsRug","Paper Crane","Lantern","ReplayTheSpireMod:ShopPack","hubris:DuctTape","ReplayTheSpireMod:Scrap Shanks","Acrobatics","Master of Strategy","ClockworkSouvenir","Replay:Bottled Flurry","hubris:Reverence","Backflip","Acrobatics","Tingsha","Basket Of Snakes","Calculated Gamble","DemoMod:MeatBun","DemoMod:WhiteGuonStone","Panache","StuffTheSpire:EmeraldSignet","ReplayTheSpireMod:Scrap Shanks"],"campfire_rested":0,"item_purchase_floors":[0,0,0,0,0,0,0,0,0,0,0,0,0,0,3,3,8,8,21,34,36,36,36,47,47],"current_hp_per_floor":[21,21,21,21,21,18,18,18,18,18,18,18,18,18,18,16,57,57,57,57,57,57,57,57,57,57,57,57,57,57,57,57,57,61,61,62,62,62,62,62,62,58,58,58,34,34,34,34,34,34],"gold":147,"neow_bonus":"","is_daily":false,"chose_seed":false,"campfire_upgraded":8,"win_rate":0.0,"timestamp":1612241137,"path_taken":["M","M","$","M","M","E","R","?","T","?","M","R","M","M","R","BOSS","M","M","?","$","?","E","R","M","T","?","R","AVR","M","?","R_BF","BOSS","M","$","?","M","?","R","NM","?","T","E","?","E","?","?","R","BOSS"],"items_purchased_type":["Card","Card","Card","Relic","Relic","Relic","Relic","Relic","Relic","Card","Card","Card","Relic","Relic","Relic","Card","Card","Relic","Relic","Card","Relic","Relic","Card","Relic","Card"],"build_version":"2020-12-22","purchased_purges":5,"victory":true,"max_hp_per_floor":[70,70,70,70,70,70,70,70,70,70,70,70,70,70,70,70,70,70,70,70,70,70,70,70,70,70,70,70,70,70,70,70,70,62,62,62,62,62,62,62,62,62,62,62,62,62,62,62,62,62],"card_choices":[{"not_picked":["Discovery","Violence"],"picked":"Madness","floor":0},{"not_picked":["Replay:Parry","Panache"],"picked":"ReplayTheSpireMod:Necrogeddon","floor":0},{"not_picked":["Sucker Punch","Dodge and Roll"],"picked":"Cloak And Dagger","floor":1},{"not_picked":["Crippling Poison","StuffTheSpire:Python","Backstab"],"picked":"SKIP","floor":2},{"not_picked":["StuffTheSpire:MirrorStance","StuffTheSpire:Python"],"picked":"Adrenaline","floor":4},{"not_picked":["Replay:Poison Smokescreen","Caltrops"],"picked":"Blade Dance","floor":5},{"not_picked":["Masterful Stab","Noxious Fumes","StuffTheSpire:ClusterCrunch"],"picked":"SKIP","floor":6},{"not_picked":["StuffTheSpire:Repulse","StuffTheSpire:ClusterCrunch"],"picked":"Bomb","floor":11},{"not_picked":["Deadly Poison","Prepared"],"picked":"hubris:Sniper","floor":13},{"not_picked":["Dagger Throw","StuffTheSpire:Python"],"picked":"Reflex","floor":14},{"not_picked":["Bullet Time","Venomology"],"picked":"Phantasmal Killer","floor":16},{"not_picked":["hubris:SlightOfHand+1","Replay:Poison Smokescreen"],"picked":"Blade Dance+1","floor":18},{"not_picked":["StuffTheSpire:BumpUp+1","Dash+1"],"picked":"StuffTheSpire:Incantation","floor":19},{"not_picked":["Catalyst+1","Burst"],"picked":"Blade Dance","floor":23},{"not_picked":["StuffTheSpire:Python","Flying Knee"],"picked":"Concentrate","floor":25},{"not_picked":["PiercingWail+1","StuffTheSpire:Python+1"],"picked":"StuffTheSpire:Fury","floor":30},{"not_picked":["Storm of Steel","Bullet Time"],"picked":"Adrenaline","floor":33},{"not_picked":["Catalyst+1","Acrobatics"],"picked":"Prepared+1","floor":35},{"not_picked":["Concentrate","StuffTheSpire:BrimstoneBlast+1","ReplayTheSpireMod:Speed Training+1"],"picked":"SKIP","floor":38},{"not_picked":["hubris:InfiniteBlow+42","ReplayTheSpireMod:Black Plague"],"picked":"ReplayTheSpireMod:Haul","floor":41},{"not_picked":["Blur","Quick Slash+1","Underhanded Strike"],"picked":"SKIP","floor":41},{"not_picked":["Flying Knee","aspiration:Lunge","Slice"],"picked":"SKIP","floor":44},{"not_picked":["Flying Knee","aspiration:Lunge","Slice"],"picked":"SKIP","floor":44},{"not_picked":["StuffTheSpire:ClusterCrunch","hubris:SlightOfHand"],"picked":"Terror+1","floor":45},{"not_picked":["Leg Sweep","hubris:SlightOfHand"],"picked":"Prepared","floor":45},{"not_picked":["Poisoned Stab","Sneak Up","Endless Agony+1"],"picked":"SKIP","floor":46},{"not_picked":["Quick Slash+1","Bouncing Flask","StuffTheSpire:BumpUp+1"],"picked":"SKIP","floor":48}],"player_experience":380035,"relics_obtained":[{"floor":6,"key":"PokeGo"},{"floor":9,"key":"Replay:Bottled Eggs"},{"floor":23,"key":"Bronze Scales"},{"floor":26,"key":"DemoMod:DecoyRelic"},{"floor":37,"key":"ForgetMeNow"},{"floor":41,"key":"Vajra"},{"floor":43,"key":"infinitespire:CheckeredPen"},{"floor":44,"key":"Whetstone"},{"floor":45,"key":"halation:WeightlessCrab"},{"floor":46,"key":"Centennial Puzzle"}],"event_choices":[],"is_beta":false,"boss_relics":[{"not_picked":["Busted Crown","Snecko Eye"],"picked":"Replay:Bronze Core"},{"not_picked":[]},{"not_picked":["halation:MonkeysPaw","aspiration:DefectSkillbook"],"picked":"aspiration:FutureDiary"},{"not_picked":[]}],"items_purged_floors":[0,29,34,47,47],"is_endless":false,"potions_floor_spawned":[1,5,11,14,19,33,35,37,44],"ascension_level":7}}