{"host":"btk6hapgokl8j5e3","time":1612275936,"event":{"mods":["Act Like it!","BaseMod","BetterRewards","Colored Powertips","Downfall","Friendly Minions","GifTheSpireLib","Hallownest","Minty Spire (QoL Compilation)","StSLib","The Animator","The Bug Knight","The Necromancer"],"gold_per_floor":[99,112,125,125,136,236,236,268,285,305,315,115,50,66,80,185,185,185,120,131,143,158,170,238,238,138,155,155,169,169,269,280,378,378,378,378,397,61,111,163,236,236,249,249,266,298,298,21,37,37,37,71,21,21,21,21,21,21],"floor_reached":56,"language":"ENG","playtime":5626,"items_purged":["champ:Defend","champ:Strike","champ:Defend","champ:Strike","champ:Defend"],"score":833,"play_id":"bfafc10d-e51b-4dc5-8fd0-e96e531c81d0","local_time":"20210202152536","is_ascension_mode":false,"campfire_choices":[{"floor":1,"key":"RECALL"},{"data":"champ:Backstep","floor":12,"key":"SMITH"},{"data":"champ:MurderStrike","floor":18,"key":"SMITH"},{"data":"champ:IronFortress","floor":26,"key":"SMITH"},{"data":"champ:Taunt","floor":30,"key":"SMITH"},{"data":"J.A.X.","floor":35,"key":"SMITH"},{"data":"champ:TripleStrike","floor":42,"key":"SMITH"},{"data":"champ:FancyFootwork","floor":44,"key":"SMITH"},{"data":"champ:CalledShot","floor":47,"key":"SMITH"},{"data":"champ:RisingSlash","floor":54,"key":"SMITH"}],"circlet_count":0,"master_deck":["champ:Strike","champ:Execute","champ:Taunt+1","champ:PreciseThrust","champ:GutPunch","champ:Backstep+1","champ:IronFortress+1","champ:MurderStrike+1","champ:DefensiveShout+1","champ:Endure","champ:AdrenalArmor","champ:Backstep+1","champ:RisingSlash+1","champ:Duel+1","J.A.X.+1","champ:FancyFootwork+1","champ:CalledShot+1","champ:TripleStrike+1","Master of Strategy"],"relics":["champ:ChampionCrown","CloakClasp","Smiling Mask","Bag of Preparation","downfall:HeartBlessingRed","downfall:HeartBlessingGreen","Philosopher\u0027s Stone","Blue Candle","downfall:HeartBlessingBlue","MutagenicStrength","Busted Crown","Ginger","TheAbacus","champ:GladiatorsBookOfMartialProwess","Bird Faced Urn","Toxic Egg 2","Vajra","Membership Card","Pen Nib","Sundial"],"acts_visited":["Exordium","TheCity","TheBeyond","TheEnding"],"potions_floor_usage":[6,13,16,19,22,23,38,52,55],"damage_taken":[{"damage":11,"enemies":"Cultist","floor":2,"turns":4},{"damage":22,"enemies":"Small Slimes","floor":3,"turns":3},{"damage":3,"enemies":"Jaw Worm","floor":5,"turns":3},{"damage":51,"enemies":"Jaw Worm","floor":6,"turns":8},{"damage":66,"enemies":"HollowMod:MossKnight","floor":8,"turns":13},{"damage":10,"enemies":"2 Fungi Beasts","floor":9,"turns":3},{"damage":22,"enemies":"3 Louse","floor":10,"turns":3},{"damage":12,"enemies":"Large Slime","floor":11,"turns":6},{"damage":20,"enemies":"downfall:FleeingMerchant","floor":13,"turns":4},{"damage":10,"enemies":"2 Fungi Beasts","floor":14,"turns":2},{"damage":15,"enemies":"Red Slaver","floor":15,"turns":2},{"damage":29,"enemies":"IC_STATUS_ARCHETYPE","floor":16,"turns":6},{"damage":10,"enemies":"downfall:FleeingMerchant","floor":19,"turns":4},{"damage":17,"enemies":"Spheric Guardian","floor":20,"turns":4},{"damage":10,"enemies":"Shell Parasite","floor":21,"turns":4},{"damage":22,"enemies":"Snecko","floor":22,"turns":4},{"damage":20,"enemies":"Shelled Parasite and Fungi","floor":23,"turns":4},{"damage":15,"enemies":"Snake Plant","floor":27,"turns":4},{"damage":30,"enemies":"Cultist and Chosen","floor":29,"turns":4},{"damage":22,"enemies":"downfall:Augmenter","floor":31,"turns":5},{"damage":10,"enemies":"Shelled Parasite and Fungi","floor":32,"turns":3},{"damage":43,"enemies":"WA_ARCHETYPE_CALM","floor":33,"turns":7},{"damage":32,"enemies":"3 Shapes","floor":37,"turns":4},{"damage":36,"enemies":"downfall:FleeingMerchant","floor":38,"turns":4},{"damage":48,"enemies":"downfall:FleeingMerchant","floor":39,"turns":4},{"damage":20,"enemies":"2 Orb Walkers","floor":40,"turns":4},{"damage":15,"enemies":"3 Darklings","floor":43,"turns":3},{"damage":10,"enemies":"Jaw Worm Horde","floor":45,"turns":2},{"damage":85,"enemies":"Nemesis","floor":46,"turns":5},{"damage":15,"enemies":"Sphere and 2 Shapes","floor":49,"turns":3},{"damage":48,"enemies":"DF_ARCHETYPE_ORBS","floor":50,"turns":4},{"damage":78,"enemies":"downfall:CharBossMerchant","floor":52,"turns":4},{"damage":106,"enemies":"downfall:NeowBoss","floor":55,"turns":12},{"damage":231,"enemies":"downfall:NeowBossFinal","floor":56,"turns":8}],"seed_played":"-318887400576779650","potions_obtained":[{"floor":2,"key":"GamblersBrew"},{"floor":6,"key":"DuplicationPotion"},{"floor":10,"key":"Dexterity Potion"},{"floor":14,"key":"PowerPotion"},{"floor":16,"key":"Strength Potion"},{"floor":20,"key":"champ:TechniquePotion"},{"floor":21,"key":"FairyPotion"},{"floor":22,"key":"AttackPotion"},{"floor":32,"key":"DuplicationPotion"},{"floor":39,"key":"champ:OpenerPotion"},{"floor":49,"key":"AttackPotion"},{"floor":52,"key":"sneckomod:MuddlingPotion"}],"is_trial":false,"path_per_floor":["R","M","M","?","M","?","T","E","M","M","M","R","$","M","M","B",null,"R","$","M","M","M","M","T","?","R","M","?","M","R","?","M","B",null,"R","?","M","$","?","?","T","R","M","R","M","E","R","$","M","B",null,"E","$","R","B","B"],"character_chosen":"THE_CHAMP","items_purchased":["Ginger","TheAbacus","Master of Strategy","Membership Card","Pen Nib"],"campfire_rested":0,"item_purchase_floors":[38,38,38,48,48],"current_hp_per_floor":[99,98,96,96,93,72,72,61,61,59,57,57,57,57,57,48,99,99,99,92,92,85,85,85,80,90,90,90,90,90,88,88,70,109,109,109,102,96,93,93,93,93,95,95,95,97,97,97,99,98,109,108,108,108,94,0,0,0],"gold":21,"neow_bonus":"TEN_PERCENT_HP_BONUS","is_daily":false,"chose_seed":false,"campfire_upgraded":9,"win_rate":0.0,"timestamp":1612275936,"path_taken":["R","M","M","?","M","?","T","E","M","M","M","R","?","M","M","BOSS","R","$","M","M","M","M","T","?","R","M","?","M","R","?","M","BOSS","R","?","M","$","?","?","T","R","M","R","M","E","R","$","M","BOSS","E","$","R","BOSS","BOSS"],"items_purchased_type":["Relic","Relic","Card","Relic","Relic"],"build_version":"2020-12-22","purchased_purges":5,"victory":false,"max_hp_per_floor":[99,99,99,99,99,99,99,99,99,99,99,99,99,99,99,99,99,99,99,99,99,99,99,99,99,109,109,109,109,109,109,109,109,109,109,109,109,109,109,109,109,109,109,109,109,109,109,109,109,109,109,109,109,109,109,109,109,109],"card_choices":[{"not_picked":["champ:Shatter","champ:PerfectedStrike"],"picked":"champ:PreciseThrust","floor":2},{"not_picked":["champ:SetATrap","champ:PerfectedStrike"],"picked":"champ:GutPunch","floor":3},{"not_picked":["champ:FanOfKnives","champ:GladiatorStyle","champ:DefensiveShout"],"picked":"SKIP","floor":5},{"not_picked":["champ:FanOfKnives","champ:FalseCounter","champ:FocusedDefense"],"picked":"SKIP","floor":8},{"not_picked":["champ:CrownThrow","champ:LastStand"],"picked":"champ:BringItOn","floor":9},{"not_picked":["champ:BerserkersShout","champ:CrownThrow"],"picked":"champ:Backstep","floor":10},{"not_picked":["champ:BerserkersShout","champ:HeartStrike","champ:RecklessLeap"],"picked":"SKIP","floor":11},{"not_picked":["champ:TornadoPunch","champ:DeathBlow","champ:FancyFootwork"],"picked":"SKIP","floor":13},{"not_picked":["champ:StanceDance","champ:GladiatorStyle"],"picked":"champ:IronFortress","floor":14},{"not_picked":["champ:CrookedStrike","champ:GutPunch","champ:Shatter"],"picked":"SKIP","floor":15},{"not_picked":["champ:ShieldThrow","champ:LastStand"],"picked":"champ:MurderStrike","floor":16},{"not_picked":["champ:RapidStrikes","champ:ShieldWall"],"picked":"champ:DefensiveShout+1","floor":19},{"not_picked":["champ:CrookedStrike","champ:Backstep+1"],"picked":"champ:Endure","floor":20},{"not_picked":["champ:StanceDance","champ:FanOfKnives"],"picked":"champ:AdrenalArmor","floor":21},{"not_picked":["champ:EndlessRage","champ:BerserkersShout","champ:FlashCut+1"],"picked":"SKIP","floor":22},{"not_picked":["champ:AdrenalArmor","champ:PerfectedStrike"],"picked":"champ:Backstep+1","floor":23},{"not_picked":["champ:BringItOn+1","champ:VampiricStrike"],"picked":"champ:RisingSlash","floor":27},{"not_picked":["champ:PerfectedStrike+1","champ:SkillfulDodge"],"picked":"champ:Duel+1","floor":29},{"not_picked":[],"picked":"J.A.X.","floor":31},{"not_picked":["champ:Parry+1","champ:Backstep","champ:EndlessRage+1"],"picked":"SKIP","floor":32},{"not_picked":["champ:CheapShot","champ:SwordThrow"],"picked":"champ:TripleStrike","floor":33},{"not_picked":["champ:Circumvent+1"],"picked":"SKIP","floor":37},{"not_picked":["champ:Encircle"],"picked":"SKIP","floor":38},{"not_picked":["champ:Backstep+1"],"picked":"SKIP","floor":43},{"not_picked":["champ:Lariat+1"],"picked":"SKIP","floor":45},{"not_picked":["champ:AdrenalArmor+1"],"picked":"SKIP","floor":46},{"not_picked":["champ:RecklessLeap"],"picked":"SKIP","floor":49},{"not_picked":["champ:Haymaker+1"],"picked":"SKIP","floor":52}],"player_experience":464551,"relics_obtained":[{"floor":6,"key":"CloakClasp"},{"floor":7,"key":"Smiling Mask"},{"floor":8,"key":"Bag of Preparation"},{"floor":31,"key":"MutagenicStrength"},{"floor":39,"key":"champ:GladiatorsBookOfMartialProwess"},{"floor":40,"key":"Bird Faced Urn"},{"floor":41,"key":"Toxic Egg 2"},{"floor":46,"key":"Vajra"},{"floor":52,"key":"Sundial"}],"event_choices":[{"damage_healed":0,"gold_gain":0,"player_choice":"Ignored","damage_taken":0,"max_hp_gain":0,"max_hp_loss":0,"event_name":"Ghosts","floor":28,"gold_loss":0},{"cards_removed":["champ:BringItOn"],"damage_healed":0,"gold_gain":0,"player_choice":"Removed Skill","damage_taken":0,"max_hp_gain":0,"max_hp_loss":0,"event_name":"Falling","floor":36,"gold_loss":0},{"damage_healed":0,"gold_gain":0,"player_choice":"Fight","damage_taken":0,"max_hp_gain":0,"max_hp_loss":0,"event_name":"Mysterious Sphere","floor":40,"gold_loss":0}],"is_beta":false,"boss_relics":[{"not_picked":["Astrolabe","Tiny House"],"picked":"Philosopher\u0027s Stone"},{"not_picked":["Calling Bell","Fusion Hammer"],"picked":"Busted Crown"}],"items_purged_floors":[13,19,38,48,53],"is_endless":false,"potions_floor_spawned":[2,6,10,14,16,20,21,22,32,33,39,49,52],"killed_by":"downfall:NeowBossFinal","ascension_level":0}}