{"host":"rguvlafm46vqn9ib","time":1612253096,"event":{"mods":["2.2 Compatiblity","AchievementEnabler","Act Like it!","Arknights","Aspiration","BaseMod","Beaked The Cultist","Better Match","Better Note","Better Third Choice","BetterRewards","Colored Map","Downfall","Elementarium","GifTheSpireLib","Hermit","Highlight Path","Hubris","JesterMod","Mad Scientist","Minty Spire (QoL Compilation)","RRrroohrrRGHHhhh!!","Reliquary","Reorder Act Four","Replay The Spire","Retaliation","SCP261 Mod","Small Relic Pack","Spikes Relics","StSLib","Stuff the Spire","The Blackbeard","The Bug Knight","The Construct","The Death Knight","The Disciple","The Forsaken","The Judge","The Marked","The Mystic","The Necromancer","The Problem Sleuth","The Runesmith","TheSwordswoman"],"gold_per_floor":[117,117,128,53,68,102,113,126,177,177,187,202,65,82,82,187,187,201,21,21,21,21],"floor_reached":21,"language":"ENG","playtime":1604,"items_purged":["Regret"],"score":323,"play_id":"bfe333c1-c04b-4813-ac7a-91cd0689951f","local_time":"20210202080456","is_ascension_mode":true,"campfire_choices":[{"floor":15,"key":"REST"}],"circlet_count":0,"master_deck":["ats:Strike C","ats:Strike G","ats:Strike S","ats:Armor Crushing Shot","ats:Defend","ats:Defend","ats:Defend","ats:Defend","ats:Emotion Absorption","ats:Assault Order","ats:Sword Rain","ats:Consecutive Shot Auto","ats:Closed Bolt Burst Fire","ats:Hammer On","ats:Revitalization","ats:Revitalization","ats:Revitalization","Sharp Hide","ats:Thorns","ats:Roar Of Ursus","ats:Shadow Raid","ats:Closed Bolt Burst Fire","m_BronzeAgony","Toxin Wave","Poisoned Stab"],"relics":["ats:Sanity","HornCleat","Sling","StuffTheSpire:RedRose","ats:Originium","Pen Nib","Art of War","hubris:ScarierMask","aspiration:Nostalgia","construct:Cogwheel"],"acts_visited":["Exordium","Exordium"],"potions_floor_usage":[6,16,16,16,18],"damage_taken":[{"damage":7,"enemies":"Small Slimes","floor":1,"turns":3},{"damage":2,"enemies":"Cultist","floor":3,"turns":3},{"damage":11,"enemies":"Jaw Worm","floor":5,"turns":2},{"damage":12,"enemies":"3 Sentries","floor":6,"turns":4},{"damage":0,"enemies":"Large Slime","floor":7,"turns":4},{"damage":0,"enemies":"2 Fungi Beasts","floor":8,"turns":2},{"damage":3,"enemies":"Lots of Slimes","floor":11,"turns":3},{"damage":8,"enemies":"Exordium Thugs","floor":12,"turns":4},{"damage":7,"enemies":"Blue Slaver","floor":14,"turns":3},{"damage":23,"enemies":"Hexaghost","floor":16,"turns":9},{"damage":26,"enemies":"Elementarium:VoidCorruption","floor":18,"turns":6},{"damage":67,"enemies":"Elementarium:Cyclone","floor":21,"turns":6}],"seed_played":"-1205525040335026103","potions_obtained":[{"floor":3,"key":"Death Potion"},{"floor":5,"key":"hexamod:SoulburnPotion"},{"floor":12,"key":"DistilledChaos"},{"floor":14,"key":"Swift Potion"},{"floor":16,"key":"PowerPotion"}],"is_trial":false,"path_per_floor":["M","?","M","$","M","E","M","M","T","?","M","M","$","M","R","B",null,"M","$","?","M"],"character_chosen":"DOCTOR_CLASS","items_purchased":["HornCleat","ats:Assault Order","Sling","ats:Sword Rain","Sharp Hide","ats:Overload","aspiration:Nostalgia","ats:Closed Bolt Burst Fire"],"campfire_rested":1,"item_purchase_floors":[0,0,0,0,13,13,19,19],"current_hp_per_floor":[65,65,63,63,52,40,43,47,47,47,44,47,47,40,61,66,72,47,47,47,0,0],"gold":21,"neow_bonus":"","is_daily":false,"chose_seed":false,"campfire_upgraded":0,"win_rate":0.0,"timestamp":1612253096,"path_taken":["M","?","M","$","M","E","M","M","T","?","M","M","$","M","R","BOSS","M","$","?","M"],"items_purchased_type":["Relic","Card","Relic","Card","Card","Card","Relic","Card"],"build_version":"2020-12-22","purchased_purges":1,"victory":false,"max_hp_per_floor":[72,72,72,72,72,72,72,72,72,72,72,72,72,72,72,72,72,72,72,72,72,72],"card_choices":[{"not_picked":["ats:Collapsing Strike","ats:Beaten Up"],"picked":"ats:Consecutive Shot Auto","floor":1},{"not_picked":["ats:Chain Hook","ats:Assault Order"],"picked":"ats:Closed Bolt Burst Fire","floor":3},{"not_picked":["ats:Healing Strengthening","ats:Absolute Focus"],"picked":"ats:Hammer On","floor":5},{"not_picked":["ats:Sunburst","ats:Blood Oath"],"picked":"ats:Revitalization","floor":6},{"not_picked":["ats:Very Hot Blade","ats:Soul Absorption"],"picked":"ats:Revitalization","floor":7},{"not_picked":["ats:Absolute Focus","ats:Serious Mode"],"picked":"ats:Apocalypse","floor":8},{"not_picked":["ats:Guard Mode","ats:Automatic Cover"],"picked":"ats:Closed Bolt Burst Fire","floor":11},{"not_picked":["ats:Beaten Up","ats:Directed Diagnosis"],"picked":"ats:Revitalization","floor":12},{"not_picked":["ats:Shell Defense","ats:Sunburst"],"picked":"ats:Thorns","floor":14},{"not_picked":["ats:Rat Pack","ats:Nebulous Foxfire"],"picked":"ats:Roar Of Ursus","floor":16},{"not_picked":["ats:Absolute Focus","ats:Guard Mode"],"picked":"ats:Shadow Raid","floor":18}],"player_experience":989603,"relics_obtained":[{"floor":6,"key":"ats:Originium"},{"floor":6,"key":"Pen Nib"},{"floor":9,"key":"Art of War"}],"event_choices":[{"cards_removed":["ats:Strike V"],"damage_healed":0,"gold_gain":0,"player_choice":"Purged","damage_taken":0,"max_hp_gain":0,"max_hp_loss":0,"event_name":"Purifier","floor":10,"gold_loss":0}],"is_beta":false,"boss_relics":[{"not_picked":["reliquary:Craggleroot","reliquary:KinkedSpring"],"picked":"hubris:ScarierMask"}],"items_purged_floors":[4],"is_endless":false,"potions_floor_spawned":[3,5,12,14,16],"killed_by":"Elementarium:Cyclone","ascension_level":1}}