{"host":"3vgzk5mhz751jdrj","time":1612306728,"event":{"mods":["2.2 Compatiblity","AchievementEnabler","Act Like it!","Aspiration","BaseMod","Better Altar","Better Match","Better Note","Better Sensory Stone","Better Skull","Better Third Choice","Block Reminder","Colored Map","Conspire","Curses Come First","Dark Map","Displayed Cursed Tome","Downfall","Friendly Minions","GifTheSpireLib","Halation","Hubris","Ironclad Rager","Marked Mod","Mimic Mod","Minty Spire (QoL Compilation)","Quick Restart","Rare Cards Sparkle","Replay The Spire","Reworked Bosses","Shop Mod","Smile Girya","Spicy Shops","Spikes Relics","Spire Arcade","StSLib","Stuff the Spire","Trackpad"],"gold_per_floor":[99,117,134,134,146,181,229,246,146,94,94,194,94,114,134,239,239,239,255,255,255,83,83,83,83],"floor_reached":23,"language":"ENG","playtime":1641,"items_purged":[],"score":189,"play_id":"dee12e66-af96-485a-b218-49d6ac1ddf76","local_time":"20210202175848","is_ascension_mode":false,"campfire_choices":[{"data":"bronze:Replicate","floor":1,"key":"SMITH"},{"floor":9,"key":"REST"},{"data":"bronze:HardenedForm","floor":11,"key":"SMITH"},{"data":"bronze:CloningBeam","floor":13,"key":"SMITH"},{"data":"bronze:HardenedForm","floor":18,"key":"SMITH"}],"circlet_count":0,"master_deck":["bronze:Strike","bronze:Strike","bronze:Defend","bronze:Defend","bronze:Defend","bronze:Defend","bronze:Replicate+1","bronze:Shell+1","m_Bronzebash","bronze:WhirlingStrike","bronze:HardenedForm+1","bronze:ChildClass","bronze:ForLoop","bronze:FineTuning","bronze:FineTuning","Flame Barrier","bronze:CloningBeam+1","bronze:Optimize","bronze:HardenedForm+1","bronze:FineTuning+1","bronze:HardenedForm+1"],"relics":["ReplayFunnel","m_BronzeBlood","StuffTheSpire:ForceGauntlet","downfall:HeartBlessingBlue","downfall:HeartBlessingGreen","halation:Prosthetics","StuffTheSpire:Mouthbags"],"acts_visited":["Exordium","TheCity"],"potions_floor_usage":[6,8,16,22],"damage_taken":[{"damage":3,"enemies":"2 Louse","floor":2,"turns":3},{"damage":0,"enemies":"Small Slimes","floor":3,"turns":3},{"damage":6,"enemies":"Jaw Worm","floor":5,"turns":4},{"damage":44,"enemies":"3 Sentries","floor":6,"turns":9},{"damage":5,"enemies":"Exordium Thugs","floor":8,"turns":4},{"damage":0,"enemies":"downfall:FleeingMerchant","floor":10,"turns":4},{"damage":17,"enemies":"downfall:Heads","floor":12,"turns":6},{"damage":0,"enemies":"3 Louse","floor":14,"turns":3},{"damage":0,"enemies":"Exordium Wildlife","floor":15,"turns":2},{"damage":6,"enemies":"IC_STATUS_ARCHETYPE","floor":16,"turns":7},{"damage":4,"enemies":"Chosen","floor":19,"turns":4},{"damage":11,"enemies":"downfall:FleeingMerchant","floor":22,"turns":4},{"damage":40,"enemies":"Book of Stabbing","floor":23,"turns":7}],"seed_played":"-8123317379279933625","potions_obtained":[{"floor":2,"key":"Energy Potion"},{"floor":5,"key":"LiquidMemories"},{"floor":12,"key":"Milkshake"},{"floor":14,"key":"SpeedPotion"},{"floor":19,"key":"BlessingOfTheForge"}],"is_trial":false,"path_per_floor":["R","M","M","?","M","E","T","M","R","$","R","?","R","M","M","B",null,"R","M","?","?","$","E"],"character_chosen":"THE_AUTOMATON","items_purchased":["bronze:FineTuning","StuffTheSpire:Mouthbags"],"campfire_rested":1,"item_purchase_floors":[10,22],"current_hp_per_floor":[70,67,67,67,67,29,29,30,64,70,70,59,59,65,71,71,45,45,45,45,45,40,0,0,0],"gold":83,"neow_bonus":"RANDOM_COMMON_RELIC","is_daily":false,"chose_seed":false,"campfire_upgraded":4,"win_rate":0.0,"timestamp":1612306728,"path_taken":["R","M","M","?","M","E","T","M","R","$","R","?","R","M","M","BOSS","R","M","?","?","$","E"],"items_purchased_type":["Card","Relic"],"build_version":"2020-12-22","purchased_purges":0,"victory":false,"max_hp_per_floor":[70,70,70,70,70,70,70,70,80,80,80,80,80,80,80,80,45,45,45,45,45,45,45,45,45],"card_choices":[{"not_picked":["bronze:BugBarrage","bronze:WhirlingStrike"],"picked":"bronze:Shell","floor":2},{"not_picked":["bronze:Iterate","bronze:Branch","bronze:CutThrough"],"picked":"SKIP","floor":3},{"not_picked":["bronze:Overload","bronze:WildBeam"],"picked":"bronze:WhirlingStrike","floor":5},{"not_picked":["ReplayReversal","Metallicize"],"picked":"bronze:HardenedForm","floor":6},{"not_picked":["bronze:ItsAFeature","bronze:BitShift"],"picked":"bronze:ChildClass","floor":8},{"not_picked":["Shrug It Off","bronze:WildBeam"],"picked":"bronze:ForLoop","floor":10},{"not_picked":["bronze:Turbo","Fire Breathing"],"picked":"bronze:CloningBeam","floor":12},{"not_picked":["Power Through","bronze:Overheat","bronze:Iterate"],"picked":"SKIP","floor":14},{"not_picked":["bronze:Safeguard","bronze:Break","bronze:CutThrough"],"picked":"SKIP","floor":15},{"not_picked":["bronze:HyperBeam","bronze:AlphaBuild"],"picked":"bronze:HardenedForm","floor":16},{"not_picked":["bronze:CloningBeam","bronze:Branch"],"picked":"bronze:Optimize","floor":19},{"not_picked":["bronze:CloningBeam+1","bronze:Shield"],"picked":"bronze:FineTuning+1","floor":22}],"player_experience":427334,"relics_obtained":[{"floor":6,"key":"StuffTheSpire:ForceGauntlet"}],"event_choices":[],"is_beta":false,"boss_relics":[{"not_picked":["StuffTheSpire:Kangaroo","conspire:SeveredTorchhead"],"picked":"halation:Prosthetics"}],"items_purged_floors":[],"is_endless":false,"potions_floor_spawned":[2,5,12,14,19],"killed_by":"Book of Stabbing","ascension_level":0}}