{"host":"7nivcca86uhzq8pw","time":1612294841,"event":{"mods":["BaseMod","Better Altar","Better Skull","Better Third Choice","Downfall","Gremlin Mod","Hermit","Minty Spire (QoL Compilation)","RRrroohrrRGHHhhh!!","Spicy Shops","StSLib","The Cursed"],"gold_per_floor":[99,117,117,147,60,71,149,53,66,66,166,194,194,219,236,336,336,336,336,354,354,406,438,490,490,20,51,81,98,98,110,127,222,222,222,322,336,349,361,88,88,88,88,88,88],"floor_reached":43,"language":"ENG","playtime":2427,"items_purged":[],"score":717,"play_id":"6acda504-c74f-4f35-9b44-e8d53e949f13","local_time":"20210202164041","is_ascension_mode":false,"campfire_choices":[{"data":"bronze:Goto","floor":1.0,"key":"SMITH"},{"data":"1","floor":13.0,"key":"LIFT"},{"data":"2","floor":18.0,"key":"LIFT"},{"floor":25.0,"key":"REST"},{"data":"3","floor":35.0,"key":"LIFT"},{"floor":42.0,"key":"RECALL"}],"circlet_count":0,"master_deck":["bronze:Defend","bronze:Defend+1","bronze:Defend","bronze:Defend","bronze:Replicate","bronze:Goto+1","bronze:FineTuning","downfall:Malfunctioning","bronze:FineTuning","bronze:Repulsor+1","bronze:Flail+1","bronze:HyperBeam","bronze:Boost","rorgmod:Feeble","bronze:Return","bronze:Turbo","bronze:BronzeOrb","bronze:WhirlingStrike","bronze:Overload","CurseOfTheBell","Pain","bronze:ChosenStrike+1","Slimebound:Tackle+1","Slimebound:Tackle+1","Slimebound:Tackle+1","downfall:Malfunctioning","bronze:ShipIt+1","Doubt","bronze:DarkDash+1","bronze:FineTuning","bronze:Repulsor+1","bronze:Backtrace+1","bronze:Overheat+1","bronze:Iterate+1","bronze:Branch+1","bronze:BurnOut+1","bronze:Goto","bronze:CutThrough+1","bronze:Shell","bronze:Verify+1","Enlightenment","downfall:Aged","bronze:ClassDefault+1","bronze:WildBeam+1","bronze:Deprecate+1","bronze:ItsAFeature+1","bronze:FollowUp+1","rorgmod:Injury"],"relics":["Cursed Key","Frozen Egg 2","White Beast Statue","Girya","Bag of Marbles","Happy Flower","The Courier","Calling Bell","Blood Vial","Molten Egg 2","WingedGreaves","WarpedTongs","Ancient Tea Set","PreservedInsect","Bag of Preparation","Lee\u0027s Waffle","Strawberry","Kunai","Bronze Scales","Ice Cream","Black Star","downfall:GremlinSack","Membership Card","Unceasing Top","Mercury Hourglass","FossilizedHelix","Chemical X","Bottled Tornado","bronze:CableSpool"],"acts_visited":["Exordium","TheCity","TheBeyond"],"potions_floor_usage":[],"damage_taken":[{"damage":0.0,"enemies":"2 Louse","floor":2.0,"turns":2.0},{"damage":0.0,"enemies":"downfall:FleeingMerchant","floor":5.0,"turns":4.0},{"damage":0.0,"enemies":"Small Slimes","floor":6.0,"turns":4.0},{"damage":2.0,"enemies":"downfall:FleeingMerchant","floor":8.0,"turns":4.0},{"damage":6.0,"enemies":"Jaw Worm","floor":9.0,"turns":4.0},{"damage":1.0,"enemies":"downfall:Heads","floor":11.0,"turns":4.0},{"damage":25.0,"enemies":"Gremlin Nob","floor":12.0,"turns":3.0},{"damage":2.0,"enemies":"3 Sentries","floor":14.0,"turns":3.0},{"damage":0.0,"enemies":"Blue Slaver","floor":15.0,"turns":2.0},{"damage":3.0,"enemies":"WA_ARCHETYPE_RETAIN","floor":16.0,"turns":3.0},{"damage":12.0,"enemies":"3 Byrds","floor":20.0,"turns":3.0},{"damage":45.0,"enemies":"Book of Stabbing","floor":23.0,"turns":4.0},{"damage":5.0,"enemies":"downfall:FleeingMerchant","floor":26.0,"turns":4.0},{"damage":6.0,"enemies":"Slavers","floor":27.0,"turns":2.0},{"damage":0.0,"enemies":"Gremlin Leader","floor":28.0,"turns":5.0},{"damage":2.0,"enemies":"Shell Parasite","floor":29.0,"turns":2.0},{"damage":6.0,"enemies":"Sentry and Sphere","floor":31.0,"turns":3.0},{"damage":11.0,"enemies":"Snecko","floor":32.0,"turns":3.0},{"damage":17.0,"enemies":"DF_ARCHETYPE_CLAW","floor":33.0,"turns":5.0},{"damage":3.0,"enemies":"DF_ARCHETYPE_CLAW","floor":36.0,"turns":1.0},{"damage":4.0,"enemies":"3 Shapes","floor":37.0,"turns":3.0},{"damage":0.0,"enemies":"Orb Walker","floor":38.0,"turns":1.0},{"damage":47.0,"enemies":"Writhing Mass","floor":39.0,"turns":5.0},{"damage":0.0,"enemies":"downfall:FleeingMerchant","floor":40.0,"turns":1.0}],"seed_played":"-7453818825346406832","potions_obtained":[{"floor":2.0,"key":"Guardian:BlockOnCardUsePotion"},{"floor":8.0,"key":"SneckoOil"},{"floor":9.0,"key":"SkillPotion"},{"floor":11.0,"key":"champ:CounterPotion"},{"floor":12.0,"key":"hexamod:SoulburnPotion"},{"floor":14.0,"key":"PowerPotion"},{"floor":16.0,"key":"LiquidBronze"},{"floor":20.0,"key":"Weak Potion"},{"floor":23.0,"key":"PowerPotion"},{"floor":26.0,"key":"bronze:CleanCodePotion"},{"floor":27.0,"key":"AttackPotion"},{"floor":33.0,"key":"Strength Potion"},{"floor":36.0,"key":"BlessingOfTheForge"}],"is_trial":false,"path_per_floor":["R","M","?","?","$","M","T","$","M","T","?","E","R","E","M","B",null,"R","?","M","?","T","E","T","R","$","E","E","M","?","M","M","B",null,"R","?","M","M","M","$","T","R","?"],"character_chosen":"THE_AUTOMATON","items_purchased":["bronze:Repulsor+1","Girya","bronze:FineTuning","Lee\u0027s Waffle","Strawberry","Kunai","Membership Card","Unceasing Top","Mercury Hourglass","FossilizedHelix","Chemical X","Bottled Tornado"],"campfire_rested":1,"item_purchase_floors":[5,8,26,26,26,26,40,40,40,40,40,40],"current_hp_per_floor":[70,70,70,70,70,70,70,68,62,62,61,36,36,34,34,31,70,70,70,58,58,58,15,15,36,84,78,80,80,94,88,79,64,94,94,91,89,91,46,48,48,48,48,48,48],"gold":88,"neow_bonus":"BOSS_RELIC","is_daily":false,"chose_seed":false,"campfire_upgraded":1,"win_rate":0.0,"timestamp":1612294841,"path_taken":["R","M","?","?","?","M","T","$","M","?","?","E","R","E","M","BOSS","R","?","?","?","?","E","T","R","$","E","E","M","?","M","M","BOSS","R","?","?","M","M","$","T","R","?"],"items_purchased_type":["Card","Relic","Card","Relic","Relic","Relic","Relic","Relic","Relic","Relic","Relic","Relic"],"build_version":"2020-12-22","purchased_purges":0,"victory":false,"max_hp_per_floor":[70,70,70,70,70,70,70,70,70,70,70,70,70,70,70,70,70,70,70,70,70,70,70,70,70,84,84,84,84,94,94,94,94,94,94,94,94,94,94,94,94,94,94,94,94],"card_choices":[{"not_picked":["bronze:DarkDash","bronze:CutThrough"],"picked":"bronze:FineTuning","floor":2.0},{"not_picked":["bronze:Deprecate","bronze:Fortify"],"picked":"bronze:FineTuning","floor":5.0},{"not_picked":["bronze:Branch","bronze:BronzeArmor"],"picked":"bronze:Flail","floor":6.0},{"not_picked":["bronze:Repulsor+1","bronze:DelayedGuard"],"picked":"bronze:HyperBeam","floor":8.0},{"not_picked":["bronze:BitShift","bronze:FineTuning"],"picked":"bronze:Boost","floor":9.0},{"not_picked":["bronze:Flail","bronze:BronzeArmor"],"picked":"bronze:Turbo","floor":11.0},{"not_picked":["bronze:GetLatest","bronze:Shell"],"picked":"bronze:BronzeOrb","floor":12.0},{"not_picked":["bronze:Deprecate","bronze:BronzeArmor"],"picked":"bronze:WhirlingStrike","floor":14.0},{"not_picked":["bronze:DigitalCarnage","bronze:FineTuning"],"picked":"bronze:Overload","floor":15.0},{"not_picked":["bronze:Break","bronze:Assembly"],"picked":"bronze:SpaghettiCode","floor":16.0},{"not_picked":["bronze:BugBarrage+1","bronze:Flail+1"],"picked":"bronze:ChosenStrike+1","floor":20.0},{"not_picked":["bronze:Shell","bronze:Turbo"],"picked":"bronze:ShipIt+1","floor":23.0},{"not_picked":["bronze:ForLoop","bronze:RecursiveStrike+1"],"picked":"bronze:DarkDash+1","floor":26.0},{"not_picked":["bronze:Turbo","bronze:ChosenStrike+1"],"picked":"bronze:Repulsor+1","floor":27.0},{"not_picked":["bronze:BronzeArmor","bronze:Repulsor+1"],"picked":"bronze:Backtrace+1","floor":28.0},{"not_picked":["bronze:BitShift","bronze:DelayedGuard"],"picked":"bronze:Overheat+1","floor":29.0},{"not_picked":["bronze:Allocate","bronze:CleanCode+1"],"picked":"bronze:Iterate+1","floor":31.0},{"not_picked":["bronze:OilSpill+1","bronze:DelayedGuard+1"],"picked":"bronze:Branch+1","floor":32.0},{"not_picked":["bronze:ShipIt+1","bronze:Virus+1"],"picked":"bronze:BurnOut+1","floor":33.0},{"not_picked":["bronze:DarkDash+1","bronze:BitShift+1"],"picked":"bronze:ClassDefault+1","floor":36.0},{"not_picked":["bronze:BronzeArmor+1","bronze:Shield"],"picked":"bronze:WildBeam+1","floor":37.0},{"not_picked":["bronze:CutThrough+1","bronze:Overheat+1"],"picked":"bronze:Deprecate+1","floor":38.0},{"not_picked":["bronze:Backtrace+1","bronze:Iterate+1"],"picked":"bronze:ItsAFeature+1","floor":39.0},{"not_picked":["bronze:Shield","bronze:CleanCode+1"],"picked":"bronze:FollowUp+1","floor":40.0}],"player_experience":308439,"relics_obtained":[{"floor":7.0,"key":"White Beast Statue"},{"floor":10.0,"key":"Bag of Marbles"},{"floor":12.0,"key":"Happy Flower"},{"floor":14.0,"key":"The Courier"},{"floor":17.0,"key":"Blood Vial"},{"floor":17.0,"key":"Molten Egg 2"},{"floor":17.0,"key":"WingedGreaves"},{"floor":22.0,"key":"Ancient Tea Set"},{"floor":23.0,"key":"PreservedInsect"},{"floor":24.0,"key":"Bag of Preparation"},{"floor":27.0,"key":"Bronze Scales"},{"floor":28.0,"key":"Ice Cream"},{"floor":36.0,"key":"downfall:GremlinSack"},{"floor":41.0,"key":"bronze:CableSpool"}],"event_choices":[],"is_beta":false,"boss_relics":[{"not_picked":["rorgmod:Empty Cage","Velvet Choker"],"picked":"Calling Bell"},{"not_picked":["Sozu","Pandora\u0027s Box"],"picked":"Black Star"}],"items_purged_floors":[],"is_endless":false,"potions_floor_spawned":[2,8,9,11,12,14,15,16,20,23,26,27,28,29,31,32,33,36,37,38,39,40],"ascension_level":0}}