{"host":"eaiphzh066bwqdh7","time":1612302171,"event":{"mods":["BaseMod","Better Note","Halation","Hubris","Minty Spire (QoL Compilation)","Reliquary","Replay The Spire","StSLib"],"gold_per_floor":[20,20,33,108,127,127,156,156,156,168,180,180,190,190,190,294,294,307,321,339,279,279,279,306,306,330,330,342,360,360,360,360,285,285,285,285],"floor_reached":35,"language":"ENG","playtime":1000,"items_purged":[],"score":319,"play_id":"e44c945a-d0b7-45dc-8502-ac945eca4c6b","local_time":"20210202164251","is_ascension_mode":true,"campfire_choices":[{"floor":6,"key":"REST"},{"floor":8,"key":"REST"},{"floor":12,"key":"REST"},{"floor":23,"key":"REST"},{"floor":25,"key":"REST"},{"floor":27,"key":"REST"},{"floor":32,"key":"REST"},{"floor":34,"key":"REST"}],"circlet_count":0,"master_deck":["Strike_B","Strike_B","Strike_B","Strike_B","Defend_B","Defend_B","Defend_B","Zap","Dualcast","Redo","Cold Snap","Rebound","Streamline","Seek","Redo","Hello World+1","Go for the Eyes+1"],"relics":["Cracked Core","Ring of Fury","Ring of Shattering","hubris:Potato","Symbiotic Virus","Busted Crown","hubris:Icosahedron","reliquary:WeakTea","Toy Ornithopter"],"acts_visited":["Exordium","TheCity"],"potions_floor_usage":[13,19,19,19,28,29],"damage_taken":[{"damage":7,"enemies":"Jaw Worm","floor":1,"turns":3},{"damage":0,"enemies":"2 Louse","floor":3,"turns":2},{"damage":6,"enemies":"Cultist","floor":5,"turns":3},{"damage":23,"enemies":"3 Sentries","floor":7,"turns":7},{"damage":2,"enemies":"Exordium Thugs","floor":10,"turns":3},{"damage":20,"enemies":"Large Slime","floor":11,"turns":3},{"damage":0,"enemies":"2 Fungi Beasts","floor":13,"turns":2},{"damage":49,"enemies":"The Guardian","floor":16,"turns":9},{"damage":19,"enemies":"Shell Parasite","floor":18,"turns":4},{"damage":0,"enemies":"2 Thieves","floor":19,"turns":2},{"damage":44,"enemies":"Centurion and Healer","floor":20,"turns":5},{"damage":22,"enemies":"Gremlin Leader","floor":24,"turns":6},{"damage":17,"enemies":"3 Cultists","floor":28,"turns":4},{"damage":39,"enemies":"Shelled Parasite and Fungi","floor":29,"turns":5},{"damage":102,"enemies":"Collector","floor":35,"turns":8}],"seed_played":"2635296319106021032","potions_obtained":[{"floor":1,"key":"Energy Potion"},{"floor":5,"key":"PotionOfCapacity"},{"floor":10,"key":"SteroidPotion"},{"floor":11,"key":"AttackPotion"},{"floor":15,"key":"DistilledChaos"},{"floor":16,"key":"Explosive Potion"},{"floor":24,"key":"Weak Potion"},{"floor":28,"key":"Adrenaline Potion"}],"is_trial":false,"path_per_floor":["M","?","M","?","M","R","E","R","T","M","M","R","M","?","R","B",null,"M","M","M","?","?","R","E","R","T","R","M","M","PTL","PTL","R","?","R","B"],"character_chosen":"DEFECT","items_purchased":[],"campfire_rested":8,"item_purchase_floors":[],"current_hp_per_floor":[82,82,82,71,65,89,66,89,89,87,67,89,89,89,89,40,89,70,70,26,26,26,52,30,56,56,82,70,36,36,36,62,62,88,0,0],"gold":285,"neow_bonus":"TWENTY_PERCENT_HP_BONUS","is_daily":false,"chose_seed":false,"campfire_upgraded":0,"win_rate":0.0,"timestamp":1612302171,"path_taken":["M","?","M","?","M","R","E","R","T","M","M","R","M","?","R","BOSS","M","M","M","?","?","R","E","R","T","R","M","M","PTL","PTL","R","?","R","BOSS"],"items_purchased_type":[],"build_version":"2020-12-22","purchased_purges":0,"victory":false,"max_hp_per_floor":[89,89,89,89,89,89,89,89,89,89,89,89,89,89,89,89,89,89,89,89,89,89,89,89,89,89,89,89,89,89,89,89,89,89,89,89],"card_choices":[{"not_picked":["Reinforced Body","Crystallizer","Time Bomb"],"picked":"SKIP","floor":1},{"not_picked":["Rip and Tear","Coolheaded"],"picked":"Redo","floor":3},{"not_picked":["Stack","Coolheaded"],"picked":"Cold Snap","floor":5},{"not_picked":["Storm","BasicCrystalCard"],"picked":"Rebound","floor":7},{"not_picked":["Barrage","BasicCrystalCard"],"picked":"Streamline","floor":10},{"not_picked":["Coolheaded","Go for the Eyes","Crystallizer"],"picked":"SKIP","floor":11},{"not_picked":["BasicCrystalCard","Stack","Steam"],"picked":"SKIP","floor":13},{"not_picked":["Meteor Strike","ReplayTheSpireMod:Omega Cannon"],"picked":"Seek","floor":16},{"not_picked":["Cold Snap"],"picked":"SKIP","floor":18},{"not_picked":[],"picked":"Redo","floor":19},{"not_picked":[],"picked":"Hello World+1","floor":20},{"not_picked":[],"picked":"Go for the Eyes+1","floor":24},{"not_picked":["Redo"],"picked":"SKIP","floor":28},{"not_picked":["ReplayTheSpireMod:GoodbyeWorld+1"],"picked":"SKIP","floor":29}],"player_experience":231676,"relics_obtained":[{"floor":2,"key":"Ring of Fury"},{"floor":2,"key":"Ring of Shattering"},{"floor":7,"key":"hubris:Potato"},{"floor":9,"key":"Symbiotic Virus"},{"floor":24,"key":"reliquary:WeakTea"},{"floor":26,"key":"Toy Ornithopter"}],"event_choices":[{"damage_healed":0,"gold_gain":75,"player_choice":"Gather Gold","damage_taken":11,"max_hp_gain":0,"max_hp_loss":0,"event_name":"World of Goop","floor":4,"gold_loss":0},{"damage_healed":0,"gold_gain":0,"player_choice":"Ignored","damage_taken":0,"max_hp_gain":0,"max_hp_loss":0,"event_name":"Liars Game","floor":14,"gold_loss":0},{"cards_removed":["Defend_B"],"damage_healed":0,"gold_gain":0,"player_choice":"Gave Gold","damage_taken":0,"max_hp_gain":0,"max_hp_loss":0,"event_name":"Beggar","floor":33,"gold_loss":75}],"is_beta":false,"boss_relics":[{"not_picked":["reliquary:Craggleroot","halation:CatFaceCupcake"],"picked":"Busted Crown"}],"items_purged_floors":[],"is_endless":false,"potions_floor_spawned":[1,5,10,11,16,24,28],"killed_by":"Collector","ascension_level":3}}