{"host":"kpyf5rnb72uwap8k","time":1612278634,"event":{"mods":["AchievementEnabler","BaseMod","Colored Map","Colored Powertips","DeckTracker","Minty Spire (QoL Compilation)","Permanent Neow","Quick Restart","StSLib","SuperFastMode"],"gold_per_floor":[113,123,123,69,69,102,102,113,189,39,54,79,95,115,115,210,210,227,57,73,92,104,104,131,131,158,158,175,191,191,203,203,302,302,315,335,13,24,79,79,90,90,90,140,101,101,132,148,148,148],"floor_reached":51,"language":"KOR","playtime":1958,"items_purged":["Strike_P","Strike_P","Strike_P"],"score":761,"play_id":"b8d2206c-0da9-41eb-8ac5-caa5eef83def","local_time":"20210203001034","is_ascension_mode":false,"campfire_choices":[{"data":"MentalFortress","floor":7.0,"key":"SMITH"},{"data":"Eruption","floor":15.0,"key":"SMITH"},{"floor":23.0,"key":"REST"},{"data":"MentalFortress","floor":25.0,"key":"SMITH"},{"floor":32.0,"key":"REST"},{"data":"Apotheosis","floor":40.0,"key":"SMITH"},{"floor":49,"key":"REST"}],"circlet_count":0,"master_deck":["Defend_P","Defend_P","Defend_P","Eruption+1","Vigilance","MentalFortress+1","FlyingSleeves","EmptyBody","FollowUp","FearNoEvil","FollowUp","WheelKick","Scrawl","Tantrum","FearNoEvil","MentalFortress","MentalFortress+1","WindmillStrike","FlurryOfBlows+1","Apotheosis+1","Adaptation"],"relics":["HolyWater","NeowsBlessing","Anchor","PreservedInsect","Blue Candle","Bag of Marbles","SlaversCollar","Pantograph","Happy Flower","Incense Burner","Ornamental Fan","Ginger","Mango"],"acts_visited":["Exordium","TheCity","TheBeyond"],"potions_floor_usage":[47,50,50],"damage_taken":[{"damage":0.0,"enemies":"Jaw Worm","floor":1.0,"turns":1.0},{"damage":0.0,"enemies":"Small Slimes","floor":2.0,"turns":1.0},{"damage":0.0,"enemies":"Lagavulin","floor":6.0,"turns":1.0},{"damage":0.0,"enemies":"2 Louse","floor":8.0,"turns":3.0},{"damage":0.0,"enemies":"Looter","floor":11.0,"turns":2.0},{"damage":15.0,"enemies":"3 Sentries","floor":12.0,"turns":12.0},{"damage":0.0,"enemies":"3 Louse","floor":13.0,"turns":2.0},{"damage":0.0,"enemies":"Large Slime","floor":14.0,"turns":3.0},{"damage":43.0,"enemies":"Hexaghost","floor":16.0,"turns":14.0},{"damage":0.0,"enemies":"Shell Parasite","floor":18.0,"turns":4.0},{"damage":0.0,"enemies":"Spheric Guardian","floor":20.0,"turns":2.0},{"damage":0.0,"enemies":"Centurion and Healer","floor":21.0,"turns":3.0},{"damage":15.0,"enemies":"Chosen and Byrds","floor":22.0,"turns":9.0},{"damage":18.0,"enemies":"Gremlin Leader","floor":24.0,"turns":4.0},{"damage":0.0,"enemies":"Cultist and Chosen","floor":28.0,"turns":5.0},{"damage":0.0,"enemies":"Sentry and Sphere","floor":29.0,"turns":3.0},{"damage":10.0,"enemies":"Snecko","floor":31.0,"turns":5.0},{"damage":62.0,"enemies":"Champ","floor":33.0,"turns":12.0},{"damage":7.0,"enemies":"3 Darklings","floor":35.0,"turns":6.0},{"damage":5.0,"enemies":"3 Shapes","floor":36.0,"turns":5.0},{"damage":0.0,"enemies":"3 Darklings","floor":38.0,"turns":3.0},{"damage":4.0,"enemies":"2 Orb Walkers","floor":39.0,"turns":3.0},{"damage":0,"enemies":"Transient","floor":41,"turns":5},{"damage":0,"enemies":"Mind Bloom Boss Battle","floor":44,"turns":3},{"damage":30,"enemies":"Reptomancer","floor":47,"turns":4},{"damage":0,"enemies":"4 Shapes","floor":48,"turns":2},{"damage":4,"enemies":"Awakened One","floor":50,"turns":9}],"seed_played":"-4932961182708518055","potions_obtained":[{"floor":1.0,"key":"AttackPotion"},{"floor":11.0,"key":"StancePotion"},{"floor":13.0,"key":"EntropicBrew"},{"floor":21.0,"key":"Block Potion"},{"floor":24.0,"key":"SkillPotion"},{"floor":33.0,"key":"GamblersBrew"},{"floor":38.0,"key":"AttackPotion"},{"floor":39.0,"key":"Dexterity Potion"},{"floor":48,"key":"Explosive Potion"}],"is_trial":false,"path_per_floor":["M","M","?","$","?","E","R","M","T","$","M","E","M","M","R","B",null,"M","$","M","M","M","R","E","R","T","?","M","M","?","M","R","B",null,"M","M","$","M","?","R","M","$","T","?","$","?","E","M","R","B",null],"character_chosen":"WATCHER","items_purchased":["EmptyBody","FearNoEvil","FearNoEvil","Apotheosis","Adaptation"],"campfire_rested":3,"item_purchase_floors":[4,10,19,37,45],"current_hp_per_floor":[72,72,65,65,62,62,62,62,62,62,62,47,47,47,47,4,72,72,72,72,72,57,72,54,54,54,54,54,54,41,31,54,15,77,70,65,65,65,61,61,61,61,61,77,77,77,61,61,88,87],"gold":148,"neow_bonus":"THREE_ENEMY_KILL","is_daily":false,"chose_seed":false,"campfire_upgraded":4,"win_rate":0.0,"timestamp":1612278634,"path_taken":["M","M","?","$","?","E","R","M","T","$","M","E","M","?","R","BOSS","M","$","M","M","M","R","E","R","T","?","M","M","?","M","R","BOSS","M","M","$","M","?","R","M","$","T","?","$","?","E","M","R","BOSS"],"items_purchased_type":["Card","Card","Card","Card","Card"],"build_version":"2020-12-22","purchased_purges":3,"victory":true,"max_hp_per_floor":[72,72,72,72,72,72,72,72,72,72,72,72,72,72,72,72,72,72,72,72,72,72,72,72,72,72,72,72,72,77,77,77,77,77,77,77,77,77,77,77,77,77,77,77,77,77,91,91,91,91],"card_choices":[{"not_picked":["EmptyFist","BowlingBash"],"picked":"MentalFortress","floor":1.0},{"not_picked":["ClearTheMind","SandsOfTime"],"picked":"FlyingSleeves","floor":2.0},{"not_picked":["FlyingSleeves","Sanctity"],"picked":"FollowUp","floor":6.0},{"not_picked":["Protect","CrushJoints","Brilliance"],"picked":"SKIP","floor":8.0},{"not_picked":["Halt","EmptyBody","SashWhip"],"picked":"SKIP","floor":11.0},{"not_picked":["Nirvana","Sanctity"],"picked":"FollowUp","floor":12.0},{"not_picked":["FlyingSleeves","Meditate","Halt"],"picked":"SKIP","floor":13.0},{"not_picked":["JustLucky","Sanctity"],"picked":"WheelKick","floor":14.0},{"not_picked":["ConjureBlade","Devotion"],"picked":"Scrawl","floor":16.0},{"not_picked":["Prostrate","CutThroughFate"],"picked":"Tantrum","floor":18.0},{"not_picked":["BowlingBash+1","SashWhip"],"picked":"MentalFortress","floor":20.0},{"not_picked":["Ragnarok","Crescendo"],"picked":"MentalFortress","floor":21.0},{"not_picked":["Meditate","Vengeance"],"picked":"WindmillStrike","floor":22.0},{"not_picked":["Sanctity+1","FollowUp+1","CrushJoints"],"picked":"SKIP","floor":24.0},{"not_picked":["Consecrate","MentalFortress"],"picked":"FlurryOfBlows+1","floor":28.0},{"not_picked":["CrushJoints","BattleHymn+1","Collect+1"],"picked":"SKIP","floor":29.0},{"not_picked":["Perseverance+1","SandsOfTime+1","PathToVictory"],"picked":"SKIP","floor":31.0},{"not_picked":["Halt","Consecrate+1","Evaluate+1"],"picked":"SKIP","floor":35.0},{"not_picked":["WreathOfFlame+1","Evaluate+1","Protect"],"picked":"SKIP","floor":36.0},{"not_picked":["Protect","FollowUp","ClearTheMind"],"picked":"SKIP","floor":38.0},{"not_picked":["FollowUp+1","Evaluate","Halt"],"picked":"SKIP","floor":41},{"not_picked":["ThirdEye","Vengeance+1","SashWhip+1"],"picked":"SKIP","floor":47},{"not_picked":["DeceiveReality+1","EmptyBody+1","Protect+1"],"picked":"SKIP","floor":48}],"player_experience":253253,"relics_obtained":[{"floor":6.0,"key":"PreservedInsect"},{"floor":9.0,"key":"Blue Candle"},{"floor":12.0,"key":"Bag of Marbles"},{"floor":24.0,"key":"Pantograph"},{"floor":26.0,"key":"Happy Flower"},{"floor":39.0,"key":"Incense Burner"},{"floor":43,"key":"Ornamental Fan"},{"floor":44,"key":"Ginger"},{"floor":47,"key":"Mango"}],"event_choices":[{"cards_removed":["Strike_P"],"damage_healed":0.0,"max_hp_gain":0.0,"max_hp_loss":0.0,"gold_gain":0.0,"event_name":"Golden Wing","player_choice":"Card Removal","floor":3.0,"gold_loss":0.0,"damage_taken":7.0},{"damage_healed":0.0,"max_hp_gain":0.0,"max_hp_loss":0.0,"gold_gain":0.0,"event_name":"Scrap Ooze","player_choice":"Success","floor":5.0,"gold_loss":0.0,"damage_taken":3.0,"relics_obtained":["Anchor"]},{"damage_healed":0.0,"max_hp_gain":0.0,"max_hp_loss":0.0,"gold_gain":0.0,"event_name":"Vampires","player_choice":"Ignored","floor":27.0,"gold_loss":0.0,"damage_taken":0.0},{"damage_healed":0.0,"max_hp_gain":5.0,"max_hp_loss":0.0,"gold_gain":0.0,"event_name":"Forgotten Altar","player_choice":"Shed Blood","floor":30.0,"gold_loss":0.0,"damage_taken":18.0},{"damage_healed":0.0,"max_hp_gain":0.0,"max_hp_loss":0.0,"gold_gain":0.0,"event_name":"Mysterious Sphere","player_choice":"Fight","floor":39.0,"gold_loss":0.0,"damage_taken":0.0},{"damage_healed":0,"gold_gain":0,"player_choice":"Fight","damage_taken":0,"max_hp_gain":0,"max_hp_loss":0,"event_name":"MindBloom","floor":44,"gold_loss":0},{"cards_removed":["Defend_P"],"damage_healed":0,"gold_gain":0,"player_choice":"Removed Skill","damage_taken":0,"max_hp_gain":0,"max_hp_loss":0,"event_name":"Falling","floor":46,"gold_loss":0}],"is_beta":false,"boss_relics":[{"not_picked":["Philosopher\u0027s Stone","SacredBark"],"picked":"SlaversCollar"},{"not_picked":["Calling Bell","Tiny House"],"picked":"HolyWater"}],"items_purged_floors":[10,19,37],"is_endless":false,"potions_floor_spawned":[1,11,13,21,24,28,33,38,39,48],"ascension_level":0}}