{"host":"0k696jvpnlqjk4gh","time":1612299120,"event":{"mods":["AchievementEnabler","BaseMod","Colored Map","Colored Powertips","Minty Spire (QoL Compilation)","Quick Restart"],"gold_per_floor":[110,60,60,23,35,70,82,94,94],"floor_reached":8,"language":"ENG","playtime":146,"items_purged":[],"score":91,"play_id":"e418348e-bc83-455b-bdf6-b042dd35e02e","local_time":"20210202205200","is_ascension_mode":true,"campfire_choices":[{"data":"Storm","floor":7,"key":"SMITH"}],"circlet_count":0,"master_deck":["Strike_B","Strike_B","Strike_B","Defend_B","Defend_B","Defend_B","Defend_B","Zap","Dualcast","Undo","Regret","Storm+1"],"relics":["Cracked Core","NeowsBlessing","Smiling Mask","MawBank"],"acts_visited":["Exordium"],"potions_floor_usage":[8,8],"damage_taken":[{"damage":0,"enemies":"Jaw Worm","floor":1,"turns":1},{"damage":0,"enemies":"2 Louse","floor":5,"turns":1},{"damage":0,"enemies":"3 Sentries","floor":6,"turns":1},{"damage":77,"enemies":"Gremlin Nob","floor":8,"turns":5}],"seed_played":"8470088874713269712","potions_obtained":[{"floor":5,"key":"Block Potion"},{"floor":6,"key":"SneckoOil"}],"is_trial":false,"path_per_floor":["M","?","?","$","M","E","R","E"],"character_chosen":"DEFECT","items_purchased":["Storm"],"campfire_rested":0,"item_purchase_floors":[4],"current_hp_per_floor":[75,75,75,75,75,75,75,0,0],"gold":94,"neow_bonus":"THREE_ENEMY_KILL","is_daily":false,"chose_seed":false,"campfire_upgraded":1,"win_rate":0.0,"timestamp":1612299120,"path_taken":["M","?","?","?","M","E","R","E"],"items_purchased_type":["Card"],"build_version":"2020-12-22","purchased_purges":0,"victory":false,"max_hp_per_floor":[75,75,75,75,75,75,75,75,75],"card_choices":[{"not_picked":["Compile Driver","Barrage"],"picked":"Undo","floor":1},{"not_picked":["Recycle","Skim","Streamline"],"picked":"SKIP","floor":5},{"not_picked":["Stack","Rebound","Steam Power"],"picked":"SKIP","floor":6}],"player_experience":115916,"relics_obtained":[{"floor":6,"key":"MawBank"}],"event_choices":[{"cards_removed":["Strike_B"],"damage_healed":0,"gold_gain":0,"player_choice":"Card Removal","damage_taken":0,"max_hp_gain":0,"max_hp_loss":0,"event_name":"The Cleric","floor":2,"gold_loss":50},{"damage_healed":0,"gold_gain":0,"player_choice":"Box","damage_taken":0,"relics_obtained":["Smiling Mask"],"max_hp_gain":0,"max_hp_loss":0,"event_name":"Big Fish","floor":3,"gold_loss":0,"cards_obtained":["Regret"]}],"is_beta":false,"boss_relics":[],"items_purged_floors":[],"is_endless":false,"potions_floor_spawned":[5,6],"killed_by":"Gremlin Nob","ascension_level":3}}