{"host":"6r762osam2bvfm66","time":1612274874,"event":{"mods":["BaseMod","Colored Map","Minty Spire (QoL Compilation)"],"gold_per_floor":[119,69,86,161,172,202,202,212,238,268,268,268,268,279,279,378,378,396,411,422,161,178,205,205,205],"floor_reached":24,"language":"ENG","playtime":1427,"items_purged":["Strike_P"],"score":278,"play_id":"2d51d927-a059-485b-88f8-447cbb56f499","local_time":"20210202080754","is_ascension_mode":false,"campfire_choices":[{"data":"Ragnarok","floor":11,"key":"SMITH"},{"data":"Eruption","floor":13,"key":"SMITH"},{"data":"PathToVictory","floor":15,"key":"SMITH"}],"circlet_count":0,"master_deck":["Strike_P+1","Strike_P","Defend_P","Defend_P","Defend_P","Defend_P","Eruption+1","Vigilance+1","ReachHeaven","ThirdEye","EmptyFist+1","Ragnarok+1","Parasite","Indignation","InnerPeace","PathToVictory+1","Omniscience","CutThroughFate","Worship","DevaForm","Wallop","EmptyMind+1"],"relics":["HolyWater","NeowsBlessing","Whetstone","Smiling Mask","Strawberry","Frozen Egg 2"],"acts_visited":["Exordium","TheCity"],"potions_floor_usage":[10,19,23,23],"damage_taken":[{"damage":0,"enemies":"Small Slimes","floor":1,"turns":1},{"damage":0,"enemies":"2 Louse","floor":3,"turns":1},{"damage":0,"enemies":"Cultist","floor":5,"turns":1},{"damage":21,"enemies":"Lagavulin","floor":6,"turns":5},{"damage":3,"enemies":"Looter","floor":8,"turns":2},{"damage":9,"enemies":"Gremlin Nob","floor":10,"turns":3},{"damage":0,"enemies":"Large Slime","floor":14,"turns":3},{"damage":0,"enemies":"Slime Boss","floor":16,"turns":5},{"damage":0,"enemies":"Shell Parasite","floor":18,"turns":2},{"damage":0,"enemies":"2 Thieves","floor":19,"turns":1},{"damage":25,"enemies":"Centurion and Healer","floor":20,"turns":8},{"damage":10,"enemies":"Cultist and Chosen","floor":22,"turns":2},{"damage":27,"enemies":"Gremlin Leader","floor":23,"turns":6},{"damage":21,"enemies":"Snake Plant","floor":24,"turns":2}],"seed_played":"-5403735782060544492","potions_obtained":[{"floor":1,"key":"Energy Potion"},{"floor":3,"key":"SkillPotion"},{"floor":10,"key":"StancePotion"},{"floor":22,"key":"Swift Potion"},{"floor":23,"key":"StancePotion"}],"is_trial":false,"path_per_floor":["M","?","M","?","M","E","?","M","T","E","R","?","R","M","R","B",null,"M","M","M","$","M","E","M"],"character_chosen":"WATCHER","items_purchased":["DevaForm","Wallop"],"campfire_rested":0,"item_purchase_floors":[21,21],"current_hp_per_floor":[72,72,72,61,61,40,58,55,55,53,53,53,53,53,53,53,79,79,79,54,54,44,17,0,0],"gold":205,"neow_bonus":"THREE_ENEMY_KILL","is_daily":false,"chose_seed":false,"campfire_upgraded":3,"win_rate":0.0,"timestamp":1612274874,"path_taken":["M","?","M","?","M","E","?","M","T","E","R","?","R","M","R","BOSS","M","?","M","$","M","E","M"],"items_purchased_type":["Card","Card"],"build_version":"2020-12-22","purchased_purges":1,"victory":false,"max_hp_per_floor":[72,72,72,72,72,72,72,72,72,79,79,79,79,79,79,79,79,79,79,79,79,79,79,79,79],"card_choices":[{"not_picked":["FlurryOfBlows","Fasting2"],"picked":"ReachHeaven","floor":1},{"not_picked":["SashWhip","JustLucky"],"picked":"ThirdEye","floor":3},{"not_picked":["Consecrate","FlurryOfBlows"],"picked":"EmptyFist","floor":5},{"not_picked":["ReachHeaven","FlyingSleeves"],"picked":"Ragnarok","floor":6},{"not_picked":["Crescendo","JustLucky"],"picked":"Indignation","floor":8},{"not_picked":["FlurryOfBlows","FlyingSleeves"],"picked":"InnerPeace","floor":10},{"not_picked":["InnerPeace","EmptyFist"],"picked":"PathToVictory","floor":14},{"not_picked":["Vault","MasterReality"],"picked":"Omniscience","floor":16},{"not_picked":["Halt","EmptyFist"],"picked":"CutThroughFate","floor":18},{"not_picked":["SashWhip","BattleHymn"],"picked":"Worship","floor":19},{"not_picked":["WreathOfFlame+1","Perseverance","FlyingSleeves"],"picked":"SKIP","floor":20},{"not_picked":["Perseverance+1","FlyingSleeves"],"picked":"EmptyMind+1","floor":22},{"not_picked":["Omniscience","Swivel","Protect"],"picked":"SKIP","floor":23}],"player_experience":21708,"relics_obtained":[{"floor":6,"key":"Whetstone"},{"floor":9,"key":"Smiling Mask"},{"floor":10,"key":"Strawberry"},{"floor":23,"key":"Frozen Egg 2"}],"event_choices":[{"cards_removed":["Strike_P"],"damage_healed":0,"gold_gain":0,"player_choice":"Card Removal","damage_taken":0,"max_hp_gain":0,"max_hp_loss":0,"event_name":"The Cleric","floor":2,"gold_loss":50},{"damage_healed":0,"gold_gain":75,"player_choice":"Gather Gold","damage_taken":11,"max_hp_gain":0,"max_hp_loss":0,"event_name":"World of Goop","floor":4,"gold_loss":0},{"damage_healed":18,"gold_gain":0,"player_choice":"Healed and dodged fight","damage_taken":0,"max_hp_gain":0,"max_hp_loss":0,"event_name":"Mushrooms","floor":7,"gold_loss":0,"cards_obtained":["Parasite"]},{"damage_healed":0,"gold_gain":0,"player_choice":"Upgraded","damage_taken":0,"max_hp_gain":0,"max_hp_loss":0,"event_name":"Upgrade Shrine","floor":12,"gold_loss":0,"cards_upgraded":["Vigilance"]}],"is_beta":false,"boss_relics":[{"not_picked":["Runic Pyramid","SacredBark"],"picked":"HolyWater"}],"items_purged_floors":[21],"is_endless":false,"potions_floor_spawned":[1,3,10,22,23],"killed_by":"Snake Plant","ascension_level":0}}