{"host":"d52brwsy6af8zvaq","time":1612248168,"event":{"mods":["AchievementEnabler","BaseMod","Bestiary","Highlight Path","Minty Spire (QoL Compilation)","Quick Restart","Relic Stats","ojb\u0027s Better Paths Mod"],"gold_per_floor":[113,126,126,144,66,94,94,113,139,151,167,195,195,195,195],"floor_reached":14,"language":"ENG","playtime":608,"items_purged":[],"score":204,"play_id":"a2a30c2c-14bc-410b-b500-6cc72fd4f227","local_time":"20210201234248","is_ascension_mode":true,"campfire_choices":[{"floor":7.0,"key":"REST"},{"data":"Crippling Poison","floor":13.0,"key":"SMITH"}],"circlet_count":0,"master_deck":["AscendersBane","Strike_G","Strike_G","Strike_G","Strike_G","Strike_G","Defend_G","Defend_G","Defend_G","Defend_G","Defend_G","Survivor","Neutralize","Bane","Crippling Poison+1","Bouncing Flask","Noxious Fumes","Wraith Form v2","Quick Slash","Backflip","Footwork","Crippling Poison"],"relics":["Ring of the Snake","Vajra","Blood Vial","Omamori","Juzu Bracelet"],"acts_visited":["Exordium"],"potions_floor_usage":[14],"damage_taken":[{"damage":10.0,"enemies":"Jaw Worm","floor":1.0,"turns":9.0},{"damage":11.0,"enemies":"Small Slimes","floor":2.0,"turns":5.0},{"damage":0.0,"enemies":"Cultist","floor":4.0,"turns":5.0},{"damage":21.0,"enemies":"3 Sentries","floor":6.0,"turns":6.0},{"damage":0.0,"enemies":"3 Louse","floor":8.0,"turns":3.0},{"damage":7.0,"enemies":"Large Slime","floor":10.0,"turns":6.0},{"damage":5.0,"enemies":"Blue Slaver","floor":11.0,"turns":6.0},{"damage":15.0,"enemies":"Lagavulin","floor":12.0,"turns":9.0},{"damage":43,"enemies":"Gremlin Nob","floor":14,"turns":4}],"seed_played":"-8516953297579348875","potions_obtained":[{"floor":1.0,"key":"SmokeBomb"},{"floor":4.0,"key":"SpeedPotion"},{"floor":6.0,"key":"PowerPotion"},{"floor":10.0,"key":"LiquidBronze"}],"is_trial":false,"path_per_floor":["M","M","?","M","$","E","R","M","T","M","M","E","R","E"],"character_chosen":"THE_SILENT","items_purchased":["Noxious Fumes"],"campfire_rested":1,"item_purchase_floors":[5],"current_hp_per_floor":[55,44,39,39,39,18,39,41,41,36,33,20,20,0,0],"gold":195,"neow_bonus":"TEN_PERCENT_HP_BONUS","is_daily":false,"chose_seed":false,"campfire_upgraded":1,"win_rate":0.0,"timestamp":1612248168,"path_taken":["M","M","?","M","$","E","R","M","T","M","M","E","R","E"],"items_purchased_type":["Card"],"build_version":"2020-12-22","purchased_purges":0,"victory":false,"max_hp_per_floor":[72,72,72,72,72,72,72,72,72,72,72,72,72,72,72],"relic_stats":{"Blood Vial":10,"counters":[9,53],"Juzu Bracelet":0,"obtain_stats":[{"Blood Vial":6,"Vajra":3,"Omamori":9,"Juzu Bracelet":12,"Ring of the Snake":0},{"Blood Vial":4,"Vajra":2,"Omamori":5,"Juzu Bracelet":8,"Ring of the Snake":0},{"Blood Vial":25,"Vajra":14,"Omamori":28,"Juzu Bracelet":49,"Ring of the Snake":0}],"Ring of the Snake":[18]},"card_choices":[{"not_picked":["Finisher","Caltrops"],"picked":"Bane","floor":1.0},{"not_picked":["Slice","Blade Dance"],"picked":"Crippling Poison","floor":2.0},{"not_picked":["Heel Hook","PiercingWail"],"picked":"Bouncing Flask","floor":4.0},{"not_picked":["Slice","Terror"],"picked":"Wraith Form v2","floor":6.0},{"not_picked":["Accuracy","Prepared"],"picked":"Quick Slash","floor":8.0},{"not_picked":["Bouncing Flask","Quick Slash"],"picked":"Backflip","floor":10.0},{"not_picked":["Cloak And Dagger","Flying Knee"],"picked":"Footwork","floor":11.0},{"not_picked":["Quick Slash","Masterful Stab"],"picked":"Crippling Poison","floor":12.0}],"player_experience":2116219,"relics_obtained":[{"floor":6.0,"key":"Blood Vial"},{"floor":9.0,"key":"Omamori"},{"floor":12.0,"key":"Juzu Bracelet"}],"event_choices":[{"damage_healed":0.0,"max_hp_gain":0.0,"max_hp_loss":0.0,"gold_gain":0.0,"event_name":"Scrap Ooze","player_choice":"Success","floor":3.0,"gold_loss":0.0,"damage_taken":5.0,"relics_obtained":["Vajra"]}],"is_beta":false,"boss_relics":[],"items_purged_floors":[],"is_endless":false,"potions_floor_spawned":[1,4,6,10,11],"killed_by":"Gremlin Nob","ascension_level":20}}