{"host":"fa19f27vz2zfochh","time":1612294396,"event":{"mods":["Act Like it!","Aspiration","BaseMod","Better Third Choice","Conspire","Downfall","Energized Spire","Halation","Hallownest","Hubris","Infinite Spire","Ironclad Rager","Minty Spire (QoL Compilation)","Relic Stats","Replay The Spire","StSLib","The Bug Knight"],"gold_per_floor":[99,113,113,128,128,141,141,141,155,155,168,188,288,299,314,410,410,410,420,431,449,460,460,460,471,471,486,486,471,487,398,413,511,511,511,531,531,550,550,550,624,639,90,90,120,120,139,189,207,207],"floor_reached":51,"language":"ENG","playtime":2943,"items_purged":[],"score":672,"play_id":"3a8cbcd4-0c8d-4bda-aea9-247595baa9c8","local_time":"20210202203316","is_ascension_mode":false,"campfire_choices":[{"data":"bronze:Goto","floor":1.0,"key":"SMITH"},{"data":"bronze:Replicate","floor":8,"key":"SMITH"},{"data":"bronze:Iterate","floor":10,"key":"SMITH"},{"data":"bronze:SpaghettiCode","floor":18,"key":"SMITH"},{"floor":23,"key":"REST"},{"floor":26,"key":"REST"},{"floor":40,"key":"REST"},{"floor":44,"key":"REST"},{"floor":46,"key":"REST"}],"circlet_count":0,"master_deck":["bronze:Strike","bronze:Strike","bronze:Strike","bronze:Strike","bronze:Defend","bronze:Defend","bronze:Defend","bronze:Defend","bronze:Replicate+1","bronze:Goto+1","bronze:WildBeam+1","bronze:WhirlingStrike","bronze:CutThrough","bronze:Iterate+1","bronze:Branch","bronze:FineTuning","bronze:SpaghettiCode+1","bronze:DelayedGuard","bronze:Mutator","bronze:FineTuning+1","bronze:BitShift+1","bronze:ThunderWave","bronze:DelayedSlice+1","bronze:Boost","bronze:ChosenStrike","bronze:Assembly","bronze:Fortify+1","bronze:FollowUp+1","bronze:Verify"],"relics":["bronze:BronzeCore","infinitespire:BottledMercury","halation:EternalFortune","Ice Cream","halation:ForbiddenBikini","infinitespire:Broken Mirror","bronze:ProtectiveGoggles","infinitespire:EmpoweringShard","Sozu","halation:Sosunser","Fusion Hammer","Kunai","Lee\u0027s Waffle","hubris:SphereOfDissonance","infinitespire:Beetle Shell","Garlic","halation:BlackBeret"],"acts_visited":["Exordium","TheCity","TheBeyond"],"potions_floor_usage":[16,25,25,50,50],"damage_taken":[{"damage":5,"enemies":"Small Slimes","floor":2,"turns":4},{"damage":3,"enemies":"conspire:RoseBush","floor":4,"turns":2},{"damage":0,"enemies":"2 Louse","floor":6,"turns":2},{"damage":5,"enemies":"Exordium Thugs","floor":9,"turns":3},{"damage":0,"enemies":"2 Fungi Beasts","floor":11,"turns":2},{"damage":12,"enemies":"Gremlin Gang","floor":12,"turns":2},{"damage":4,"enemies":"Blue Slaver","floor":14,"turns":2},{"damage":9,"enemies":"2 Fungi Beasts","floor":15,"turns":2},{"damage":38,"enemies":"DF_ARCHETYPE_STREAMLINE","floor":16,"turns":11},{"damage":0,"enemies":"Shell Parasite","floor":19,"turns":2},{"damage":10,"enemies":"3 Byrds","floor":20,"turns":3},{"damage":17,"enemies":"Snecko","floor":21,"turns":4},{"damage":17,"enemies":"Centurion and Healer","floor":22,"turns":3},{"damage":0,"enemies":"Shelled Parasite and Fungi","floor":25,"turns":2},{"damage":18,"enemies":"3 Cultists","floor":27,"turns":4},{"damage":2,"enemies":"downfall:FleeingMerchant","floor":29,"turns":4},{"damage":0,"enemies":"Sentry and Sphere","floor":30,"turns":3},{"damage":0,"enemies":"downfall:FleeingMerchant","floor":31,"turns":4},{"damage":4,"enemies":"conspire:HollyBat","floor":32,"turns":6},{"damage":27,"enemies":"SI_MIRROR_ARCHETYPE","floor":33,"turns":7},{"damage":0,"enemies":"Orb Walker","floor":36,"turns":2},{"damage":12,"enemies":"3 Shapes","floor":38,"turns":2},{"damage":0,"enemies":"Sphere and 2 Shapes","floor":42,"turns":3},{"damage":0,"enemies":"conspire:MimicChest","floor":45,"turns":3},{"damage":0,"enemies":"Transient","floor":47,"turns":5},{"damage":0,"enemies":"Transient","floor":48,"turns":3},{"damage":0,"enemies":"Writhing Mass","floor":49,"turns":3},{"damage":33,"enemies":"IC_BLOCK_ARCHETYPE","floor":50,"turns":8}],"seed_played":"2434955866920891170","potions_obtained":[{"floor":12,"key":"Languid Potion"},{"floor":14,"key":"SneckoOil"},{"floor":15,"key":"Guardian:BlockOnCardUsePotion"},{"floor":16,"key":"bronze:BuildAFunctionPotion"},{"floor":27,"key":"LifebloodPotion"},{"floor":30,"key":"PowerPotion"}],"is_trial":false,"path_per_floor":["R","M","?","M","?","M","T","R","M","R","M","M","?","M","M","B",null,"R","M","M","M","M","R","T","M","R","M","?","$","M","$","M","B",null,"R","M","AVR","M","?","R","T","M","$","R","?","R","M","?","M","B",null],"character_chosen":"THE_AUTOMATON","items_purchased":["bronze:ProtectiveGoggles","infinitespire:EmpoweringShard","Lee\u0027s Waffle","hubris:SphereOfDissonance","infinitespire:Beetle Shell"],"campfire_rested":5,"item_purchase_floors":[31,31,43,43,43],"current_hp_per_floor":[77,72,72,69,72,72,72,72,67,67,67,55,55,51,42,4,80,80,80,70,53,36,60,60,60,80,62,62,60,60,60,56,29,80,80,80,80,68,68,80,80,80,87,87,87,87,87,87,87,54],"gold":207,"neow_bonus":"TEN_PERCENT_HP_BONUS","is_daily":false,"chose_seed":false,"campfire_upgraded":4,"win_rate":0.0,"timestamp":1612294396,"path_taken":["R","M","?","M","?","M","T","R","M","R","M","M","?","M","M","BOSS","R","M","M","M","M","R","T","M","R","M","?","?","?","$","M","BOSS","R","M","AVR","M","?","R","T","M","$","R","?","R","M","?","M","BOSS"],"items_purchased_type":["Relic","Relic","Relic","Relic","Relic"],"build_version":"2020-12-22","purchased_purges":0,"victory":true,"max_hp_per_floor":[77,77,77,77,80,80,80,80,80,80,80,80,80,80,80,80,80,80,80,80,80,80,80,80,80,80,80,80,80,80,80,80,80,80,80,80,80,80,80,80,80,80,87,87,87,87,87,87,87,87],"relic_stats":{"Sozu":3,"Lee\u0027s Waffle":7,"counters":[28,101],"Kunai":[22],"obtain_stats":[{"Ice Cream":7,"halation:BlackBeret":48,"infinitespire:BottledMercury":3,"Lee\u0027s Waffle":43,"bronze:BronzeCore":0,"halation:Sosunser":37,"hubris:SphereOfDissonance":43,"halation:ForbiddenBikini":17,"infinitespire:Beetle Shell":43,"Sozu":34,"bronze:ProtectiveGoggles":31,"infinitespire:Broken Mirror":24,"halation:EternalFortune":5,"Fusion Hammer":37,"infinitespire:EmpoweringShard":31,"Garlic":45,"Kunai":41},{"Ice Cream":3,"halation:BlackBeret":26,"infinitespire:BottledMercury":1,"Lee\u0027s Waffle":23,"bronze:BronzeCore":0,"halation:Sosunser":21,"hubris:SphereOfDissonance":23,"halation:ForbiddenBikini":9,"infinitespire:Beetle Shell":23,"Sozu":20,"bronze:ProtectiveGoggles":18,"infinitespire:Broken Mirror":13,"halation:EternalFortune":2,"Fusion Hammer":21,"infinitespire:EmpoweringShard":18,"Garlic":24,"Kunai":22},{"Ice Cream":8,"halation:BlackBeret":90,"infinitespire:BottledMercury":4,"Lee\u0027s Waffle":79,"bronze:BronzeCore":0,"halation:Sosunser":74,"hubris:SphereOfDissonance":79,"halation:ForbiddenBikini":30,"infinitespire:Beetle Shell":79,"Sozu":72,"bronze:ProtectiveGoggles":59,"infinitespire:Broken Mirror":42,"halation:EternalFortune":6,"Fusion Hammer":74,"infinitespire:EmpoweringShard":59,"Garlic":82,"Kunai":76}]},"card_choices":[{"not_picked":["bronze:Philosophize","bronze:Invalidate"],"picked":"bronze:WildBeam","floor":2},{"not_picked":["bronze:WildBeam","bronze:FineTuning"],"picked":"bronze:WhirlingStrike","floor":4},{"not_picked":["bronze:OilSpill","bronze:MaxOutput"],"picked":"bronze:CutThrough","floor":6},{"not_picked":["bronze:Shield","bronze:Fortify"],"picked":"bronze:Iterate","floor":9},{"not_picked":["bronze:BitShift","bronze:Repair"],"picked":"bronze:Branch","floor":11},{"not_picked":["bronze:CutThrough","bronze:Overheat"],"picked":"bronze:FineTuning","floor":12},{"not_picked":["bronze:BronzeArmor","bronze:BugBarrage"],"picked":"bronze:SpaghettiCode","floor":14},{"not_picked":["bronze:FineTuning","bronze:BuggyMess"],"picked":"bronze:DelayedGuard","floor":15},{"not_picked":["bronze:RecursiveStrike","bronze:HyperBeam"],"picked":"bronze:Mutator","floor":16},{"not_picked":["bronze:DelayedGuard","bronze:BuggyMess","bronze:DarkDash"],"picked":"SKIP","floor":19},{"not_picked":["bronze:Turbo","bronze:Iterate+1","bronze:CutThrough"],"picked":"SKIP","floor":20},{"not_picked":["bronze:Invalidate","bronze:Frontload+1"],"picked":"bronze:FineTuning+1","floor":21},{"not_picked":["bronze:BuggyMess","bronze:Philosophize+1"],"picked":"bronze:BitShift+1","floor":22},{"not_picked":["bronze:Return+1","bronze:Turbo+1","bronze:GetLatest"],"picked":"SKIP","floor":25},{"not_picked":["bronze:WildBeam","bronze:OilSpill"],"picked":"bronze:ThunderWave","floor":27},{"not_picked":["bronze:BurnOut","bronze:BitShift"],"picked":"bronze:DelayedSlice+1","floor":29},{"not_picked":["bronze:DelayedSlice","bronze:Shield"],"picked":"bronze:Boost","floor":30},{"not_picked":["bronze:Shield","bronze:OilSpill"],"picked":"bronze:ChosenStrike","floor":31},{"not_picked":["bronze:DelayedGuard","bronze:Turbo","bronze:SpaghettiCode"],"picked":"SKIP","floor":32},{"not_picked":["bronze:Mutator","bronze:ThunderWave"],"picked":"bronze:Assembly","floor":33},{"not_picked":["bronze:OilSpill","bronze:NullPointer+1","bronze:DelayedGuard+1"],"picked":"SKIP","floor":36},{"not_picked":["bronze:Flail","bronze:WildBeam+1"],"picked":"bronze:Fortify+1","floor":38},{"not_picked":["bronze:ItsAFeature","bronze:Turbo","bronze:WildBeam"],"picked":"SKIP","floor":42},{"not_picked":["bronze:DigitalCarnage+1","bronze:OilSpill"],"picked":"bronze:FollowUp+1","floor":45},{"not_picked":["bronze:DelayedGuard+1","bronze:DelayedSlice+1","bronze:ChosenStrike+1"],"picked":"SKIP","floor":47},{"not_picked":["bronze:Invalidate+1","bronze:FineTuning+1"],"picked":"bronze:Verify","floor":48},{"not_picked":["bronze:Shield","bronze:DelayedSlice+1","bronze:FollowUp+1"],"picked":"SKIP","floor":49}],"player_experience":406330,"relics_obtained":[{"floor":7,"key":"Ice Cream"},{"floor":24,"key":"infinitespire:Broken Mirror"},{"floor":41,"key":"Kunai"},{"floor":45,"key":"Garlic"},{"floor":48,"key":"halation:BlackBeret"}],"event_choices":[],"is_beta":false,"boss_relics":[{"not_picked":["Pandora\u0027s Box","hubris:RunicObelisk"],"picked":"halation:ForbiddenBikini"},{"not_picked":["hubris:HollowSoul","Empty Cage"],"picked":"Sozu"}],"items_purged_floors":[],"is_endless":false,"potions_floor_spawned":[12,14,15,16,19,20,27,30,42,48,49],"ascension_level":0}}