{"host":"xj2wyr3bqqv4irjd","time":1612284414,"event":{"mods":["Act Like it!","Aspiration","BaseMod","Koishi","Lobotomy","LobotomyExtend","Marisa£®ÏF”Í°°ƒß¿Ì…≥£©","Minty Spire (QoL Compilation)","Rare Cards Sparkle","Reimu£®≤©¿ˆ¡È√Œ£©","Remilia£®¿Ÿ√◊¿Ú—«£©","Replay The Spire","SIMod","StSLib","The Alterego","Waifu the Spire","WarShipGirlsR/’ΩΩ¢…Ÿ≈ÆR mod","Yakumo Yukari mod","Youmu£®ªÍ∆«—˝√Œ£©"],"gold_per_floor":[110,129,146,146,159,159,187,187,187,204,222,0,26,46,46,145,145,160,160,170,185,197,197,227,227,227,227,242,142,168,168,168,271,271,286,335,80,133,8,34,34,60,60,60,83,118,138,156,156,156,156,156,156,6,32,32],"floor_reached":57,"language":"ZHS","playtime":3069,"items_purged":["Defend_TS","Defend_AJ","Defend_PP","Strike_AJ"],"score":1442,"play_id":"3f1d5250-b056-49ae-96eb-c714eab4047a","local_time":"20210203004654","is_ascension_mode":true,"campfire_choices":[{"data":"TasteRainbow","floor":6.0,"key":"SMITH"},{"data":"RushToSky","floor":8.0,"key":"SMITH"},{"data":"RunningOfTheLeaves","floor":15.0,"key":"SMITH"},{"data":"FriendshipIsMagic","floor":23,"key":"SMITH"},{"data":"ConcertedEfforts","floor":25,"key":"SMITH"},{"floor":27,"key":"RECALL"},{"data":"HarmonyShield","floor":32,"key":"SMITH"},{"data":"TakeTheLead","floor":41,"key":"SMITH"},{"data":"DynamicVision","floor":44,"key":"SMITH"},{"data":"Batlization","floor":49,"key":"SMITH"},{"data":"Perfectionism","floor":53,"key":"SMITH"}],"circlet_count":0,"master_deck":["Strike_RR","Strike_RD","ConcertedEfforts+1","HarmonyShield+1","Louder","RunningOfTheLeaves+1","TasteRainbow+1","RushToSky+1","Yay","Louder","FriendshipIsMagic+1","DynamicVision+1","AllByMyself+1","RashStunts+1","Generousity","Batlization+1","Yay","Perfectionism+1","ReinventMyself","Laughter+1","TakeTheLead+1","Honesty","Louder+1","SwiftKick+1","Batlization+1","Magic+1","DynamicVision","Louder"],"relics":["The_element_of_harmony","Lantern","LetterFromLob","Iron Hammer","ReplayTheSpireMod:Ninjato","Medical Kit","aspiration:PoetsPen","FaceOfCleric","Replay:Rubber Ducky","Singing Bowl","Tiny Chest","aspiration:WatcherSkillbook","CatCart","Mummified Hand","Pocketwatch","HornCleat","PreservedInsect","Hyacinth","Replay:Kaleidoscope","Snack Pack"],"acts_visited":["TheCity","TheBeyond","TheEnding"],"potions_floor_usage":[21,56,56,56,56,56,56],"damage_taken":[{"damage":1.0,"enemies":"Jaw Worm","floor":1.0,"turns":3.0},{"damage":1.0,"enemies":"Cultist","floor":2.0,"turns":3.0},{"damage":0.0,"enemies":"Small Slimes","floor":3.0,"turns":3.0},{"damage":2.0,"enemies":"Looter","floor":5.0,"turns":4.0},{"damage":36.0,"enemies":"Gremlin Nob","floor":7.0,"turns":6.0},{"damage":5.0,"enemies":"Exordium Thugs","floor":10.0,"turns":3.0},{"damage":0.0,"enemies":"Large Slime","floor":11.0,"turns":3.0},{"damage":0.0,"enemies":"3 Sentries","floor":13.0,"turns":2.0},{"damage":0.0,"enemies":"Looter","floor":14.0,"turns":1.0},{"damage":47.0,"enemies":"Fading Forest","floor":16.0,"turns":11.0},{"damage":0,"enemies":"3 Byrds","floor":18,"turns":2},{"damage":0,"enemies":"Spheric Guardian","floor":20,"turns":2},{"damage":0,"enemies":"Snecko","floor":21,"turns":2},{"damage":11,"enemies":"Cultist and Chosen","floor":22,"turns":3},{"damage":0,"enemies":"Gremlin Leader","floor":24,"turns":2},{"damage":0,"enemies":"Snake Plant","floor":28,"turns":2},{"damage":0,"enemies":"Slavers","floor":30,"turns":2},{"damage":0,"enemies":"Collector","floor":33,"turns":1},{"damage":0,"enemies":"3 Darklings","floor":35,"turns":1},{"damage":0,"enemies":"Orin","floor":36,"turns":2},{"damage":0,"enemies":"2 Orb Walkers","floor":38,"turns":1},{"damage":0,"enemies":"Nemesis","floor":40,"turns":1},{"damage":6,"enemies":"R_Hoarder","floor":42,"turns":2},{"damage":0,"enemies":"Giant Head","floor":46,"turns":1},{"damage":0,"enemies":"Orb Walker","floor":47,"turns":1},{"damage":0,"enemies":"Sphere and 2 Shapes","floor":48,"turns":1},{"damage":0,"enemies":"Replay:Hell Engine","floor":50,"turns":1},{"damage":0,"enemies":"Shield and Spear","floor":55,"turns":1},{"damage":120,"enemies":"The Heart","floor":56,"turns":4}],"seed_played":"-6718046267954561403","potions_obtained":[{"floor":2.0,"key":"LifebloodPotion"},{"floor":3.0,"key":"SteroidPotion"},{"floor":11.0,"key":"Energy Potion"},{"floor":18,"key":"Explosive Potion"},{"floor":22,"key":"EntropicBrew"}],"is_trial":false,"path_per_floor":["M","M","M","?","M","R","E","R","T","M","M","$","E","M","R","B",null,"M","?","M","M","M","R","E","R","T","R","M","$","E","?","R","B",null,"M","?","$","?","$","E","R","E","T","R","T","E","M","M","R","B",null,null,"R","$","E","B",null],"character_chosen":"TWI_CLASS","items_purchased":["Medical Kit","Mummified Hand"],"campfire_rested":0,"item_purchase_floors":[12,37],"current_hp_per_floor":[81,80,80,80,78,78,42,42,42,37,37,37,37,37,37,12,82,82,82,83,84,74,74,75,75,75,75,80,80,85,85,85,90,101,104,107,107,108,108,113,113,108,108,108,108,113,114,115,115,116,116,122,122,122,125,21],"gold":32,"neow_bonus":"RANDOM_COMMON_RELIC","is_daily":false,"chose_seed":false,"campfire_upgraded":10,"win_rate":0.0,"timestamp":1612284414,"path_taken":["M","M","M","?","M","R","E","R","T","M","M","$","E","M","R","BOSS","M","?","M","?","M","R","E","R","T","R","M","$","E","?","R","BOSS","M","?","$","?","$","E","R","E","T","R","?","E","M","M","R","BOSS","R","$","E","BOSS"],"items_purchased_type":["Relic","Relic"],"build_version":"2020-12-22","purchased_purges":4,"victory":true,"max_hp_per_floor":[82,82,82,82,82,82,82,82,82,82,82,82,82,82,82,82,82,82,82,83,84,85,85,86,86,86,86,91,91,96,96,96,101,101,104,107,107,108,108,113,113,114,114,114,114,119,120,121,121,122,122,122,122,122,125,126],"card_choices":[{"not_picked":["Yay"],"picked":"Louder","floor":1.0},{"not_picked":["BehindTheScene","RunningOfTheLeaves"],"picked":"SKIP","floor":1.0},{"not_picked":["BehindTheScene"],"picked":"RunningOfTheLeaves","floor":1.0},{"not_picked":["Celebrities","FriendOfNature"],"picked":"SKIP","floor":2.0},{"not_picked":["RashStunts","FriendOfNature"],"picked":"SKIP","floor":2.0},{"not_picked":["Overwhelming","Celebrities"],"picked":"SKIP","floor":3.0},{"not_picked":["Magictrain","Celebrities"],"picked":"SKIP","floor":3.0},{"not_picked":["Overwhelming","Celebrities"],"picked":"SKIP","floor":3.0},{"not_picked":["Magictrain","Celebrities"],"picked":"SKIP","floor":3.0},{"not_picked":["Magictrain","Smile"],"picked":"SKIP","floor":5.0},{"not_picked":["Smile","ThunderCloud"],"picked":"SKIP","floor":5.0},{"not_picked":["Laughter"],"picked":"RushToSky","floor":7.0},{"not_picked":["Charge","InspirationRecovery"],"picked":"SKIP","floor":7.0},{"not_picked":["Smile"],"picked":"Yay","floor":10.0},{"not_picked":["Boundary","TasteRainbow"],"picked":"SKIP","floor":10.0},{"not_picked":["TenInstruments"],"picked":"Louder","floor":11.0},{"not_picked":["FollowTherRainbow","HideCarefully"],"picked":"SKIP","floor":11.0},{"not_picked":["FollowTherRainbow","HideCarefully"],"picked":"SKIP","floor":11.0},{"not_picked":["BatchProduction","ThunderCloud"],"picked":"SKIP","floor":13.0},{"not_picked":["RunningOfTheLeaves","FriendOfNature"],"picked":"SKIP","floor":13.0},{"not_picked":["BatchProduction","ThunderCloud"],"picked":"SKIP","floor":13.0},{"not_picked":["RunningOfTheLeaves","FriendOfNature"],"picked":"SKIP","floor":13.0},{"not_picked":["Smile","BehindTheScene"],"picked":"SKIP","floor":14.0},{"not_picked":["Winterwrapup","MessyAndOrderly"],"picked":"SKIP","floor":14.0},{"not_picked":["MirrorLake"],"picked":"FriendshipIsMagic","floor":16.0},{"not_picked":["Dear_Princess+1"],"picked":"DynamicVision","floor":18},{"not_picked":["HideCarefully"],"picked":"AllByMyself+1","floor":18},{"not_picked":["BatchProduction"],"picked":"RashStunts+1","floor":20},{"not_picked":["Lasso+1","Magictrain+1"],"picked":"SKIP","floor":20},{"not_picked":["AlloutStrike+1"],"picked":"Generousity","floor":21},{"not_picked":["FriendOfNature+1"],"picked":"Batlization+1","floor":21},{"not_picked":["Whining"],"picked":"Yay","floor":22},{"not_picked":["AppleFever","Smile+1"],"picked":"SKIP","floor":22},{"not_picked":["RushToSky+1","ThrowingApples"],"picked":"SKIP","floor":24},{"not_picked":["FriendshipIsMagic","PartyAlone"],"picked":"SKIP","floor":24},{"not_picked":["RushToSky+1","ThrowingApples"],"picked":"SKIP","floor":24},{"not_picked":["FriendshipIsMagic","PartyAlone"],"picked":"SKIP","floor":24},{"not_picked":["Winterwrapup","Mischief"],"picked":"Singing Bowl","floor":28},{"not_picked":["Celebrities","Batlization"],"picked":"Singing Bowl","floor":28},{"not_picked":["FollowTherRainbow","PinkieSense"],"picked":"Singing Bowl","floor":30},{"not_picked":["GemstoneDetection","BigDeal"],"picked":"Singing Bowl","floor":30},{"not_picked":["PinkieSense","MirrorLake"],"picked":"Singing Bowl","floor":33},{"not_picked":["Flutterguy","Stare"],"picked":"Singing Bowl","floor":33},{"not_picked":["Charge+1","RashStunts","CleanLibrary+1"],"picked":"Singing Bowl","floor":35},{"not_picked":["Mischief+1","PartyTime+1"],"picked":"Perfectionism","floor":35},{"not_picked":["Celebrities","Anxiousness","Boundary+1"],"picked":"Singing Bowl","floor":36},{"not_picked":["Magictrain","KillingWithKindness"],"picked":"ReinventMyself","floor":36},{"not_picked":["Boundary","Lasso+1"],"picked":"Laughter+1","floor":38},{"not_picked":["AppleFever","RashStunts"],"picked":"TakeTheLead","floor":38},{"not_picked":["Lasso","BigDeal","KillingWithKindness+1"],"picked":"Singing Bowl","floor":40},{"not_picked":["BatchProduction","FarmExpert","BigDeal+1"],"picked":"Singing Bowl","floor":40},{"not_picked":["Dear_Princess+1","ThrowingApples"],"picked":"Honesty","floor":42},{"not_picked":["Tornado","RushToSky+1"],"picked":"Louder+1","floor":42},{"not_picked":["CheerUp","TwentyPercentcooler","Overwhelming"],"picked":"Singing Bowl","floor":46},{"not_picked":["ServeMeal+1","Flutterguy","KillingWithKindness+1"],"picked":"Singing Bowl","floor":46},{"not_picked":["Smile","ThunderCloud+1"],"picked":"SwiftKick+1","floor":47},{"not_picked":["GemstoneDetection","ThunderCloud"],"picked":"Batlization","floor":47},{"not_picked":["GemstoneDetection+1","ISayNo+1"],"picked":"Magic+1","floor":48},{"not_picked":["Lasso","HideCarefully"],"picked":"DynamicVision","floor":48},{"not_picked":["RushToSky+1","BatchProduction"],"picked":"Louder","floor":55},{"not_picked":["PartyAlone","GemstoneDetection","Return_To_Past"],"picked":"Singing Bowl","floor":55}],"player_experience":589095,"relics_obtained":[{"floor":1.0,"key":"LetterFromLob"},{"floor":7.0,"key":"Iron Hammer"},{"floor":9.0,"key":"ReplayTheSpireMod:Ninjato"},{"floor":24,"key":"Replay:Rubber Ducky"},{"floor":26,"key":"Singing Bowl"},{"floor":30,"key":"Tiny Chest"},{"floor":36,"key":"CatCart"},{"floor":38,"key":"Pocketwatch"},{"floor":40,"key":"HornCleat"},{"floor":42,"key":"PreservedInsect"},{"floor":45,"key":"Hyacinth"},{"floor":46,"key":"Replay:Kaleidoscope"},{"floor":55,"key":"Snack Pack"}],"event_choices":[{"damage_healed":0.0,"max_hp_gain":0.0,"max_hp_loss":0.0,"gold_gain":0.0,"cards_transformed":["Strike_TS"],"event_name":"Living Wall","player_choice":"Change","floor":4.0,"gold_loss":0.0,"damage_taken":0.0,"cards_obtained":["TasteRainbow"]},{"damage_healed":0,"gold_gain":0,"player_choice":"Trade","damage_taken":0,"relics_obtained":["FaceOfCleric"],"max_hp_gain":0,"max_hp_loss":0,"event_name":"FaceTrader","floor":19,"gold_loss":0},{"cards_removed":["Defend_FS"],"damage_healed":0,"gold_gain":0,"player_choice":"Elegance","damage_taken":0,"max_hp_gain":0,"max_hp_loss":0,"event_name":"Back to Basics","floor":31,"gold_loss":0},{"damage_healed":0,"gold_gain":0,"player_choice":"Fight","damage_taken":0,"max_hp_gain":0,"max_hp_loss":0,"event_name":"OrinTheCat","floor":36,"gold_loss":0},{"damage_healed":0,"gold_gain":0,"player_choice":"Fight","damage_taken":0,"max_hp_gain":0,"max_hp_loss":0,"event_name":"Mysterious Sphere","floor":38,"gold_loss":0}],"is_beta":false,"boss_relics":[{"not_picked":["Snecko Eye","Philosopher\u0027s Stone"],"picked":"aspiration:PoetsPen"},{"not_picked":["SacredBark","Tiny House"],"picked":"aspiration:WatcherSkillbook"}],"items_purged_floors":[12,29,39,54],"is_endless":false,"potions_floor_spawned":[2,3,11,13,18,22,28,30,35],"ascension_level":1}}