{"host":"hcg1n1zeml53gytb","time":1612239846,"event":{"mods":["BaseMod","Better Third Choice","Colored Powertips","Displayed Cursed Tome","Hermit","Highlight Path","Minty Spire (QoL Compilation)","Quick Restart","Rare Cards Sparkle","Relic Stats","Replay The Spire","StSLib","The Cursed"],"gold_per_floor":[113,132,132,132,4,4,34,34,34,60,60,60,83,102,102,223,223,243,27,27,52,52,32,75,90,90,109,144,144,144],"floor_reached":29,"language":"ENG","playtime":2821,"items_purged":["Regret","Strike_B"],"score":340,"play_id":"799f6365-0290-410c-8796-ff477eb2a1e4","local_time":"20210201222406","is_ascension_mode":true,"campfire_choices":[{"data":"Dualcast","floor":6.0,"key":"SMITH"},{"data":"Zap","floor":8.0,"key":"SMITH"},{"floor":15.0,"key":"REST"}],"circlet_count":0,"master_deck":["Strike_B","Strike_B","Defend_B","Defend_B","Defend_B","Defend_B","Zap+1","Dualcast+1","Go for the Eyes","Gash","Leap","Echo Form","Scrape","Injury","Go for the Eyes","Ball Lightning","All For One","AbeCurse","Leap+1","ReplayGash","Cold Snap+1","Steam+1","All For One","Static Discharge"],"relics":["Cracked Core","NeowsBlessing","Gambling Chip","Bronze Scales","Tiny Chest","Gremlin Horn","Golden Idol","Abe\u0027s Treasure","Bottled Flame","Cables","StrikeDummy","Snack Pack"],"acts_visited":["Exordium","TheCity"],"potions_floor_usage":[16,16,18,24],"damage_taken":[{"damage":0.0,"enemies":"Jaw Worm","floor":1.0,"turns":1.0},{"damage":0.0,"enemies":"Small Slimes","floor":2.0,"turns":1.0},{"damage":0.0,"enemies":"Lagavulin","floor":7.0,"turns":1.0},{"damage":27.0,"enemies":"Replay:BlueRogue","floor":10.0,"turns":5.0},{"damage":6.0,"enemies":"Cultist","floor":13.0,"turns":3.0},{"damage":4.0,"enemies":"Exordium Wildlife","floor":14.0,"turns":3.0},{"damage":30,"enemies":"Fading Forest","floor":16,"turns":11},{"damage":16,"enemies":"2 Thieves","floor":18,"turns":3},{"damage":0,"enemies":"Spheric Guardian","floor":21,"turns":1},{"damage":14,"enemies":"Book of Stabbing","floor":24,"turns":5},{"damage":5,"enemies":"Centurion and Healer","floor":25,"turns":6},{"damage":8,"enemies":"Snecko","floor":27,"turns":4},{"damage":13,"enemies":"Gremlin Leader","floor":28,"turns":4},{"damage":21,"enemies":"Snake Plant","floor":29,"turns":2}],"seed_played":"-101176153659197159","potions_obtained":[{"floor":2.0,"key":"Flashbang"},{"floor":7.0,"key":"Milkshake"},{"floor":13.0,"key":"LifebloodPotion"},{"floor":18,"key":"Ancient Potion"},{"floor":21,"key":"Block Potion"},{"floor":23,"key":"Elixir"},{"floor":24,"key":"EssenceOfSteel"},{"floor":28,"key":"SteroidPotion"}],"is_trial":false,"path_per_floor":["M","M","?","?","$","R","E","R","T","E","?","?","M","M","R","B",null,"M","$","T","M","$","?","E","M","T","M","E","M"],"character_chosen":"DEFECT","items_purchased":["Leap","ReplayGash","Cold Snap+1"],"campfire_rested":1,"item_purchase_floors":[5,19,19],"current_hp_per_floor":[75,75,75,63,63,63,63,63,63,36,36,36,30,26,48,18,75,59,59,59,59,59,59,45,40,40,32,19,0,0],"gold":144,"neow_bonus":"THREE_ENEMY_KILL","is_daily":false,"chose_seed":false,"campfire_upgraded":2,"win_rate":0.0,"timestamp":1612239846,"path_taken":["M","M","?","?","$","R","E","R","T","E","?","?","?","M","R","BOSS","M","$","?","?","$","?","E","M","T","M","E","M"],"items_purchased_type":["Card","Card","Card"],"build_version":"2020-12-22","purchased_purges":2,"victory":false,"max_hp_per_floor":[75,75,75,75,75,75,75,75,75,75,75,75,75,75,75,75,75,75,75,75,75,75,75,75,75,75,75,75,75,75],"relic_stats":{"Gremlin Horn":[8,8],"counters":[14,50],"Golden Idol":65,"Gambling Chip":[22],"Bronze Scales":[114],"Tiny Chest":1,"obtain_stats":[{"Bottled Flame":20,"NeowsBlessing":0,"Gremlin Horn":10,"Golden Idol":11,"Gambling Chip":3,"Bronze Scales":4,"Tiny Chest":7,"Snack Pack":28,"Cracked Core":0,"StrikeDummy":26,"Abe\u0027s Treasure":17,"Cables":24},{"Bottled Flame":8,"NeowsBlessing":0,"Gremlin Horn":4,"Golden Idol":4,"Gambling Chip":2,"Bronze Scales":2,"Tiny Chest":3,"Snack Pack":13,"Cracked Core":0,"StrikeDummy":11,"Abe\u0027s Treasure":7,"Cables":10},{"Bottled Flame":28,"NeowsBlessing":0,"Gremlin Horn":8,"Golden Idol":8,"Gambling Chip":2,"Bronze Scales":2,"Tiny Chest":3,"Snack Pack":48,"Cracked Core":0,"StrikeDummy":40,"Abe\u0027s Treasure":25,"Cables":34}],"Cables":[14,11,3,0,0]},"card_choices":[{"not_picked":["Stack","Hologram"],"picked":"Go for the Eyes","floor":1.0},{"not_picked":["Panic Button","Chaos"],"picked":"Gash","floor":2.0},{"not_picked":["Go for the Eyes","Glacier"],"picked":"Echo Form","floor":7.0},{"not_picked":["ReplayTheSpireMod:Repulse","Barrage"],"picked":"Scrape","floor":10.0},{"not_picked":["Storm","Redo"],"picked":"Go for the Eyes","floor":13.0},{"not_picked":["Redo","Skim"],"picked":"Ball Lightning","floor":14.0},{"not_picked":["Core Surge","Thunder Strike"],"picked":"All For One","floor":16},{"not_picked":["Rebound","BootSequence+1"],"picked":"Leap+1","floor":18},{"not_picked":["Stack","Steam Power"],"picked":"Steam+1","floor":21},{"not_picked":["Reprogram","ReplayTheSpireMod:GoodbyeWorld+1"],"picked":"All For One","floor":24},{"not_picked":["Redo","BasicCrystalCard","Auto Shields"],"picked":"SKIP","floor":25},{"not_picked":["Redo","Panic Button+1"],"picked":"Static Discharge","floor":27},{"not_picked":["BasicCrystalCard","Doom and Gloom","Leap"],"picked":"SKIP","floor":28}],"player_experience":510861,"relics_obtained":[{"floor":7.0,"key":"Tiny Chest"},{"floor":10.0,"key":"Gremlin Horn"},{"floor":20,"key":"Bottled Flame"},{"floor":24,"key":"Cables"},{"floor":26,"key":"StrikeDummy"},{"floor":28,"key":"Snack Pack"}],"event_choices":[{"damage_healed":0.0,"max_hp_gain":0.0,"max_hp_loss":0.0,"gold_gain":0.0,"event_name":"Big Fish","player_choice":"Box","floor":3.0,"gold_loss":0.0,"damage_taken":0.0,"relics_obtained":["Gambling Chip"],"cards_obtained":["Regret"]},{"damage_healed":0.0,"max_hp_gain":0.0,"max_hp_loss":0.0,"gold_gain":0.0,"event_name":"betterThird:BetterScrap","player_choice":"Relic ","floor":4.0,"gold_loss":0.0,"damage_taken":12.0,"cards_obtained":["WaveOfTheHand"]},{"damage_healed":0.0,"max_hp_gain":0.0,"max_hp_loss":0.0,"gold_gain":0.0,"event_name":"Golden Idol","player_choice":"Take Wound","floor":11.0,"gold_loss":0.0,"damage_taken":0.0,"relics_obtained":["Golden Idol"],"cards_obtained":["Injury"]},{"damage_healed":0,"gold_gain":0,"player_choice":"Bought 1 Potion","damage_taken":0,"max_hp_gain":0,"max_hp_loss":0,"event_name":"The Woman in Blue","floor":23,"gold_loss":0}],"is_beta":false,"boss_relics":[{"not_picked":["Kintsugi","Ring of Chaos"],"picked":"Abe\u0027s Treasure"}],"items_purged_floors":[5,19],"is_endless":false,"potions_floor_spawned":[2,7,13,14,18,21,24,28],"killed_by":"Snake Plant","ascension_level":3}}