{"host":"lq2h7q9ca6uwu60x","time":1612256718,"event":{"mods":["Act Like it!","BaseMod","Gensokyo","Koishi","Marisa£®ÏF”Í°°ƒß¿Ì…≥£©","Minty Spire (QoL Compilation)","StSLib"],"gold_per_floor":[111,111,36,36,56,56,91,101,176,176,176,176,76,87,87,183,183,198,198,214,214,164,580,580],"floor_reached":23,"language":"ZHS","playtime":1432,"items_purged":["Koishi:BasicDefend","Pain"],"score":249,"play_id":"20c387d7-8618-40ca-bbb2-a455c585f633","local_time":"20210202170518","is_ascension_mode":true,"campfire_choices":[{"floor":6.0,"key":"RECALL"},{"data":"Koishi:PredatoryInstincts","floor":15,"key":"SMITH"}],"circlet_count":0,"master_deck":["Koishi:BasicStrike","Koishi:BasicStrike","Koishi:BasicStrike","Koishi:BasicStrike","Koishi:BasicDefend","Koishi:BasicDefend","Koishi:BasicDefend","Koishi:Provoke","Shame","Koishi:DanmakuParanoia","Koishi:PredatoryInstincts+1","Koishi:FadingMemory","Koishi:Untouchable","Gensokyo:MenInBlack"],"relics":["Koishi:ImaginaryFriend","CaptainsWheel","Happy Flower","Gensokyo:OccultBall","Koishi:EchoesOfADeadGirl","White Beast Statue","Pear","Gensokyo:PortableGap","Gensokyo:LunaticRedEyes","Coffee Dripper","Frozen Eye"],"acts_visited":["Exordium","Gensokyo:Gensokyo"],"potions_floor_usage":[7,16,16,23,23],"damage_taken":[{"damage":5.0,"enemies":"Gensokyo:2_Kodama","floor":1.0,"turns":4.0},{"damage":6.0,"enemies":"Gensokyo:Gryphon","floor":5.0,"turns":6.0},{"damage":12,"enemies":"Gensokyo:Cirno","floor":7,"turns":8},{"damage":0,"enemies":"Gensokyo:Python","floor":8,"turns":5},{"damage":0,"enemies":"Gensokyo:2_Rabbits","floor":14,"turns":5},{"damage":26,"enemies":"Gensokyo:Reimu","floor":16,"turns":23},{"damage":0,"enemies":"Gensokyo:AngelMirror","floor":18,"turns":4},{"damage":0,"enemies":"Gensokyo:Chomper","floor":20,"turns":6},{"damage":64,"enemies":"Gensokyo:Koishi","floor":23,"turns":7}],"seed_played":"-7495386684294832681","potions_obtained":[{"floor":5.0,"key":"PowerPotion"},{"floor":7,"key":"Strength Potion"},{"floor":14,"key":"ColorlessPotion"},{"floor":16,"key":"BlessingOfTheForge"},{"floor":18,"key":"LiquidMemories"},{"floor":20,"key":"LiquidMemories"}],"is_trial":false,"path_per_floor":["M","?","$","?","M","R","E","M","T","?","?","?","$","M","R","B",null,"M","?","M","?","?","E"],"character_chosen":"KOISHI","items_purchased":[],"campfire_rested":0,"item_purchase_floors":[],"current_hp_per_floor":[50,50,50,50,44,44,32,32,32,27,27,27,27,27,27,43,58,58,58,63,57,64,0,0],"gold":580,"neow_bonus":"ONE_RARE_RELIC","is_daily":false,"chose_seed":false,"campfire_upgraded":1,"win_rate":0.0,"timestamp":1612256718,"path_taken":["M","?","$","?","M","R","E","?","T","?","?","?","?","?","R","BOSS","M","?","?","?","?","E"],"items_purchased_type":[],"build_version":"2020-12-22","purchased_purges":2,"victory":false,"max_hp_per_floor":[60,60,60,60,60,60,60,60,60,70,63,63,63,63,63,63,63,63,63,63,57,64,64,64],"card_choices":[{"not_picked":["Koishi:TremblingHands","Koishi:FreudianInstinct"],"picked":"Koishi:PredatoryInstincts","floor":1.0},{"not_picked":["Koishi:UnconsciousUprising","Koishi:Prune","Koishi:StingingMind"],"picked":"SKIP","floor":5.0},{"not_picked":["Koishi:SubconsciousSweep","Koishi:PhantomBarrier","Koishi:UnconsciousUprising"],"picked":"SKIP","floor":7},{"not_picked":["Koishi:PhantomBarrier","Koishi:Prune"],"picked":"Koishi:DanmakuParanoia","floor":8},{"not_picked":["Koishi:MindStellarRelief","Koishi:YoukaiPolygraph"],"picked":"Koishi:PredatoryInstincts","floor":14},{"not_picked":["Koishi:PerfectMindControl","Koishi:ConditionedTeleport"],"picked":"Koishi:FadingMemory","floor":16},{"not_picked":["Koishi:StingingMind","Koishi:EmbersOfLove","Koishi:ParalyzingFear+1"],"picked":"SKIP","floor":18},{"not_picked":["Koishi:YoukaiPolygraph","Koishi:Possession","Koishi:MassHysteria"],"picked":"SKIP","floor":20},{"not_picked":["Gensokyo:HAARP","Gensokyo:Kunekune"],"picked":"Gensokyo:MenInBlack","floor":21}],"player_experience":837990,"relics_obtained":[{"floor":5.0,"key":"Gensokyo:OccultBall"},{"floor":7,"key":"Gensokyo:OccultBall"},{"floor":7,"key":"Koishi:EchoesOfADeadGirl"},{"floor":9,"key":"White Beast Statue"},{"floor":16,"key":"Gensokyo:OccultBall"},{"floor":18,"key":"Gensokyo:OccultBall"}],"event_choices":[],"is_beta":false,"boss_relics":[{"not_picked":["Snecko Eye","Busted Crown"],"picked":"Coffee Dripper"}],"items_purged_floors":[3,13],"is_endless":false,"potions_floor_spawned":[5,7,14,16,18,20],"killed_by":"Gensokyo:Koishi","ascension_level":7}}