{"host":"j9610sde00vfp93k","time":1612251173,"event":{"mods":["AchievementEnabler","BaseMod","Minty Spire (QoL Compilation)","StSLib","SuperFastMode"],"gold_per_floor":[359,309,384,314,332,332,345,363,363,134,151,151,51,65,65,160,210,226,101,101,114,125,145,145,165,165,165,165],"floor_reached":27,"language":"ENG","playtime":1064,"items_purged":["Defend_R","Strike_R","Strike_R"],"score":207,"play_id":"f792ce24-e920-4ce9-b12f-859dafb576f0","local_time":"20210202153253","is_ascension_mode":false,"campfire_choices":[{"data":"Bash","floor":6,"key":"SMITH"},{"floor":15,"key":"REST"}],"circlet_count":0,"master_deck":["Strike_R+1","Strike_R+1","Defend_R","Defend_R+1","Bash+1","Dropkick","Dropkick","Clash"],"relics":["Burning Blood","Thread and Needle","Turnip","Nunchaku","Tiny House"],"acts_visited":["Exordium","TheCity"],"potions_floor_usage":[11,16,16,27,27,27],"damage_taken":[{"damage":6,"enemies":"Small Slimes","floor":1,"turns":4},{"damage":0,"enemies":"Jaw Worm","floor":5,"turns":5},{"damage":0,"enemies":"2 Louse","floor":7,"turns":3},{"damage":18,"enemies":"Lots of Slimes","floor":8,"turns":5},{"damage":0,"enemies":"Gremlin Gang","floor":11,"turns":6},{"damage":15,"enemies":"3 Louse","floor":14,"turns":4},{"damage":27,"enemies":"Hexaghost","floor":16,"turns":6},{"damage":0,"enemies":"Chosen","floor":18,"turns":3},{"damage":10,"enemies":"Spheric Guardian","floor":21,"turns":4},{"damage":18,"enemies":"Centurion and Healer","floor":22,"turns":4},{"damage":1,"enemies":"Shelled Parasite and Fungi","floor":23,"turns":3},{"damage":3,"enemies":"Chosen and Byrds","floor":25,"turns":4},{"damage":81,"enemies":"Slavers","floor":27,"turns":5}],"seed_played":"8593178667915660184","potions_obtained":[{"floor":7,"key":"SkillPotion"},{"floor":11,"key":"BlessingOfTheForge"},{"floor":14,"key":"Dexterity Potion"},{"floor":17,"key":"AttackPotion"},{"floor":22,"key":"LiquidMemories"},{"floor":23,"key":"ColorlessPotion"}],"is_trial":false,"path_per_floor":["M","?","?","?","M","R","M","M","T","$","M","?","$","M","R","B",null,"M","$","?","M","M","M","?","M","T","E"],"character_chosen":"IRONCLAD","items_purchased":["Nunchaku"],"campfire_rested":1,"item_purchase_floors":[10],"current_hp_per_floor":[56,56,45,45,51,51,57,45,45,45,51,35,35,26,50,29,85,85,85,85,81,69,74,74,77,77,0,0],"gold":165,"neow_bonus":"TWO_FIFTY_GOLD","is_daily":false,"chose_seed":false,"campfire_upgraded":1,"win_rate":0.0,"timestamp":1612251173,"path_taken":["M","?","?","?","?","R","M","?","T","$","M","?","$","M","R","BOSS","M","$","?","M","?","M","?","M","T","E"],"items_purchased_type":["Relic"],"build_version":"2020-12-22","purchased_purges":3,"victory":false,"max_hp_per_floor":[80,80,80,80,80,80,80,80,80,80,80,80,80,80,80,80,85,85,85,85,85,85,85,85,85,85,85,85],"card_choices":[{"not_picked":["Clash","Twin Strike"],"picked":"Dropkick","floor":1},{"not_picked":["Havoc","Warcry"],"picked":"Dropkick","floor":5},{"not_picked":["Armaments","Sword Boomerang","Headbutt"],"picked":"SKIP","floor":7},{"not_picked":["Sword Boomerang","Entrench","Bludgeon"],"picked":"SKIP","floor":8},{"not_picked":["Perfected Strike","Sever Soul","Blood for Blood"],"picked":"SKIP","floor":11},{"not_picked":["Cleave","Blood for Blood"],"picked":"Clash","floor":14},{"not_picked":["Bloodletting","Havoc+1","Blood for Blood"],"picked":"SKIP","floor":18},{"not_picked":["Armaments","Anger+1","Shockwave"],"picked":"SKIP","floor":21},{"not_picked":["Anger+1","Intimidate","Dual Wield"],"picked":"SKIP","floor":22},{"not_picked":["Reckless Charge+1","Dual Wield","Sword Boomerang"],"picked":"SKIP","floor":23},{"not_picked":["Twin Strike+1","Havoc","Body Slam+1"],"picked":"SKIP","floor":25}],"player_experience":184483,"relics_obtained":[{"floor":9,"key":"Turnip"}],"event_choices":[{"cards_removed":["Defend_R"],"damage_healed":0,"gold_gain":0,"player_choice":"Card Removal","damage_taken":0,"max_hp_gain":0,"max_hp_loss":0,"event_name":"The Cleric","floor":2,"gold_loss":50},{"damage_healed":0,"gold_gain":75,"player_choice":"Gather Gold","damage_taken":11,"max_hp_gain":0,"max_hp_loss":0,"event_name":"World of Goop","floor":3,"gold_loss":0},{"damage_healed":0,"gold_gain":0,"player_choice":"Paid Gold","damage_taken":0,"relics_obtained":["Thread and Needle"],"max_hp_gain":0,"max_hp_loss":0,"event_name":"WeMeetAgain","floor":4,"gold_loss":70},{"damage_healed":0,"gold_gain":0,"player_choice":"Entered Light","damage_taken":16,"max_hp_gain":0,"max_hp_loss":0,"event_name":"Shining Light","floor":12,"gold_loss":0,"cards_upgraded":["Strike_R","Strike_R"]},{"damage_healed":0,"gold_gain":0,"player_choice":"0 cards matched","damage_taken":0,"max_hp_gain":0,"max_hp_loss":0,"event_name":"Match and Keep!","floor":20,"gold_loss":0,"cards_obtained":[]},{"cards_removed":["Strike_R"],"damage_healed":0,"gold_gain":0,"player_choice":"Offered Basic","damage_taken":0,"max_hp_gain":0,"max_hp_loss":0,"event_name":"Bonfire Elementals","floor":24,"gold_loss":0}],"is_beta":false,"boss_relics":[{"not_picked":["Runic Pyramid","Ectoplasm"],"picked":"Tiny House"}],"items_purged_floors":[10,13,19],"is_endless":false,"potions_floor_spawned":[7,11,14,22,23],"killed_by":"Slavers","ascension_level":0}}