{"host":"owox7x4ngjt9htcc","time":1612249951,"event":{"mods":["BaseMod","Colored Map","DeckTracker","Keyboard Shortcuts","Minty Spire (QoL Compilation)","SuperFastMode"],"gold_per_floor":[114,129,144,144,144,144,182,182,182,201,220,220,70,108,108,233,233,252,527,261,280,100,100,100],"floor_reached":23,"language":"KOR","playtime":506,"items_purged":["Regret","Eruption"],"score":199,"play_id":"ff7f1ac9-acbc-4799-b1ec-6d2a3141c179","local_time":"20210202161231","daily_mods":["Chimera","Blue Cards","Binary"],"is_ascension_mode":false,"campfire_choices":[{"data":"Go for the Eyes","floor":6,"key":"SMITH"},{"data":"Flame Barrier","floor":8,"key":"SMITH"},{"data":"Recycle","floor":15,"key":"SMITH"}],"circlet_count":0,"master_deck":["Bash+1","Survivor","Zap","Strike_R","Strike_G","Strike_B","Defend_R","Defend_G","Defend_P","Flame Barrier+1","Go for the Eyes+1","Iron Wave","Cold Snap","Recycle+1","Offering","Clash","Rip and Tear","Sword Boomerang","Shockwave"],"relics":["Burning Blood","Golden Idol","Kunai","Matryoshka","Pen Nib","Gambling Chip","Boot","Regal Pillow","Black Star","PreservedInsect"],"acts_visited":["Exordium","TheCity"],"potions_floor_usage":[14],"damage_taken":[{"damage":2,"enemies":"Cultist","floor":1,"turns":4},{"damage":14,"enemies":"Small Slimes","floor":2,"turns":4},{"damage":2,"enemies":"2 Louse","floor":3,"turns":3},{"damage":21,"enemies":"Lagavulin","floor":7,"turns":6},{"damage":0,"enemies":"Blue Slaver","floor":10,"turns":4},{"damage":6,"enemies":"Looter","floor":11,"turns":4},{"damage":7,"enemies":"3 Sentries","floor":14,"turns":9},{"damage":14,"enemies":"Slime Boss","floor":16,"turns":5},{"damage":22,"enemies":"Chosen","floor":18,"turns":7},{"damage":7,"enemies":"Shell Parasite","floor":21,"turns":7},{"damage":68,"enemies":"Gremlin Leader","floor":23,"turns":6}],"seed_played":"-9070903199233054170","potions_obtained":[{"floor":1,"key":"GamblersBrew"},{"floor":2,"key":"SmokeBomb"},{"floor":7,"key":"FearPotion"}],"is_trial":false,"path_per_floor":["M","M","M","?","?","R","E","R","T","M","M","T","$","E","R","B",null,"M","?","$","M","$","E"],"character_chosen":"IRONCLAD","items_purchased":["Boot","PreservedInsect","Rip and Tear","Shockwave"],"campfire_rested":0,"item_purchase_floors":[13,20,20,22],"current_hp_per_floor":[80,72,76,76,56,56,41,41,41,47,47,47,47,46,46,38,80,64,64,64,63,63,0,0],"gold":100,"neow_bonus":"","is_daily":true,"chose_seed":false,"campfire_upgraded":3,"win_rate":0.0,"timestamp":1612249951,"path_taken":["M","M","?","?","?","R","E","R","T","M","M","?","?","E","R","BOSS","M","?","$","M","?","E"],"items_purchased_type":["Relic","Relic","Card","Card"],"build_version":"2020-12-22","purchased_purges":2,"victory":false,"max_hp_per_floor":[80,80,80,80,80,80,80,80,80,80,80,80,80,80,80,80,80,80,80,80,80,80,80,80],"card_choices":[{"not_picked":["Clothesline"],"picked":"Flame Barrier","floor":1},{"not_picked":["Redo"],"picked":"Go for the Eyes","floor":2},{"not_picked":["Coolheaded"],"picked":"Iron Wave","floor":3},{"not_picked":["Dual Wield"],"picked":"Cold Snap","floor":7},{"not_picked":["Stack","Doom and Gloom"],"picked":"SKIP","floor":10},{"not_picked":["Sweeping Beam"],"picked":"Recycle","floor":11},{"not_picked":["Meteor Strike","Fiend Fire"],"picked":"SKIP","floor":14},{"not_picked":["Reaper"],"picked":"Offering","floor":16},{"not_picked":["Havoc"],"picked":"Clash","floor":18},{"not_picked":["Leap"],"picked":"Sword Boomerang","floor":21}],"player_experience":908798,"relics_obtained":[{"floor":7,"key":"Kunai"},{"floor":9,"key":"Matryoshka"},{"floor":12,"key":"Pen Nib"},{"floor":12,"key":"Gambling Chip"},{"floor":14,"key":"Regal Pillow"}],"event_choices":[{"damage_healed":0,"gold_gain":0,"player_choice":"Grow","damage_taken":0,"max_hp_gain":0,"max_hp_loss":0,"event_name":"Living Wall","floor":4,"gold_loss":0,"cards_upgraded":["Bash"]},{"damage_healed":0,"gold_gain":0,"player_choice":"Take Damage","damage_taken":20,"relics_obtained":["Golden Idol"],"max_hp_gain":0,"max_hp_loss":0,"event_name":"Golden Idol","floor":5,"gold_loss":0},{"damage_healed":0,"gold_gain":275,"player_choice":"Desecrate","damage_taken":0,"max_hp_gain":0,"max_hp_loss":0,"event_name":"Golden Shrine","floor":19,"gold_loss":0,"cards_obtained":["Regret"]}],"is_beta":false,"boss_relics":[{"not_picked":["Busted Crown","SlaversCollar"],"picked":"Black Star"}],"items_purged_floors":[20,22],"is_endless":false,"potions_floor_spawned":[1,2,7],"killed_by":"Gremlin Leader","ascension_level":0}}