{"host":"qdfumeom6htv8yxl","time":1612301769,"event":{"mods":["AchievementEnabler","BaseMod","Bestiary","Block Reminder","Colored Powertips","Highlight Path","Minty Spire (QoL Compilation)","Quick Restart","Relic Stats"],"gold_per_floor":[112,131,145,44,44,44,44,44,71,71,90,119,119,194,194,273,273,284,284,284,298,316,316,326,357,357,58,73,73,73],"floor_reached":29,"language":"ENG","playtime":1099,"items_purged":["Dualcast"],"score":611,"play_id":"85f78cee-3724-4238-8669-141e7402a505","local_time":"20210202153609","is_ascension_mode":true,"campfire_choices":[{"floor":6.0,"key":"REST"},{"data":"Auto Shields","floor":10.0,"key":"SMITH"},{"floor":13.0,"key":"REST"},{"data":"Buffer","floor":15.0,"key":"SMITH"},{"floor":23.0,"key":"REST"}],"circlet_count":0,"master_deck":["AscendersBane","Strike_B+1","Strike_B+1","Strike_B+1","Strike_B+1","Defend_B+1","Defend_B+1","Defend_B+1","Defend_B+1","Zap","Auto Shields+1","Reprogram+1","Sunder+1","Gash","FTL","Buffer+1","Go for the Eyes+1","Beam Cell+1","Hologram","Gash+1","Hologram"],"relics":["Cracked Core","Strawberry","Molten Egg 2","Cursed Key","Vajra","Pantograph"],"acts_visited":["Exordium","TheCity"],"potions_floor_usage":[],"damage_taken":[{"damage":1.0,"enemies":"Cultist","floor":1.0,"turns":3.0},{"damage":14.0,"enemies":"Jaw Worm","floor":2.0,"turns":4.0},{"damage":9.0,"enemies":"Small Slimes","floor":3.0,"turns":6.0},{"damage":4.0,"enemies":"Red Slaver","floor":11.0,"turns":3.0},{"damage":21.0,"enemies":"Gremlin Nob","floor":12.0,"turns":4.0},{"damage":0.0,"enemies":"The Guardian","floor":16.0,"turns":14.0},{"damage":0.0,"enemies":"3 Byrds","floor":18.0,"turns":4.0},{"damage":15.0,"enemies":"Shell Parasite","floor":21.0,"turns":4.0},{"damage":6.0,"enemies":"Centurion and Healer","floor":22.0,"turns":5.0},{"damage":6.0,"enemies":"Shelled Parasite and Fungi","floor":24.0,"turns":4.0},{"damage":25.0,"enemies":"Slavers","floor":25.0,"turns":7.0},{"damage":0,"enemies":"Snecko","floor":28,"turns":4},{"damage":26,"enemies":"Book of Stabbing","floor":29,"turns":4}],"seed_played":"1739662980034981151","potions_obtained":[{"floor":3.0,"key":"Explosive Potion"},{"floor":16.0,"key":"GamblersBrew"},{"floor":21.0,"key":"FocusPotion"},{"floor":22.0,"key":"PowerPotion"}],"is_trial":false,"path_per_floor":["M","M","M","$","?","R","$","?","T","R","M","E","R","?","R","B",null,"M","?","?","M","M","R","M","E","T","$","M","E"],"character_chosen":"DEFECT","items_purchased":["Gash","Pantograph","Hologram"],"campfire_rested":3,"item_purchase_floors":[4,27,27],"current_hp_per_floor":[70,56,47,47,24,47,47,47,54,54,50,29,54,43,43,43,75,75,50,50,35,29,56,50,25,25,25,25,0,0],"gold":73,"neow_bonus":"TEN_PERCENT_HP_BONUS","is_daily":false,"chose_seed":false,"campfire_upgraded":2,"win_rate":0.0,"timestamp":1612301769,"path_taken":["M","M","?","$","?","R","$","?","T","R","?","E","R","?","R","BOSS","M","?","?","M","M","R","M","E","T","$","M","E"],"items_purchased_type":["Card","Relic","Card"],"build_version":"2020-12-22","purchased_purges":1,"victory":false,"max_hp_per_floor":[78,78,78,78,78,78,78,78,85,85,85,85,85,85,85,85,85,85,90,90,90,90,90,90,90,90,90,90,90,90],"relic_stats":{"counters":[13,66],"Pantograph":0,"Cursed Key":0,"obtain_stats":[{"Strawberry":9,"Pantograph":27,"Vajra":25,"Molten Egg 2":12,"Cracked Core":0,"Cursed Key":17},{"Strawberry":3,"Pantograph":11,"Vajra":11,"Molten Egg 2":5,"Cracked Core":0,"Cursed Key":6},{"Strawberry":13,"Pantograph":58,"Vajra":58,"Molten Egg 2":20,"Cracked Core":0,"Cursed Key":34}]},"card_choices":[{"not_picked":["Cold Snap","Heatsinks"],"picked":"Auto Shields","floor":1.0},{"not_picked":["Barrage","Cold Snap"],"picked":"Reprogram","floor":2.0},{"not_picked":["Glacier","Loop"],"picked":"Sunder","floor":3.0},{"not_picked":["Stack","Auto Shields"],"picked":"FTL","floor":11.0},{"not_picked":["Capacitor","Redo"],"picked":"Buffer","floor":12.0},{"not_picked":["Rebound+1","Barrage+1"],"picked":"Go for the Eyes+1","floor":18.0},{"not_picked":["Gash+1","Stack"],"picked":"Beam Cell+1","floor":21.0},{"not_picked":["Cold Snap+1","Doom and Gloom+1","Redo"],"picked":"SKIP","floor":22.0},{"not_picked":["Sweeping Beam+1","Stack"],"picked":"Hologram","floor":24.0},{"not_picked":["Consume","Beam Cell+1"],"picked":"Gash+1","floor":25.0},{"not_picked":["Force Field","Stack","Barrage+1"],"picked":"SKIP","floor":28}],"player_experience":1973082,"relics_obtained":[{"floor":9.0,"key":"Strawberry"},{"floor":12.0,"key":"Molten Egg 2"},{"floor":25.0,"key":"Vajra"}],"event_choices":[{"damage_healed":0.0,"max_hp_gain":0.0,"max_hp_loss":0.0,"gold_gain":0.0,"event_name":"Shining Light","player_choice":"Entered Light","floor":5.0,"gold_loss":0.0,"damage_taken":23.0,"cards_upgraded":["Strike_B","Sunder"]},{"damage_healed":0.0,"max_hp_gain":0.0,"max_hp_loss":0.0,"gold_gain":0.0,"event_name":"Accursed Blacksmith","player_choice":"Forge","floor":8.0,"gold_loss":0.0,"damage_taken":0.0,"cards_upgraded":["Reprogram"]},{"damage_healed":0.0,"max_hp_gain":0.0,"max_hp_loss":0.0,"gold_gain":75.0,"event_name":"World of Goop","player_choice":"Gather Gold","floor":14.0,"gold_loss":0.0,"damage_taken":11.0},{"damage_healed":0.0,"max_hp_gain":5.0,"max_hp_loss":0.0,"gold_gain":0.0,"event_name":"Forgotten Altar","player_choice":"Shed Blood","floor":19.0,"gold_loss":0.0,"damage_taken":30.0},{"damage_healed":0.0,"max_hp_gain":0.0,"max_hp_loss":0.0,"gold_gain":0.0,"event_name":"Back to Basics","player_choice":"Simplicity","floor":20.0,"gold_loss":0.0,"damage_taken":0.0,"cards_upgraded":["Strike_B","Strike_B","Strike_B","Defend_B","Defend_B","Defend_B","Defend_B"]}],"is_beta":false,"boss_relics":[{"not_picked":["Coffee Dripper","SacredBark"],"picked":"Cursed Key"}],"items_purged_floors":[4],"is_endless":false,"potions_floor_spawned":[3,16,21,22],"killed_by":"Book of Stabbing","ascension_level":20}}