{"host":"5w7hw1ne5h7avrl9","time":1612300779,"event":{"mods":["AchievementEnabler","BaseMod","Colored Map","Colored Powertips","Displayed Cursed Tome","Googly Eyes","Minty Spire (QoL Compilation)","SuperFastMode"],"gold_per_floor":[114,129,16,16,16,16,46,46,46,61,76,76,1,31,31,131,131,146,246,19,34,0,0,15,15,315,345,345,360,375,390,390,490,490,505,520,535,24,39,69,69,84,134,184,34,50,65,80,80,80],"floor_reached":51,"language":"ENG","playtime":3194,"items_purged":["Strike_R"],"score":834,"play_id":"8d013994-e71b-4ef1-9e8e-acede0b2e448","local_time":"20210202131939","daily_mods":["Chimera","Blue Cards","Binary"],"is_ascension_mode":false,"campfire_choices":[{"data":"Go for the Eyes","floor":6,"key":"SMITH"},{"data":"Armaments","floor":8,"key":"SMITH"},{"data":"Uppercut","floor":15,"key":"SMITH"},{"data":"Demon Form","floor":23,"key":"SMITH"},{"data":"Whirlwind","floor":32,"key":"SMITH"},{"data":"Barricade","floor":41,"key":"SMITH"},{"floor":49,"key":"REST"}],"circlet_count":0,"master_deck":["Bash","Survivor","Zap","Eruption","Strike_G","Strike_B","Defend_R","Defend_G","Defend_P","Flame Barrier","Go for the Eyes+1","Armaments+1","Flash of Steel","Doom and Gloom","Uppercut+1","Demon Form+1","Rupture","Whirlwind+1","Barricade+1","Reinforced Body","Glacier","Writhe","Parasite"],"relics":["Burning Blood","Kunai","Matryoshka","Pen Nib","Pantograph","Regal Pillow","Gambling Chip","Juzu Bracelet","Busted Crown","Toolbox","Old Coin","Calipers","Red Skull","Cursed Key","Orichalcum","Mummified Hand","Bag of Marbles","Shovel","Anchor","Torii"],"acts_visited":["Exordium","TheCity","TheBeyond"],"potions_floor_usage":[18,27,30,46,46,50],"damage_taken":[{"damage":12,"enemies":"Cultist","floor":1,"turns":3},{"damage":10,"enemies":"Small Slimes","floor":2,"turns":4},{"damage":18,"enemies":"Lagavulin","floor":7,"turns":10},{"damage":0,"enemies":"2 Louse","floor":10,"turns":3},{"damage":0,"enemies":"Blue Slaver","floor":11,"turns":4},{"damage":14,"enemies":"3 Sentries","floor":14,"turns":3},{"damage":27,"enemies":"Slime Boss","floor":16,"turns":11},{"damage":1,"enemies":"Chosen","floor":18,"turns":3},{"damage":3,"enemies":"Shell Parasite","floor":21,"turns":3},{"damage":0,"enemies":"Snake Plant","floor":24,"turns":5},{"damage":10,"enemies":"Gremlin Leader","floor":27,"turns":4},{"damage":0,"enemies":"Snecko","floor":29,"turns":4},{"damage":13,"enemies":"Cultist and Chosen","floor":30,"turns":4},{"damage":18,"enemies":"Shelled Parasite and Fungi","floor":31,"turns":4},{"damage":9,"enemies":"Automaton","floor":33,"turns":6},{"damage":18,"enemies":"Orb Walker","floor":35,"turns":4},{"damage":6,"enemies":"3 Shapes","floor":36,"turns":3},{"damage":30,"enemies":"Writhing Mass","floor":37,"turns":4},{"damage":2,"enemies":"Spire Growth","floor":39,"turns":7},{"damage":19,"enemies":"Giant Head","floor":40,"turns":8},{"damage":20,"enemies":"Jaw Worm Horde","floor":42,"turns":6},{"damage":0,"enemies":"Mind Bloom Boss Battle","floor":44,"turns":5},{"damage":14,"enemies":"2 Orb Walkers","floor":46,"turns":3},{"damage":33,"enemies":"4 Shapes","floor":47,"turns":3},{"damage":0,"enemies":"Writhing Mass","floor":48,"turns":4},{"damage":43,"enemies":"Donu and Deca","floor":50,"turns":8}],"seed_played":"-9070903199233054170","potions_obtained":[{"floor":1,"key":"GamblersBrew"},{"floor":2,"key":"SmokeBomb"},{"floor":7,"key":"GamblersBrew"},{"floor":16,"key":"SkillPotion"},{"floor":21,"key":"SteroidPotion"},{"floor":24,"key":"ColorlessPotion"},{"floor":29,"key":"Explosive Potion"},{"floor":35,"key":"Strength Potion"},{"floor":36,"key":"BlessingOfTheForge"},{"floor":48,"key":"Regen Potion"}],"is_trial":false,"path_per_floor":["M","M","$","?","?","R","E","R","T","M","M","T","$","E","R","B",null,"M","?","$","M","$","R","M","$","T","E","?","M","M","M","R","B",null,"M","M","M","$","M","E","R","M","T","?","$","?","M","M","R","B",null],"character_chosen":"IRONCLAD","items_purchased":["Armaments","Flash of Steel","Rupture","Toolbox","Whirlwind","Barricade","Reinforced Body","Orichalcum","Glacier","FairyPotion","Anchor"],"campfire_rested":1,"item_purchase_floors":[3,3,20,20,22,38,38,38,38,38,45],"current_hp_per_floor":[74,70,70,70,63,63,51,51,51,57,63,63,63,55,55,59,80,80,80,80,80,80,80,80,80,80,76,76,80,73,61,61,77,80,68,68,44,44,48,35,35,21,21,52,52,44,17,23,62,55],"gold":80,"neow_bonus":"","is_daily":true,"chose_seed":false,"campfire_upgraded":6,"win_rate":0.0,"timestamp":1612300779,"path_taken":["M","?","$","?","?","R","E","R","T","M","M","?","?","E","R","BOSS","M","?","$","M","?","R","M","?","T","E","?","M","M","M","R","BOSS","M","M","M","$","M","E","R","M","T","?","$","?","M","M","R","BOSS"],"items_purchased_type":["Card","Card","Card","Relic","Card","Card","Card","Relic","Card","Potion","Relic"],"build_version":"2020-12-22","purchased_purges":1,"victory":true,"max_hp_per_floor":[80,80,80,80,80,80,80,80,80,80,80,80,80,80,80,80,80,80,80,80,80,80,80,80,80,80,80,80,80,80,80,80,80,80,80,80,80,80,80,80,80,80,80,80,80,80,80,80,80,80],"card_choices":[{"not_picked":["Clothesline"],"picked":"Flame Barrier","floor":1},{"not_picked":["Redo"],"picked":"Go for the Eyes","floor":2},{"not_picked":["Stack"],"picked":"Doom and Gloom","floor":7},{"not_picked":["Recycle","Sweeping Beam"],"picked":"SKIP","floor":10},{"not_picked":["True Grit","Rebound"],"picked":"SKIP","floor":11},{"not_picked":["Fire Breathing"],"picked":"Uppercut","floor":14},{"not_picked":["Seek"],"picked":"Demon Form","floor":16}],"player_experience":153120,"relics_obtained":[{"floor":7,"key":"Matryoshka"},{"floor":9,"key":"Pen Nib"},{"floor":9,"key":"Pantograph"},{"floor":12,"key":"Regal Pillow"},{"floor":12,"key":"Gambling Chip"},{"floor":14,"key":"Juzu Bracelet"},{"floor":26,"key":"Old Coin"},{"floor":27,"key":"Calipers"},{"floor":40,"key":"Mummified Hand"},{"floor":43,"key":"Bag of Marbles"},{"floor":44,"key":"Shovel"},{"floor":46,"key":"Torii"}],"event_choices":[{"damage_healed":0,"gold_gain":0,"player_choice":"Ignored","damage_taken":0,"max_hp_gain":0,"max_hp_loss":0,"event_name":"Liars Game","floor":4,"gold_loss":0},{"damage_healed":0,"gold_gain":0,"player_choice":"Success","damage_taken":7,"relics_obtained":["Kunai"],"max_hp_gain":0,"max_hp_loss":0,"event_name":"Scrap Ooze","floor":5,"gold_loss":0},{"damage_healed":0,"gold_gain":100,"player_choice":"Pray","damage_taken":0,"max_hp_gain":0,"max_hp_loss":0,"event_name":"Golden Shrine","floor":19,"gold_loss":0},{"damage_healed":0,"gold_gain":0,"player_choice":"Opened","damage_taken":0,"relics_obtained":["Red Skull"],"max_hp_gain":0,"max_hp_loss":0,"event_name":"The Mausoleum","floor":28,"gold_loss":0},{"damage_healed":0,"gold_gain":0,"player_choice":"Fight","damage_taken":0,"max_hp_gain":0,"max_hp_loss":0,"event_name":"MindBloom","floor":44,"gold_loss":0},{"damage_healed":0,"gold_gain":0,"player_choice":"Fight","damage_taken":0,"max_hp_gain":0,"max_hp_loss":0,"event_name":"Mysterious Sphere","floor":46,"gold_loss":0}],"is_beta":false,"boss_relics":[{"not_picked":["Black Star","SlaversCollar"],"picked":"Busted Crown"},{"not_picked":["Calling Bell","Philosopher\u0027s Stone"],"picked":"Cursed Key"}],"items_purged_floors":[13],"is_endless":false,"potions_floor_spawned":[1,2,7,16,21,24,29,35,36,39,48],"ascension_level":0}}