{"host":"6gl4z8x6qhx9xtfj","time":1612257692,"event":{"mods":["2.2 Compatiblity","AchievementEnabler","BaseMod","Bestiary","Colored Map","Colored Powertips","Evolution","Minty Spire (QoL Compilation)","Quick Restart","Relic Stats","StSLib","SuperFastMode"],"gold_per_floor":[115,125,125,144,157,157,192,192,238,254,297,332,332,17,17,136,136,152,152,152,152,152,188,188,229,229,254,269,307,307,327,327,450,450,468,482,43,56,74,117,117,158,158,158,158,191,191,41,41,41,41],"floor_reached":50,"language":"RUS","playtime":2487,"items_purged":[],"score":893,"play_id":"10c7e27d-7bdd-403e-9fc7-31fd6a923213","local_time":"20210202122132","is_ascension_mode":true,"campfire_choices":[{"data":"Eruption","floor":6,"key":"SMITH"},{"data":"Vigilance","floor":8,"key":"SMITH"},{"data":"BattleHymn","floor":15,"key":"SMITH"},{"data":"Omniscience","floor":24,"key":"SMITH"},{"floor":30,"key":"REST"},{"floor":32,"key":"REST"},{"data":"Wallop","floor":41,"key":"SMITH"},{"floor":45,"key":"REST"},{"floor":49,"key":"REST"}],"circlet_count":0,"master_deck":["CrushJoints","FlyingSleeves","BowlingBash","EmptyFist","ThirdEye","Evaluate","EmptyBody","ThirdEye","Eruption+1","Vigilance+1","Conclude","CarveReality","CutThroughFate","FlyingSleeves","BattleHymn+1","Omniscience+1","Fasting2+1","Wallop+1","Evaluate","Judgement","Prostrate","Establishment+1","WreathOfFlame+1","DevaForm+1","TalkToTheHand+1","Prostrate","Wallop+1","Fasting2+1"],"relics":["PureWater","EVO:Axolotl","Golden Idol","White Beast Statue","Juzu Bracelet","Oddly Smooth Stone","Odd Mushroom","Potion Belt","TeardropLocket","Philosopher\u0027s Stone","Strawberry","Mummified Hand","Frozen Egg 2","Sundial","Lantern","SlaversCollar","Torii","Kunai","CeramicFish","StoneCalendar","Bag of Preparation"],"acts_visited":["Exordium","TheCity","TheBeyond"],"potions_floor_usage":[10,25,29,29,29,33,33,40,42,42,50,50,50,50,50],"damage_taken":[{"damage":0,"enemies":"Cultist","floor":1,"turns":2},{"damage":0,"enemies":"Small Slimes","floor":2,"turns":1},{"damage":4,"enemies":"Jaw Worm","floor":4,"turns":2},{"damage":0,"enemies":"2 Fungi Beasts","floor":5,"turns":3},{"damage":7,"enemies":"Lagavulin","floor":7,"turns":7},{"damage":0,"enemies":"Looter","floor":10,"turns":2},{"damage":3,"enemies":"3 Sentries","floor":11,"turns":4},{"damage":5,"enemies":"The Mushroom Lair","floor":12,"turns":3},{"damage":0,"enemies":"Slime Boss","floor":16,"turns":3},{"damage":0,"enemies":"Shell Parasite","floor":18,"turns":1},{"damage":21,"enemies":"Gremlin Leader","floor":23,"turns":3},{"damage":21,"enemies":"Slavers","floor":25,"turns":4},{"damage":14,"enemies":"Chosen","floor":27,"turns":2},{"damage":15,"enemies":"Shelled Parasite and Fungi","floor":28,"turns":3},{"damage":9,"enemies":"Gremlin Leader","floor":29,"turns":3},{"damage":16,"enemies":"Snake Plant","floor":31,"turns":4},{"damage":27,"enemies":"Automaton","floor":33,"turns":6},{"damage":2,"enemies":"Orb Walker","floor":35,"turns":4},{"damage":23,"enemies":"3 Shapes","floor":36,"turns":3},{"damage":0,"enemies":"Transient","floor":38,"turns":5},{"damage":27,"enemies":"Sphere and 2 Shapes","floor":39,"turns":5},{"damage":0,"enemies":"Giant Head","floor":40,"turns":5},{"damage":23,"enemies":"Reptomancer","floor":42,"turns":5},{"damage":27,"enemies":"3 Darklings","floor":46,"turns":3},{"damage":52,"enemies":"Awakened One","floor":50,"turns":2}],"seed_played":"4665809761531722320","potions_obtained":[{"floor":4,"key":"Fire Potion"},{"floor":7,"key":"AttackPotion"},{"floor":10,"key":"Fruit Juice"},{"floor":11,"key":"SpeedPotion"},{"floor":16,"key":"FearPotion"},{"floor":18,"key":"Dexterity Potion"},{"floor":23,"key":"Explosive Potion"},{"floor":25,"key":"ColorlessPotion"},{"floor":27,"key":"StancePotion"},{"floor":29,"key":"Ancient Potion"},{"floor":31,"key":"Strength Potion"},{"floor":33,"key":"StancePotion"},{"floor":35,"key":"Swift Potion"},{"floor":36,"key":"EssenceOfSteel"},{"floor":40,"key":"BlessingOfTheForge"},{"floor":42,"key":"GamblersBrew"},{"floor":46,"key":"Weak Potion"}],"is_trial":false,"path_per_floor":["M","M","?","M","M","R","E","R","T","M","E","?","T","$","R","B",null,"M","$","?","?","?","E","R","E","T","M","M","E","R","M","R","B",null,"M","M","$","M","M","E","R","E","T","?","R","M","?","$","R","B"],"character_chosen":"WATCHER","items_purchased":["TeardropLocket","BattleHymn","Torii","DevaForm+1","Bag of Preparation"],"campfire_rested":4,"item_purchase_floors":[14,14,37,37,48],"current_hp_per_floor":[79,79,58,54,54,54,47,47,47,52,49,44,44,44,44,44,79,79,79,79,86,86,65,65,44,44,30,15,6,35,19,48,21,79,77,54,54,54,27,27,27,4,4,4,33,6,6,6,35,0,0],"gold":41,"neow_bonus":"TEN_PERCENT_HP_BONUS","is_daily":false,"chose_seed":false,"campfire_upgraded":5,"win_rate":0.0,"timestamp":1612257692,"path_taken":["M","M","?","M","M","R","E","R","T","M","E","?","?","$","R","BOSS","M","$","?","?","?","E","R","E","T","M","M","E","R","M","R","BOSS","M","M","$","M","M","E","R","E","T","?","R","M","?","?","R","BOSS"],"items_purchased_type":["Relic","Card","Relic","Card","Relic"],"build_version":"2020-12-22","purchased_purges":0,"victory":false,"max_hp_per_floor":[86,86,86,86,86,86,86,86,86,91,91,91,91,91,91,91,91,91,91,91,98,98,98,98,98,98,98,98,98,98,98,98,98,98,98,98,98,98,98,98,98,98,98,98,98,98,98,98,98,98,98],"relic_stats":{"Torii":8,"counters":[25,85],"Golden Idol":156,"Mummified Hand":[42],"Sundial":[4],"CeramicFish":9,"StoneCalendar":[0],"Juzu Bracelet":1,"Bag of Preparation":[2],"Kunai":[7],"obtain_stats":[{"Potion Belt":13,"Lantern":29,"Torii":37,"Golden Idol":3,"CeramicFish":42,"Oddly Smooth Stone":11,"StoneCalendar":43,"Juzu Bracelet":9,"Bag of Preparation":48,"EVO:Axolotl":0,"TeardropLocket":14,"Odd Mushroom":12,"Frozen Egg 2":25,"White Beast Statue":7,"SlaversCollar":34,"Mummified Hand":23,"Sundial":26,"Strawberry":21,"Philosopher\u0027s Stone":17,"Kunai":40,"PureWater":0},{"Potion Belt":8,"Lantern":15,"Torii":19,"Golden Idol":2,"CeramicFish":23,"Oddly Smooth Stone":7,"StoneCalendar":23,"Juzu Bracelet":5,"Bag of Preparation":24,"EVO:Axolotl":0,"TeardropLocket":8,"Odd Mushroom":8,"Frozen Egg 2":12,"White Beast Statue":5,"SlaversCollar":17,"Mummified Hand":11,"Sundial":12,"Strawberry":10,"Philosopher\u0027s Stone":9,"Kunai":22,"PureWater":0},{"Potion Belt":24,"Lantern":43,"Torii":60,"Golden Idol":3,"CeramicFish":80,"Oddly Smooth Stone":21,"StoneCalendar":80,"Juzu Bracelet":15,"Bag of Preparation":83,"EVO:Axolotl":0,"TeardropLocket":24,"Odd Mushroom":24,"Frozen Egg 2":35,"White Beast Statue":15,"SlaversCollar":53,"Mummified Hand":31,"Sundial":35,"Strawberry":28,"Philosopher\u0027s Stone":27,"Kunai":75,"PureWater":0}]},"card_choices":[{"not_picked":["ClearTheMind","Crescendo","SignatureMove"],"picked":"SKIP","floor":1},{"not_picked":["CrushJoints","Halt","EmptyBody"],"picked":"SKIP","floor":2},{"not_picked":["ThirdEye","Crescendo"],"picked":"Conclude","floor":4},{"not_picked":["CrushJoints","Sanctity","InnerPeace"],"picked":"SKIP","floor":5},{"not_picked":["SashWhip","Evaluate"],"picked":"CarveReality","floor":7},{"not_picked":["JustLucky","EmptyFist","BowlingBash"],"picked":"SKIP","floor":10},{"not_picked":["PathToVictory","ConjureBlade"],"picked":"CutThroughFate","floor":11},{"not_picked":["Halt","Indignation"],"picked":"FlyingSleeves","floor":12},{"not_picked":["Scrawl","Judgement"],"picked":"Omniscience","floor":16},{"not_picked":["ClearTheMind+1","BowlingBash"],"picked":"Fasting2+1","floor":18},{"not_picked":["JustLucky","FearNoEvil","EmptyBody"],"picked":"SKIP","floor":23},{"not_picked":["Halt","WaveOfTheHand"],"picked":"Evaluate","floor":25},{"not_picked":["PathToVictory","EmptyMind"],"picked":"Judgement","floor":27},{"not_picked":["Halt","Nirvana+1","Evaluate"],"picked":"SKIP","floor":28},{"not_picked":["Crescendo","CarveReality","MentalFortress+1"],"picked":"SKIP","floor":29},{"not_picked":["Collect","Evaluate"],"picked":"Prostrate","floor":31},{"not_picked":["Ragnarok","Alpha"],"picked":"Establishment+1","floor":33},{"not_picked":["FlyingSleeves","EmptyBody","JustLucky+1"],"picked":"SKIP","floor":35},{"not_picked":["Halt+1","InnerPeace+1"],"picked":"WreathOfFlame+1","floor":36},{"not_picked":["Halt+1","Adaptation+1"],"picked":"TalkToTheHand+1","floor":38},{"not_picked":["BowlingBash","ClearTheMind+1"],"picked":"Prostrate","floor":39},{"not_picked":["Evaluate+1","FearNoEvil+1"],"picked":"Wallop+1","floor":40},{"not_picked":["ConjureBlade","Evaluate","Swivel"],"picked":"SKIP","floor":42},{"not_picked":["CrushJoints","ThirdEye+1"],"picked":"Fasting2+1","floor":46}],"player_experience":116271,"relics_obtained":[{"floor":7,"key":"White Beast Statue"},{"floor":9,"key":"Juzu Bracelet"},{"floor":11,"key":"Oddly Smooth Stone"},{"floor":12,"key":"Odd Mushroom"},{"floor":13,"key":"Potion Belt"},{"floor":23,"key":"Mummified Hand"},{"floor":25,"key":"Frozen Egg 2"},{"floor":26,"key":"Sundial"},{"floor":29,"key":"Lantern"},{"floor":40,"key":"Kunai"},{"floor":42,"key":"CeramicFish"},{"floor":43,"key":"StoneCalendar"}],"event_choices":[{"damage_healed":0,"gold_gain":0,"player_choice":"Take Damage","damage_taken":21,"relics_obtained":["Golden Idol"],"max_hp_gain":0,"max_hp_loss":0,"event_name":"Golden Idol","floor":3,"gold_loss":0},{"damage_healed":0,"gold_gain":0,"player_choice":"Fought Mushrooms","damage_taken":0,"max_hp_gain":0,"max_hp_loss":0,"event_name":"Mushrooms","floor":12,"gold_loss":0},{"damage_healed":0,"gold_gain":0,"player_choice":"Simplicity","damage_taken":0,"max_hp_gain":0,"max_hp_loss":0,"event_name":"Back to Basics","floor":20,"gold_loss":0,"cards_upgraded":[]},{"damage_healed":0,"gold_gain":0,"player_choice":"Opened","damage_taken":0,"relics_obtained":["Strawberry"],"max_hp_gain":0,"max_hp_loss":0,"event_name":"The Mausoleum","floor":21,"gold_loss":0},{"damage_healed":0,"gold_gain":0,"player_choice":"Read","damage_taken":0,"max_hp_gain":0,"max_hp_loss":0,"event_name":"The Library","floor":22,"gold_loss":0,"cards_obtained":["Wallop"]},{"damage_healed":0,"gold_gain":0,"player_choice":"Ignored","damage_taken":0,"max_hp_gain":0,"max_hp_loss":0,"event_name":"Transmorgrifier","floor":44,"gold_loss":0},{"damage_healed":0,"gold_gain":0,"player_choice":"0 cards matched","damage_taken":0,"max_hp_gain":0,"max_hp_loss":0,"event_name":"Match and Keep!","floor":47,"gold_loss":0,"cards_obtained":[]}],"is_beta":false,"boss_relics":[{"not_picked":["HolyWater","Runic Dome"],"picked":"Philosopher\u0027s Stone"},{"not_picked":["Tiny House","Velvet Choker"],"picked":"SlaversCollar"}],"items_purged_floors":[],"is_endless":false,"potions_floor_spawned":[4,7,10,11,12,16,18,23,25,27,28,29,31,33,35,36,38,39,40,42,46],"killed_by":"Awakened One","ascension_level":7}}