{"host":"dscols65uipasqd2","time":1612301892,"event":{"mods":["2.2 Compatiblity","AchievementEnabler","Aspiration","BaseMod","Colored Powertips","Downfall","Energized Spire","GifTheSpireLib","Hermit","Hubris","Infinite Spire","JesterMod","Jorbs\u0027s Wanderer Trilogy","Magitek Elite","Marisa????????","Minty Spire (QoL Compilation)","Rare Cards Sparkle","Replay The Spire","StSLib","Stuff the Spire","The Cursed","The Disciple","The Hierophant","The Judge","The Jungle","TheFirefly"],"gold_per_floor":[99,99,114,13,13,33,33,64,64,84,96,129,29,41,58,153,153,53,63,77,39,52,52,134,134,34,34,34,34],"floor_reached":27,"language":"ENG","playtime":1445,"items_purged":[],"score":223,"play_id":"1276db41-9107-4df7-90e0-5d5da524cf20","local_time":"20210202163812","is_ascension_mode":false,"campfire_choices":[{"floor":9,"key":"REST"},{"floor":13,"key":"REST"},{"floor":18,"key":"RECALL"},{"floor":26,"key":"REST"}],"circlet_count":0,"master_deck":["Apotheosis+1","Slimebound:Strike_Slimebound","Slimebound:Strike_Slimebound","Slimebound:Strike_Slimebound","Slimebound:Tackle","Slimebound:Defend_Slimebound","Slimebound:Defend_Slimebound","Slimebound:Defend_Slimebound","Slimebound:Defend_Slimebound","Slimebound:Split","Slimebound:CorrosiveSpit","Slimebound:Nibble","Slimebound:FormOfPuddle","Slimebound:SpikyOuterGoop","Slimebound:ComboTackle","Slimebound:ItLooksTasty","Slimebound:LevelUp","Slimebound:DouseInSlime","Slimebound:Dissolve","Slimebound:AcidTongue","Slimebound:ComboTackle","Slimebound:SplitAcid","Slimebound:CheckThePlaybook","Slimebound:SplitBruiser","Slimebound:HauntingLick","Slimebound:AcidTongue+1","Slimebound:GoopSpray","Slimebound:SplitMire","downfall:Bewildered"],"relics":["Slimebound:AbsorbEndCombat","hubris:OldNail","ReplayTheSpireMod:Ring of Exchange","Slimebound:MaxSlimesRelic","StuffTheSpire:RubySignet","downfall:HeartBlessingGreen","jesterMod:MirrorMask","downfall:HeartBlessingBlue","infinitespire:FocusingShard","sneckomod:BabySnecko","downfall:HeartBlessingRed"],"acts_visited":["Exordium","TheCity"],"potions_floor_usage":[12,12,16,16,21,22],"damage_taken":[{"damage":6,"enemies":"Small Slimes","floor":3,"turns":4},{"damage":11,"enemies":"downfall:FleeingMerchant","floor":4,"turns":4},{"damage":3,"enemies":"Cultist","floor":6,"turns":2},{"damage":37,"enemies":"Gremlin Nob","floor":8,"turns":4},{"damage":9,"enemies":"2 Louse","floor":10,"turns":3},{"damage":8,"enemies":"Blue Slaver","floor":11,"turns":4},{"damage":12,"enemies":"3 Sentries","floor":12,"turns":6},{"damage":8,"enemies":"Exordium Thugs","floor":14,"turns":3},{"damage":0,"enemies":"2 Fungi Beasts","floor":15,"turns":3},{"damage":17,"enemies":"SI_SHIV_ARCHETYPE","floor":16,"turns":6},{"damage":34,"enemies":"3 Byrds","floor":19,"turns":4},{"damage":23,"enemies":"Chosen","floor":20,"turns":4},{"damage":2,"enemies":"downfall:FleeingMerchant","floor":21,"turns":4},{"damage":30,"enemies":"Centurion and Healer","floor":22,"turns":5},{"damage":32,"enemies":"Nightmare","floor":27,"turns":4}],"seed_played":"2060683382525236294","potions_obtained":[{"floor":10,"key":"Fire Potion"},{"floor":11,"key":"Reflective Coating"},{"floor":12,"key":"sneckomod:MuddlingPotion"},{"floor":14,"key":"Energy Potion"},{"floor":16,"key":"Swift Potion"},{"floor":19,"key":"SteroidPotion"}],"is_trial":false,"path_per_floor":["R","?","M","$","?","M","T","E","R","M","M","E","R","M","M","B",null,"R","M","M","$","M","?","T","?","R","NM"],"character_chosen":"SLIMEBOUND","items_purchased":["Slimebound:SpikyOuterGoop","Slimebound:ComboTackle","Slimebound:GoopSpray"],"campfire_rested":3,"item_purchase_floors":[4,4,21],"current_hp_per_floor":[65,65,59,54,54,53,53,22,41,34,30,20,39,35,43,34,65,75,45,28,28,4,4,4,4,26,0,0,0],"gold":34,"neow_bonus":"RANDOM_COMMON_RELIC","is_daily":false,"chose_seed":false,"campfire_upgraded":0,"win_rate":0.0,"timestamp":1612301892,"path_taken":["R","?","M","$","?","?","T","E","R","M","M","E","R","M","M","BOSS","R","M","M","$","M","?","T","?","R","NM"],"items_purchased_type":["Card","Card","Card"],"build_version":"2020-12-22","purchased_purges":0,"victory":false,"max_hp_per_floor":[65,65,65,65,65,65,65,65,65,65,65,65,65,65,65,65,65,75,75,75,75,75,75,75,75,75,75,75,75],"card_choices":[{"not_picked":["Slimebound:SlimeSpikes","Slimebound:SlimeBrawl"],"picked":"Slimebound:Nibble","floor":3},{"not_picked":["Slimebound:LeechingTouch","Slimebound:GoopSpray"],"picked":"Slimebound:FormOfPuddle","floor":4},{"not_picked":["Slimebound:Equalize","Slimebound:Prepare"],"picked":"Slimebound:ItLooksTasty","floor":6},{"not_picked":["Slimebound:PressTheAttack","Slimebound:SplitLeeching"],"picked":"Slimebound:LevelUp","floor":8},{"not_picked":["Slimebound:ForwardTackle","Slimebound:GoopSpray"],"picked":"Slimebound:DouseInSlime","floor":10},{"not_picked":["Slimebound:Prepare","Slimebound:ComboTackle"],"picked":"Slimebound:Dissolve","floor":11},{"not_picked":["Slimebound:RollThrough","Slimebound:OneTwoCombo"],"picked":"Slimebound:AcidTongue","floor":12},{"not_picked":["Slimebound:SpikyOuterGoop","Slimebound:LeechEnergy"],"picked":"Slimebound:ComboTackle","floor":14},{"not_picked":["Slimebound:SplitLeeching","Slimebound:Prepare"],"picked":"Slimebound:SplitAcid","floor":15},{"not_picked":["Slimebound:Overexert","Slimebound:RallyTheTroops"],"picked":"Slimebound:CheckThePlaybook","floor":16},{"not_picked":["Slimebound:ItLooksTasty","Slimebound:ProtectTheBoss"],"picked":"Slimebound:SplitBruiser","floor":19},{"not_picked":["Slimebound:ItLooksTasty","Slimebound:MassFeed"],"picked":"Slimebound:HauntingLick","floor":20},{"not_picked":["Slimebound:SlimeBrawl","Slimebound:GoopTackle+1"],"picked":"Slimebound:AcidTongue+1","floor":21},{"not_picked":["Slimebound:ComboTackle+1","Slimebound:Replication"],"picked":"Slimebound:SplitMire","floor":22}],"player_experience":554530,"relics_obtained":[{"floor":2,"key":"ReplayTheSpireMod:Ring of Exchange"},{"floor":8,"key":"Slimebound:MaxSlimesRelic"},{"floor":12,"key":"StuffTheSpire:RubySignet"},{"floor":24,"key":"infinitespire:FocusingShard"}],"event_choices":[{"cards_removed":["Spreading Infection"],"damage_healed":0,"gold_gain":0,"player_choice":"Card Removal","damage_taken":0,"max_hp_gain":0,"max_hp_loss":0,"event_name":"The Cleric","floor":5,"gold_loss":0},{"damage_healed":0,"gold_gain":0,"player_choice":"Ignored","damage_taken":0,"max_hp_gain":0,"max_hp_loss":0,"event_name":"Vampires","floor":23,"gold_loss":0}],"is_beta":false,"boss_relics":[{"not_picked":["DollysMirror","StuffTheSpire:RunicHypercube"],"picked":"jesterMod:MirrorMask"}],"items_purged_floors":[],"is_endless":false,"potions_floor_spawned":[10,11,12,14,16,19],"killed_by":"Nightmare","ascension_level":0}}