{"host":"0g8fai1yzyd1adpx","time":1612307886,"event":{"mods":["AchievementEnabler","BaseMod","BetterRewards","Downfall","Hermit","Hubris","Infinite Spire","Marisa????????","Minty Spire (QoL Compilation)","Replay The Spire","StSLib","The Cursed","The Servant 0.9.4"],"gold_per_floor":[116,179,33,33,45,45,45,45,45,45,70,70,89,103,103,201,201,211,211,228,153,172,172,172],"floor_reached":23,"language":"ENG","playtime":1066,"items_purged":["Defend_R"],"score":214,"play_id":"0a6ae807-6e36-4a91-bf4f-1677d3326f17","local_time":"20210202171806","is_ascension_mode":false,"campfire_choices":[{"data":"Heavy Blade","floor":6,"key":"SMITH"},{"data":"Shrug It Off","floor":8,"key":"SMITH"},{"data":"Bash","floor":10,"key":"SMITH"},{"floor":15,"key":"DIG"}],"circlet_count":0,"master_deck":["Strike_R","Strike_R","Strike_R","Strike_R","Defend_R","Defend_R","Defend_R","Bash+1","Heavy Blade+1","Shrug It Off+1","Armaments","Heavy Blade","Offering","Shame","Writhe","Clumsy","Double Tap"],"relics":["Burning Blood","NeowsBlessing","Happy Flower","Art of War","Bronze Scales","Replay:Ancient Bell","Boot","Gremlin Horn","infinitespire:Golems Mask","hubris:BottledHeart"],"acts_visited":["Exordium","TheCity"],"potions_floor_usage":[16,23],"damage_taken":[{"damage":0,"enemies":"Small Slimes","floor":1,"turns":1},{"damage":0,"enemies":"Cultist","floor":5,"turns":1},{"damage":0,"enemies":"Gremlin Nob","floor":11,"turns":1},{"damage":0,"enemies":"Jaw Worm","floor":13,"turns":3},{"damage":11,"enemies":"Lots of Slimes","floor":14,"turns":5},{"damage":59,"enemies":"Slime Boss","floor":16,"turns":9},{"damage":16,"enemies":"Shell Parasite","floor":18,"turns":5},{"damage":0,"enemies":"2 Thieves","floor":20,"turns":4},{"damage":0,"enemies":"Chosen and Byrds","floor":22,"turns":5},{"damage":3,"enemies":"Gremlin Leader","floor":23,"turns":6}],"seed_played":"1009830270066939719","potions_obtained":[{"floor":5,"key":"LifebloodPotion"},{"floor":11,"key":"sneckomod:MuddlingPotion"},{"floor":13,"key":"Milkshake"},{"floor":20,"key":"HeartOfIron"}],"is_trial":false,"path_per_floor":["M","?","$","?","M","R","?","R","T","R","E","$","M","M","R","B",null,"M","?","M","$","M","E"],"character_chosen":"IRONCLAD","items_purchased":["Happy Flower"],"campfire_rested":0,"item_purchase_floors":[3],"current_hp_per_floor":[80,80,80,80,80,80,80,80,80,80,80,80,80,75,75,22,80,70,1,1,1,1,0,0],"gold":172,"neow_bonus":"THREE_ENEMY_KILL","is_daily":false,"chose_seed":false,"campfire_upgraded":3,"win_rate":0.0,"timestamp":1612307886,"path_taken":["M","?","$","?","M","R","?","R","T","R","E","$","M","M","R","BOSS","M","?","M","$","M","E"],"items_purchased_type":["Relic"],"build_version":"2020-12-22","purchased_purges":1,"victory":false,"max_hp_per_floor":[80,80,80,80,80,80,80,80,80,80,80,80,80,80,80,80,80,80,1,1,1,1,1,1],"card_choices":[{"not_picked":["hubris:ReadiedAction","Cleave"],"picked":"Heavy Blade","floor":1},{"not_picked":["ReplayTheSpireMod:Stacked","Warcry"],"picked":"Shrug It Off","floor":5},{"not_picked":["Whirlwind","Infernal Blade"],"picked":"Armaments","floor":11},{"not_picked":["Pommel Strike","Replay:Undeath\u0027s Touch","Corruption"],"picked":"SKIP","floor":13},{"not_picked":["Searing Blow","Thunderclap"],"picked":"Heavy Blade","floor":14},{"not_picked":["Eclipse","Exhume"],"picked":"Offering","floor":16},{"not_picked":["Delirium","hubris:Compulsion"],"picked":"Shame","floor":17},{"not_picked":["ReplayTheSpireMod:Faulty Equipment","downfall:Aged"],"picked":"Writhe","floor":17},{"not_picked":["Doubt","hubris:Sloth"],"picked":"Clumsy","floor":17},{"not_picked":["Combust","hubris:ReadiedAction"],"picked":"Double Tap","floor":18},{"not_picked":["Massacre+1","Run Through","Ghostly Armor"],"picked":"SKIP","floor":20},{"not_picked":["Battle Trance","True Grit","Armaments"],"picked":"SKIP","floor":22}],"player_experience":435865,"relics_obtained":[{"floor":11,"key":"Art of War"},{"floor":15,"key":"Bronze Scales"}],"event_choices":[{"damage_healed":0,"gold_gain":63,"player_choice":"Gained Gold","damage_taken":0,"max_hp_gain":0,"max_hp_loss":0,"event_name":"Golden Wing","floor":2,"gold_loss":0}],"is_beta":false,"boss_relics":[{"not_picked":["SacredBark","infinitespire:Cupcake"],"picked":"Replay:Ancient Bell"},{"not_picked":["ReplayTheSpireMod:Lightbulb","hubris:TenFootPole"],"picked":"Boot"},{"not_picked":["Replay:Bottled Steam","infinitespire:Eraser"],"picked":"Gremlin Horn"},{"not_picked":["Replay:PocketPolymizer","Gambling Chip"],"picked":"infinitespire:Golems Mask"}],"items_purged_floors":[21],"is_endless":false,"potions_floor_spawned":[5,11,13,20,22],"killed_by":"Gremlin Leader","ascension_level":0}}