{"host":"nxma0dbhh74lxenq","time":1612273489,"event":{"mods":["Astrologer","BaseMod","Beaked The Cultist","CapriCore","Colored Map","DeckTracker","Gremlin Mod","HololiveMod","KinomotoSakuraMod(ñÿîVñ{?)","Koishi","Mad Scientist","Minty Spire (QoL Compilation)","Prisma Mod","StSLib","SuperFastMode","The Bladedancer","The Cursed","The Immortal","The Mystic","YoumuÅiç∞ÈÆódöÎÅj"],"gold_per_floor":[113,188,188,198,216,216,235,261,561,561,587,587,613,50,50,122,122,141,157,82,82,82,82,92,92,92,92,92,104,131,131,131,205,205,224,224,224,245,261,261,291,291,291,291,5,25,25,25,25,25],"floor_reached":51,"language":"JPN","playtime":8348,"items_purged":["Koishi:BasicStrike"],"score":1255,"play_id":"80d5ccf3-241b-4e8e-ad51-5bf36e8cfb67","local_time":"20210202224449","is_ascension_mode":true,"campfire_choices":[{"floor":6,"key":"REST"},{"floor":10,"key":"REST"},{"data":"Apotheosis","floor":15,"key":"SMITH"},{"data":"Koishi:RorschachInDanmaku","floor":23,"key":"SMITH"},{"data":"Ghostly","floor":25,"key":"SMITH"},{"data":"Ghostly","floor":27,"key":"SMITH"},{"data":"Ghostly","floor":32,"key":"SMITH"},{"data":"Koishi:MassHysteria","floor":40,"key":"SMITH"},{"data":"Ghostly","floor":42,"key":"SMITH"},{"data":"Ghostly","floor":49,"key":"SMITH"}],"circlet_count":0,"master_deck":["AscendersBane","Koishi:BasicDefend+1","Koishi:BasicDefend+1","Koishi:BasicDefend+1","Koishi:BasicDefend+1","Koishi:Provoke","Koishi:HauntingSlash+1","Koishi:LastRemote+1","Koishi:PhantomBarrier","Koishi:StingingMind","Koishi:ParalyzingFear","Koishi:RoseHell","Koishi:IdleWhim","Koishi:RorschachInDanmaku+1","Koishi:GeneticsOfTheUnconscious","Apotheosis+1","Koishi:PredatoryInstincts","Koishi:Whimsy","Koishi:Jaunt","Koishi:DNAsFlaw","Koishi:MentalBreakdown","Koishi:SubconsciousSweep","Koishi:LastRemote","Ghostly+1","Ghostly+1","Ghostly+1","Ghostly+1","Ghostly+1","Koishi:YoukaiPolygraph","Koishi:SpiritedAway","CurseOfTheBell","Dark Shackles","Koishi:MassHysteria+1","Koishi:RacingHeart","Koishi:GeneticsOfTheUnconscious"],"relics":["Koishi:ImaginaryFriend","Meat on the Bone","Old Coin","Koishi:ImperfectMetamorphosis","Gremlin Horn","Orrery","Bag of Marbles","Coffee Dripper","Kunai","Dream Catcher","Calling Bell","Hololive_LightStick","Darkstone Periapt","Ice Cream","Centennial Puzzle","InkBottle","Koishi:LettersToReimu"],"acts_visited":["Exordium","TheCity","TheBeyond"],"potions_floor_usage":[8],"damage_taken":[{"damage":2,"enemies":"Small Slimes","floor":1,"turns":3},{"damage":4,"enemies":"Jaw Worm","floor":4,"turns":5},{"damage":0,"enemies":"2 Louse","floor":5,"turns":3},{"damage":9,"enemies":"2 Fungi Beasts","floor":7,"turns":4},{"damage":15,"enemies":"3 Sentries","floor":8,"turns":7},{"damage":27,"enemies":"Lagavulin","floor":11,"turns":10},{"damage":13,"enemies":"Gremlin Nob","floor":13,"turns":6},{"damage":9,"enemies":"Hexaghost","floor":16,"turns":11},{"damage":0,"enemies":"Spheric Guardian","floor":18,"turns":3},{"damage":1,"enemies":"Chosen","floor":19,"turns":4},{"damage":2,"enemies":"Sentry and Sphere","floor":24,"turns":6},{"damage":6,"enemies":"Centurion and Healer","floor":29,"turns":7},{"damage":2,"enemies":"Slavers","floor":30,"turns":5},{"damage":4,"enemies":"Collector","floor":33,"turns":11},{"damage":0,"enemies":"Orb Walker","floor":35,"turns":3},{"damage":0,"enemies":"3 Shapes","floor":38,"turns":3},{"damage":5,"enemies":"Jaw Worm Horde","floor":39,"turns":6},{"damage":3,"enemies":"beaked:SuperParasite","floor":41,"turns":11},{"damage":6,"enemies":"Sphere and 2 Shapes","floor":46,"turns":4},{"damage":0,"enemies":"Donu and Deca","floor":50,"turns":9}],"seed_played":"-8446120482750091142","potions_obtained":[{"floor":4,"key":"Explosive Potion"},{"floor":13,"key":"BlessingOfTheForge"},{"floor":16,"key":"Weak Potion"},{"floor":48,"key":"Block Potion"}],"is_trial":false,"path_per_floor":["M","?","?","M","M","R","M","E","T","R","E","?","E","$","R","B",null,"M","M","?","?","?","R","M","R","T","R","?","M","E","$","R","B",null,"M","?","$","M","M","R","E","R","T","?","$","M","?","?","R","B",null],"character_chosen":"KOISHI","items_purchased":["Apotheosis","Orrery","Bag of Marbles","Koishi:LettersToReimu","Koishi:RacingHeart"],"campfire_rested":2,"item_purchase_floors":[14,14,14,45,45],"current_hp_per_floor":[45,34,21,21,21,41,34,21,21,41,34,39,46,46,46,43,65,65,72,72,72,36,36,36,36,36,36,36,36,36,36,36,36,36,36,26,26,26,33,33,36,36,36,36,36,36,36,36,36,36],"gold":25,"neow_bonus":"TWENTY_PERCENT_HP_BONUS","is_daily":false,"chose_seed":false,"campfire_upgraded":8,"win_rate":0.0,"timestamp":1612273489,"path_taken":["M","?","?","M","?","R","M","E","T","R","E","?","E","$","R","BOSS","M","M","?","?","?","R","M","R","T","R","?","M","E","$","R","BOSS","M","?","?","M","M","R","E","R","T","?","$","M","?","?","R","BOSS"],"items_purchased_type":["Card","Relic","Relic","Relic","Card"],"build_version":"2020-12-22","purchased_purges":1,"victory":true,"max_hp_per_floor":[67,67,67,67,67,67,67,67,67,67,67,72,72,72,72,72,72,72,72,72,72,36,36,36,36,36,36,36,36,36,36,36,36,36,36,36,36,36,36,36,36,36,36,36,36,36,36,36,36,36],"card_choices":[{"not_picked":["Koishi:ReflexRadar","Koishi:UnconsciousUprising"],"picked":"Koishi:LastRemote","floor":1},{"not_picked":["Koishi:PhilosophyOfTheDespised","Koishi:CatchAndRose"],"picked":"Koishi:PhantomBarrier","floor":4},{"not_picked":["Koishi:Untouchable","Koishi:MassHysteria"],"picked":"Koishi:StingingMind","floor":5},{"not_picked":["Koishi:VengefulSpirit","Koishi:DNAsFlaw"],"picked":"Koishi:ParalyzingFear","floor":7},{"not_picked":["Koishi:LastRemote","Koishi:StrangeCloudFist","Koishi:FadingMemory"],"picked":"SKIP","floor":8},{"not_picked":["Koishi:SpiritedAway","Koishi:BloodcurdlingScream"],"picked":"Koishi:RoseHell","floor":11},{"not_picked":["Koishi:SubconsciousSweep","Koishi:UnconsciousUprising"],"picked":"Koishi:GeneticsOfTheUnconscious","floor":13},{"not_picked":["Koishi:RuptureMind","Koishi:SpiritedAway"],"picked":"Koishi:PredatoryInstincts","floor":14},{"not_picked":["Koishi:SpiritedAway","Koishi:BloodcurdlingScream"],"picked":"Koishi:Whimsy","floor":14},{"not_picked":["Koishi:ReflexRadar","Koishi:FleetingPhantom"],"picked":"Koishi:Jaunt","floor":14},{"not_picked":["Koishi:EmbryosDream","Koishi:BramblyRoseGarden"],"picked":"Koishi:DNAsFlaw","floor":14},{"not_picked":["Koishi:Heartbroken","Koishi:Ego"],"picked":"Koishi:MentalBreakdown","floor":16},{"not_picked":["Koishi:StingingMind","Koishi:ReflexRadar"],"picked":"Koishi:SubconsciousSweep","floor":18},{"not_picked":["Koishi:UnansweredLove","Koishi:HeartfeltFancy"],"picked":"Koishi:LastRemote","floor":19},{"not_picked":["Koishi:ParalyzingFear","Koishi:GhostParty","Koishi:PhantomBarrier+1"],"picked":"SKIP","floor":24},{"not_picked":["Koishi:Jaunt","Koishi:Catatonia"],"picked":"Koishi:YoukaiPolygraph","floor":29},{"not_picked":["Koishi:ParalyzingFear","Koishi:ConditionedTeleport"],"picked":"Koishi:SpiritedAway","floor":30},{"not_picked":["Koishi:DreadfulBlow","Koishi:ParalyzingFear+1","Koishi:SprinkleStarAndHeart"],"picked":"SKIP","floor":35},{"not_picked":["Good Instincts","Blind"],"picked":"Dark Shackles","floor":36},{"not_picked":["Dark Shackles","Jack Of All Trades"],"picked":"Finesse","floor":36},{"not_picked":["Koishi:DreadfulBlow","Koishi:SubconsciousSweep+1","Koishi:TraumaticStroke"],"picked":"SKIP","floor":38},{"not_picked":["Koishi:Untouchable","Koishi:SprinkleStarAndHeart"],"picked":"Koishi:MassHysteria","floor":39},{"not_picked":["Koishi:PhantomStrike+1","Koishi:ParalyzingFear","Koishi:EmbersOfLove"],"picked":"SKIP","floor":41},{"not_picked":["Koishi:PhilosophyOfTheDespised+1","Koishi:DanmakuParanoia"],"picked":"Koishi:GeneticsOfTheUnconscious","floor":46}],"player_experience":558484,"relics_obtained":[{"floor":8,"key":"Meat on the Bone"},{"floor":9,"key":"Old Coin"},{"floor":11,"key":"Koishi:ImperfectMetamorphosis"},{"floor":13,"key":"Gremlin Horn"},{"floor":26,"key":"Kunai"},{"floor":30,"key":"Dream Catcher"},{"floor":34,"key":"Hololive_LightStick"},{"floor":34,"key":"Darkstone Periapt"},{"floor":34,"key":"Ice Cream"},{"floor":41,"key":"Centennial Puzzle"},{"floor":43,"key":"InkBottle"}],"event_choices":[{"damage_healed":0,"gold_gain":75,"player_choice":"Gather Gold","damage_taken":11,"max_hp_gain":0,"max_hp_loss":0,"event_name":"World of Goop","floor":2,"gold_loss":0},{"damage_healed":0,"gold_gain":0,"player_choice":"Entered Light","damage_taken":13,"max_hp_gain":0,"max_hp_loss":0,"event_name":"Shining Light","floor":3,"gold_loss":0,"cards_upgraded":["Koishi:HauntingSlash","Koishi:LastRemote"]},{"damage_healed":0,"gold_gain":0,"player_choice":"Donut","damage_taken":0,"max_hp_gain":5,"max_hp_loss":0,"event_name":"Big Fish","floor":12,"gold_loss":0},{"cards_removed":["Koishi:BasicStrike"],"damage_healed":0,"gold_gain":0,"player_choice":"Gave Gold","damage_taken":0,"max_hp_gain":0,"max_hp_loss":0,"event_name":"Beggar","floor":20,"gold_loss":75},{"damage_healed":0,"gold_gain":0,"player_choice":"Simplicity","damage_taken":0,"max_hp_gain":0,"max_hp_loss":0,"event_name":"Back to Basics","floor":21,"gold_loss":0,"cards_upgraded":["Koishi:BasicDefend","Koishi:BasicDefend","Koishi:BasicDefend","Koishi:BasicDefend"]},{"damage_healed":0,"gold_gain":0,"player_choice":"Became a Ghost","damage_taken":0,"max_hp_gain":0,"max_hp_loss":36,"event_name":"Ghosts","floor":22,"gold_loss":0,"cards_obtained":["Ghostly","Ghostly","Ghostly","Ghostly","Ghostly"]},{"damage_healed":0,"gold_gain":0,"player_choice":"Ignored","damage_taken":0,"max_hp_gain":0,"max_hp_loss":0,"event_name":"Vampires","floor":28,"gold_loss":0},{"damage_healed":0,"gold_gain":0,"player_choice":"Memory 3","damage_taken":10,"max_hp_gain":0,"max_hp_loss":0,"event_name":"SensoryStone","floor":36,"gold_loss":0},{"damage_healed":0,"gold_gain":0,"player_choice":"Ignored","damage_taken":0,"max_hp_gain":0,"max_hp_loss":0,"event_name":"Mysterious Sphere","floor":44,"gold_loss":0},{"cards_removed":["Finesse"],"damage_healed":0,"gold_gain":0,"player_choice":"Removed Skill","damage_taken":0,"max_hp_gain":0,"max_hp_loss":0,"event_name":"Falling","floor":47,"gold_loss":0},{"damage_healed":0,"gold_gain":0,"player_choice":"Got Potions","damage_taken":0,"max_hp_gain":0,"max_hp_loss":0,"event_name":"Lab","floor":48,"gold_loss":0}],"is_beta":false,"boss_relics":[{"not_picked":["SacredBark","Busted Crown"],"picked":"Coffee Dripper"},{"not_picked":["Hololive_Finger","Runic Dome"],"picked":"Calling Bell"}],"items_purged_floors":[14],"is_endless":false,"potions_floor_spawned":[4,13,16,24,29,38,41],"ascension_level":14}}