{"host":"bxn2em57qlx5u4i0","time":1612245106,"event":{"mods":["BaseMod","Colored Map","Colored Powertips","Highlight Path","Minty Spire (QoL Compilation)","Random Character Button","Relic Sorter","Relic Stats","StSLib","SuperFastMode"],"gold_per_floor":[118,118,43,56,71,71,71,102,178,211,211,53,53,65,65,140,140,152,52,69,89,105,138,138,153,153,153,153,110,137,147,147,226,226,245,257,271,285,297,327,343,343,370,384,384,384,412,412,412,412,412,412,412,86,121,121],"floor_reached":57,"language":"ENG","playtime":2237,"items_purged":["Strike_R","Strike_R"],"score":2978,"play_id":"357b0f0d-de60-465e-9173-de6dd57fd73f","local_time":"20210202005146","is_ascension_mode":true,"campfire_choices":[{"data":"Combust","floor":6.0,"key":"SMITH"},{"data":"Feed","floor":11.0,"key":"SMITH"},{"data":"Spot Weakness","floor":15.0,"key":"SMITH"},{"data":"Limit Break","floor":27.0,"key":"SMITH"},{"data":"Feel No Pain","floor":32.0,"key":"SMITH"},{"floor":46.0,"key":"DIG"},{"floor":49.0,"key":"RECALL"},{"floor":53,"key":"DIG"}],"circlet_count":0,"master_deck":["AscendersBane","Flame Barrier+1","Pommel Strike+1","Combust+1","Feed+1","Thunderclap","Spot Weakness+1","Limit Break+1","Shrug It Off+1","Dropkick","Clothesline","Heavy Blade+1","Uppercut+1","Reaper","Ghostly","Ghostly","Ghostly","Feel No Pain+1","Shockwave+1","Corruption","Barricade","Reckless Charge","Juggernaut","Thunderclap","Battle Trance","Cleave","Entrench+1","Flame Barrier","Ghostly Armor","Inflame","Madness","Madness","Shrug It Off","Burning Pact","Reaper","Entrench","True Grit","True Grit"],"relics":["Burning Blood","NeowsBlessing","Anchor","Happy Flower","Letter Opener","Ancient Tea Set","Bag of Marbles","Snecko Eye","Lantern","Meat on the Bone","Pandora\u0027s Box","Shovel","War Paint","Kunai","Smiling Mask","Eternal Feather","Art of War"],"acts_visited":["Exordium","TheCity","TheBeyond","TheEnding"],"potions_floor_usage":[51,55,56,56],"damage_taken":[{"damage":0.0,"enemies":"Small Slimes","floor":1.0,"turns":1.0},{"damage":0.0,"enemies":"Cultist","floor":4.0,"turns":1.0},{"damage":0.0,"enemies":"2 Louse","floor":5.0,"turns":1.0},{"damage":35.0,"enemies":"Gremlin Nob","floor":8.0,"turns":4.0},{"damage":22.0,"enemies":"Lagavulin","floor":10.0,"turns":6.0},{"damage":0.0,"enemies":"Exordium Wildlife","floor":14.0,"turns":2.0},{"damage":0.0,"enemies":"The Guardian","floor":16.0,"turns":14.0},{"damage":6.0,"enemies":"Spheric Guardian","floor":18.0,"turns":3.0},{"damage":8.0,"enemies":"Shell Parasite","floor":20.0,"turns":4.0},{"damage":37.0,"enemies":"Shelled Parasite and Fungi","floor":21.0,"turns":6.0},{"damage":0.0,"enemies":"Snake Plant","floor":22.0,"turns":2.0},{"damage":11.0,"enemies":"Book of Stabbing","floor":23.0,"turns":3.0},{"damage":13.0,"enemies":"Centurion and Healer","floor":25.0,"turns":6.0},{"damage":5.0,"enemies":"Slavers","floor":30.0,"turns":5.0},{"damage":4.0,"enemies":"Cultist and Chosen","floor":31.0,"turns":4.0},{"damage":50.0,"enemies":"Champ","floor":33.0,"turns":11.0},{"damage":13.0,"enemies":"Orb Walker","floor":35.0,"turns":4.0},{"damage":0.0,"enemies":"3 Darklings","floor":36.0,"turns":4.0},{"damage":7.0,"enemies":"Jaw Worm Horde","floor":37.0,"turns":4.0},{"damage":22.0,"enemies":"Transient","floor":38.0,"turns":6.0},{"damage":0.0,"enemies":"Maw","floor":39.0,"turns":8.0},{"damage":0.0,"enemies":"Reptomancer","floor":40.0,"turns":8.0},{"damage":4.0,"enemies":"Jaw Worm Horde","floor":41.0,"turns":6.0},{"damage":12.0,"enemies":"Writhing Mass","floor":44.0,"turns":5.0},{"damage":0.0,"enemies":"Nemesis","floor":47.0,"turns":5.0},{"damage":9.0,"enemies":"Donu and Deca","floor":50.0,"turns":7.0},{"damage":26,"enemies":"Awakened One","floor":51,"turns":9},{"damage":13,"enemies":"Shield and Spear","floor":55,"turns":12},{"damage":75,"enemies":"The Heart","floor":56,"turns":10}],"seed_played":"-6623296418906772843","potions_obtained":[{"floor":1.0,"key":"Energy Potion"},{"floor":14.0,"key":"PowerPotion"},{"floor":16.0,"key":"Fire Potion"},{"floor":18.0,"key":"EssenceOfSteel"},{"floor":20.0,"key":"AttackPotion"},{"floor":23.0,"key":"AttackPotion"},{"floor":35.0,"key":"BlessingOfTheForge"},{"floor":36.0,"key":"Ancient Potion"},{"floor":47.0,"key":"Regen Potion"},{"floor":55,"key":"SteroidPotion"}],"is_trial":false,"path_per_floor":["M","?","$","M","M","R","?","E","T","E","R","$","?","M","R","B",null,"M","$","M","M","M","E","?","M","T","R","?","$","E","M","R","B",null,"M","M","M","M","M","E","M","?","T","M","?","R","E","?","R","B","B",null,"R","$","E","B",null],"character_chosen":"IRONCLAD","items_purchased":["Bag of Marbles","Feel No Pain","Reaper","SkillPotion","Entrench","True Grit"],"campfire_rested":0,"item_purchase_floors":[12,29,54,54,54,54],"current_hp_per_floor":[74,74,74,75,75,75,68,39,39,26,26,26,3,13,13,23,70,74,74,76,49,55,54,54,59,59,59,51,51,55,59,59,35,56,53,67,66,67,71,75,75,61,61,70,70,70,81,81,81,87,91,91,91,91,88,55],"gold":121,"neow_bonus":"THREE_ENEMY_KILL","is_daily":false,"chose_seed":false,"campfire_upgraded":5,"win_rate":0.0,"timestamp":1612245106,"path_taken":["M","?","$","?","M","R","?","E","T","E","R","?","?","M","R","BOSS","M","$","M","M","M","E","?","M","T","R","?","$","E","M","R","BOSS","M","M","M","M","M","E","M","?","T","M","?","R","E","?","R","BOSS","BOSS","R","$","E","BOSS"],"items_purchased_type":["Relic","Card","Card","Potion","Card","Card"],"build_version":"2020-12-22","purchased_purges":2,"victory":true,"max_hp_per_floor":[75,75,75,75,75,75,75,75,75,78,78,78,78,82,82,86,86,90,90,94,98,98,102,102,102,102,102,51,51,55,59,59,63,63,67,67,67,67,71,75,75,75,75,79,79,79,83,83,83,87,91,91,91,91,95,95],"relic_stats":{"Happy Flower":[51],"counters":[29,161],"Eternal Feather":0,"Letter Opener":[285],"War Paint":["Shrug It Off","Entrench"],"Smiling Mask":0,"Burning Blood":121,"Shovel":2,"Snecko Eye":[243,264,241,252],"Pandora\u0027s Box":["Barricade","Reckless Charge","Juggernaut","Thunderclap","Battle Trance","Cleave"],"Art of War":[3],"Kunai":[12],"obtain_stats":[{"Lantern":23,"NeowsBlessing":0,"Happy Flower":8,"Eternal Feather":53,"Letter Opener":9,"War Paint":43,"Ancient Tea Set":10,"Smiling Mask":47,"Burning Blood":0,"Anchor":2,"Shovel":40,"Snecko Eye":17,"Pandora\u0027s Box":34,"Bag of Marbles":12,"Art of War":55,"Kunai":46,"Meat on the Bone":30},{"Lantern":12,"NeowsBlessing":0,"Happy Flower":4,"Eternal Feather":27,"Letter Opener":4,"War Paint":23,"Ancient Tea Set":5,"Smiling Mask":25,"Burning Blood":0,"Anchor":1,"Shovel":22,"Snecko Eye":7,"Pandora\u0027s Box":16,"Bag of Marbles":5,"Art of War":28,"Kunai":24,"Meat on the Bone":14},{"Lantern":47,"NeowsBlessing":0,"Happy Flower":7,"Eternal Feather":139,"Letter Opener":7,"War Paint":113,"Ancient Tea Set":13,"Smiling Mask":123,"Burning Blood":0,"Anchor":1,"Shovel":107,"Snecko Eye":29,"Pandora\u0027s Box":73,"Bag of Marbles":13,"Art of War":151,"Kunai":118,"Meat on the Bone":58}],"Meat on the Bone":12},"card_choices":[{"not_picked":["Body Slam","Clash"],"picked":"Flame Barrier","floor":1.0},{"not_picked":["Second Wind","Shrug It Off"],"picked":"Pommel Strike","floor":4.0},{"not_picked":["Infernal Blade","Intimidate"],"picked":"Combust","floor":5.0},{"not_picked":["Clothesline","Fiend Fire"],"picked":"Feed","floor":8.0},{"not_picked":["Sever Soul","Heavy Blade"],"picked":"Thunderclap","floor":10.0},{"not_picked":["Seeing Red","Thunderclap"],"picked":"Spot Weakness","floor":14.0},{"not_picked":["Exhume","Immolate"],"picked":"Limit Break","floor":16.0},{"not_picked":["Havoc","Twin Strike"],"picked":"Shrug It Off","floor":18.0},{"not_picked":["Clothesline","Pommel Strike"],"picked":"Dropkick","floor":20.0},{"not_picked":["Warcry","Evolve"],"picked":"Clothesline","floor":21.0},{"not_picked":["Dual Wield","Hemokinesis"],"picked":"Heavy Blade+1","floor":22.0},{"not_picked":["Headbutt","Power Through"],"picked":"Uppercut+1","floor":23.0},{"not_picked":["Seeing Red","Havoc","Heavy Blade"],"picked":"SKIP","floor":25.0},{"not_picked":["Thunderclap","Battle Trance"],"picked":"Shockwave+1","floor":30.0},{"not_picked":["Heavy Blade","Sever Soul+1","Brutality"],"picked":"SKIP","floor":31.0},{"not_picked":["Offering","Double Tap"],"picked":"Corruption","floor":33.0},{"not_picked":["Evolve","Pommel Strike+1"],"picked":"Entrench","floor":35.0},{"not_picked":["Havoc","Wild Strike"],"picked":"Flame Barrier","floor":36.0},{"not_picked":["Perfected Strike","Fire Breathing+1"],"picked":"Ghostly Armor","floor":37.0},{"not_picked":["Uppercut+1","Intimidate"],"picked":"Inflame","floor":38.0},{"not_picked":["Perfected Strike","Iron Wave","Thunderclap+1"],"picked":"SKIP","floor":39.0},{"not_picked":["Fiend Fire","Bludgeon","Clash"],"picked":"SKIP","floor":40.0},{"not_picked":["Body Slam","Carnage","Headbutt"],"picked":"SKIP","floor":41.0},{"not_picked":["True Grit","Shrug It Off","Clothesline+1"],"picked":"SKIP","floor":44.0},{"not_picked":["True Grit","Clothesline+1"],"picked":"Shrug It Off","floor":44.0},{"not_picked":["Rupture","Feed"],"picked":"Burning Pact","floor":47.0},{"not_picked":["Headbutt","Rampage"],"picked":"True Grit","floor":55}],"player_experience":2990027,"relics_obtained":[{"floor":2.0,"key":"Anchor"},{"floor":8.0,"key":"Happy Flower"},{"floor":9.0,"key":"Letter Opener"},{"floor":10.0,"key":"Ancient Tea Set"},{"floor":23.0,"key":"Lantern"},{"floor":30.0,"key":"Meat on the Bone"},{"floor":40.0,"key":"Shovel"},{"floor":43.0,"key":"War Paint"},{"floor":46.0,"key":"Kunai"},{"floor":47.0,"key":"Smiling Mask"},{"floor":53,"key":"Eternal Feather"},{"floor":55,"key":"Art of War"}],"event_choices":[{"damage_healed":0.0,"max_hp_gain":0.0,"max_hp_loss":0.0,"gold_gain":0.0,"event_name":"Wheel of Change","player_choice":"Relic","floor":2.0,"gold_loss":0.0,"damage_taken":0.0},{"cards_removed":["Defend_R"],"damage_healed":0.0,"max_hp_gain":0.0,"max_hp_loss":0.0,"gold_gain":0.0,"event_name":"Golden Wing","player_choice":"Card Removal","floor":7.0,"gold_loss":0.0,"damage_taken":7.0},{"damage_healed":0.0,"max_hp_gain":0.0,"max_hp_loss":0.0,"gold_gain":0.0,"event_name":"Shining Light","player_choice":"Entered Light","floor":13.0,"gold_loss":0.0,"damage_taken":23.0,"cards_upgraded":["Flame Barrier","Pommel Strike"]},{"damage_healed":0.0,"max_hp_gain":0.0,"max_hp_loss":0.0,"gold_gain":0.0,"event_name":"The Library","player_choice":"Read","floor":24.0,"gold_loss":0.0,"damage_taken":0.0,"cards_obtained":["Reaper"]},{"damage_healed":0.0,"max_hp_gain":0.0,"max_hp_loss":51.0,"gold_gain":0.0,"event_name":"Ghosts","player_choice":"Became a Ghost","floor":28.0,"gold_loss":0.0,"damage_taken":0.0,"cards_obtained":["Ghostly","Ghostly","Ghostly"]},{"damage_healed":0.0,"max_hp_gain":0.0,"max_hp_loss":0.0,"gold_gain":0.0,"event_name":"Winding Halls","player_choice":"Embrace Madness","floor":42.0,"gold_loss":0.0,"damage_taken":14.0,"cards_obtained":["Madness","Madness"]},{"cards_removed":["Bash"],"damage_healed":0.0,"max_hp_gain":0.0,"max_hp_loss":0.0,"gold_gain":0.0,"event_name":"Falling","player_choice":"Removed Attack","floor":45.0,"gold_loss":0.0,"damage_taken":0.0},{"damage_healed":0.0,"max_hp_gain":0.0,"max_hp_loss":0.0,"gold_gain":0.0,"event_name":"Tomb of Lord Red Mask","player_choice":"Ignored","floor":48.0,"gold_loss":0.0,"damage_taken":0.0}],"is_beta":false,"boss_relics":[{"not_picked":["Philosopher\u0027s Stone","Calling Bell"],"picked":"Snecko Eye"},{"not_picked":["Sozu","Empty Cage"],"picked":"Pandora\u0027s Box"}],"items_purged_floors":[3,19],"is_endless":false,"potions_floor_spawned":[1,14,16,18,20,23,35,36,47,55],"ascension_level":20}}