{"host":"u1ja96cwu1wu8jpx","time":1612291376,"event":{"mods":["BaseMod","Better Match","Colored Map","Minty Spire (QoL Compilation)","Permanent Neow","StSLib"],"gold_per_floor":[20,32,50,50,62,92,104,131,131,131,144,160,187,51,51,147,147,165,165,184,199,199,199,98,127,127,162,179,179,179,212,212,308,308,320,336,336,82,97,128,140,140,164,97,117,86,136,136,136,136,136,136,36,71,71],"floor_reached":56,"language":"ENG","playtime":8487,"items_purged":["Strike_G","Decay","Strike_G"],"score":1305,"play_id":"40d17ce2-091b-4055-a304-f7b8793a072f","local_time":"20210202134256","is_ascension_mode":true,"campfire_choices":[{"floor":10.0,"key":"REST"},{"floor":15.0,"key":"REST"},{"floor":23.0,"key":"REST"},{"floor":30.0,"key":"REST"},{"floor":32,"key":"REST"},{"floor":42,"key":"RECALL"},{"data":"After Image","floor":49,"key":"SMITH"},{"data":"Footwork","floor":52,"key":"SMITH"}],"circlet_count":0,"master_deck":["Strike_G","Strike_G","Defend_G","Defend_G","Defend_G","Defend_G","Survivor","Neutralize","Predator","Heel Hook","Poisoned Stab","Noxious Fumes","Footwork+1","Caltrops","Footwork","Dodge and Roll","Catalyst","Deadly Poison","PiercingWail+1","Apotheosis+1","Sucker Punch","Corpse Explosion+1","Crippling Poison+1","Flying Knee","PiercingWail+1","Footwork+1","Adrenaline+1","Outmaneuver+1","After Image+1","Dodge and Roll+1","Footwork","Footwork","Noxious Fumes","Catalyst+1","Panacea+1","Bullet Time+1","Footwork","PiercingWail+1","Panacea+1","Footwork+1"],"relics":["Ring of the Snake","Bottled Flame","Dream Catcher","The Courier","Toxic Egg 2","SlaversCollar","CultistMask","Blood Vial","Regal Pillow","MealTicket","Orichalcum","Runic Pyramid","Toy Ornithopter","Gambling Chip","Nunchaku"],"acts_visited":["Exordium","TheCity","TheBeyond","TheEnding"],"potions_floor_usage":[41,41,55,55,55,55,55,55],"damage_taken":[{"damage":0.0,"enemies":"2 Louse","floor":1.0,"turns":2.0},{"damage":0.0,"enemies":"Jaw Worm","floor":2.0,"turns":6.0},{"damage":0.0,"enemies":"Cultist","floor":3.0,"turns":3.0},{"damage":8.0,"enemies":"2 Fungi Beasts","floor":5.0,"turns":4.0},{"damage":14.0,"enemies":"Gremlin Nob","floor":6.0,"turns":4.0},{"damage":6.0,"enemies":"Large Slime","floor":7.0,"turns":7.0},{"damage":21.0,"enemies":"Lagavulin","floor":8.0,"turns":8.0},{"damage":4.0,"enemies":"Exordium Thugs","floor":11.0,"turns":6.0},{"damage":2.0,"enemies":"Looter","floor":12.0,"turns":4.0},{"damage":12.0,"enemies":"Gremlin Nob","floor":13.0,"turns":4.0},{"damage":2.0,"enemies":"Slime Boss","floor":16.0,"turns":10.0},{"damage":4.0,"enemies":"Shell Parasite","floor":18.0,"turns":7.0},{"damage":24.0,"enemies":"3 Byrds","floor":20.0,"turns":6.0},{"damage":14.0,"enemies":"Cultist and Chosen","floor":21.0,"turns":6.0},{"damage":18.0,"enemies":"Slavers","floor":25.0,"turns":5.0},{"damage":5.0,"enemies":"Book of Stabbing","floor":27.0,"turns":5.0},{"damage":0.0,"enemies":"3 Cultists","floor":28.0,"turns":3.0},{"damage":14.0,"enemies":"Colosseum Slavers","floor":29.0,"turns":6.0},{"damage":16.0,"enemies":"Gremlin Leader","floor":31.0,"turns":4.0},{"damage":30,"enemies":"Collector","floor":33,"turns":7},{"damage":0,"enemies":"3 Shapes","floor":35,"turns":6},{"damage":0,"enemies":"3 Darklings","floor":36,"turns":4},{"damage":8,"enemies":"4 Shapes","floor":39,"turns":4},{"damage":11,"enemies":"Nemesis","floor":40,"turns":3},{"damage":20,"enemies":"Transient","floor":41,"turns":5},{"damage":15,"enemies":"Writhing Mass","floor":45,"turns":6},{"damage":0,"enemies":"Mind Bloom Boss Battle","floor":47,"turns":6},{"damage":26,"enemies":"Time Eater","floor":50,"turns":8},{"damage":9,"enemies":"Shield and Spear","floor":54,"turns":4},{"damage":60,"enemies":"The Heart","floor":55,"turns":8}],"seed_played":"1269724322087690114","potions_obtained":[{"floor":2.0,"key":"DuplicationPotion"},{"floor":3.0,"key":"DistilledChaos"},{"floor":6.0,"key":"EntropicBrew"},{"floor":8.0,"key":"Block Potion"},{"floor":20.0,"key":"FearPotion"},{"floor":21.0,"key":"Strength Potion"},{"floor":31.0,"key":"Swift Potion"},{"floor":33,"key":"EntropicBrew"},{"floor":35,"key":"GhostInAJar"},{"floor":47,"key":"Swift Potion"},{"floor":54,"key":"Dexterity Potion"}],"is_trial":false,"path_per_floor":["M","M","M","$","M","E","M","E","T","R","M","M","E","$","R","B",null,"M","?","M","M","?","R","$","E","T","E","M","?","R","E","R","B",null,"M","M","?","$","M","E","M","R","T","$","M","$","?","?","R","B",null,"R","$","E","B",null],"character_chosen":"THE_SILENT","items_purchased":["Apotheosis+1","PiercingWail+1","Footwork","Noxious Fumes","Catalyst+1","Panacea+1","Footwork"],"campfire_rested":5,"item_purchase_floors":[14,24,38,38,38,44,46],"current_hp_per_floor":[70,70,70,70,62,48,42,21,21,42,38,36,24,24,45,43,70,66,66,42,28,28,49,49,31,31,28,30,18,54,40,70,40,70,70,70,70,70,62,53,45,45,45,60,47,62,64,64,64,40,70,70,70,61,31],"gold":71,"neow_bonus":"TRANSFORM_TWO_CARDS","is_daily":false,"chose_seed":false,"campfire_upgraded":2,"win_rate":0.0,"timestamp":1612291376,"path_taken":["M","M","M","$","M","E","M","E","T","R","M","M","E","$","R","BOSS","M","?","M","M","?","R","$","E","T","E","?","?","R","E","R","BOSS","M","M","?","$","M","E","M","R","T","$","M","?","?","?","R","BOSS","R","$","E","BOSS"],"items_purchased_type":["Card","Card","Card","Card","Card","Card","Card"],"build_version":"2020-12-22","purchased_purges":3,"victory":true,"max_hp_per_floor":[70,70,70,70,70,70,70,70,70,70,70,70,70,70,70,70,70,70,70,70,70,70,70,70,70,70,70,70,70,70,70,70,70,70,70,70,70,70,70,70,70,70,70,70,70,70,70,70,70,70,70,70,70,70,70],"card_choices":[{"not_picked":["Prepared","Bane","Dagger Spray"],"picked":"SKIP","floor":1.0},{"not_picked":["Well Laid Plans","Escape Plan","All Out Attack"],"picked":"SKIP","floor":2.0},{"not_picked":["Reflex","Caltrops"],"picked":"Poisoned Stab","floor":3.0},{"not_picked":["Quick Slash","Heel Hook"],"picked":"Noxious Fumes","floor":5.0},{"not_picked":["Sucker Punch","Escape Plan"],"picked":"Footwork","floor":6.0},{"not_picked":["Predator","Backstab"],"picked":"Caltrops","floor":7.0},{"not_picked":["Wraith Form v2","Unload"],"picked":"Footwork","floor":8.0},{"not_picked":["Expertise","Flying Knee"],"picked":"Dodge and Roll","floor":10.0},{"not_picked":["Poisoned Stab","Slice"],"picked":"Catalyst","floor":11.0},{"not_picked":["Finisher","Bane"],"picked":"Deadly Poison","floor":12.0},{"not_picked":["Accuracy","Bane"],"picked":"PiercingWail+1","floor":13.0},{"not_picked":["Eviscerate","Heel Hook"],"picked":"Sucker Punch","floor":15.0},{"not_picked":["Burst+1","Malaise+1"],"picked":"Corpse Explosion+1","floor":16.0},{"not_picked":["Sucker Punch","Acrobatics+1","Escape Plan+1"],"picked":"SKIP","floor":18.0},{"not_picked":["Acrobatics+1","All Out Attack","Backflip+1"],"picked":"SKIP","floor":20.0},{"not_picked":["Heel Hook","Blade Dance+1","Poisoned Stab+1"],"picked":"SKIP","floor":21.0},{"not_picked":["Expertise+1","Storm of Steel+1"],"picked":"Flying Knee","floor":23.0},{"not_picked":["Slice","Choke+1","Quick Slash"],"picked":"SKIP","floor":25.0},{"not_picked":["Choke","Dagger Spray","Well Laid Plans"],"picked":"SKIP","floor":27.0},{"not_picked":["Distraction+1","Deflect+1"],"picked":"Footwork+1","floor":28.0},{"not_picked":["Prepared+1","Tactician+1"],"picked":"Adrenaline+1","floor":30.0},{"not_picked":["Sucker Punch+1","Tactician+1","Flying Knee"],"picked":"SKIP","floor":31.0},{"not_picked":["Poisoned Stab+1","Dash+1"],"picked":"Outmaneuver+1","floor":32},{"not_picked":["Storm of Steel+1","A Thousand Cuts"],"picked":"After Image","floor":33},{"not_picked":["Slice+1","Distraction+1"],"picked":"Dodge and Roll+1","floor":35},{"not_picked":["Finisher+1","Distraction+1"],"picked":"Footwork","floor":36},{"not_picked":["Leg Sweep+1","Tactician+1","Deflect+1"],"picked":"SKIP","floor":39},{"not_picked":["Blade Dance+1","Endless Agony+1","Well Laid Plans"],"picked":"SKIP","floor":40},{"not_picked":["Dagger Spray","Slice+1","Dodge and Roll+1"],"picked":"SKIP","floor":41},{"not_picked":["Sucker Punch","Masterful Stab+1"],"picked":"Bullet Time+1","floor":45},{"not_picked":["Slice","Infinite Blades+1"],"picked":"PiercingWail+1","floor":47},{"not_picked":["Magnetism","PanicButton+1"],"picked":"Panacea+1","floor":48},{"not_picked":["Backflip+1","Underhanded Strike"],"picked":"Footwork+1","floor":54}],"player_experience":442756,"relics_obtained":[{"floor":6.0,"key":"Bottled Flame"},{"floor":8.0,"key":"Dream Catcher"},{"floor":9.0,"key":"The Courier"},{"floor":13.0,"key":"Toxic Egg 2"},{"floor":25.0,"key":"Blood Vial"},{"floor":26.0,"key":"Regal Pillow"},{"floor":27.0,"key":"MealTicket"},{"floor":31.0,"key":"Orichalcum"},{"floor":40,"key":"Toy Ornithopter"},{"floor":47,"key":"Gambling Chip"},{"floor":54,"key":"Nunchaku"}],"event_choices":[{"damage_healed":0.0,"max_hp_gain":0.0,"max_hp_loss":0.0,"gold_gain":0.0,"event_name":"The Library","player_choice":"Read","floor":19.0,"gold_loss":0.0,"damage_taken":0.0,"cards_obtained":["Crippling Poison"]},{"damage_healed":0.0,"max_hp_gain":0.0,"max_hp_loss":0.0,"gold_gain":0.0,"event_name":"FaceTrader","player_choice":"Trade","floor":22.0,"gold_loss":0.0,"damage_taken":0.0,"relics_obtained":["CultistMask"]},{"damage_healed":0.0,"max_hp_gain":0.0,"max_hp_loss":0.0,"gold_gain":0.0,"event_name":"Colosseum","player_choice":"Fight","floor":29.0,"gold_loss":0.0,"damage_taken":0.0},{"damage_healed":0.0,"max_hp_gain":0.0,"max_hp_loss":0.0,"gold_gain":0.0,"event_name":"Colosseum","player_choice":"Fled From Nobs","floor":29.0,"gold_loss":0.0,"damage_taken":0.0},{"damage_healed":0,"gold_gain":0,"player_choice":"Cursed","damage_taken":0,"max_hp_gain":0,"max_hp_loss":0,"event_name":"Wheel of Change","floor":37,"gold_loss":0,"cards_obtained":["Decay"]},{"damage_healed":0,"gold_gain":0,"player_choice":"Fight","damage_taken":0,"max_hp_gain":0,"max_hp_loss":0,"event_name":"MindBloom","floor":47,"gold_loss":0},{"damage_healed":0,"gold_gain":0,"player_choice":"Memory 1","damage_taken":0,"max_hp_gain":0,"max_hp_loss":0,"event_name":"SensoryStone","floor":48,"gold_loss":0}],"is_beta":false,"boss_relics":[{"not_picked":["Ring of the Serpent","Fusion Hammer"],"picked":"SlaversCollar"},{"not_picked":["Runic Dome","Snecko Eye"],"picked":"Runic Pyramid"}],"items_purged_floors":[24,38,53],"is_endless":false,"potions_floor_spawned":[2,3,6,7,8,20,21,31,33,35,47,54],"ascension_level":1}}