{"host":"mai03x2ekbjy4059","time":1612286869,"event":{"mods":["2.2 Compatiblity","BaseMod","Colored Map","DeckTracker","Keyboard Shortcuts","Minty Spire (QoL Compilation)","Permanent Neow","Quick Restart","SuperFastMode","everything is the same but u backflip on backflip"],"gold_per_floor":[16,116,130,142,142,172,182,217,269,288,288,309,309,342,342,445,445,458,458,471,484,500,518,518,547,547,547,579,494,494,519,519,621,621,639,652,652,662,710,741,760,792,792,811,811,829,854,854,854,854,854,854,1,32,32],"floor_reached":56,"language":"KOR","playtime":1701,"items_purged":["Strike_G"],"score":1599,"play_id":"fc86b2ea-c3a2-4fd8-bbdc-ed79ceb0c1f7","local_time":"20210203022749","is_ascension_mode":true,"campfire_choices":[{"data":"Panache","floor":11.0,"key":"SMITH"},{"floor":15.0,"key":"REST"},{"data":"A Thousand Cuts","floor":24.0,"key":"SMITH"},{"data":"Finisher","floor":32.0,"key":"SMITH"},{"floor":45.0,"key":"RECALL"},{"data":"Neutralize","floor":49.0,"key":"SMITH"},{"data":"Deflect","floor":52.0,"key":"SMITH"}],"circlet_count":0,"master_deck":["Strike_G","Strike_G","Strike_G","Strike_G","Defend_G+1","Defend_G","Defend_G","Defend_G","Defend_G","Survivor+1","Neutralize+1","Panache+1","Deflect+1","Finisher+1","Cloak And Dagger+1","Deflect+1","Backflip+1","Cloak And Dagger+1","Phantasmal Killer+1","Blind+1","A Thousand Cuts+1","Cloak And Dagger+1","Adrenaline+1","Footwork+1","Blade Dance+1","Infinite Blades+1","Finesse+1","Panacea+1","Flash of Steel+1","Heel Hook+1","Dramatic Entrance+1","Sadistic Nature+1","Well Laid Plans+1","Noxious Fumes+1"],"relics":["Ring of the Snake","Toxic Egg 2","InkBottle","Akabeko","Bronze Scales","Odd Mushroom","FaceOfCleric","HornCleat","Philosopher\u0027s Stone","Turnip","White Beast Statue","Paper Crane","Bag of Marbles","Black Star","Tingsha","Frozen Egg 2","Orichalcum","Shuriken","Question Card","Molten Egg 2","Blood Vial","StoneCalendar","Mummified Hand","TwistedFunnel","Kunai","War Paint"],"acts_visited":["Exordium","TheCity","TheBeyond","TheEnding"],"potions_floor_usage":[55,55,55,55,55,55],"damage_taken":[{"damage":2.0,"enemies":"Small Slimes","floor":1.0,"turns":4.0},{"damage":1.0,"enemies":"Cultist","floor":3.0,"turns":5.0},{"damage":0.0,"enemies":"2 Louse","floor":4.0,"turns":2.0},{"damage":26.0,"enemies":"Gremlin Nob","floor":6.0,"turns":5.0},{"damage":9.0,"enemies":"Looter","floor":7.0,"turns":3.0},{"damage":20.0,"enemies":"3 Sentries","floor":8.0,"turns":10.0},{"damage":0.0,"enemies":"Exordium Thugs","floor":10.0,"turns":4.0},{"damage":6.0,"enemies":"The Mushroom Lair","floor":12.0,"turns":3.0},{"damage":2.0,"enemies":"Gremlin Nob","floor":14.0,"turns":3.0},{"damage":0.0,"enemies":"Slime Boss","floor":16.0,"turns":8.0},{"damage":0.0,"enemies":"Spheric Guardian","floor":18.0,"turns":3.0},{"damage":0.0,"enemies":"Shell Parasite","floor":20.0,"turns":3.0},{"damage":0.0,"enemies":"Shelled Parasite and Fungi","floor":21.0,"turns":3.0},{"damage":0.0,"enemies":"Chosen and Byrds","floor":22.0,"turns":3.0},{"damage":4.0,"enemies":"Snecko","floor":23.0,"turns":5.0},{"damage":2.0,"enemies":"Slavers","floor":25.0,"turns":3.0},{"damage":5.0,"enemies":"Book of Stabbing","floor":28.0,"turns":5.0},{"damage":0.0,"enemies":"Gremlin Leader","floor":31.0,"turns":6.0},{"damage":15.0,"enemies":"Champ","floor":33.0,"turns":7.0},{"damage":1.0,"enemies":"3 Darklings","floor":35.0,"turns":3.0},{"damage":0.0,"enemies":"3 Shapes","floor":36.0,"turns":1.0},{"damage":15.0,"enemies":"Jaw Worm Horde","floor":38.0,"turns":4.0},{"damage":13.0,"enemies":"2 Orb Walkers","floor":39.0,"turns":2.0},{"damage":0.0,"enemies":"Nemesis","floor":40.0,"turns":6.0},{"damage":0.0,"enemies":"3 Darklings","floor":41.0,"turns":3.0},{"damage":0.0,"enemies":"Reptomancer","floor":42.0,"turns":6.0},{"damage":0.0,"enemies":"Maw","floor":44.0,"turns":5.0},{"damage":0.0,"enemies":"Spire Growth","floor":46.0,"turns":3.0},{"damage":0.0,"enemies":"Giant Head","floor":47.0,"turns":1.0},{"damage":28.0,"enemies":"Time Eater","floor":50.0,"turns":8.0},{"damage":18,"enemies":"Shield and Spear","floor":54,"turns":3},{"damage":39,"enemies":"The Heart","floor":55,"turns":6}],"seed_played":"7056905683391130674","potions_obtained":[{"floor":4.0,"key":"PowerPotion"},{"floor":6.0,"key":"Ancient Potion"},{"floor":10.0,"key":"Strength Potion"},{"floor":14.0,"key":"GamblersBrew"},{"floor":18.0,"key":"Explosive Potion"},{"floor":23.0,"key":"ColorlessPotion"},{"floor":25.0,"key":"AttackPotion"},{"floor":31.0,"key":"Dexterity Potion"},{"floor":33.0,"key":"CultistPotion"},{"floor":47.0,"key":"EntropicBrew"}],"is_trial":false,"path_per_floor":["M","?","M","M","?","E","M","E","T","M","R","?","?","E","R","B",null,"M","?","M","M","M","M","R","E","T","?","E","?","?","E","R","B",null,"M","M","?","M","?","E","M","E","T","M","R","M","E","?","R","B",null,"R","$","E","B",null],"character_chosen":"THE_SILENT","items_purchased":["Mummified Hand","TwistedFunnel","Heel Hook+1","Dramatic Entrance+1","Sadistic Nature+1","Well Laid Plans+1"],"campfire_rested":1,"item_purchase_floors":[53,53,53,53,53,53],"current_hp_per_floor":[68,68,67,67,64,38,29,9,9,9,9,3,3,2,23,24,72,73,73,74,75,76,73,73,72,72,72,68,68,68,69,69,55,81,81,82,82,68,56,57,58,59,59,60,60,61,62,52,52,27,92,92,92,75,39],"gold":32,"neow_bonus":"RANDOM_COLORLESS_2","is_daily":false,"chose_seed":false,"campfire_upgraded":5,"win_rate":0.0,"timestamp":1612286869,"path_taken":["M","?","?","M","?","E","M","E","T","M","R","?","?","E","R","BOSS","M","?","?","M","M","M","R","E","T","?","E","?","?","E","R","BOSS","M","M","?","M","?","E","M","E","T","M","R","M","E","?","R","BOSS","R","$","E","BOSS"],"items_purchased_type":["Relic","Relic","Card","Card","Card","Card"],"build_version":"2020-12-22","purchased_purges":1,"victory":true,"max_hp_per_floor":[70,70,70,70,70,70,70,70,70,70,70,70,70,71,71,72,72,73,73,74,75,76,77,77,78,78,78,79,79,79,80,80,81,81,82,83,83,84,85,86,87,88,88,89,89,90,91,91,91,92,92,92,92,93,94],"card_choices":[{"not_picked":["The Bomb","Secret Weapon"],"picked":"Panache","floor":0.0},{"not_picked":["Dagger Spray","Poisoned Stab","Concentrate"],"picked":"SKIP","floor":1.0},{"not_picked":["Tactician","Setup","Backflip"],"picked":"SKIP","floor":3.0},{"not_picked":["Flying Knee","Acrobatics"],"picked":"Deflect","floor":4.0},{"not_picked":["Poisoned Stab","Well Laid Plans"],"picked":"Finisher","floor":6.0},{"not_picked":["Calculated Gamble+1","Tools of the Trade","Crippling Poison+1"],"picked":"SKIP","floor":7.0},{"not_picked":["Deadly Poison+1","Bane"],"picked":"Cloak And Dagger+1","floor":8.0},{"not_picked":["Eviscerate","Flying Knee"],"picked":"Deflect+1","floor":10.0},{"not_picked":["Distraction+1","Reflex+1"],"picked":"Backflip+1","floor":12.0},{"not_picked":["Noxious Fumes","Prepared+1"],"picked":"Cloak And Dagger+1","floor":14.0},{"not_picked":["Corpse Explosion+1","Tools of the Trade"],"picked":"Phantasmal Killer+1","floor":16.0},{"not_picked":["Acrobatics+1","Dash","Slice"],"picked":"SKIP","floor":18.0},{"not_picked":["Acrobatics+1","Dagger Spray"],"picked":"A Thousand Cuts","floor":20.0},{"not_picked":["Underhanded Strike+1","PiercingWail+1","Riddle With Holes"],"picked":"SKIP","floor":21.0},{"not_picked":["Bane+1","Backflip+1"],"picked":"Cloak And Dagger+1","floor":22.0},{"not_picked":["Bouncing Flask+1","Cloak And Dagger+1","Endless Agony"],"picked":"SKIP","floor":23.0},{"not_picked":["Eviscerate","A Thousand Cuts","Noxious Fumes+1"],"picked":"SKIP","floor":25.0},{"not_picked":["Dodge and Roll+1","Bane","Poisoned Stab"],"picked":"SKIP","floor":28.0},{"not_picked":["Setup+1","Bane"],"picked":"Adrenaline+1","floor":31.0},{"not_picked":["Bane+1","Deadly Poison+1","Bouncing Flask+1"],"picked":"SKIP","floor":35.0},{"not_picked":["Bouncing Flask+1","Tactician+1","Outmaneuver+1"],"picked":"SKIP","floor":36.0},{"not_picked":["Dash+1","Quick Slash","PiercingWail+1"],"picked":"SKIP","floor":38.0},{"not_picked":["Prepared+1","Dagger Throw"],"picked":"Footwork+1","floor":40.0},{"not_picked":["Skewer","Backflip+1","Crippling Poison+1"],"picked":"SKIP","floor":41.0},{"not_picked":["Dagger Spray+1","Backflip+1"],"picked":"Blade Dance+1","floor":42.0},{"not_picked":["Doppelganger+1","PiercingWail+1","Dash+1"],"picked":"Infinite Blades+1","floor":44.0},{"not_picked":["Underhanded Strike+1","Flying Knee+1","PiercingWail+1","Prepared+1"],"picked":"SKIP","floor":46.0},{"not_picked":["Distraction+1","Dodge and Roll+1","Sucker Punch+1","Quick Slash+1"],"picked":"SKIP","floor":47.0},{"not_picked":["Madness+1","Chrysalis+1","Jack Of All Trades+1"],"picked":"Finesse+1","floor":48.0},{"not_picked":["PanicButton+1","Forethought+1","Sadistic Nature+1"],"picked":"Panacea+1","floor":48.0},{"not_picked":["Forethought+1","Mind Blast+1","Blind+1"],"picked":"Flash of Steel+1","floor":48.0},{"not_picked":["Deadly Poison+1","Dash+1","Outmaneuver+1"],"picked":"Noxious Fumes+1","floor":54}],"player_experience":1162328,"relics_obtained":[{"floor":6.0,"key":"InkBottle"},{"floor":8.0,"key":"Akabeko"},{"floor":9.0,"key":"Bronze Scales"},{"floor":12.0,"key":"Odd Mushroom"},{"floor":14.0,"key":"HornCleat"},{"floor":25.0,"key":"Turnip"},{"floor":28.0,"key":"White Beast Statue"},{"floor":31.0,"key":"Bag of Marbles"},{"floor":39.0,"key":"Tingsha"},{"floor":40.0,"key":"Frozen Egg 2"},{"floor":40.0,"key":"Orichalcum"},{"floor":42.0,"key":"Shuriken"},{"floor":42.0,"key":"Question Card"},{"floor":43.0,"key":"Molten Egg 2"},{"floor":47.0,"key":"Blood Vial"},{"floor":47.0,"key":"StoneCalendar"},{"floor":54,"key":"Kunai"},{"floor":54,"key":"War Paint"}],"event_choices":[{"damage_healed":0.0,"max_hp_gain":0.0,"max_hp_loss":0.0,"gold_gain":100.0,"event_name":"Golden Shrine","player_choice":"Pray","floor":2.0,"gold_loss":0.0,"damage_taken":0.0},{"damage_healed":0.0,"max_hp_gain":0.0,"max_hp_loss":0.0,"gold_gain":0.0,"event_name":"Scrap Ooze","player_choice":"Success","floor":5.0,"gold_loss":0.0,"damage_taken":3.0,"relics_obtained":["Toxic Egg 2"]},{"damage_healed":0.0,"max_hp_gain":0.0,"max_hp_loss":0.0,"gold_gain":0.0,"event_name":"Mushrooms","player_choice":"Fought Mushrooms","floor":12.0,"gold_loss":0.0,"damage_taken":0.0},{"damage_healed":0.0,"max_hp_gain":0.0,"max_hp_loss":0.0,"gold_gain":0.0,"event_name":"FaceTrader","player_choice":"Trade","floor":13.0,"gold_loss":0.0,"damage_taken":0.0,"relics_obtained":["FaceOfCleric"]},{"damage_healed":0.0,"max_hp_gain":0.0,"max_hp_loss":0.0,"gold_gain":0.0,"event_name":"Match and Keep!","player_choice":"1 cards matched","floor":19.0,"gold_loss":0.0,"damage_taken":0.0,"cards_obtained":["Blind"]},{"damage_healed":0.0,"max_hp_gain":0.0,"max_hp_loss":0.0,"gold_gain":0.0,"event_name":"Ghosts","player_choice":"Ignored","floor":27.0,"gold_loss":0.0,"damage_taken":0.0},{"damage_healed":0.0,"max_hp_gain":0.0,"max_hp_loss":0.0,"gold_gain":0.0,"event_name":"Addict","player_choice":"Obtained Relic","floor":29.0,"gold_loss":85.0,"damage_taken":0.0,"relics_obtained":["Paper Crane"]},{"damage_healed":0.0,"max_hp_gain":0.0,"max_hp_loss":0.0,"gold_gain":0.0,"event_name":"Cursed Tome","player_choice":"Ignored","floor":30.0,"gold_loss":0.0,"damage_taken":0.0},{"damage_healed":0.0,"max_hp_gain":0.0,"max_hp_loss":0.0,"gold_gain":0.0,"event_name":"Tomb of Lord Red Mask","player_choice":"Ignored","floor":37.0,"gold_loss":0.0,"damage_taken":0.0},{"damage_healed":0.0,"max_hp_gain":0.0,"max_hp_loss":0.0,"gold_gain":0.0,"event_name":"Mysterious Sphere","player_choice":"Fight","floor":39.0,"gold_loss":0.0,"damage_taken":0.0},{"damage_healed":0.0,"max_hp_gain":0.0,"max_hp_loss":0.0,"gold_gain":0.0,"event_name":"SensoryStone","player_choice":"Memory 3","floor":48.0,"gold_loss":0.0,"damage_taken":10.0}],"is_beta":false,"boss_relics":[{"not_picked":["HoveringKite","Calling Bell"],"picked":"Philosopher\u0027s Stone"},{"not_picked":["Fusion Hammer","Velvet Choker"],"picked":"Black Star"}],"items_purged_floors":[53],"is_endless":false,"potions_floor_spawned":[4,6,10,14,18,23,25,28,31,33,35,36,38,39,40,41,42,44,46,47,54],"ascension_level":1}}