{"host":"3y2rtlgteqp2nuo3","time":1612226518,"event":{"mods":["2.2 Compatiblity","AchievementEnabler","BaseMod","Colored Map","DeckTracker","Highlight Path","Keyboard Shortcuts","Minty Spire (QoL Compilation)","Permanent Neow","Quick Restart","StSLib","SuperFastMode","everything is the same but u backflip on backflip"],"gold_per_floor":[116,41,41,55,73,73,73,73,73,73,73,99,118,137,137,137,137],"floor_reached":16,"language":"KOR","playtime":305,"items_purged":["Strike_G"],"score":170,"play_id":"ded8eda7-6d77-4dc0-a196-8c5aa12fd43e","local_time":"20210202094158","is_ascension_mode":true,"campfire_choices":[{"data":"Poisoned Stab","floor":6.0,"key":"SMITH"},{"data":"Underhanded Strike","floor":8.0,"key":"SMITH"},{"data":"Acrobatics","floor":11.0,"key":"SMITH"},{"floor":15,"key":"REST"}],"circlet_count":0,"master_deck":["AscendersBane","Strike_G","Strike_G","Strike_G","Defend_G","Defend_G","Defend_G","Defend_G","Defend_G","Survivor","Neutralize+1","Poisoned Stab+1","Underhanded Strike+1","Acrobatics+1","Deadly Poison","Leg Sweep"],"relics":["Ring of the Snake","CeramicFish"],"acts_visited":["Exordium"],"potions_floor_usage":[14,14,16],"damage_taken":[{"damage":3.0,"enemies":"Cultist","floor":1.0,"turns":4.0},{"damage":0.0,"enemies":"Jaw Worm","floor":4.0,"turns":5.0},{"damage":4.0,"enemies":"Small Slimes","floor":5.0,"turns":3.0},{"damage":17.0,"enemies":"Exordium Wildlife","floor":12.0,"turns":3.0},{"damage":0.0,"enemies":"Large Slime","floor":13.0,"turns":3.0},{"damage":5,"enemies":"Gremlin Gang","floor":14,"turns":6},{"damage":50,"enemies":"Slime Boss","floor":16,"turns":10}],"seed_played":"2124901161431715054","potions_obtained":[{"floor":1.0,"key":"Regen Potion"},{"floor":13.0,"key":"Explosive Potion"},{"floor":14,"key":"Weak Potion"}],"is_trial":false,"path_per_floor":["M","$","?","M","M","R","$","R","T","$","R","M","M","M","R","B"],"character_chosen":"THE_SILENT","items_purchased":[],"campfire_rested":1,"item_purchase_floors":[],"current_hp_per_floor":[56,56,49,49,45,45,45,45,45,45,45,28,28,38,57,7,7],"gold":137,"neow_bonus":"UPGRADE_CARD","is_daily":false,"chose_seed":false,"campfire_upgraded":3,"win_rate":0.0,"timestamp":1612226518,"path_taken":["M","?","?","M","M","R","?","R","T","$","R","M","?","M","R","BOSS"],"items_purchased_type":[],"build_version":"2020-12-22","purchased_purges":1,"victory":false,"max_hp_per_floor":[66,66,66,66,66,66,66,66,66,66,66,66,66,66,66,66,66],"card_choices":[{"not_picked":["Expertise","Deadly Poison"],"picked":"Poisoned Stab","floor":1.0},{"not_picked":["Prepared","Deflect"],"picked":"Underhanded Strike","floor":4.0},{"not_picked":["Outmaneuver","PiercingWail"],"picked":"Acrobatics","floor":5.0},{"not_picked":["Dagger Spray","Poisoned Stab"],"picked":"Deadly Poison","floor":12.0},{"not_picked":["Infinite Blades","Riddle With Holes"],"picked":"Leg Sweep","floor":13.0},{"not_picked":["Backflip","Quick Slash","Dagger Throw"],"picked":"SKIP","floor":14}],"player_experience":743402,"relics_obtained":[{"floor":9.0,"key":"CeramicFish"}],"event_choices":[{"cards_removed":["Strike_G"],"damage_healed":0.0,"max_hp_gain":0.0,"max_hp_loss":0.0,"gold_gain":0.0,"event_name":"Golden Wing","player_choice":"Card Removal","floor":3.0,"gold_loss":0.0,"damage_taken":7.0}],"is_beta":false,"boss_relics":[],"items_purged_floors":[2],"is_endless":false,"potions_floor_spawned":[1,13,14],"killed_by":"Slime Boss","ascension_level":17}}