{"host":"r53pw7z744tg3fxg","time":1612232702,"event":{"mods":["AchievementEnabler","BaseMod","Colored Map","Colored Powertips","Highlight Path","Minty Spire (QoL Compilation)","Quick Restart","Transform Curses"],"gold_per_floor":[113,128,147,422,432,432,443,443,469,483,483,512,96,127,127,203,203,223,3,16,16,16,16,16,16,40,40,54,54,54,82,82,82,82],"floor_reached":33,"language":"ENG","playtime":779,"items_purged":["Regret"],"score":519,"play_id":"4bf760a9-f9ca-4572-89c9-7ef0b5683e92","local_time":"20210201192502","is_ascension_mode":true,"campfire_choices":[{"data":"Eruption","floor":6.0,"key":"SMITH"},{"data":"Wallop","floor":8.0,"key":"SMITH"},{"data":"BattleHymn","floor":11.0,"key":"SMITH"},{"floor":15.0,"key":"REST"},{"floor":23.0,"key":"REST"},{"floor":27.0,"key":"REST"},{"data":"Apotheosis","floor":29.0,"key":"SMITH"},{"floor":32.0,"key":"REST"}],"circlet_count":0,"master_deck":["AscendersBane","Strike_P+1","Strike_P+1","Strike_P+1","Strike_P+1","Defend_P+1","Defend_P+1","Defend_P+1","Defend_P+1","Eruption+1","Vigilance","Wallop+1","Consecrate","SashWhip","WheelKick","BattleHymn+1","BowlingBash","Apotheosis+1","Establishment","Dramatic Entrance"],"relics":["PureWater","Pen Nib","Smiling Mask","Toy Ornithopter","Medical Kit","Juzu Bracelet","Busted Crown","PrismaticShard","Enchiridion","Akabeko","Meat on the Bone"],"acts_visited":["Exordium","TheCity"],"potions_floor_usage":[],"damage_taken":[{"damage":0.0,"enemies":"Jaw Worm","floor":1.0,"turns":3.0},{"damage":1.0,"enemies":"Cultist","floor":2.0,"turns":4.0},{"damage":0.0,"enemies":"Small Slimes","floor":3.0,"turns":3.0},{"damage":0.0,"enemies":"Exordium Wildlife","floor":5.0,"turns":2.0},{"damage":0.0,"enemies":"Looter","floor":7.0,"turns":2.0},{"damage":4.0,"enemies":"Large Slime","floor":10.0,"turns":4.0},{"damage":34.0,"enemies":"Lagavulin","floor":12.0,"turns":5.0},{"damage":20.0,"enemies":"3 Sentries","floor":14.0,"turns":4.0},{"damage":4.0,"enemies":"Hexaghost","floor":16.0,"turns":7.0},{"damage":24.0,"enemies":"Shell Parasite","floor":18.0,"turns":5.0},{"damage":0.0,"enemies":"Spheric Guardian","floor":20.0,"turns":2.0},{"damage":11.0,"enemies":"Centurion and Healer","floor":28.0,"turns":3.0},{"damage":29.0,"enemies":"Book of Stabbing","floor":31.0,"turns":5.0},{"damage":111,"enemies":"Collector","floor":33,"turns":7}],"seed_played":"4673101322260093215","potions_obtained":[{"floor":2.0,"key":"SteroidPotion"},{"floor":5.0,"key":"Weak Potion"},{"floor":10.0,"key":"Dexterity Potion"},{"floor":28.0,"key":"SteroidPotion"}],"is_trial":false,"path_per_floor":["M","M","M","?","M","R","M","R","T","M","R","E","$","E","R","B",null,"M","$","M","?","?","R","$","?","T","R","M","R","?","E","R","B"],"character_chosen":"WATCHER","items_purchased":["Medical Kit","Apotheosis","PrismaticShard","Block Potion"],"campfire_rested":4,"item_purchase_floors":[13,13,19,19],"current_hp_per_floor":[61,60,60,60,60,60,60,60,60,56,56,22,22,2,22,18,56,32,32,32,32,32,52,52,31,31,51,45,45,59,35,55,0,0],"gold":82,"neow_bonus":"RANDOM_COMMON_RELIC","is_daily":false,"chose_seed":false,"campfire_upgraded":4,"win_rate":0.0,"timestamp":1612232702,"path_taken":["M","M","M","?","M","R","M","R","T","M","R","E","?","E","R","BOSS","M","$","M","?","?","R","?","?","T","R","M","R","?","E","R","BOSS"],"items_purchased_type":["Relic","Card","Relic","Potion"],"build_version":"2020-12-22","purchased_purges":1,"victory":false,"max_hp_per_floor":[68,68,68,68,68,68,68,68,68,68,68,68,68,68,68,68,68,68,68,68,68,68,68,68,68,68,68,68,68,68,68,68,68,68],"card_choices":[{"not_picked":["Crescendo","CrushJoints"],"picked":"Wallop","floor":1.0},{"not_picked":["Collect","Evaluate"],"picked":"Consecrate","floor":2.0},{"not_picked":["Wireheading","Perseverance"],"picked":"SashWhip","floor":3.0},{"not_picked":["ClearTheMind","SashWhip"],"picked":"WheelKick","floor":5.0},{"not_picked":["Evaluate","Sanctity"],"picked":"BattleHymn","floor":7.0},{"not_picked":["ConjureBlade","InnerPeace"],"picked":"BowlingBash","floor":10.0},{"not_picked":["Perseverance","Tantrum","EmptyMind"],"picked":"SKIP","floor":12.0},{"not_picked":["Weave","BattleHymn","ThirdEye"],"picked":"SKIP","floor":14.0},{"not_picked":["Ragnarok","Wish"],"picked":"Establishment","floor":16.0},{"not_picked":["Consecrate"],"picked":"SKIP","floor":18.0},{"not_picked":[],"picked":"Dramatic Entrance","floor":20.0},{"not_picked":["Sever Soul"],"picked":"SKIP","floor":28.0},{"not_picked":["Reflex+1"],"picked":"SKIP","floor":31.0}],"player_experience":1418625,"relics_obtained":[{"floor":9.0,"key":"Smiling Mask"},{"floor":12.0,"key":"Toy Ornithopter"},{"floor":14.0,"key":"Juzu Bracelet"},{"floor":25.0,"key":"Enchiridion"},{"floor":26.0,"key":"Akabeko"},{"floor":31.0,"key":"Meat on the Bone"}],"event_choices":[{"damage_healed":0.0,"max_hp_gain":0.0,"max_hp_loss":0.0,"gold_gain":275.0,"event_name":"Golden Shrine","player_choice":"Desecrate","floor":4.0,"gold_loss":0.0,"damage_taken":0.0,"cards_obtained":["Regret"]},{"damage_healed":0.0,"max_hp_gain":0.0,"max_hp_loss":0.0,"gold_gain":0.0,"event_name":"Back to Basics","player_choice":"Simplicity","floor":21.0,"gold_loss":0.0,"damage_taken":0.0,"cards_upgraded":["Strike_P","Strike_P","Strike_P","Strike_P","Defend_P","Defend_P","Defend_P","Defend_P"]},{"damage_healed":0.0,"max_hp_gain":0.0,"max_hp_loss":0.0,"gold_gain":0.0,"event_name":"Ghosts","player_choice":"Ignored","floor":22.0,"gold_loss":0.0,"damage_taken":0.0},{"damage_healed":0.0,"max_hp_gain":0.0,"max_hp_loss":0.0,"gold_gain":0.0,"event_name":"Cursed Tome","player_choice":"Obtained Book","floor":25.0,"gold_loss":0.0,"damage_taken":21.0},{"damage_healed":14.0,"max_hp_gain":0.0,"max_hp_loss":0.0,"gold_gain":0.0,"event_name":"The Library","player_choice":"Heal","floor":30.0,"gold_loss":0.0,"damage_taken":0.0}],"is_beta":false,"boss_relics":[{"not_picked":["Fusion Hammer","SlaversCollar"],"picked":"Busted Crown"}],"items_purged_floors":[13],"is_endless":false,"potions_floor_spawned":[2,5,10,28],"killed_by":"Collector","ascension_level":18}}