{"host":"gbbz8f5svnnpwo8d","time":1612271328,"event":{"mods":["AchievementEnabler","AlwaysNeverKeys","BaseMod","Bestiary","Better Altar","Better Match","Better Note","Better Sensory Stone","Better Silent Start","Better Skull","Better Third Choice","Better Vampires","Better-Laid Plans","BetterRewards","Block Reminder","Colored Map","Colored Powertips","Curses Come First","Dark Map","Displayed Cursed Tome","GifTheSpireLib","Minty Spire (QoL Compilation)","MonsterHotkey","Permanent Neow","Potion Indicator Mod","Quick Restart","Random Character Button","Rare Cards Sparkle","Relic Stats","Shop Mod","Spicy Shops","Spire Birthday Party","StSLib","Transform Curses"],"gold_per_floor":[115,126,126,126,144,144,164,164,187,222,280,280,311,62,62,192,192,221,161,188,188,217,264,36,36,36,51,65,65,85,110,110,248,248,276,52,73,145,145,145,145,145,145,478,488,513,524,524,524,524,524,524,18,47,47,47],"floor_reached":55,"language":"ENG","playtime":1881,"items_purged":["Strike_R"],"score":972,"play_id":"feef042d-4755-48df-b17e-b26ad3eaa888","local_time":"20210202060848","is_ascension_mode":false,"campfire_choices":[{"data":"Deep Breath","floor":6.0,"key":"SMITH"},{"data":"Carnage","floor":8.0,"key":"SMITH"},{"data":"Consecrate","floor":12.0,"key":"SMITH"},{"data":"Good Instincts","floor":15.0,"key":"SMITH"},{"data":"Hologram","floor":25.0,"key":"SMITH"},{"data":"Reboot","floor":29.0,"key":"SMITH"},{"data":"Bash","floor":32.0,"key":"SMITH"},{"data":"Phantasmal Killer","floor":40.0,"key":"SMITH"},{"data":"White Noise","floor":42.0,"key":"SMITH"},{"data":"Adrenaline","floor":49,"key":"SMITH"},{"data":"Shrug It Off","floor":52,"key":"SMITH"}],"circlet_count":0,"master_deck":["Strike_R","Strike_R","Strike_R","Defend_R","Defend_R","Defend_R","Defend_R","Bash+1","Finesse","Carnage+1","Reckless Charge","CrushJoints+1","Deep Breath+1","Good Instincts+1","Warcry+1","Hologram+1","Beam Cell+1","Reboot+1","Flash of Steel","Phantasmal Killer+1","White Noise+1","Shrug It Off+1","Adrenaline+1","Choke+1","Seeing Red","Secret Technique","Dark Shackles","Metallicize","Leap+1"],"relics":["Burning Blood","Ancient Tea Set","Oddly Smooth Stone","Anchor","PrismaticShard","Lantern","Bag of Marbles","MerchantsRug","SlaversCollar","Nunchaku","Happy Flower","Cursed Key","Vajra","FossilizedHelix","Membership Card","Champion Belt","White Beast Statue"],"acts_visited":["Exordium","TheCity","TheBeyond","TheEnding"],"potions_floor_usage":[50,55,55,55],"damage_taken":[{"damage":0.0,"enemies":"Small Slimes","floor":1.0,"turns":3.0},{"damage":0.0,"enemies":"2 Louse","floor":2.0,"turns":2.0},{"damage":1.0,"enemies":"Jaw Worm","floor":5.0,"turns":2.0},{"damage":0.0,"enemies":"Blue Slaver","floor":7.0,"turns":1.0},{"damage":0.0,"enemies":"3 Sentries","floor":10.0,"turns":4.0},{"damage":14.0,"enemies":"Gremlin Nob","floor":13.0,"turns":3.0},{"damage":0.0,"enemies":"Slime Boss","floor":16.0,"turns":5.0},{"damage":0.0,"enemies":"Chosen","floor":18.0,"turns":3.0},{"damage":4.0,"enemies":"2 Thieves","floor":20.0,"turns":4.0},{"damage":8.0,"enemies":"Shelled Parasite and Fungi","floor":22.0,"turns":3.0},{"damage":17.0,"enemies":"Gremlin Leader","floor":23.0,"turns":3.0},{"damage":18.0,"enemies":"Sentry and Sphere","floor":27.0,"turns":6.0},{"damage":5.0,"enemies":"Snake Plant","floor":28.0,"turns":3.0},{"damage":0.0,"enemies":"Centurion and Healer","floor":30.0,"turns":3.0},{"damage":0.0,"enemies":"Shelled Parasite and Fungi","floor":31.0,"turns":3.0},{"damage":61.0,"enemies":"Automaton","floor":33.0,"turns":9.0},{"damage":0.0,"enemies":"Orb Walker","floor":35.0,"turns":2.0},{"damage":0.0,"enemies":"3 Shapes","floor":37.0,"turns":1.0},{"damage":4.0,"enemies":"Mind Bloom Boss Battle","floor":38.0,"turns":5.0},{"damage":0,"enemies":"Maw","floor":45,"turns":4},{"damage":7,"enemies":"Writhing Mass","floor":46,"turns":3},{"damage":0,"enemies":"3 Darklings","floor":47,"turns":4},{"damage":59,"enemies":"Donu and Deca","floor":50,"turns":8},{"damage":4,"enemies":"Shield and Spear","floor":54,"turns":7},{"damage":102,"enemies":"The Heart","floor":55,"turns":8}],"seed_played":"4647408753202446712","potions_obtained":[{"floor":2.0,"key":"Explosive Potion"},{"floor":10.0,"key":"SkillPotion"},{"floor":13.0,"key":"SteroidPotion"},{"floor":20.0,"key":"Fire Potion"},{"floor":23.0,"key":"Dexterity Potion"},{"floor":30.0,"key":"Explosive Potion"},{"floor":37.0,"key":"LiquidBronze"},{"floor":38.0,"key":"DuplicationPotion"},{"floor":45,"key":"LiquidMemories"},{"floor":54,"key":"Ancient Potion"}],"is_trial":false,"path_per_floor":["M","M","?","?","M","R","M","R","T","E","?","R","E","$","R","B",null,"M","?","M","?","M","E","$","R","T","M","M","R","M","M","R","B",null,"M","$","M","?","?","R","T","R","T","?","M","M","M","?","R","B",null,"R","$","E","B"],"character_chosen":"IRONCLAD","items_purchased":["Lee\u0027s Waffle","Ancient Tea Set","Oddly Smooth Stone","Anchor","PrismaticShard","Finesse","Carnage","Reckless Charge","Bag of Marbles","MerchantsRug","Happy Flower","Flash of Steel","Vajra","Shrug It Off","Membership Card","Champion Belt","Seeing Red","Secret Technique","Dark Shackles","Metallicize"],"campfire_rested":0,"item_purchase_floors":[0,0,0,0,0,0,0,0,14,14,24,24,36,36,53,53,53,53,53,53],"current_hp_per_floor":[87,87,87,66,71,71,77,77,77,90,90,90,82,82,82,88,94,94,94,94,94,92,81,81,81,81,69,70,70,76,82,82,27,94,94,94,94,94,94,94,94,94,94,94,94,93,94,94,94,41,94,94,94,94,0,0],"gold":47,"neow_bonus":"","is_daily":false,"chose_seed":false,"campfire_upgraded":11,"win_rate":0.0,"timestamp":1612271328,"path_taken":["M","M","?","?","M","R","?","R","T","E","?","R","E","$","R","BOSS","M","?","?","?","M","E","$","R","T","?","M","R","M","M","R","BOSS","M","?","?","?","?","R","?","R","T","?","?","M","M","?","R","BOSS","R","$","E","BOSS"],"items_purchased_type":["Relic","Relic","Relic","Relic","Relic","Card","Card","Card","Relic","Relic","Relic","Card","Relic","Card","Relic","Relic","Card","Card","Card","Card"],"build_version":"2020-12-22","purchased_purges":1,"victory":false,"max_hp_per_floor":[87,87,87,87,87,87,87,87,87,94,94,94,94,94,94,94,94,94,94,94,94,94,94,94,94,94,94,94,94,94,94,94,94,94,94,94,94,94,94,94,94,94,94,94,94,94,94,94,94,94,94,94,94,94,94,94],"relic_stats":{"Nunchaku":[21],"Happy Flower":[87],"counters":[122,542],"Champion Belt":[10],"Cursed Key":0,"obtain_stats":[{"Ice Cream":0,"Calipers":37,"Gremlin Horn":25,"CeramicFish":44,"Vajra":0,"Whetstone":6,"Ginger":0,"Boot":14,"Sozu":17,"Centennial Puzzle":48,"DollysMirror":53,"Strawberry":53,"MealTicket":37,"Kunai":29,"Toxic Egg 2":26,"MerchantsRug":0,"Girya":0,"Pear":46,"Happy Flower":26,"Oddly Smooth Stone":53,"Eternal Feather":52,"Pen Nib":54,"Charon\u0027s Ashes":53,"Letter Opener":53,"Question Card":30,"SlaversCollar":17,"Shuriken":41,"Bird Faced Urn":0,"Bronze Scales":42,"Mark of Pain":34,"StrikeDummy":54,"Meat on the Bone":24,"Lantern":44,"reliquary:Firecrackers":43,"Black Blood":17,"StoneCalendar":37,"Incense Burner":0,"Juzu Bracelet":8,"Bag of Preparation":44,"Ancient Tea Set":0,"PrismaticShard":0,"Cursed Key":34,"Burning Blood":0,"ClockworkSouvenir":45,"Nunchaku":23,"Shovel":0,"Mummified Hand":0,"Gambling Chip":40,"Pantograph":52,"Tiny Chest":31,"reliquary:RoseTintedGlasses":45,"Red Mask":45,"InkBottle":27,"Red Skull":27,"Paper Frog":13,"Potion Belt":43,"Lee\u0027s Waffle":30,"Self Forming Clay":40,"Golden Idol":4,"PreservedInsect":31,"The Courier":48,"Omamori":12,"Odd Mushroom":13,"White Beast Statue":54,"Peace Pipe":0,"Anchor":0,"Busted Crown":17,"Art of War":9,"reliquary:TuningFork":31,"Bag of Marbles":44,"Membership Card":0,"Bottled Lightning":49,"Champion Belt":53,"TungstenRod":9,"FossilizedHelix":26,"Toy Ornithopter":22},{"Ice Cream":0,"Calipers":70,"Gremlin Horn":38,"CeramicFish":46,"Vajra":78,"Whetstone":4,"Ginger":51,"Boot":83,"Sozu":84,"Centennial Puzzle":48,"DollysMirror":49,"Strawberry":95,"MealTicket":91,"Kunai":66,"Toxic Egg 2":65,"MerchantsRug":0,"Girya":24,"Pear":19,"Happy Flower":11,"Oddly Smooth Stone":49,"Eternal Feather":76,"Pen Nib":23,"Charon\u0027s Ashes":49,"Letter Opener":22,"Question Card":40,"SlaversCollar":104,"Shuriken":72,"Bird Faced Urn":0,"Bronze Scales":46,"Mark of Pain":14,"StrikeDummy":50,"Meat on the Bone":38,"Lantern":73,"reliquary:Firecrackers":46,"Black Blood":61,"StoneCalendar":43,"Incense Burner":0,"Juzu Bracelet":5,"Bag of Preparation":73,"Ancient Tea Set":97,"PrismaticShard":97,"Cursed Key":113,"Burning Blood":0,"ClockworkSouvenir":46,"Nunchaku":108,"Shovel":24,"Mummified Hand":51,"Gambling Chip":18,"Pantograph":49,"Tiny Chest":67,"reliquary:RoseTintedGlasses":46,"Red Mask":73,"InkBottle":11,"Red Skull":38,"Paper Frog":32,"Potion Belt":19,"Lee\u0027s Waffle":66,"Self Forming Clay":45,"Golden Idol":99,"PreservedInsect":40,"The Courier":75,"Omamori":82,"Odd Mushroom":7,"White Beast Statue":121,"Peace Pipe":78,"Anchor":97,"Busted Crown":8,"Art of War":30,"reliquary:TuningFork":40,"Bag of Marbles":73,"Membership Card":24,"Bottled Lightning":48,"Champion Belt":120,"TungstenRod":5,"FossilizedHelix":38,"Toy Ornithopter":63},{"Ice Cream":0,"Calipers":328,"Gremlin Horn":201,"CeramicFish":226,"Vajra":375,"Whetstone":13,"Ginger":247,"Boot":387,"Sozu":393,"Centennial Puzzle":231,"DollysMirror":237,"Strawberry":433,"MealTicket":418,"Kunai":297,"Toxic Egg 2":294,"MerchantsRug":0,"Girya":164,"Pear":113,"Happy Flower":58,"Oddly Smooth Stone":237,"Eternal Feather":362,"Pen Nib":150,"Charon\u0027s Ashes":237,"Letter Opener":139,"Question Card":207,"SlaversCollar":463,"Shuriken":337,"Bird Faced Urn":0,"Bronze Scales":226,"Mark of Pain":80,"StrikeDummy":240,"Meat on the Bone":201,"Lantern":342,"reliquary:Firecrackers":226,"Black Blood":277,"StoneCalendar":215,"Incense Burner":0,"Juzu Bracelet":21,"Bag of Preparation":342,"Ancient Tea Set":443,"PrismaticShard":443,"Cursed Key":500,"Burning Blood":0,"ClockworkSouvenir":226,"Nunchaku":476,"Shovel":164,"Mummified Hand":247,"Gambling Chip":108,"Pantograph":237,"Tiny Chest":305,"reliquary:RoseTintedGlasses":226,"Red Mask":342,"InkBottle":58,"Red Skull":201,"Paper Frog":181,"Potion Belt":113,"Lee\u0027s Waffle":297,"Self Forming Clay":222,"Golden Idol":448,"PreservedInsect":207,"The Courier":351,"Omamori":385,"Odd Mushroom":29,"White Beast Statue":534,"Peace Pipe":375,"Anchor":443,"Busted Crown":41,"Art of War":178,"reliquary:TuningFork":207,"Bag of Marbles":342,"Membership Card":164,"Bottled Lightning":231,"Champion Belt":527,"TungstenRod":21,"FossilizedHelix":201,"Toy Ornithopter":286}],"Burning Blood":622},"card_choices":[{"not_picked":["Shockwave","Perfected Strike"],"picked":"CrushJoints","floor":1.0},{"not_picked":["MentalFortress","WaveOfTheHand"],"picked":"Deep Breath","floor":2.0},{"not_picked":["CrushJoints","Machine Learning"],"picked":"Good Instincts","floor":5.0},{"not_picked":["Anger","Perseverance","Ball Lightning"],"picked":"SKIP","floor":7.0},{"not_picked":["Amplify","Pummel"],"picked":"Consecrate","floor":10.0},{"not_picked":["Wild Strike","SashWhip","Underhanded Strike"],"picked":"SKIP","floor":13.0},{"not_picked":["Wild Strike","Outmaneuver+1"],"picked":"Warcry+1","floor":18.0},{"not_picked":["Underhanded Strike","Purity"],"picked":"Hologram","floor":20.0},{"not_picked":["Rip and Tear","Combust"],"picked":"Beam Cell+1","floor":22.0},{"not_picked":["Noxious Fumes","Underhanded Strike"],"picked":"Reboot","floor":23.0},{"not_picked":["SignatureMove","Predator","Scrape"],"picked":"SKIP","floor":27.0},{"not_picked":["PathToVictory","Poisoned Stab","SashWhip"],"picked":"SKIP","floor":28.0},{"not_picked":["Flying Knee","Acrobatics","Heavy Blade+1"],"picked":"SKIP","floor":30.0},{"not_picked":["Go for the Eyes","Clash","MentalFortress"],"picked":"SKIP","floor":31.0},{"not_picked":["Double Tap","After Image"],"picked":"Phantasmal Killer","floor":33.0},{"not_picked":["FlurryOfBlows+1","Hologram+1"],"picked":"White Noise","floor":35.0},{"not_picked":["Conserve Battery+1","Redo+1","Dodge and Roll+1"],"picked":"SKIP","floor":37.0},{"not_picked":["Dash","Coolheaded+1"],"picked":"Adrenaline","floor":38.0},{"not_picked":["Caltrops+1","Headbutt","Body Slam"],"picked":"SKIP","floor":45},{"not_picked":["Clash+1","Iron Wave"],"picked":"Choke+1","floor":46},{"not_picked":["Dagger Spray+1","Metallicize","Protect"],"picked":"SKIP","floor":47},{"not_picked":["Whirlwind+1","BowlingBash+1"],"picked":"Leap+1","floor":54}],"player_experience":3669024,"relics_obtained":[{"floor":9.0,"key":"Lantern"},{"floor":10.0,"key":"Strawberry"},{"floor":13.0,"key":"CeramicFish"},{"floor":23.0,"key":"Nunchaku"},{"floor":26.0,"key":"Art of War"},{"floor":38.0,"key":"FossilizedHelix"},{"floor":54,"key":"White Beast Statue"}],"event_choices":[{"damage_healed":0.0,"max_hp_gain":0.0,"max_hp_loss":0.0,"gold_gain":0.0,"event_name":"Living Wall","player_choice":"Grow","floor":3.0,"gold_loss":0.0,"damage_taken":0.0,"cards_upgraded":["CrushJoints"]},{"damage_healed":0.0,"max_hp_gain":0.0,"max_hp_loss":0.0,"gold_gain":0.0,"event_name":"Golden Idol","player_choice":"Take Damage","floor":4.0,"gold_loss":0.0,"damage_taken":21.0,"relics_obtained":["Golden Idol"]},{"damage_healed":0.0,"max_hp_gain":0.0,"max_hp_loss":0.0,"gold_gain":58.0,"event_name":"Golden Wing","player_choice":"Gained Gold","floor":11.0,"gold_loss":0.0,"damage_taken":0.0},{"cards_removed":["Strike_R"],"damage_healed":0.0,"max_hp_gain":0.0,"max_hp_loss":0.0,"gold_gain":0.0,"event_name":"Designer","player_choice":"Single Remove","floor":19.0,"gold_loss":60.0,"damage_taken":0.0},{"cards_removed":["Strike_R"],"damage_healed":0.0,"max_hp_gain":0.0,"max_hp_loss":0.0,"gold_gain":0.0,"event_name":"betterNote:BetterNote","player_choice":"Give","floor":21.0,"gold_loss":0.0,"damage_taken":0.0,"cards_obtained":["Strike_G"]},{"damage_healed":0.0,"max_hp_gain":0.0,"max_hp_loss":0.0,"gold_gain":0.0,"event_name":"MindBloom","player_choice":"Fight","floor":38.0,"gold_loss":0.0,"damage_taken":0.0},{"damage_healed":0.0,"max_hp_gain":0.0,"max_hp_loss":0.0,"gold_gain":0.0,"event_name":"Tomb of Lord Red Mask","player_choice":"Ignored","floor":39.0,"gold_loss":0.0,"damage_taken":0.0},{"damage_healed":0,"gold_gain":333,"player_choice":"Gave Idol","damage_taken":0,"max_hp_gain":0,"max_hp_loss":0,"event_name":"The Moai Head","floor":44,"relics_lost":["Golden Idol"],"gold_loss":0},{"cards_removed":["Consecrate"],"damage_healed":0,"gold_gain":0,"player_choice":"Removed Attack","damage_taken":0,"max_hp_gain":0,"max_hp_loss":0,"event_name":"Falling","floor":48,"gold_loss":0}],"is_beta":false,"boss_relics":[{"not_picked":["Philosopher\u0027s Stone","Coffee Dripper"],"picked":"SlaversCollar"},{"not_picked":["Snecko Eye","Fusion Hammer"],"picked":"Cursed Key"}],"items_purged_floors":[53],"is_endless":false,"potions_floor_spawned":[2,10,13,20,23,30,37,38,45,54],"killed_by":"The Heart","ascension_level":0}}