{"host":"5zhjtp2pgwgfdund","time":1612240502,"event":{"mods":["2.2 Compatiblity","AchievementEnabler","Act Like it!","BaseMod","Colored Map","Colored Powertips","Downfall","Gensokyo","Infinite Spire","Minty Spire (QoL Compilation)","Replay The Spire","Shop Mod","StSLib","The Bug Knight","The Jungle"],"gold_per_floor":[99,113,131,131,142,161,161,179,196,214,244,244,244,260,272,370,370,370,390,390,490,490,518,599,615,615,615,415,425,425,435,451,451,451,451],"floor_reached":33,"language":"ENG","playtime":3278,"items_purged":[],"score":323,"play_id":"8c214193-c20d-457c-a3f6-5bd9fc349974","local_time":"20210201233502","is_ascension_mode":false,"campfire_choices":[{"floor":1.0,"key":"DIG"},{"floor":12.0,"key":"DIG"},{"floor":18,"key":"RECALL"},{"floor":28,"key":"REST"},{"floor":30,"key":"REST"}],"circlet_count":0,"master_deck":["hexamod:Strike+1","hexamod:Strike+1","hexamod:Strike+1","hexamod:Strike+1","hexamod:Defend+1","hexamod:Defend+1","hexamod:Defend+1","hexamod:Defend+1","hexamod:Sear","hexamod:Float","hexamod:DynamicBlow","hexamod:HauntingEcho","hexamod:NightmareStrike","hexamod:NightmareStrike","hexamod:NightmareGuise","hexamod:DynamicBlow","hexamod:ShieldOfDarkness","hexamod:TimeWarp","hexamod:Hexaguard","hexamod:SpectersWail","hexamod:WildfireWeapon","hexamod:AdvancingGuard","hexamod:GhostflameBarrier+1","hexamod:SwordOfDarkness+1","RitualDagger","Writhe","hexamod:FirstSeal","hexamod:BacktrackSmack","hexamod:SwordOfDarkness"],"relics":["hexamod:UnbrokenSoul","Replay:Multitool","Blood Vial","Pear","Replay:Bottled Steam","HollowMod:StagPassRelic","infinitespire:EmpoweringShard","infinitespire:Lucky Rock","downfall:HeartBlessingRed","downfall:HeartBlessingBlue"],"acts_visited":["Exordium","TheCity"],"potions_floor_usage":[16,16,32,33,33],"damage_taken":[{"damage":1.0,"enemies":"Jaw Worm","floor":2.0,"turns":4.0},{"damage":0.0,"enemies":"Small Slimes","floor":3.0,"turns":3.0},{"damage":2.0,"enemies":"2 Louse","floor":5.0,"turns":3.0},{"damage":2.0,"enemies":"Blue Slaver","floor":6.0,"turns":3.0},{"damage":10.0,"enemies":"3 Louse","floor":8.0,"turns":3.0},{"damage":7.0,"enemies":"Exordium Wildlife","floor":9.0,"turns":4.0},{"damage":0.0,"enemies":"Large Slime","floor":10.0,"turns":8.0},{"damage":8.0,"enemies":"HollowMod:MossKnight","floor":11.0,"turns":7.0},{"damage":1.0,"enemies":"2 Fungi Beasts","floor":14.0,"turns":4.0},{"damage":0.0,"enemies":"Blue Slaver","floor":15.0,"turns":3.0},{"damage":69,"enemies":"WA_ARCHETYPE_RETAIN","floor":16,"turns":10},{"damage":0,"enemies":"Chosen","floor":19,"turns":4},{"damage":29,"enemies":"Replay:Snechameleon","floor":23,"turns":6},{"damage":19,"enemies":"Sentry and Sphere","floor":25,"turns":8},{"damage":2,"enemies":"Snake Plant","floor":29,"turns":3},{"damage":30,"enemies":"Centurion and Healer","floor":31,"turns":7},{"damage":13,"enemies":"3 Cultists","floor":32,"turns":4},{"damage":73,"enemies":"SI_MIRROR_ARCHETYPE","floor":33,"turns":12}],"seed_played":"1943474927488500531","potions_obtained":[{"floor":2.0,"key":"Reflective Coating"},{"floor":5.0,"key":"Milkshake"},{"floor":6.0,"key":"DistilledChaos"},{"floor":15,"key":"AttackPotion"},{"floor":19,"key":"sneckomod:MuddlingPotion"},{"floor":25,"key":"LiquidMemories"},{"floor":31,"key":"Block Potion"}],"is_trial":false,"path_per_floor":["R_BF","M","M","?","M","M","T","M","M","M","E","R","?","M","M","B",null,"R","M","?","?","?","E","T","M","?","?","R","M","R","M","M","B"],"character_chosen":"THE_SPIRIT","items_purchased":[],"campfire_rested":2,"item_purchase_floors":[],"current_hp_per_floor":[77,76,76,73,73,73,83,75,70,72,66,66,71,72,74,7,92,92,92,92,92,74,47,47,30,24,24,66,66,98,77,66,0,0,0],"gold":451,"neow_bonus":"TEN_PERCENT_HP_BONUS","is_daily":false,"chose_seed":false,"campfire_upgraded":0,"win_rate":0.0,"timestamp":1612240502,"path_taken":["R_BF","M","M","?","M","M","T","M","M","M","E","R","?","M","M","BOSS","R","M","?","?","?","E","T","M","?","?","R","M","R","M","M","BOSS"],"items_purchased_type":[],"build_version":"2020-12-22","purchased_purges":0,"victory":false,"max_hp_per_floor":[77,77,77,77,77,77,87,87,87,87,87,87,92,92,92,92,92,92,92,92,92,97,97,97,97,97,97,107,107,107,107,107,107,107,107],"card_choices":[{"not_picked":["hexamod:GhostLash","hexamod:ThermalTransfer"],"picked":"hexamod:DynamicBlow","floor":2.0},{"not_picked":["hexamod:RetreatToShadows","hexamod:RecurringNightmare"],"picked":"hexamod:HauntingEcho","floor":3.0},{"not_picked":["hexamod:SwordOfDarkness","hexamod:Hexaguard"],"picked":"hexamod:NightmareStrike","floor":5.0},{"not_picked":["hexamod:SecondSeal","hexamod:GhostOfSpirePresent"],"picked":"hexamod:NightmareStrike","floor":6.0},{"not_picked":["hexamod:GhostShield","hexamod:BurningTouch"],"picked":"hexamod:NightmareGuise","floor":8.0},{"not_picked":["hexamod:GhostShield","hexamod:RadiantFlame"],"picked":"hexamod:DynamicBlow","floor":9.0},{"not_picked":["hexamod:DynamicBlow","hexamod:GhostShield"],"picked":"hexamod:ShieldOfDarkness","floor":10.0},{"not_picked":["hexamod:RecurringNightmare","hexamod:EtherealExpedition"],"picked":"hexamod:TimeWarp","floor":11.0},{"not_picked":["hexamod:HeatCrush","hexamod:InspiringFlames"],"picked":"hexamod:Hexaguard","floor":14.0},{"not_picked":["hexamod:ThermalTransfer","hexamod:CatchUp"],"picked":"hexamod:SpectersWail","floor":15},{"not_picked":["hexamod:GhostflameInferno","hexamod:FifthSeal"],"picked":"hexamod:WildfireWeapon","floor":16},{"not_picked":["hexamod:InspiringFlames","hexamod:GhostShield"],"picked":"hexamod:AdvancingGuard","floor":19},{"not_picked":["hexamod:RecurringNightmare+1","hexamod:NightmareGuise"],"picked":"hexamod:GhostflameBarrier+1","floor":23},{"not_picked":["hexamod:FastForward","hexamod:HeatMetal"],"picked":"hexamod:SwordOfDarkness+1","floor":25},{"not_picked":["hexamod:NightmareGuise","hexamod:FastForward"],"picked":"hexamod:FirstSeal","floor":29},{"not_picked":["hexamod:Haunt","hexamod:UnlimitedPower"],"picked":"hexamod:BacktrackSmack","floor":31},{"not_picked":["hexamod:HauntingEcho+1","hexamod:HeatCrush"],"picked":"hexamod:SwordOfDarkness","floor":32}],"player_experience":125460,"relics_obtained":[{"floor":1.0,"key":"Replay:Multitool"},{"floor":7.0,"key":"Pear"},{"floor":11.0,"key":"Replay:Bottled Steam"},{"floor":12.0,"key":"HollowMod:StagPassRelic"},{"floor":23,"key":"infinitespire:EmpoweringShard"}],"event_choices":[{"damage_healed":0.0,"max_hp_gain":0.0,"max_hp_loss":0.0,"gold_gain":0.0,"event_name":"Scrap Ooze","player_choice":"Success","floor":4.0,"gold_loss":0.0,"damage_taken":3.0,"relics_obtained":["Blood Vial"]},{"damage_healed":0.0,"max_hp_gain":5.0,"max_hp_loss":0.0,"gold_gain":0.0,"event_name":"Big Fish","player_choice":"Donut","floor":13.0,"gold_loss":0.0,"damage_taken":0.0}],"is_beta":false,"boss_relics":[{"not_picked":["Cursed Key","Kintsugi"],"picked":"hexamod:UnbrokenSoul"}],"items_purged_floors":[],"is_endless":false,"potions_floor_spawned":[2,5,6,9,15,19,25,31],"killed_by":"SI_MIRROR_ARCHETYPE","ascension_level":0}}