{"host":"vlqejv0notyktumz","time":1612301765,"event":{"mods":["AchievementEnabler","BaseMod","Colored Map","Colored Powertips","Downfall","Googly Eyes","Minty Spire (QoL Compilation)","StSLib"],"gold_per_floor":[116,126,51,51,69,69,89,89,115,115,129,29,29,43,43,168,168,181,181,181,10,10,10,10,10],"floor_reached":24,"language":"ENG","playtime":567,"items_purged":["Strike_P","Strike_P","Strike_P"],"score":230,"play_id":"4c6e3a78-63ec-4de0-8c92-241963734cca","local_time":"20210202153605","is_ascension_mode":true,"campfire_choices":[{"data":"Evaluate","floor":6,"key":"SMITH"},{"data":"PathToVictory","floor":10,"key":"SMITH"},{"data":"PathToVictory","floor":13,"key":"SMITH"},{"data":"Protect","floor":15,"key":"SMITH"},{"data":"Defend_P","floor":23,"key":"SMITH"}],"circlet_count":0,"master_deck":["Strike_P","Defend_P","Defend_P+1","Defend_P","Defend_P","Eruption","Vigilance","PathToVictory+1","PathToVictory+1","Protect+1","Evaluate+1","Establishment","Protect"],"relics":["PureWater","Golden Idol","Strawberry","Black Star","Damaru"],"acts_visited":["Exordium","TheCity"],"potions_floor_usage":[11,24,24],"damage_taken":[{"damage":6,"enemies":"2 Louse","floor":1,"turns":4},{"damage":0,"enemies":"Jaw Worm","floor":2,"turns":4},{"damage":0,"enemies":"Cultist","floor":5,"turns":2},{"damage":0,"enemies":"3 Louse","floor":7,"turns":4},{"damage":4,"enemies":"Large Slime","floor":11,"turns":6},{"damage":0,"enemies":"Exordium Thugs","floor":14,"turns":3},{"damage":30,"enemies":"Hexaghost","floor":16,"turns":8},{"damage":11,"enemies":"Spheric Guardian","floor":18,"turns":5},{"damage":76,"enemies":"Gremlin Leader","floor":24,"turns":8}],"seed_played":"5130215101969132768","potions_obtained":[{"floor":2,"key":"ColorlessPotion"},{"floor":5,"key":"Ancient Potion"},{"floor":18,"key":"Slimebound:ThreeZeroPotion"}],"is_trial":false,"path_per_floor":["M","M","$","?","M","R","M","?","T","R","M","$","R","M","R","B",null,"M","?","?","$","?","R","E"],"character_chosen":"WATCHER","items_purchased":["Protect"],"campfire_rested":0,"item_purchase_floors":[21],"current_hp_per_floor":[66,66,66,71,71,71,71,71,78,78,74,74,74,74,74,44,70,59,59,59,59,59,59,0,0],"gold":10,"neow_bonus":"THREE_CARDS","is_daily":false,"chose_seed":false,"campfire_upgraded":5,"win_rate":0.0,"timestamp":1612301765,"path_taken":["M","M","$","?","M","R","M","?","T","R","M","?","R","?","R","BOSS","M","?","?","$","?","R","E"],"items_purchased_type":["Card"],"build_version":"2020-12-22","purchased_purges":3,"victory":false,"max_hp_per_floor":[72,72,72,77,77,77,77,71,78,78,78,78,78,78,78,78,78,78,78,78,78,78,78,78,78],"card_choices":[{"not_picked":["FearNoEvil","ThirdEye"],"picked":"PathToVictory","floor":0},{"not_picked":["Halt","TalkToTheHand"],"picked":"PathToVictory","floor":1},{"not_picked":["ThirdEye","Crescendo"],"picked":"Protect","floor":2},{"not_picked":["Consecrate","JustLucky"],"picked":"Evaluate","floor":5},{"not_picked":["Consecrate","ClearTheMind","Adaptation"],"picked":"SKIP","floor":7},{"not_picked":["Conclude","Prostrate","Adaptation"],"picked":"SKIP","floor":11},{"not_picked":["Fasting2","JustLucky","CarveReality"],"picked":"SKIP","floor":14},{"not_picked":["Vault","SpiritShield"],"picked":"Establishment","floor":16},{"not_picked":["ClearTheMind","FlurryOfBlows+1","FollowUp"],"picked":"SKIP","floor":18}],"player_experience":388268,"relics_obtained":[{"floor":9,"key":"Strawberry"}],"event_choices":[{"damage_healed":0,"gold_gain":0,"player_choice":"Donut","damage_taken":0,"max_hp_gain":5,"max_hp_loss":0,"event_name":"Big Fish","floor":4,"gold_loss":0},{"damage_healed":0,"gold_gain":0,"player_choice":"Lose Max HP","damage_taken":0,"relics_obtained":["Golden Idol"],"max_hp_gain":0,"max_hp_loss":6,"event_name":"Golden Idol","floor":8,"gold_loss":0},{"damage_healed":0,"gold_gain":0,"player_choice":"Ignored","damage_taken":0,"max_hp_gain":0,"max_hp_loss":0,"event_name":"Ghosts","floor":19,"gold_loss":0},{"damage_healed":0,"gold_gain":0,"player_choice":"Opened","damage_taken":0,"relics_obtained":["Damaru"],"max_hp_gain":0,"max_hp_loss":0,"event_name":"The Mausoleum","floor":20,"gold_loss":0}],"is_beta":false,"boss_relics":[{"not_picked":["Philosopher\u0027s Stone","Coffee Dripper"],"picked":"Black Star"}],"items_purged_floors":[3,12,21],"is_endless":false,"potions_floor_spawned":[2,5,18],"killed_by":"Gremlin Leader","ascension_level":5}}