{"host":"yqw1zpryoutrnocq","time":1612299730,"event":{"mods":["2.2 Compatiblity","AchievementEnabler","BaseMod","Colored Map","Custom Start","DeckTracker","Minty Spire (QoL Compilation)","StSLib","SuperFastMode"],"gold_per_floor":[114,124,124,22,22,22,58,4,4,4,4,4,45,61,61,192,192,208,223,1,20,20,20],"floor_reached":22,"language":"KOR","playtime":543,"items_purged":[],"score":259,"play_id":"020b32a4-511d-49b6-a20c-cc17e9185177","local_time":"20210202150210","is_ascension_mode":true,"campfire_choices":[{"data":"Envenom","floor":6,"key":"SMITH"},{"data":"Blade Dance","floor":11,"key":"SMITH"},{"data":"Cloak And Dagger","floor":15,"key":"SMITH"}],"circlet_count":0,"master_deck":["Strike_G","Strike_G","Strike_G","Strike_G","Strike_G","Defend_G","Defend_G","Defend_G","Defend_G","Defend_G","Survivor","Neutralize","Envenom+1","Cloak And Dagger+1","Endless Agony","Noxious Fumes+1","Acrobatics","PiercingWail","Blade Dance+1","Backflip","Well Laid Plans","Glass Knife","Poisoned Stab","Crippling Poison","After Image","Blade Dance"],"relics":["Ring of the Snake","Golden Idol","Ancient Tea Set","Eternal Feather","HornCleat","Philosopher\u0027s Stone","Membership Card"],"acts_visited":["Exordium","TheCity"],"potions_floor_usage":[7,18,21,21],"damage_taken":[{"damage":0,"enemies":"Cultist","floor":1,"turns":5},{"damage":6,"enemies":"Small Slimes","floor":2,"turns":5},{"damage":18,"enemies":"3 Sentries","floor":7,"turns":7},{"damage":19,"enemies":"Gremlin Nob","floor":13,"turns":4},{"damage":1,"enemies":"2 Louse","floor":14,"turns":2},{"damage":2,"enemies":"Hexaghost","floor":16,"turns":7},{"damage":0,"enemies":"Chosen","floor":18,"turns":4},{"damage":21,"enemies":"2 Thieves","floor":19,"turns":4},{"damage":16,"enemies":"Snecko","floor":21,"turns":5},{"damage":40,"enemies":"Shelled Parasite and Fungi","floor":22,"turns":4}],"seed_played":"6295395677471230418","potions_obtained":[{"floor":2,"key":"DistilledChaos"},{"floor":14,"key":"Fire Potion"},{"floor":16,"key":"Regen Potion"},{"floor":19,"key":"LiquidMemories"}],"is_trial":false,"path_per_floor":["M","M","?","$","?","R","E","$","T","$","R","?","E","M","R","B",null,"M","M","$","M","M"],"character_chosen":"THE_SILENT","items_purchased":["Noxious Fumes","Acrobatics","Blade Dance","Membership Card","After Image"],"campfire_rested":0,"item_purchase_floors":[4,4,8,20,20],"current_hp_per_floor":[63,57,57,57,62,62,44,44,44,44,53,53,34,33,45,43,63,63,42,42,38,0,0],"gold":20,"neow_bonus":"ONE_RANDOM_RARE_CARD","is_daily":false,"chose_seed":false,"campfire_upgraded":3,"win_rate":0.0,"timestamp":1612299730,"path_taken":["M","?","?","$","?","R","E","?","T","$","R","?","E","M","R","BOSS","M","M","$","M","M"],"items_purchased_type":["Card","Card","Card","Relic","Card"],"build_version":"2020-12-22","purchased_purges":0,"victory":false,"max_hp_per_floor":[70,70,65,65,70,70,70,70,70,70,70,70,70,70,70,70,70,70,70,70,70,70,70],"card_choices":[{"not_picked":["Poisoned Stab","Backflip"],"picked":"Cloak And Dagger","floor":1},{"not_picked":["Well Laid Plans","Flying Knee"],"picked":"Endless Agony","floor":2},{"not_picked":["Skewer","Poisoned Stab"],"picked":"PiercingWail","floor":7},{"not_picked":["Grand Finale","Dash"],"picked":"Backflip","floor":13},{"not_picked":["Deadly Poison","Skewer"],"picked":"Well Laid Plans","floor":14},{"not_picked":["A Thousand Cuts","Wraith Form v2"],"picked":"Glass Knife","floor":16},{"not_picked":["Underhanded Strike","Distraction"],"picked":"Poisoned Stab","floor":18},{"not_picked":["Predator","All Out Attack"],"picked":"Crippling Poison","floor":19},{"not_picked":["Prepared","Quick Slash+1"],"picked":"Blade Dance","floor":21}],"player_experience":266468,"relics_obtained":[{"floor":7,"key":"Ancient Tea Set"},{"floor":9,"key":"Eternal Feather"},{"floor":13,"key":"HornCleat"}],"event_choices":[{"damage_healed":0,"gold_gain":0,"player_choice":"Lose Max HP","damage_taken":0,"relics_obtained":["Golden Idol"],"max_hp_gain":0,"max_hp_loss":5,"event_name":"Golden Idol","floor":3,"gold_loss":0},{"damage_healed":0,"gold_gain":0,"player_choice":"Donut","damage_taken":0,"max_hp_gain":5,"max_hp_loss":0,"event_name":"Big Fish","floor":5,"gold_loss":0},{"damage_healed":0,"gold_gain":0,"player_choice":"Grow","damage_taken":0,"max_hp_gain":0,"max_hp_loss":0,"event_name":"Living Wall","floor":12,"gold_loss":0,"cards_upgraded":["Noxious Fumes"]}],"is_beta":false,"boss_relics":[{"not_picked":["Cursed Key","Coffee Dripper"],"picked":"Philosopher\u0027s Stone"}],"items_purged_floors":[],"is_endless":false,"potions_floor_spawned":[2,14,16,19],"killed_by":"Shelled Parasite and Fungi","ascension_level":7}}