{"host":"w4c9oc640fn2feul","time":1612297016,"event":{"mods":["AchievementEnabler","Act Like it!","Aspiration","BaseMod","BetterRewards","Conspire","Custom Start","Defuse TimeMaze Blight","Energized Spire","Gensokyo","GifTheSpireLib","Halation","Hubris","Infinite Spire","Marked Mod","Minty Spire (QoL Compilation)","Quarter Circle Forward PUNCH!","Reliquary","Replay The Spire","Shop Mod","StSLib","Stuff the Spire","The Animator","The Cursed","The Jungle"],"gold_per_floor":[116,116,73,84,98,131,54,54,54,72,21,21,21,41,41,145,145,164,164,164,164,176,163,163,163],"floor_reached":24,"language":"ENG","playtime":3393,"items_purged":[],"score":194,"play_id":"20102bfc-f16c-4b17-937e-190342c58b72","local_time":"20210202211656","is_ascension_mode":false,"campfire_choices":[{"floor":8,"key":"RECALL"},{"floor":15,"key":"REST"}],"circlet_count":0,"master_deck":["Strike_B","Strike_B","Strike_B","Strike_B","Defend_B","Defend_B","Defend_B","Defend_B","Zap","Dualcast","Ball Lightning","StuffTheSpire:LoadUp","Conserve Battery","conspire:SharedLibrary","Doom and Gloom","StuffTheSpire:Synthwave+1","Conserve Battery","ReplayRNGCard","StuffTheSpire:Coldhearted"],"relics":["Cracked Core","aspiration:DSix","qcfpunch:Crimson_Sash","Gremlin Food","MerchantsRug"],"acts_visited":["Exordium","TheCity"],"potions_floor_usage":[16,16],"damage_taken":[{"damage":7,"enemies":"2 Louse","floor":1,"turns":3},{"damage":6,"enemies":"Jaw Worm","floor":4,"turns":4},{"damage":0,"enemies":"Cultist","floor":5,"turns":3},{"damage":7,"enemies":"Replay:BlueRogue","floor":6,"turns":6},{"damage":7,"enemies":"Blue Slaver","floor":10,"turns":3},{"damage":13,"enemies":"2 Fungi Beasts","floor":14,"turns":3},{"damage":71,"enemies":"Slime Boss","floor":16,"turns":11},{"damage":7,"enemies":"Shell Parasite","floor":18,"turns":6},{"damage":7,"enemies":"Chosen","floor":22,"turns":4},{"damage":31,"enemies":"Snake Plant","floor":24,"turns":5}],"seed_played":"1878107076852149525","potions_obtained":[{"floor":5,"key":"conspire:TimeTravelPotion"},{"floor":10,"key":"Cursed Concoction"},{"floor":14,"key":"LiquidBronze"},{"floor":16,"key":"Death Potion"}],"is_trial":false,"path_per_floor":["M","?","?","M","M","E","$","R","T","M","$","T","?","M","R","B",null,"M","?","PTL","PTL","M","$","M"],"character_chosen":"DEFECT","items_purchased":["Doom and Gloom","Conserve Battery","MerchantsRug"],"campfire_rested":1,"item_purchase_floors":[7,11,23],"current_hp_per_floor":[68,68,68,62,62,55,55,55,55,48,48,48,48,35,57,5,43,36,36,36,36,29,29,0,0],"gold":163,"neow_bonus":"DSIX","is_daily":false,"chose_seed":false,"campfire_upgraded":0,"win_rate":0.0,"timestamp":1612297016,"path_taken":["M","?","?","M","M","E","?","R","T","M","$","?","?","M","R","BOSS","M","?","PTL","PTL","M","$","M"],"items_purchased_type":["Card","Card","Relic"],"build_version":"2020-12-22","purchased_purges":0,"victory":false,"max_hp_per_floor":[75,75,75,75,75,75,75,75,75,75,75,75,75,75,75,75,75,75,75,75,75,75,75,75,75],"card_choices":[{"not_picked":["StuffTheSpire:Plugnplay","Fusion"],"picked":"Ball Lightning","floor":1},{"not_picked":["Turbo","Panic Button"],"picked":"StuffTheSpire:LoadUp","floor":4},{"not_picked":["Hello World","Leap"],"picked":"Conserve Battery","floor":5},{"not_picked":["Reboot","Barrage"],"picked":"conspire:SharedLibrary","floor":6},{"not_picked":["Gash","Stack"],"picked":"StuffTheSpire:Synthwave","floor":10},{"not_picked":["Gash","Steam","StuffTheSpire:Plugnplay"],"picked":"SKIP","floor":14},{"not_picked":["Hyperbeam","StuffTheSpire:LaunchingStrike"],"picked":"ReplayRNGCard","floor":16},{"not_picked":["Steam Power","hubris:PowerSurge+1","StuffTheSpire:GlassShard"],"picked":"SKIP","floor":18},{"not_picked":["Compile Driver+1","Coolheaded+1"],"picked":"StuffTheSpire:Coldhearted","floor":22}],"player_experience":467603,"relics_obtained":[{"floor":6,"key":"Replay:Kaleidoscope"}],"event_choices":[{"damage_healed":0,"gold_gain":0,"player_choice":"Ignored","damage_taken":0,"max_hp_gain":0,"max_hp_loss":0,"event_name":"Liars Game","floor":2,"gold_loss":0},{"damage_healed":0,"gold_gain":0,"player_choice":"Left Gold","damage_taken":0,"max_hp_gain":0,"max_hp_loss":0,"event_name":"World of Goop","floor":3,"gold_loss":43},{"damage_healed":0,"gold_gain":0,"player_choice":"Forge","damage_taken":0,"max_hp_gain":0,"max_hp_loss":0,"event_name":"Accursed Blacksmith","floor":13,"gold_loss":0,"cards_upgraded":["StuffTheSpire:Synthwave"]}],"is_beta":false,"boss_relics":[{"not_picked":["energizedSpire:EnergizedDie","hubris:CrackedHourglass"],"picked":"qcfpunch:Crimson_Sash"}],"items_purged_floors":[],"is_endless":false,"potions_floor_spawned":[5,10,14,16],"killed_by":"Snake Plant","ascension_level":0}}