{"host":"whyfdmrq1ty0e9zp","time":1612272148,"event":{"mods":["Act Like it!","BaseMod","Colored Map","Colored Powertips","Conspire","Energized Spire","Gensokyo","Marisa£®ÏF”Í°°ƒß¿Ì…≥£©","Minty Spire (QoL Compilation)","MostiFishMod","Prisma Mod","Quick Restart","Relic Stats","Remilia£®¿Ÿ√◊¿Ú—«£©","Replay The Spire","StSLib","TestMod","The Servant 0.9.4","°æ“≈ŒÔø®≈∆°øREMEMod"],"gold_per_floor":[109,109,109,124,72,72,103,103,103,154,178,178,178,208,208,315,315,346,382,235,235,268,313,313,336,359,394,438,102,102,143,143,286,286,335,335,465],"floor_reached":38,"language":"ZHS","playtime":1201,"items_purged":["Strike_MRS","Strike_MRS"],"score":1230,"play_id":"4be9441e-bfa0-4730-b922-3eeb60518bf5","local_time":"20210202212227","is_ascension_mode":true,"campfire_choices":[{"data":"IllusionStar","floor":8,"key":"SMITH"},{"data":"StarDustReverie","floor":13,"key":"SMITH"},{"data":"AsteroidBelt","floor":15,"key":"SMITH"},{"data":"OpenUniverse","floor":24,"key":"SMITH"},{"floor":30,"key":"REST"},{"data":"IllusionStar","floor":32,"key":"SMITH"}],"circlet_count":0,"master_deck":["AscendersBane","Defend_MRS","Defend_MRS","Defend_MRS","Defend_MRS","UpSweep","SatelliteIllusion+1","IllusionStar+1","MagicAbsorber","StarDustReverie+1","OpenUniverse+1","AsteroidBelt+1","SuperNova","UltimateShortwave","OpenUniverse+1","IllusionStar","IllusionStar+1","DragonMeteor","EscapeVelocity","GasGiant"],"relics":["MiniHakkero","testmod-TestBox","DaveBox","REME_ComplimentaryCards","SentryEyes","testmod-ArcanaOfDestiny","NeowsBlessing","SynthV:TestCard","Ring of Searing","Ring of Misfortune","Ancient Tea Set","Replay:Bandana","Calipers","testmod-Temperance","Pear","Toy Ornithopter","PreservedInsect","BargainBundle","REME_HandOfSuture","Darkstone Periapt","JellyFishMachine"],"acts_visited":["Exordium","TheCity","TheBeyond"],"potions_floor_usage":[23,37,37,37,37],"damage_taken":[{"damage":0,"enemies":"Cultist","floor":1,"turns":1},{"damage":0,"enemies":"Small Slimes","floor":4,"turns":1},{"damage":0,"enemies":"Gremlin Nob","floor":7,"turns":1},{"damage":5,"enemies":"Lagavulin","floor":10,"turns":2},{"damage":0,"enemies":"2 Louse","floor":11,"turns":1},{"damage":0,"enemies":"Lots of Slimes","floor":14,"turns":1},{"damage":16,"enemies":"The Guardian","floor":16,"turns":5},{"damage":0,"enemies":"3 Byrds","floor":18,"turns":1},{"damage":8,"enemies":"Shell Parasite","floor":19,"turns":3},{"damage":13,"enemies":"Snake Plant","floor":22,"turns":2},{"damage":10,"enemies":"Book of Stabbing","floor":23,"turns":3},{"damage":0,"enemies":"Snecko","floor":25,"turns":2},{"damage":0,"enemies":"Centurion and Healer","floor":27,"turns":3},{"damage":18,"enemies":"Slavers","floor":28,"turns":4},{"damage":0,"enemies":"Book of Stabbing","floor":31,"turns":1},{"damage":0,"enemies":"Automaton","floor":33,"turns":5},{"damage":6,"enemies":"3 Shapes","floor":35,"turns":2},{"damage":74,"enemies":"Time Eater","floor":37,"turns":9}],"seed_played":"-111575442968784456","potions_obtained":[{"floor":1,"key":"BottledSpark"},{"floor":4,"key":"SneckoOil"},{"floor":14,"key":"AttackPotion"},{"floor":27,"key":"Weak Potion"},{"floor":35,"key":"DuplicationPotion"}],"is_trial":false,"path_per_floor":["M","?","?","M","$","?","E","R","T","E","M","?","R","M","R","B",null,"M","M","$","?","M","E","R","M","T","M","E","$","R","E","R","B",null,"M","?","B",null],"character_chosen":"MARISA","items_purchased":["IllusionStar","OpenUniverse","BargainBundle","EntropicBrew","Venom Potion","REME_HandOfSuture"],"campfire_rested":1,"item_purchase_floors":[5,20,29,29,29,29],"current_hp_per_floor":[68,68,68,68,68,68,68,68,68,63,63,63,63,63,63,47,68,68,60,60,60,47,47,47,47,47,47,29,29,54,54,54,54,77,71,71,11],"gold":465,"neow_bonus":"THREE_ENEMY_KILL","is_daily":false,"chose_seed":false,"campfire_upgraded":5,"win_rate":0.0,"timestamp":1612272147,"path_taken":["M","?","?","?","$","?","E","R","T","E","M","?","R","M","R","BOSS","M","?","$","?","M","E","R","?","T","M","E","$","R","E","R","BOSS","M","?","BOSS"],"items_purchased_type":["Card","Card","Relic","Potion","Potion","Relic"],"build_version":"2020-12-22","purchased_purges":2,"victory":true,"max_hp_per_floor":[75,75,75,75,75,75,75,75,75,75,75,75,75,75,75,75,75,75,75,75,75,75,85,85,85,85,85,85,85,85,85,85,85,85,85,85,85],"relic_stats":{"Darkstone Periapt":0,"counters":[18,44],"PreservedInsect":42,"obtain_stats":[{"Darkstone Periapt":31,"BargainBundle":29,"testmod-TestBox":0,"Calipers":10,"Pear":23,"DaveBox":0,"NeowsBlessing":0,"testmod-Temperance":17,"JellyFishMachine":34,"PreservedInsect":28,"Ancient Tea Set":7,"Ring of Searing":6,"Replay:Bandana":9,"SynthV:TestCard":1,"Shuriken":19,"Ring of Misfortune":6,"SentryEyes":0,"REME_HandOfSuture":29,"MiniHakkero":0,"testmod-ArcanaOfDestiny":0,"Toy Ornithopter":26,"REME_ComplimentaryCards":0},{"Darkstone Periapt":15,"BargainBundle":14,"testmod-TestBox":0,"Calipers":4,"Pear":11,"DaveBox":0,"NeowsBlessing":0,"testmod-Temperance":7,"JellyFishMachine":16,"PreservedInsect":14,"Ancient Tea Set":3,"Ring of Searing":2,"Replay:Bandana":3,"SynthV:TestCard":1,"Shuriken":9,"Ring of Misfortune":2,"SentryEyes":0,"REME_HandOfSuture":14,"MiniHakkero":0,"testmod-ArcanaOfDestiny":0,"Toy Ornithopter":12,"REME_ComplimentaryCards":0},{"Darkstone Periapt":29,"BargainBundle":28,"testmod-TestBox":0,"Calipers":5,"Pear":20,"DaveBox":0,"NeowsBlessing":0,"testmod-Temperance":11,"JellyFishMachine":34,"PreservedInsect":28,"Ancient Tea Set":3,"Ring of Searing":2,"Replay:Bandana":3,"SynthV:TestCard":1,"Shuriken":14,"Ring of Misfortune":2,"SentryEyes":0,"REME_HandOfSuture":28,"MiniHakkero":0,"testmod-ArcanaOfDestiny":0,"Toy Ornithopter":22,"REME_ComplimentaryCards":0}],"Toy Ornithopter":14},"card_choices":[{"not_picked":["WitchLeyline","Occultation","DoubleSpark"],"picked":"SKIP","floor":1},{"not_picked":["EnergyRecoil","WitchOfGreed","6A","SprinkleStarSeal","GravityBeat"],"picked":"SKIP","floor":4},{"not_picked":["FairyDestructionRay","6A","GalacticHalo","DoubleSpark"],"picked":"MagicAbsorber","floor":7},{"not_picked":["MagicAbsorber","EarthLightRay","PowerUp","PropBag"],"picked":"StarDustReverie","floor":10},{"not_picked":["Robbery","IllusionStar","WitchOfGreed","UnstableBomb"],"picked":"OpenUniverse","floor":11},{"not_picked":["Singularity","UnstableBomb","SatelliteIllusion","SprinkleStarSeal"],"picked":"AsteroidBelt","floor":14},{"not_picked":["TreasureHunter","BlazingStar","StarDustReverie","SatelliteIllusion"],"picked":"SuperNova","floor":16},{"not_picked":["SporeBomb+1","AlicesGift","PowerUp","StarBarrage","LuminesStrike"],"picked":"SKIP","floor":18},{"not_picked":["MachineGunSpark","SporeBomb","UnstableBomb","PowerUp"],"picked":"UltimateShortwave","floor":19},{"not_picked":["6A","WitchOfGreed","DoubleSpark","PowerUp","UnstableBomb"],"picked":"SKIP","floor":22},{"not_picked":["WitchLeyline+1","BinaryStars","GravityBeat+1","PulseMagic","OneTimeOff"],"picked":"SKIP","floor":23},{"not_picked":["DoubleSpark","UnstableBomb","SporeBomb","6A+1"],"picked":"IllusionStar","floor":25},{"not_picked":["LuminesStrike","BlazeAway","DoubleSpark","PowerUp"],"picked":"IllusionStar","floor":27},{"not_picked":["ShootingEcho","JA","PropBag","MysteriousBeam","MilkyWay"],"picked":"SKIP","floor":28},{"not_picked":["AsteroidBelt","MilkyWay","GalacticHalo","LuminesStrike"],"picked":"DragonMeteor","floor":31},{"not_picked":["CollectingQuirk","MillisecondPulsars","SuperNova","ManaRampage"],"picked":"EscapeVelocity","floor":33},{"not_picked":["AsteroidBelt+1","ManaConvection","FairyDestructionRay","NonDirectionalLaser"],"picked":"GasGiant","floor":35}],"player_experience":483679,"relics_obtained":[{"floor":1,"key":"SynthV:TestCard"},{"floor":6,"key":"Ring of Searing"},{"floor":6,"key":"Ring of Misfortune"},{"floor":7,"key":"Ancient Tea Set"},{"floor":9,"key":"Replay:Bandana"},{"floor":10,"key":"Calipers"},{"floor":23,"key":"Pear"},{"floor":26,"key":"Toy Ornithopter"},{"floor":28,"key":"PreservedInsect"},{"floor":31,"key":"Darkstone Periapt"}],"event_choices":[{"damage_healed":0,"gold_gain":0,"player_choice":"Leave","damage_taken":0,"max_hp_gain":0,"max_hp_loss":0,"event_name":"conspire:Investor","floor":2,"gold_loss":0},{"damage_healed":0,"gold_gain":0,"player_choice":"Forge","damage_taken":0,"max_hp_gain":0,"max_hp_loss":0,"event_name":"Accursed Blacksmith","floor":3,"gold_loss":0,"cards_upgraded":["SatelliteIllusion"]},{"damage_healed":0,"gold_gain":0,"player_choice":"Upgraded","damage_taken":0,"max_hp_gain":0,"max_hp_loss":0,"event_name":"Upgrade Shrine","floor":12,"gold_loss":0,"cards_upgraded":["OpenUniverse"]},{"cards_removed":["Strike_MRS"],"damage_healed":0,"gold_gain":0,"player_choice":"Offered Basic","damage_taken":0,"max_hp_gain":0,"max_hp_loss":0,"event_name":"Bonfire Elementals","floor":21,"gold_loss":0},{"damage_healed":0,"gold_gain":0,"player_choice":"Took Portal","damage_taken":0,"max_hp_gain":0,"max_hp_loss":0,"event_name":"SecretPortal","floor":36,"gold_loss":0}],"is_beta":false,"boss_relics":[{"not_picked":["NightmareShop","Honey Jar"],"picked":"testmod-Temperance"},{"not_picked":["SlaversCollar","Cursed Key"],"picked":"JellyFishMachine"}],"items_purged_floors":[20,29],"is_endless":false,"potions_floor_spawned":[1,4,14,18,22,27,28,35],"ascension_level":13}}