{"host":"25fn74ijs2305xd4","time":1612284454,"event":{"mods":["AchievementEnabler","BaseMod","Colored Map","Colored Powertips","Dark Map","Minty Spire (QoL Compilation)","Relic Stats","StSLib"],"gold_per_floor":[118,135,95,107,126,126,160,160,160,187,199,199,228,245,245,343,343,353,364,279,279,294,319,62,62,143,163,188,188,203,215,215,312,362,376,376,176,190,206,206,232,232,232,245,245,265,276,296,296,296,296,296,39,72,72,72],"floor_reached":55,"language":"POL","playtime":3017,"items_purged":[],"score":881,"play_id":"2f1a68b6-706d-4e75-9255-e283a15ae679","local_time":"20210202174734","is_ascension_mode":true,"campfire_choices":[{"data":"Dash","floor":6,"key":"SMITH"},{"data":"Footwork","floor":12,"key":"SMITH"},{"data":"Footwork","floor":15,"key":"SMITH"},{"data":"Footwork","floor":25,"key":"SMITH"},{"data":"Malaise","floor":29,"key":"SMITH"},{"data":"After Image","floor":32,"key":"SMITH"},{"data":"JustLucky","floor":40,"key":"SMITH"},{"data":"Hyperbeam","floor":45,"key":"SMITH"},{"floor":49,"key":"RECALL"},{"data":"After Image","floor":52,"key":"SMITH"}],"circlet_count":0,"master_deck":["Strike_G","Strike_G+1","Strike_G","Strike_G+1","Strike_G","Defend_G","Defend_G","Defend_G","Defend_G+1","Survivor","Neutralize","Blur","Dash+1","Footwork+1","Quick Slash","Blade Dance","Footwork+1","Blade Dance","Blade Dance","Footwork+1","PiercingWail","Cloak And Dagger","After Image+1","Slice","Leg Sweep+1","Endless Agony","Malaise+1","Dodge and Roll+1","Distraction","Terror","Accuracy+1","Night Terror","Prepared","After Image+1","Cloak And Dagger+1","Backflip","JustLucky+1","Fasting2+1","Swivel+1","Hyperbeam+1","Consecrate+1","Conserve Battery","Metallicize+1","Endless Agony"],"relics":["Coffee Dripper","Darkstone Periapt","Du-Vu Doll","Prayer Wheel","Gremlin Horn","WristBlade","Centennial Puzzle","Whetstone","Ninja Scroll","HornCleat","Orichalcum","Tiny House","PrismaticShard","Blood Vial","Meat on the Bone","Paper Crane","Thread and Needle"],"acts_visited":["Exordium","TheCity","TheBeyond","TheEnding"],"potions_floor_usage":[11,23,33,33,33,33,55,55,55],"damage_taken":[{"damage":0,"enemies":"Cultist","floor":1,"turns":4},{"damage":0,"enemies":"Small Slimes","floor":2,"turns":6},{"damage":0,"enemies":"2 Louse","floor":4,"turns":3},{"damage":0,"enemies":"Looter","floor":5,"turns":4},{"damage":8,"enemies":"3 Sentries","floor":7,"turns":9},{"damage":11,"enemies":"Lagavulin","floor":10,"turns":11},{"damage":2,"enemies":"Exordium Thugs","floor":11,"turns":3},{"damage":1,"enemies":"3 Sentries","floor":13,"turns":6},{"damage":1,"enemies":"Red Slaver","floor":14,"turns":5},{"damage":6,"enemies":"Hexaghost","floor":16,"turns":15},{"damage":0,"enemies":"Chosen","floor":18,"turns":6},{"damage":0,"enemies":"3 Byrds","floor":19,"turns":6},{"damage":0,"enemies":"Snake Plant","floor":22,"turns":7},{"damage":1,"enemies":"Book of Stabbing","floor":23,"turns":7},{"damage":0,"enemies":"3 Cultists","floor":27,"turns":3},{"damage":1,"enemies":"Slavers","floor":28,"turns":5},{"damage":4,"enemies":"Centurion and Healer","floor":30,"turns":4},{"damage":2,"enemies":"Snake Plant","floor":31,"turns":5},{"damage":22,"enemies":"Automaton","floor":33,"turns":12},{"damage":4,"enemies":"3 Shapes","floor":35,"turns":4},{"damage":0,"enemies":"Orb Walker","floor":38,"turns":2},{"damage":3,"enemies":"Transient","floor":39,"turns":5},{"damage":4,"enemies":"Reptomancer","floor":41,"turns":7},{"damage":0,"enemies":"4 Shapes","floor":44,"turns":6},{"damage":10,"enemies":"Spire Growth","floor":46,"turns":5},{"damage":4,"enemies":"Writhing Mass","floor":47,"turns":7},{"damage":0,"enemies":"Jaw Worm Horde","floor":48,"turns":4},{"damage":17,"enemies":"Donu and Deca","floor":50,"turns":12},{"damage":16,"enemies":"Shield and Spear","floor":54,"turns":9},{"damage":62,"enemies":"The Heart","floor":55,"turns":12}],"seed_played":"-1043345430839748972","potions_obtained":[{"floor":1,"key":"AttackPotion"},{"floor":11,"key":"EssenceOfSteel"},{"floor":13,"key":"EntropicBrew"},{"floor":16,"key":"SteroidPotion"},{"floor":23,"key":"Energy Potion"},{"floor":30,"key":"SteroidPotion"},{"floor":31,"key":"DuplicationPotion"},{"floor":34,"key":"FearPotion"},{"floor":44,"key":"SpeedPotion"},{"floor":54,"key":"Dexterity Potion"}],"is_trial":false,"path_per_floor":["M","M","$","M","M","R","E","?","T","E","M","R","E","M","R","B",null,"M","M","?","?","M","E","$","R","T","M","E","R","M","M","R","B",null,"M","?","$","M","M","R","E","T","T","M","R","M","M","M","R","B",null,"R","$","E","B"],"character_chosen":"THE_SILENT","items_purchased":["Footwork","Ninja Scroll","PrismaticShard","Backflip","Paper Crane"],"campfire_rested":0,"item_purchase_floors":[3,24,37,37,53],"current_hp_per_floor":[70,70,70,70,70,70,62,62,62,51,49,49,48,47,47,41,70,70,70,70,70,70,69,69,69,69,69,68,68,64,62,62,40,75,71,71,71,71,68,68,64,64,64,66,66,58,56,58,58,43,75,75,75,59,0,0],"gold":72,"neow_bonus":"BOSS_RELIC","is_daily":false,"chose_seed":false,"campfire_upgraded":9,"win_rate":0.0,"timestamp":1612284454,"path_taken":["M","M","$","M","?","R","E","?","T","E","?","R","E","M","R","BOSS","M","M","?","?","M","E","$","R","T","M","E","R","M","M","R","BOSS","M","?","$","M","M","R","E","?","T","M","R","M","M","M","R","BOSS","R","$","E","BOSS"],"items_purchased_type":["Card","Relic","Relic","Card","Relic"],"build_version":"2020-12-22","purchased_purges":0,"victory":false,"max_hp_per_floor":[70,70,70,70,70,70,70,70,70,70,70,70,70,70,70,70,70,70,70,70,70,70,70,70,70,70,70,70,70,70,70,70,70,75,75,75,75,75,75,75,75,75,75,75,75,75,75,75,75,75,75,75,75,75,75,75],"relic_stats":{"Darkstone Periapt":0,"Blood Vial":12,"Centennial Puzzle":[35],"Gremlin Horn":[24,23],"counters":[30,194],"Prayer Wheel":15,"Whetstone":["Strike_G","Strike_G"],"Orichalcum":[0],"obtain_stats":[{"Darkstone Periapt":7,"Tiny House":34,"Gremlin Horn":13,"Thread and Needle":54,"Whetstone":23,"Orichalcum":28,"Paper Crane":53,"PrismaticShard":37,"Du-Vu Doll":9,"Blood Vial":41,"Centennial Puzzle":20,"HornCleat":26,"WristBlade":17,"Ninja Scroll":24,"Prayer Wheel":10,"Coffee Dripper":0,"Ring of the Snake":0,"Meat on the Bone":43},{"Darkstone Periapt":5,"Tiny House":19,"Gremlin Horn":8,"Thread and Needle":29,"Whetstone":14,"Orichalcum":16,"Paper Crane":28,"PrismaticShard":20,"Du-Vu Doll":5,"Blood Vial":23,"Centennial Puzzle":12,"HornCleat":14,"WristBlade":10,"Ninja Scroll":14,"Prayer Wheel":6,"Coffee Dripper":0,"Ring of the Snake":0,"Meat on the Bone":23},{"Darkstone Periapt":26,"Tiny House":121,"Gremlin Horn":46,"Thread and Needle":182,"Whetstone":92,"Orichalcum":100,"Paper Crane":173,"PrismaticShard":125,"Du-Vu Doll":26,"Blood Vial":139,"Centennial Puzzle":78,"HornCleat":92,"WristBlade":66,"Ninja Scroll":92,"Prayer Wheel":37,"Coffee Dripper":0,"Ring of the Snake":0,"Meat on the Bone":139}],"Meat on the Bone":0},"card_choices":[{"not_picked":["Prepared","Flying Knee"],"picked":"Blur","floor":1},{"not_picked":["Bane","Dagger Throw"],"picked":"Dash","floor":2},{"not_picked":["Eviscerate","Underhanded Strike"],"picked":"Quick Slash","floor":4},{"not_picked":["Eviscerate","Prepared"],"picked":"Blade Dance","floor":5},{"not_picked":["Backflip","Envenom"],"picked":"Footwork","floor":7},{"not_picked":["Bane","Setup","Heel Hook"],"picked":"SKIP","floor":10},{"not_picked":["Flying Knee","Quick Slash"],"picked":"Blade Dance","floor":11},{"not_picked":["Quick Slash","Flechettes"],"picked":"Blade Dance","floor":11},{"not_picked":["Bane","Tools of the Trade"],"picked":"Footwork","floor":13},{"not_picked":["Reflex","Flying Knee"],"picked":"PiercingWail","floor":14},{"not_picked":["Bouncing Flask","Tactician","Cloak And Dagger"],"picked":"SKIP","floor":14},{"not_picked":["Bouncing Flask","Tactician"],"picked":"Cloak And Dagger","floor":14},{"not_picked":["Glass Knife","Die Die Die"],"picked":"After Image","floor":16},{"not_picked":["Escape Plan","Blur"],"picked":"Slice","floor":18},{"not_picked":["Infinite Blades","Outmaneuver"],"picked":"Leg Sweep+1","floor":18},{"not_picked":["Backstab","Flying Knee"],"picked":"Endless Agony","floor":19},{"not_picked":["Catalyst","Flying Knee","Eviscerate"],"picked":"SKIP","floor":19},{"not_picked":["Acrobatics","Deflect"],"picked":"Dodge and Roll+1","floor":22},{"not_picked":["Catalyst","Reflex"],"picked":"Distraction","floor":22},{"not_picked":["Well Laid Plans+1","Reflex"],"picked":"Terror","floor":23},{"not_picked":["Outmaneuver+1","Flying Knee"],"picked":"Accuracy+1","floor":27},{"not_picked":["Blade Dance","Flying Knee","Dagger Throw"],"picked":"SKIP","floor":27},{"not_picked":["Terror","Deflect"],"picked":"Night Terror","floor":28},{"not_picked":["Bane","Backflip","Underhanded Strike"],"picked":"SKIP","floor":30},{"not_picked":["Underhanded Strike","Poisoned Stab","Unload"],"picked":"SKIP","floor":30},{"not_picked":["All Out Attack","Tactician"],"picked":"Prepared","floor":31},{"not_picked":["Blade Dance","Deadly Poison","Heel Hook"],"picked":"SKIP","floor":31},{"not_picked":["Burst","Night Terror"],"picked":"After Image","floor":33},{"not_picked":["Deflect+1","Sucker Punch"],"picked":"Cloak And Dagger+1","floor":35},{"not_picked":["Setup","Heel Hook+1","Choke+1"],"picked":"SKIP","floor":35},{"not_picked":["Twin Strike+1","Steam Power+1"],"picked":"JustLucky","floor":38},{"not_picked":["Amplify","Deflect","FearNoEvil"],"picked":"SKIP","floor":38},{"not_picked":["FollowUp","PiercingWail"],"picked":"Fasting2+1","floor":39},{"not_picked":["Go for the Eyes","Bandage Up+1","Deadly Poison+1"],"picked":"SKIP","floor":39},{"not_picked":["Dagger Throw","Deep Breath"],"picked":"Swivel+1","floor":41},{"not_picked":["Wild Strike+1","Thunderclap+1"],"picked":"Hyperbeam","floor":44},{"not_picked":["Conclude","PiercingWail","FearNoEvil+1"],"picked":"SKIP","floor":44},{"not_picked":["Indignation+1","Rebound"],"picked":"Consecrate+1","floor":46},{"not_picked":["Expertise","Turbo+1"],"picked":"Conserve Battery","floor":46},{"not_picked":["Indignation+1","Deadly Poison","PiercingWail+1"],"picked":"SKIP","floor":47},{"not_picked":["Twin Strike+1","Beam Cell","WindmillStrike+1"],"picked":"SKIP","floor":47},{"not_picked":["WaveOfTheHand+1","Twin Strike"],"picked":"Metallicize+1","floor":48},{"not_picked":["Double Energy+1","PathToVictory","CutThroughFate+1"],"picked":"SKIP","floor":48},{"not_picked":["Twin Strike","Reflex+1"],"picked":"Endless Agony","floor":54}],"player_experience":78220,"relics_obtained":[{"floor":7,"key":"Darkstone Periapt"},{"floor":9,"key":"Du-Vu Doll"},{"floor":10,"key":"Prayer Wheel"},{"floor":13,"key":"Gremlin Horn"},{"floor":23,"key":"Whetstone"},{"floor":26,"key":"HornCleat"},{"floor":28,"key":"Orichalcum"},{"floor":41,"key":"Blood Vial"},{"floor":43,"key":"Meat on the Bone"},{"floor":54,"key":"Thread and Needle"}],"event_choices":[{"cards_removed":["Defend_G"],"damage_healed":0,"gold_gain":0,"player_choice":"Card Removal","damage_taken":0,"max_hp_gain":0,"max_hp_loss":0,"event_name":"Wheel of Change","floor":8,"gold_loss":0},{"damage_healed":0,"gold_gain":0,"player_choice":"Obtained Relic","damage_taken":0,"relics_obtained":["Centennial Puzzle"],"max_hp_gain":0,"max_hp_loss":0,"event_name":"Addict","floor":20,"gold_loss":85},{"damage_healed":0,"gold_gain":0,"player_choice":"Read","damage_taken":0,"max_hp_gain":0,"max_hp_loss":0,"event_name":"The Library","floor":21,"gold_loss":0,"cards_obtained":["Malaise"]},{"damage_healed":0,"gold_gain":0,"player_choice":"Ignored","damage_taken":0,"max_hp_gain":0,"max_hp_loss":0,"event_name":"Tomb of Lord Red Mask","floor":36,"gold_loss":0}],"is_beta":false,"boss_relics":[{"not_picked":["Cursed Key","Sozu"],"picked":"WristBlade"},{"not_picked":["Busted Crown","SacredBark"],"picked":"Tiny House"}],"items_purged_floors":[],"is_endless":false,"potions_floor_spawned":[1,11,13,16,18,19,23,30,31,38,44,54],"killed_by":"The Heart","ascension_level":4}}