{"host":"iyj530209nkhhjuz","time":1612283848,"event":{"mods":["AchievementEnabler","BaseMod","Better Match","Better Note","Better Third Choice","BetterRewards","Colored Map","Colored Powertips","Dark Map","Fox Events","Highlight Path","Minty Spire (QoL Compilation)","Permanent Neow","Random Character Button","Rare Cards Sparkle","Relic Stats","StSLib","Waifu the Spire"],"gold_per_floor":[114,129,141,16,36,70,70,88,88,99,111,144,155,175,175,279,279,298,5,23,42,42,70,70,101,101,111,111,36,36,66,66,163,163,182,182,202,222,238,273,273,300,350,362,376,392,405,435,435,435,435,435,86,119,119],"floor_reached":56,"language":"ENG","playtime":9145,"items_purged":["Strike_R","Strike_R","Strike_R","Strike_R"],"score":2391,"play_id":"e86226ea-7086-4910-9ac7-19a70bde2055","local_time":"20210202173728","is_ascension_mode":true,"campfire_choices":[{"data":"Feed","floor":15.0,"key":"SMITH"},{"data":"Seeing Red","floor":28,"key":"SMITH"},{"data":"Pommel Strike","floor":32,"key":"SMITH"},{"floor":41,"key":"RECALL"},{"floor":49,"key":"REST"},{"floor":52,"key":"REST"}],"circlet_count":0,"master_deck":["AscendersBane","Strike_R+1","Defend_R","Defend_R","Defend_R+1","Defend_R","Bash+1","Rampage","Armaments","Thunderclap","Shrug It Off","Dropkick","Feed+1","Pommel Strike+1","Evolve+1","Malaise+1","Wild Strike","Power Through+1","Second Wind","Offering","Metallicize+1","Reckless Charge","Seeing Red+1","Demon Form+1","Power Through+1","Juggernaut+1","Warcry+1","Warcry+1","Reaper","Metallicize+1","Warcry+1","Sentinel+1","Heavy Blade+1","Warcry+1","Impervious"],"relics":["Burning Blood","Singing Bowl","HandDrill","Frozen Egg 2","Whetstone","Orrery","InkBottle","Thread and Needle","Charon\u0027s Ashes","SlaversCollar","Prayer Wheel","Magic Flower","Smiling Mask","Oddly Smooth Stone","Bottled Lightning","Blue Candle","Fusion Hammer","Letter Opener","Bird Faced Urn","Lantern","War Paint","Anchor","Medical Kit","Pen Nib"],"acts_visited":["Exordium","TheCity","TheBeyond","TheEnding"],"potions_floor_usage":[25,38,54,55],"damage_taken":[{"damage":0.0,"enemies":"Cultist","floor":1.0,"turns":4.0},{"damage":0.0,"enemies":"Small Slimes","floor":2.0,"turns":3.0},{"damage":0.0,"enemies":"2 Louse","floor":3.0,"turns":3.0},{"damage":5.0,"enemies":"Exordium Thugs","floor":5.0,"turns":3.0},{"damage":28.0,"enemies":"Gremlin Nob","floor":6.0,"turns":4.0},{"damage":6.0,"enemies":"Blue Slaver","floor":8.0,"turns":8.0},{"damage":4.0,"enemies":"Lots of Slimes","floor":10.0,"turns":4.0},{"damage":7.0,"enemies":"3 Louse","floor":11.0,"turns":2.0},{"damage":3.0,"enemies":"Lagavulin","floor":12.0,"turns":7.0},{"damage":0.0,"enemies":"Blue Slaver","floor":13.0,"turns":3.0},{"damage":0.0,"enemies":"Lots of Slimes","floor":14.0,"turns":2.0},{"damage":7.0,"enemies":"Slime Boss","floor":16.0,"turns":7.0},{"damage":8.0,"enemies":"2 Thieves","floor":18.0,"turns":4.0},{"damage":9.0,"enemies":"Spheric Guardian","floor":20.0,"turns":5.0},{"damage":15.0,"enemies":"Shelled Parasite and Fungi","floor":21.0,"turns":7.0},{"damage":17.0,"enemies":"Book of Stabbing","floor":23.0,"turns":6.0},{"damage":12,"enemies":"Gremlin Leader","floor":25,"turns":6},{"damage":6,"enemies":"Cultist and Chosen","floor":27,"turns":6},{"damage":6,"enemies":"Book of Stabbing","floor":31,"turns":6},{"damage":14,"enemies":"Champ","floor":33,"turns":9},{"damage":18,"enemies":"3 Shapes","floor":35,"turns":3},{"damage":3,"enemies":"Orb Walker","floor":37,"turns":4},{"damage":7,"enemies":"Maw","floor":38,"turns":7},{"damage":37,"enemies":"3 Darklings","floor":39,"turns":3},{"damage":19,"enemies":"Reptomancer","floor":40,"turns":5},{"damage":6,"enemies":"Nemesis","floor":42,"turns":7},{"damage":7,"enemies":"Transient","floor":44,"turns":5},{"damage":20,"enemies":"Spire Growth","floor":45,"turns":6},{"damage":26,"enemies":"3 Darklings","floor":46,"turns":3},{"damage":15,"enemies":"Jaw Worm Horde","floor":47,"turns":5},{"damage":75,"enemies":"Reptomancer","floor":48,"turns":6},{"damage":47,"enemies":"Donu and Deca","floor":50,"turns":7},{"damage":63,"enemies":"Shield and Spear","floor":54,"turns":6},{"damage":228,"enemies":"The Heart","floor":55,"turns":13}],"seed_played":"-7552430924650918033","potions_obtained":[{"floor":1.0,"key":"Explosive Potion"},{"floor":8.0,"key":"LiquidMemories"},{"floor":10.0,"key":"ColorlessPotion"},{"floor":14.0,"key":"DuplicationPotion"},{"floor":16.0,"key":"Strength Potion"},{"floor":20.0,"key":"LiquidMemories"},{"floor":25,"key":"PowerPotion"},{"floor":38,"key":"Fruit Juice"},{"floor":40,"key":"Dexterity Potion"},{"floor":42,"key":"DistilledChaos"}],"is_trial":false,"path_per_floor":["M","M","M","$","M","E","?","M","T","M","M","E","M","M","R","B",null,"M","$","M","M","?","E","?","E","T","M","R","?","$","E","R","B",null,"M","?","M","M","M","E","R","E","T","M","M","M","M","E","R","B",null,"R","$","E","B",null],"character_chosen":"IRONCLAD","items_purchased":["Singing Bowl","HandDrill","Rampage","Frozen Egg 2","Whetstone","Orrery","Prayer Wheel","Anchor","Medical Kit"],"campfire_rested":2,"item_purchase_floors":[0,0,0,0,0,0,19,53,53],"current_hp_per_floor":[66,72,81,81,87,65,65,71,71,78,77,83,92,104,104,103,112,114,114,119,116,88,83,83,82,82,93,93,95,95,104,104,99,143,136,136,142,173,175,167,167,179,179,183,187,178,189,158,189,193,193,193,193,187,39],"gold":119,"neow_bonus":"","is_daily":false,"chose_seed":false,"campfire_upgraded":3,"win_rate":0.0,"timestamp":1612283848,"path_taken":["M","M","M","$","M","E","?","M","T","?","M","E","M","M","R","BOSS","M","$","M","M","?","E","?","E","T","M","R","?","?","E","R","BOSS","M","?","M","M","M","E","R","E","T","M","M","?","M","E","R","BOSS","R","$","E","BOSS"],"items_purchased_type":["Relic","Relic","Card","Relic","Relic","Relic","Relic","Relic","Relic"],"build_version":"2020-12-22","purchased_purges":4,"victory":true,"max_hp_per_floor":[84,84,87,87,92,92,92,98,98,103,103,106,109,115,115,115,115,119,119,127,133,138,144,144,146,146,152,152,154,154,158,158,158,158,160,160,160,173,175,177,177,179,179,183,187,189,189,189,189,193,193,193,193,197,201],"relic_stats":{"Singing Bowl":100,"counters":[95,474],"Blue Candle":[7],"Magic Flower":[124],"Charon\u0027s Ashes":[971],"Pen Nib":[1],"Whetstone":["Strike_R","Bash"],"Letter Opener":[421],"War Paint":["Tempest","Enlightenment","Defend_R","Power Through"],"Smiling Mask":100,"Medical Kit":[19],"Burning Blood":561,"Bird Faced Urn":[112],"Prayer Wheel":20,"HandDrill":[50],"obtain_stats":[{"Calipers":0,"Tiny House":17,"Ginger":46,"Whetstone":0,"HornCleat":19,"DollysMirror":0,"Sundial":42,"Strawberry":31,"Prayer Wheel":8,"Fusion Hammer":34,"HandDrill":0,"Toxic Egg 2":0,"Pear":0,"Happy Flower":54,"Dead Branch":0,"Blue Candle":31,"Oddly Smooth Stone":0,"Charon\u0027s Ashes":12,"Pen Nib":54,"Letter Opener":21,"War Paint":48,"Question Card":0,"Akabeko":27,"SlaversCollar":0,"OrangePellets":36,"Bottled Flame":43,"Bronze Scales":0,"Bird Faced Urn":34,"foxEvents:LuckyCharm":14,"StrikeDummy":43,"Pocketwatch":7,"Darkstone Periapt":25,"Lantern":0,"Regal Pillow":0,"Singing Bowl":0,"Torii":38,"SacredBark":17,"Magic Flower":23,"StoneCalendar":40,"Bag of Preparation":6,"Juzu Bracelet":48,"Ancient Tea Set":14,"Smiling Mask":24,"Burning Blood":0,"SsserpentHead":28,"Nunchaku":45,"Red Mask":0,"Red Skull":34,"InkBottle":6,"Runic Pyramid":0,"Golden Idol":0,"Self Forming Clay":10,"Thread and Needle":9,"The Courier":0,"Orichalcum":0,"Frozen Egg 2":0,"MawBank":45,"Medical Kit":53,"White Beast Statue":9,"Mercury Hourglass":22,"Calling Bell":34,"Anchor":53,"Ornamental Fan":23,"Orrery":0,"Art of War":0,"Bag of Marbles":54,"Bottled Lightning":41,"Toy Ornithopter":12},{"Calipers":0,"Tiny House":44,"Ginger":2,"Whetstone":61,"HornCleat":17,"DollysMirror":0,"Sundial":55,"Strawberry":50,"Prayer Wheel":39,"Fusion Hammer":81,"HandDrill":61,"Toxic Egg 2":0,"Pear":7,"Happy Flower":6,"Dead Branch":7,"Blue Candle":80,"Oddly Smooth Stone":33,"Charon\u0027s Ashes":70,"Pen Nib":94,"Letter Opener":46,"War Paint":92,"Question Card":0,"Akabeko":22,"SlaversCollar":0,"OrangePellets":25,"Bottled Flame":55,"Bronze Scales":0,"Bird Faced Urn":24,"foxEvents:LuckyCharm":43,"StrikeDummy":28,"Pocketwatch":10,"Darkstone Periapt":21,"Lantern":0,"Regal Pillow":0,"Singing Bowl":33,"Torii":53,"SacredBark":16,"Magic Flower":77,"StoneCalendar":54,"Bag of Preparation":38,"Juzu Bracelet":58,"Ancient Tea Set":15,"Smiling Mask":77,"Burning Blood":0,"SsserpentHead":49,"Nunchaku":29,"Red Mask":0,"Red Skull":24,"InkBottle":66,"Runic Pyramid":0,"Golden Idol":0,"Self Forming Clay":12,"Thread and Needle":39,"The Courier":0,"Orichalcum":0,"Frozen Egg 2":61,"MawBank":1,"Medical Kit":93,"White Beast Statue":11,"Mercury Hourglass":19,"Calling Bell":24,"Anchor":93,"Ornamental Fan":20,"Orrery":61,"Art of War":0,"Bag of Marbles":32,"Bottled Lightning":28,"Toy Ornithopter":14},{"Calipers":0,"Tiny House":204,"Ginger":13,"Whetstone":295,"HornCleat":93,"DollysMirror":0,"Sundial":259,"Strawberry":233,"Prayer Wheel":182,"Fusion Hammer":394,"HandDrill":295,"Toxic Egg 2":0,"Pear":52,"Happy Flower":44,"Dead Branch":52,"Blue Candle":385,"Oddly Smooth Stone":157,"Charon\u0027s Ashes":333,"Pen Nib":461,"Letter Opener":214,"War Paint":448,"Question Card":0,"Akabeko":110,"SlaversCollar":0,"OrangePellets":123,"Bottled Flame":259,"Bronze Scales":0,"Bird Faced Urn":122,"foxEvents:LuckyCharm":195,"StrikeDummy":132,"Pocketwatch":64,"Darkstone Periapt":106,"Lantern":0,"Regal Pillow":0,"Singing Bowl":157,"Torii":250,"SacredBark":88,"Magic Flower":367,"StoneCalendar":255,"Bag of Preparation":178,"Juzu Bracelet":274,"Ancient Tea Set":81,"Smiling Mask":367,"Burning Blood":0,"SsserpentHead":227,"Nunchaku":136,"Red Mask":0,"Red Skull":122,"InkBottle":312,"Runic Pyramid":0,"Golden Idol":0,"Self Forming Clay":71,"Thread and Needle":182,"The Courier":0,"Orichalcum":0,"Frozen Egg 2":295,"MawBank":7,"Medical Kit":455,"White Beast Statue":66,"Mercury Hourglass":99,"Calling Bell":122,"Anchor":455,"Ornamental Fan":105,"Orrery":295,"Art of War":0,"Bag of Marbles":151,"Bottled Lightning":132,"Toy Ornithopter":78}],"InkBottle":[66]},"card_choices":[{"not_picked":["Thunderclap","Brutality+1","Hemokinesis"],"picked":"Singing Bowl","floor":0.0},{"not_picked":["Feel No Pain+1","Heavy Blade","Flex"],"picked":"Singing Bowl","floor":0.0},{"not_picked":["Warcry","Twin Strike"],"picked":"Armaments","floor":0.0},{"not_picked":["Body Slam","Sword Boomerang"],"picked":"Thunderclap","floor":0.0},{"not_picked":["Hemokinesis","Dark Embrace+1"],"picked":"Shrug It Off","floor":0.0},{"not_picked":["Iron Wave","Armaments"],"picked":"Dropkick","floor":1.0},{"not_picked":["Rage","Twin Strike"],"picked":"Feed","floor":2.0},{"not_picked":["Twin Strike","Rampage"],"picked":"Pommel Strike","floor":3.0},{"not_picked":["Anger","Flex","Ghostly Armor"],"picked":"Singing Bowl","floor":5.0},{"not_picked":["Rampage","Iron Wave"],"picked":"Evolve+1","floor":6.0},{"not_picked":["Dual Wield","Perfected Strike","Flex"],"picked":"Singing Bowl","floor":8.0},{"not_picked":["Heavy Blade","Intimidate","Clash"],"picked":"Singing Bowl","floor":10.0},{"not_picked":["Body Slam","Iron Wave"],"picked":"Wild Strike","floor":11.0},{"not_picked":["Ghostly Armor","Body Slam"],"picked":"Power Through","floor":12.0},{"not_picked":["True Grit","Pommel Strike"],"picked":"Second Wind","floor":13.0},{"not_picked":["Thunderclap","Twin Strike","Flame Barrier"],"picked":"Singing Bowl","floor":14.0},{"not_picked":["Berserk+1","Double Tap"],"picked":"Offering","floor":16.0},{"not_picked":["Headbutt+1","Disarm"],"picked":"Metallicize+1","floor":18.0},{"not_picked":["Intimidate","Spot Weakness","Shrug It Off"],"picked":"Singing Bowl","floor":20.0},{"not_picked":["Havoc+1","True Grit","Cleave"],"picked":"Singing Bowl","floor":20.0},{"not_picked":["Anger","Entrench","Headbutt"],"picked":"Singing Bowl","floor":21.0},{"not_picked":["Body Slam","Shockwave"],"picked":"Reckless Charge","floor":21.0},{"not_picked":["Clash","Power Through","Dual Wield+1"],"picked":"Singing Bowl","floor":23.0},{"not_picked":["Brutality+1","Clothesline","Infernal Blade"],"picked":"Singing Bowl","floor":25},{"not_picked":["Anger","Dual Wield+1","Burning Pact"],"picked":"Singing Bowl","floor":27},{"not_picked":["Armaments","Pommel Strike+1"],"picked":"Seeing Red","floor":27},{"not_picked":["Clothesline","Pommel Strike","Clash"],"picked":"Singing Bowl","floor":29},{"not_picked":["Bludgeon","Limit Break"],"picked":"Demon Form","floor":29},{"not_picked":["Bloodletting","True Grit+1"],"picked":"Power Through+1","floor":31},{"not_picked":["Berserk+1","Double Tap"],"picked":"Juggernaut+1","floor":33},{"not_picked":["Havoc","Dark Embrace+1"],"picked":"Warcry+1","floor":35},{"not_picked":["Wild Strike+1","True Grit+1","Anger+1"],"picked":"Singing Bowl","floor":35},{"not_picked":["Pummel+1","Cleave+1"],"picked":"Warcry+1","floor":37},{"not_picked":["Iron Wave","Wild Strike+1"],"picked":"Reaper","floor":37},{"not_picked":["Clash","Sword Boomerang","Flame Barrier+1"],"picked":"Singing Bowl","floor":38},{"not_picked":["Sever Soul","Perfected Strike+1","Dual Wield+1"],"picked":"Singing Bowl","floor":38},{"not_picked":["Body Slam","Twin Strike"],"picked":"Metallicize+1","floor":39},{"not_picked":["Ghostly Armor","Clothesline+1","Heavy Blade"],"picked":"Singing Bowl","floor":39},{"not_picked":["Twin Strike+1","Rampage+1","Cleave"],"picked":"Singing Bowl","floor":40},{"not_picked":["Dual Wield","Double Tap","Sword Boomerang+1"],"picked":"Singing Bowl","floor":42},{"not_picked":["Flex+1","Rupture+1","Body Slam"],"picked":"Singing Bowl","floor":44},{"not_picked":["Reckless Charge","Shrug It Off+1","Rupture+1"],"picked":"Singing Bowl","floor":44},{"not_picked":["Spot Weakness","Headbutt","Anger"],"picked":"Singing Bowl","floor":45},{"not_picked":["Pommel Strike+1","Heavy Blade","Twin Strike+1"],"picked":"Singing Bowl","floor":45},{"not_picked":["Twin Strike","Body Slam+1"],"picked":"Warcry+1","floor":46},{"not_picked":["Corruption+1","Evolve+1","Power Through+1"],"picked":"Singing Bowl","floor":46},{"not_picked":["Armaments+1","Twin Strike"],"picked":"Sentinel+1","floor":47},{"not_picked":["Iron Wave","Combust+1"],"picked":"Heavy Blade+1","floor":47},{"not_picked":["Body Slam","Infernal Blade"],"picked":"Warcry+1","floor":48},{"not_picked":["Headbutt+1","Warcry"],"picked":"Impervious","floor":54}],"player_experience":468903,"relics_obtained":[{"floor":6.0,"key":"InkBottle"},{"floor":9.0,"key":"Thread and Needle"},{"floor":12.0,"key":"Charon\u0027s Ashes"},{"floor":23.0,"key":"Magic Flower"},{"floor":25,"key":"Oddly Smooth Stone"},{"floor":26,"key":"Bottled Lightning"},{"floor":31,"key":"Blue Candle"},{"floor":36,"key":"Letter Opener"},{"floor":40,"key":"Bird Faced Urn"},{"floor":42,"key":"Lantern"},{"floor":48,"key":"War Paint"},{"floor":54,"key":"Pen Nib"}],"event_choices":[{"cards_removed":["Malaise"],"damage_healed":0.0,"max_hp_gain":0.0,"max_hp_loss":0.0,"gold_gain":0.0,"event_name":"betterNote:BetterNote","player_choice":"Take \u0026 Give","floor":7.0,"gold_loss":0.0,"damage_taken":0.0,"cards_obtained":["Malaise"]},{"damage_healed":0.0,"max_hp_gain":5.0,"max_hp_loss":0.0,"gold_gain":0.0,"event_name":"Forgotten Altar","player_choice":"Shed Blood","floor":22.0,"gold_loss":0.0,"damage_taken":33.0},{"damage_healed":0.0,"max_hp_gain":0.0,"max_hp_loss":0.0,"gold_gain":0.0,"event_name":"The Mausoleum","player_choice":"Opened","floor":24.0,"gold_loss":0.0,"damage_taken":0.0,"relics_obtained":["Smiling Mask"]},{"damage_healed":0,"gold_gain":0,"player_choice":"1","damage_taken":0,"max_hp_gain":0,"max_hp_loss":0,"event_name":"betterMatch:BetterMatch","floor":29,"gold_loss":0,"cards_obtained":["betterMatch:CommonCard","betterMatch:RareCard"]},{"damage_healed":0,"gold_gain":0,"player_choice":"Relic","damage_taken":0,"max_hp_gain":0,"max_hp_loss":0,"event_name":"Wheel of Change","floor":36,"gold_loss":0}],"is_beta":false,"boss_relics":[{"not_picked":["Empty Cage","Astrolabe"],"picked":"SlaversCollar"},{"not_picked":["Coffee Dripper","SacredBark"],"picked":"Fusion Hammer"}],"items_purged_floors":[0,0,4,53],"is_endless":false,"potions_floor_spawned":[1,8,10,14,16,20,21,25,38,40,42,47,48],"ascension_level":11}}