{"host":"kw4o7b3ro2ktmmbe","time":1612268336,"event":{"mods":["BaseMod","Bossed Relics","Downfall","Evolution","Minty Spire (QoL Compilation)","StSLib"],"gold_per_floor":[99,117,117,147,147,132,206,274,274,274,285,313,313,344,355,460,460,460,476,488,506,521,541,568,600,37,69,169,183,183,198,212,314,314,314,331,377,449,462,479,560,595,595,595,595,595,595],"floor_reached":45,"language":"ENG","playtime":4288,"items_purged":[],"score":592,"play_id":"b710dc12-3447-45f2-ada5-40925826ed9e","local_time":"20210203011856","is_ascension_mode":true,"campfire_choices":[{"data":"Slimebound:CorrosiveSpit","floor":1.0,"key":"SMITH"},{"data":"Slimebound:Split","floor":9.0,"key":"SMITH"},{"data":"Slimebound:DouseInSlime","floor":13.0,"key":"SMITH"},{"data":"Slimebound:Defend_Slimebound","floor":18.0,"key":"PURGE"},{"data":"Slimebound:Defend_Slimebound","floor":30.0,"key":"PURGE"},{"data":"Slimebound:Defend_Slimebound","floor":35.0,"key":"PURGE"},{"data":"Slimebound:Defend_Slimebound","floor":43,"key":"PURGE"}],"circlet_count":0,"master_deck":["Slimebound:Strike_Slimebound","Slimebound:Strike_Slimebound","Slimebound:Strike_Slimebound","Slimebound:Tackle","Slimebound:Split+1","Slimebound:CorrosiveSpit+1","Slimebound:SplitMire","Slimebound:SplitLeeching","Slimebound:DouseInSlime+1","Slimebound:HauntingLick","Slimebound:Nibble","Slimebound:Darklings","Slimebound:OozeBath","Slimebound:LeechLife","Slimebound:SplitAcid+1","Slimebound:ForwardTackle","Slimebound:FirmFortitude","Slimebound:BestDefense","Slimebound:Dissolve","Slimebound:SlimeSlap","Slimebound:GrowthPunch+1","Slimebound:DisruptingSlam","Slimebound:FlameTackle","Slimebound:CheckThePlaybook","Slimebound:LivingWall+1","Slimebound:RollThrough+1","Slimebound:LevelUp+1","Slimebound:AcidTongue+1","Slimebound:Teamwork"],"relics":["Slimebound:AbsorbEndCombat","EVO:Axolotl","Bronze Scales","Ornamental Fan","Question Card","Peace Pipe","Boot","Sozu","Pen Nib","Kunai","Meat on the Bone","OrangePellets","Omamori","Bird Faced Urn","downfall:GremlinWheel","Toy Ornithopter","Philosopher\u0027s Stone","Ice Cream","Sundial","Pear","Darkstone Periapt"],"acts_visited":["Exordium","TheCity","TheBeyond"],"potions_floor_usage":[],"damage_taken":[{"damage":7.0,"enemies":"Jaw Worm","floor":2.0,"turns":3.0},{"damage":3.0,"enemies":"downfall:FleeingMerchant","floor":6.0,"turns":4.0},{"damage":0.0,"enemies":"2 Louse","floor":11.0,"turns":2.0},{"damage":24.0,"enemies":"Gremlin Nob","floor":12.0,"turns":3.0},{"damage":20.0,"enemies":"3 Sentries","floor":14.0,"turns":5.0},{"damage":0.0,"enemies":"Small Slimes","floor":15.0,"turns":3.0},{"damage":9.0,"enemies":"SI_SHIV_ARCHETYPE","floor":16.0,"turns":5.0},{"damage":15.0,"enemies":"Chosen","floor":19.0,"turns":3.0},{"damage":15.0,"enemies":"Shelled Parasite and Fungi","floor":20.0,"turns":2.0},{"damage":11.0,"enemies":"Snake Plant","floor":21.0,"turns":3.0},{"damage":8.0,"enemies":"3 Cultists","floor":22.0,"turns":4.0},{"damage":19.0,"enemies":"Snecko","floor":23.0,"turns":4.0},{"damage":47.0,"enemies":"Slavers","floor":25.0,"turns":4.0},{"damage":5.0,"enemies":"downfall:FleeingMerchant","floor":26.0,"turns":4.0},{"damage":29.0,"enemies":"Gremlin Leader","floor":27.0,"turns":5.0},{"damage":33.0,"enemies":"Gremlin Leader","floor":28.0,"turns":4.0},{"damage":9.0,"enemies":"Cultist and Chosen","floor":29.0,"turns":3.0},{"damage":28.0,"enemies":"3 Cultists","floor":31.0,"turns":4.0},{"damage":6.0,"enemies":"Centurion and Healer","floor":32.0,"turns":4.0},{"damage":80.0,"enemies":"IC_MUSHROOM_ARCHETYPE","floor":33.0,"turns":6.0},{"damage":13.0,"enemies":"3 Shapes","floor":36.0,"turns":4.0},{"damage":55.0,"enemies":"2 Orb Walkers","floor":37.0,"turns":4.0},{"damage":27.0,"enemies":"Orb Walker","floor":39.0,"turns":3.0},{"damage":26,"enemies":"4 Shapes","floor":40,"turns":4},{"damage":6,"enemies":"Nemesis","floor":42,"turns":3},{"damage":74,"enemies":"Reptomancer","floor":45,"turns":2}],"seed_played":"3408175923271816233","potions_obtained":[{"floor":12.0,"key":"Energy Potion"},{"floor":16.0,"key":"FairyPotion"}],"is_trial":false,"path_per_floor":["R","M","?","?","?","$","T","T","R","?","M","E","R","E","M","B",null,"R","M","M","M","M","M","T","E","$","E","?","M","R","M","M","B",null,"R","M","?","?","M","M","T","E","R","?","E"],"character_chosen":"SLIMEBOUND","items_purchased":["Meat on the Bone","OrangePellets","Omamori"],"campfire_rested":0,"item_purchase_floors":[26,26,26],"current_hp_per_floor":[71,68,73,73,73,76,76,76,76,76,76,54,54,42,46,45,76,76,65,76,76,73,56,56,45,48,74,45,42,42,38,40,36,76,76,67,38,38,31,23,33,49,49,49,0,0,0],"gold":595,"neow_bonus":"TEN_PERCENT_HP_BONUS","is_daily":false,"chose_seed":false,"campfire_upgraded":3,"win_rate":0.0,"timestamp":1612268336,"path_taken":["R","M","?","?","?","?","T","?","R","?","M","E","R","E","M","BOSS","R","M","M","?","?","M","T","E","$","E","?","?","R","M","M","BOSS","R","M","?","?","M","M","T","E","R","?","E"],"items_purchased_type":["Relic","Relic","Relic"],"build_version":"2020-12-22","purchased_purges":0,"victory":false,"max_hp_per_floor":[71,71,76,76,76,76,76,76,76,76,76,76,76,76,76,76,76,76,76,76,76,76,76,76,76,76,76,76,76,76,76,76,76,76,76,76,76,76,76,76,86,86,86,86,86,86,86],"card_choices":[{"not_picked":["Slimebound:LeechingTouch","Slimebound:Schlurp"],"picked":"Slimebound:SplitMire","floor":2.0},{"not_picked":["Slimebound:LeechEnergy","Slimebound:LeechingTouch"],"picked":"Slimebound:SplitLeeching","floor":6.0},{"not_picked":["Slimebound:LivingWall","Slimebound:SplitAcid","Slimebound:ComboTackle"],"picked":"Slimebound:HauntingLick","floor":11.0},{"not_picked":["Slimebound:Chomp","Slimebound:ItLooksTasty","Slimebound:Dissolve"],"picked":"Slimebound:Nibble","floor":12.0},{"not_picked":["Slimebound:GoopSpray","Slimebound:ProtectTheBoss","Slimebound:SlimeSpikes"],"picked":"Slimebound:Darklings","floor":14.0},{"not_picked":["Slimebound:LeechEnergy","Slimebound:RollThrough","Slimebound:SlimeSpikes"],"picked":"Slimebound:OozeBath","floor":15.0},{"not_picked":["Slimebound:SlimeSlap","Slimebound:OneTwoCombo","Slimebound:Darklings"],"picked":"Slimebound:LeechLife","floor":16.0},{"not_picked":["Slimebound:ViciousTackle","Slimebound:Equalize","Slimebound:SplitMire+1"],"picked":"Slimebound:SplitAcid+1","floor":19.0},{"not_picked":["Slimebound:SamplingLick","Slimebound:SplitLeeching","Slimebound:Chomp"],"picked":"Slimebound:ForwardTackle","floor":20.0},{"not_picked":["Slimebound:SplitLeeching","Slimebound:SamplingLick","Slimebound:LeechEnergy","Slimebound:GoopSpray"],"picked":"SKIP","floor":21.0},{"not_picked":["Slimebound:SplitBruiser+1","Slimebound:LeechEnergy","Slimebound:HauntingLick+1"],"picked":"Slimebound:FirmFortitude","floor":22.0},{"not_picked":["Slimebound:ItLooksTasty+1","Slimebound:ViciousTackle","Slimebound:FormOfPuddle"],"picked":"Slimebound:BestDefense","floor":23.0},{"not_picked":["Slimebound:HauntingLick","Slimebound:LeechEnergy","Slimebound:Schlurp"],"picked":"Slimebound:Dissolve","floor":25.0},{"not_picked":["Slimebound:LeechingTouch+1","Slimebound:BestDefense","Slimebound:Schlurp+1"],"picked":"Slimebound:SlimeSlap","floor":26.0},{"not_picked":["Slimebound:ComboTackle+1","Slimebound:SplitBruiser","Slimebound:SplitAcid"],"picked":"Slimebound:Grow","floor":27.0},{"not_picked":["Slimebound:ComboTackle","Slimebound:SplitAcid+1","Slimebound:LivingWall"],"picked":"Slimebound:GrowthPunch+1","floor":29.0},{"not_picked":["Slimebound:SplitAcid+1","Slimebound:SamplingLick","Slimebound:GrowthPunch"],"picked":"Slimebound:DisruptingSlam","floor":31.0},{"not_picked":["Slimebound:ComboTackle+1","Slimebound:SplitMire","Slimebound:HauntingLick"],"picked":"Slimebound:FlameTackle","floor":32.0},{"not_picked":["Slimebound:Darklings","Slimebound:SlimeSlap","Slimebound:OneTwoCombo"],"picked":"Slimebound:CheckThePlaybook","floor":33.0},{"not_picked":["Slimebound:HauntingLick","Slimebound:SplitLeeching+1","Slimebound:Prepare+1"],"picked":"Slimebound:LivingWall+1","floor":36.0},{"not_picked":["Slimebound:SplitAcid","Slimebound:LivingWall+1","Slimebound:SlimeBarrage+1"],"picked":"Slimebound:RollThrough+1","floor":37.0},{"not_picked":["Slimebound:SplitBruiser","Slimebound:ServeAndProtect+1","Slimebound:GoopSpray+1"],"picked":"Slimebound:LevelUp+1","floor":39.0},{"not_picked":["Slimebound:GoopTackle","Slimebound:Prepare","Slimebound:SplitBruiser+1"],"picked":"Slimebound:AcidTongue+1","floor":40},{"not_picked":["Slimebound:GoopSpray","Slimebound:LivingWall","Slimebound:BestDefense"],"picked":"Slimebound:Teamwork","floor":42}],"player_experience":1932020,"relics_obtained":[{"floor":7.0,"key":"Ornamental Fan"},{"floor":8.0,"key":"Question Card"},{"floor":12.0,"key":"Peace Pipe"},{"floor":14.0,"key":"Boot"},{"floor":24.0,"key":"Pen Nib"},{"floor":25.0,"key":"Kunai"},{"floor":27.0,"key":"Bird Faced Urn"},{"floor":28.0,"key":"downfall:GremlinWheel"},{"floor":30.0,"key":"Toy Ornithopter"},{"floor":37.0,"key":"Ice Cream"},{"floor":38.0,"key":"Sundial"},{"floor":41,"key":"Pear"},{"floor":42,"key":"Darkstone Periapt"}],"event_choices":[{"damage_healed":0.0,"max_hp_gain":5.0,"max_hp_loss":0.0,"gold_gain":0.0,"event_name":"Big Fish","player_choice":"Donut","floor":3.0,"gold_loss":0.0,"damage_taken":0.0},{"damage_healed":0.0,"max_hp_gain":0.0,"max_hp_loss":0.0,"gold_gain":0.0,"event_name":"Wheel of Change","player_choice":"Relic","floor":30.0,"gold_loss":0.0,"damage_taken":0.0},{"damage_healed":0.0,"max_hp_gain":0.0,"max_hp_loss":0.0,"gold_gain":0.0,"event_name":"Mysterious Sphere","player_choice":"Fight","floor":37.0,"gold_loss":0.0,"damage_taken":0.0},{"cards_removed":["Slimebound:Grow"],"damage_healed":0,"gold_gain":0,"player_choice":"Removed Power","damage_taken":0,"max_hp_gain":0,"max_hp_loss":0,"event_name":"Falling","floor":44,"gold_loss":0}],"is_beta":false,"boss_relics":[{"not_picked":["Slimebound:TarBlob","Astrolabe"],"picked":"Sozu"},{"not_picked":["Pandora\u0027s Box","Empty Cage"],"picked":"Philosopher\u0027s Stone"}],"items_purged_floors":[],"is_endless":false,"potions_floor_spawned":[12,16,20,22,27,28,29,31,36,39,40],"killed_by":"Reptomancer","ascension_level":2}}