{"host":"kpqqzux92dvteh9a","time":1612280554,"event":{"mods":["AchievementEnabler","BaseMod","Colored Map","DeckTracker","Keyboard Shortcuts","Minty Spire (QoL Compilation)","Permanent Neow","Quick Restart","Random Character Button","Rare Cards Sparkle","StSLib","SuperFastMode"],"gold_per_floor":[118,78,93,104,120,120,152,167,167,186,186,186,186,213,213,213,213],"floor_reached":16,"language":"KOR","playtime":761,"items_purged":[],"score":154,"play_id":"dac5b217-8403-4e2a-97dc-1138d766c011","local_time":"20210203004234","is_ascension_mode":true,"campfire_choices":[{"floor":6,"key":"REST"},{"data":"Eruption","floor":11,"key":"SMITH"},{"data":"EmptyFist","floor":13,"key":"SMITH"},{"data":"BowlingBash","floor":15,"key":"SMITH"}],"circlet_count":0,"master_deck":["Strike_P","Strike_P","Strike_P","Defend_P","Defend_P","Defend_P","Defend_P","Eruption+1","Vigilance","FollowUp","EmptyFist+1","EmptyFist","BowlingBash+1","Wallop","EmptyBody","WreathOfFlame","MentalFortress"],"relics":["PureWater","Pocketwatch","Lantern","Pear","Happy Flower"],"acts_visited":["Exordium"],"potions_floor_usage":[2,8,14,16],"damage_taken":[{"damage":1,"enemies":"Cultist","floor":1,"turns":3},{"damage":0,"enemies":"Small Slimes","floor":3,"turns":2},{"damage":4,"enemies":"Jaw Worm","floor":4,"turns":3},{"damage":12,"enemies":"3 Louse","floor":5,"turns":4},{"damage":15,"enemies":"3 Sentries","floor":7,"turns":6},{"damage":6,"enemies":"Lots of Slimes","floor":8,"turns":3},{"damage":17,"enemies":"Exordium Wildlife","floor":10,"turns":3},{"damage":8,"enemies":"Gremlin Nob","floor":14,"turns":3},{"damage":27,"enemies":"Hexaghost","floor":16,"turns":10}],"seed_played":"7858299098145575592","potions_obtained":[{"floor":2,"key":"Energy Potion"},{"floor":2,"key":"EssenceOfSteel"},{"floor":2,"key":"Fruit Juice"},{"floor":3,"key":"AttackPotion"},{"floor":8,"key":"SteroidPotion"},{"floor":10,"key":"Strength Potion"},{"floor":14,"key":"BottledMiracle"}],"is_trial":false,"path_per_floor":["M","?","M","M","M","R","E","M","T","M","R","?","R","E","R","B"],"character_chosen":"WATCHER","items_purchased":[],"campfire_rested":1,"item_purchase_floors":[],"current_hp_per_floor":[50,55,55,51,39,62,47,41,51,34,34,34,34,26,26,0,0],"gold":213,"neow_bonus":"ONE_RARE_RELIC","is_daily":false,"chose_seed":false,"campfire_upgraded":3,"win_rate":0.0,"timestamp":1612280554,"path_taken":["M","?","M","M","?","R","E","M","T","M","R","?","R","E","R","BOSS"],"items_purchased_type":[],"build_version":"2020-12-22","purchased_purges":0,"victory":false,"max_hp_per_floor":[72,77,77,77,77,77,77,77,87,87,87,87,87,87,87,87,87],"card_choices":[{"not_picked":["Halt","Consecrate"],"picked":"FollowUp","floor":1},{"not_picked":["FlyingSleeves","Prostrate","Sanctity"],"picked":"SKIP","floor":3},{"not_picked":["Weave","Prostrate"],"picked":"EmptyFist","floor":4},{"not_picked":["ReachHeaven","Collect"],"picked":"EmptyFist","floor":5},{"not_picked":["Wish","EmptyFist"],"picked":"BowlingBash","floor":7},{"not_picked":["BowlingBash","FearNoEvil"],"picked":"Wallop","floor":8},{"not_picked":["Halt","BattleHymn"],"picked":"EmptyBody","floor":10},{"not_picked":["JustLucky","FlyingSleeves"],"picked":"MentalFortress","floor":14}],"player_experience":260694,"relics_obtained":[{"floor":7,"key":"Lantern"},{"floor":9,"key":"Pear"},{"floor":14,"key":"Happy Flower"}],"event_choices":[{"damage_healed":0,"gold_gain":0,"player_choice":"Bought 3 Potions","damage_taken":0,"max_hp_gain":0,"max_hp_loss":0,"event_name":"The Woman in Blue","floor":2,"gold_loss":0},{"damage_healed":0,"gold_gain":0,"cards_transformed":["Strike_P"],"player_choice":"Change","damage_taken":0,"max_hp_gain":0,"max_hp_loss":0,"event_name":"Living Wall","floor":12,"gold_loss":0,"cards_obtained":["WreathOfFlame"]}],"is_beta":false,"boss_relics":[],"items_purged_floors":[],"is_endless":false,"potions_floor_spawned":[3,7,8,10,14],"killed_by":"Hexaghost","ascension_level":3}}