{"host":"trw84khdytc0ixrp","time":1612227304,"event":{"mods":["BaseMod","Downfall","Minty Spire (QoL Compilation)","StSLib"],"gold_per_floor":[99,119,132,151,151,51,75,75,87,106,106,132,282,292,303,399,399,399,410,423,423,423,433,459,138,150,181,181,201,214,234,244,346,346,346,363,375,394,394,407,407,436,447,482,382,428,428,428,445,445],"floor_reached":51,"language":"ENG","playtime":7464,"items_purged":["Decay"],"score":812,"play_id":"79290b0b-b103-4cd3-8619-1dca5c522009","local_time":"20210202015504","is_ascension_mode":false,"campfire_choices":[{"floor":1,"key":"RECALL"},{"data":"Guardian:TwinSlam","floor":6,"key":"SMITH"},{"data":"Guardian:Suspension","floor":8,"key":"SMITH"},{"data":"Guardian:DonusPower","floor":11,"key":"SMITH"},{"data":"Guardian:FloatingOrbs","floor":18,"key":"SMITH"},{"data":"Guardian:Repulse","floor":35,"key":"SMITH"},{"data":"Guardian:FastForward","floor":45,"key":"SMITH"},{"data":"Guardian:FloatingOrbs","floor":47,"key":"SMITH"}],"circlet_count":0,"master_deck":["Guardian:Strike_Guardian","Guardian:Defend_Guardian","Guardian:CurlUp","Guardian:TwinSlam+1","Guardian:Suspension+1","Guardian:DonusPower+1","Guardian:TemporalShield","Guardian:FloatingOrbs+1","Guardian:ShieldCharger","Guardian:ArmoredProtocol","Guardian:BaubleBeam+1","Guardian:ChargeCore+1","Guardian:ShieldCharger","Guardian:FastForward+1","Guardian:Repulse+1","Guardian:FloatingOrbs","Guardian:FloatingOrbs+1","Guardian:Recover","Guardian:ShieldSpikes","Guardian:DonusPower+1","Guardian:AncientConstruct","Guardian:Clone+1","Guardian:ArmoredProtocol+1","Guardian:ShieldCharger+1","Guardian:PolyBeam+1","Guardian:Suspension+1"],"relics":["Guardian:ModeShifter","downfall:HeartBlessingRed","Lantern","Bronze Scales","Astrolabe","Oddly Smooth Stone","Sling","White Beast Statue","Cursed Key","Juzu Bracelet","Bag of Preparation","downfall:HeartBlessingGreen","Thread and Needle"],"acts_visited":["Exordium","TheCity","TheBeyond"],"potions_floor_usage":[16,27,27,27,33,38,42,43,44],"damage_taken":[{"damage":1,"enemies":"Cultist","floor":2,"turns":4},{"damage":5,"enemies":"2 Louse","floor":3,"turns":3},{"damage":2,"enemies":"Small Slimes","floor":4,"turns":4},{"damage":10,"enemies":"Exordium Thugs","floor":9,"turns":3},{"damage":7,"enemies":"Large Slime","floor":10,"turns":7},{"damage":3,"enemies":"Lagavulin","floor":12,"turns":5},{"damage":3,"enemies":"Lots of Slimes","floor":14,"turns":4},{"damage":3,"enemies":"Gremlin Gang","floor":15,"turns":3},{"damage":18,"enemies":"IC_STATUS_ARCHETYPE","floor":16,"turns":7},{"damage":5,"enemies":"Shell Parasite","floor":19,"turns":4},{"damage":13,"enemies":"3 Byrds","floor":20,"turns":4},{"damage":11,"enemies":"Shelled Parasite and Fungi","floor":23,"turns":4},{"damage":0,"enemies":"downfall:FleeingMerchant","floor":25,"turns":4},{"damage":0,"enemies":"Snecko","floor":26,"turns":4},{"damage":0,"enemies":"Slavers","floor":27,"turns":2},{"damage":2,"enemies":"Centurion and Healer","floor":29,"turns":5},{"damage":18,"enemies":"Cultist and Chosen","floor":30,"turns":5},{"damage":0,"enemies":"3 Cultists","floor":31,"turns":5},{"damage":9,"enemies":"Chosen and Byrds","floor":32,"turns":4},{"damage":7,"enemies":"WA_ARCHETYPE_CALM","floor":33,"turns":8},{"damage":6,"enemies":"Orb Walker","floor":36,"turns":3},{"damage":9,"enemies":"3 Darklings","floor":37,"turns":5},{"damage":4,"enemies":"Transient","floor":38,"turns":5},{"damage":16,"enemies":"4 Shapes","floor":40,"turns":5},{"damage":0,"enemies":"Giant Head","floor":42,"turns":6},{"damage":5,"enemies":"3 Darklings","floor":43,"turns":3},{"damage":0,"enemies":"Nemesis","floor":44,"turns":7},{"damage":6,"enemies":"2 Orb Walkers","floor":46,"turns":4},{"damage":12,"enemies":"Spire Growth","floor":49,"turns":4},{"damage":4,"enemies":"SI_POISON_ARCHETYPE","floor":50,"turns":7}],"seed_played":"5830598701365083689","potions_obtained":[{"floor":3,"key":"AttackPotion"},{"floor":4,"key":"Weak Potion"},{"floor":12,"key":"Weak Potion"},{"floor":16,"key":"Block Potion"},{"floor":20,"key":"GamblersBrew"},{"floor":26,"key":"SteroidPotion"},{"floor":29,"key":"Guardian:DefensiveModePotion"},{"floor":30,"key":"SkillPotion"},{"floor":31,"key":"Block Potion"},{"floor":32,"key":"Weak Potion"},{"floor":33,"key":"hexamod:SoulburnPotion"},{"floor":38,"key":"CultistPotion"},{"floor":40,"key":"Explosive Potion"},{"floor":42,"key":"sneckomod:MuddlingPotion"},{"floor":43,"key":"GamblersBrew"},{"floor":44,"key":"Guardian:DefensiveModePotion"},{"floor":46,"key":"BlessingOfTheForge"}],"is_trial":false,"path_per_floor":["R","M","M","M","?","R","T","R","M","M","R","E","?","M","M","B",null,"R","M","M","?","?","M","T","$","M","E","?","M","M","M","M","B",null,"R","M","M","M","?","M","T","E","M","E","R","?","R","?","M","B",null],"character_chosen":"GUARDIAN","items_purchased":["Guardian:FloatingOrbs","Sling"],"campfire_rested":0,"item_purchase_floors":[25,25],"current_hp_per_floor":[88,87,82,80,80,80,80,80,70,63,63,60,60,57,54,36,88,88,83,70,70,70,59,59,59,59,59,59,57,39,39,30,23,88,88,82,73,69,69,53,53,53,48,48,48,42,42,77,65,61],"gold":445,"neow_bonus":"TEN_PERCENT_HP_BONUS","is_daily":false,"chose_seed":false,"campfire_upgraded":7,"win_rate":0.0,"timestamp":1612227304,"path_taken":["R","M","M","M","?","R","T","R","?","M","R","E","?","M","M","BOSS","R","M","M","?","?","M","T","$","?","E","?","M","M","?","M","BOSS","R","?","M","M","?","M","T","E","M","E","R","?","R","?","M","BOSS"],"items_purchased_type":["Card","Relic"],"build_version":"2020-12-22","purchased_purges":1,"victory":true,"max_hp_per_floor":[88,88,88,88,88,88,88,88,88,88,88,88,88,88,88,88,88,88,88,88,88,88,88,88,88,88,88,88,88,88,88,88,88,88,88,88,88,88,88,88,88,88,88,88,88,88,88,77,77,77],"card_choices":[{"not_picked":["Guardian:PrismaticBeam","Guardian:Repulse"],"picked":"Guardian:RollAttack","floor":2},{"not_picked":["Guardian:Preprogram","Guardian:Reroute"],"picked":"Guardian:Gem_Red","floor":3},{"not_picked":["Guardian:RollAttack","Guardian:EvasiveProtocol"],"picked":"Guardian:Gem_White","floor":4},{"not_picked":["Guardian:Reroute","Guardian:Gem_Green"],"picked":"Guardian:DonusPower","floor":9},{"not_picked":["Guardian:Harden","Guardian:Reroute"],"picked":"Guardian:TemporalShield","floor":10},{"not_picked":["Guardian:TemporalStrike","Guardian:SpikerProtocol"],"picked":"Guardian:FloatingOrbs","floor":12},{"not_picked":["Guardian:Repulse","Guardian:Recover"],"picked":"Guardian:ShieldCharger","floor":14},{"not_picked":["Guardian:Gem_Lightblue","Guardian:MultiBeam"],"picked":"Guardian:ArmoredProtocol","floor":15},{"not_picked":["Guardian:StasisField","Guardian:ConstructionForm"],"picked":"Guardian:Gem_Synthetic","floor":16},{"not_picked":["Guardian:WalkerClaw","Guardian:PolyBeam"],"picked":"Guardian:ChargeCore+1","floor":19},{"not_picked":["Guardian:TimeBomb+1","Guardian:DonusPower"],"picked":"Guardian:ShieldCharger","floor":20},{"not_picked":["Guardian:Emergency+1","Guardian:TemporalStrike"],"picked":"Guardian:FloatingOrbs","floor":23},{"not_picked":["Guardian:TimeBomb","Guardian:RefractedBeam","Guardian:RollAttack"],"picked":"SKIP","floor":25},{"not_picked":["Guardian:TemporalStrike","Guardian:Gem_White"],"picked":"Guardian:Recover","floor":26},{"not_picked":["Guardian:RollAttack+1","Guardian:Harden"],"picked":"Guardian:ShieldSpikes","floor":27},{"not_picked":["Guardian:ChargeCore","Guardian:DonusPower","Guardian:TemporalStrike"],"picked":"SKIP","floor":29},{"not_picked":["Guardian:Gem_Green","Guardian:Gem_Red"],"picked":"Guardian:DonusPower+1","floor":30},{"not_picked":["Guardian:Gem_Cyan","Guardian:Gem_Crimson"],"picked":"Guardian:Gem_Red","floor":31},{"not_picked":["Guardian:StasisStrike","Guardian:BodySlam+1","Guardian:Suspension"],"picked":"SKIP","floor":32},{"not_picked":["Guardian:BaubleBeam","Guardian:Gem_Synthetic"],"picked":"Guardian:AncientConstruct","floor":33},{"not_picked":["Guardian:Repulse","Guardian:PolyBeam"],"picked":"Guardian:Clone+1","floor":36},{"not_picked":["Guardian:ArmoredProtocol+1","Guardian:FloatingOrbs","Guardian:TimeBomb+1"],"picked":"SKIP","floor":37},{"not_picked":["Guardian:ChargeCore+1","Guardian:SentryBeam+1"],"picked":"Guardian:ArmoredProtocol+1","floor":38},{"not_picked":["Guardian:Gem_White","Guardian:Harden"],"picked":"Guardian:ShieldCharger+1","floor":40},{"not_picked":["Guardian:ShieldCharger+1","Guardian:Planning","Guardian:Gem_Yellow"],"picked":"SKIP","floor":42},{"not_picked":["Guardian:PrismaticBeam+1","Guardian:Gem_Cyan","Guardian:RollAttack"],"picked":"SKIP","floor":43},{"not_picked":["Guardian:Gem_Blue","Guardian:Clone"],"picked":"Guardian:PolyBeam+1","floor":44},{"not_picked":["Guardian:CrystalBeam","Guardian:AncientConstruct"],"picked":"Guardian:Suspension+1","floor":46},{"not_picked":["Guardian:Incinerate+1","Guardian:PrimingBeam+1","Guardian:PiercingHide"],"picked":"SKIP","floor":49}],"player_experience":10267,"relics_obtained":[{"floor":7,"key":"Lantern"},{"floor":12,"key":"Bronze Scales"},{"floor":24,"key":"Oddly Smooth Stone"},{"floor":27,"key":"White Beast Statue"},{"floor":42,"key":"Juzu Bracelet"},{"floor":44,"key":"Bag of Preparation"},{"floor":46,"key":"Thread and Needle"}],"event_choices":[{"damage_healed":0,"gold_gain":0,"cards_transformed":["downfall:Aged","Guardian:Strike_Guardian"],"player_choice":"Became Test Subject","damage_taken":0,"max_hp_gain":0,"max_hp_loss":0,"event_name":"Drug Dealer","floor":21,"gold_loss":0,"cards_obtained":["Decay","Guardian:FastForward"]},{"cards_removed":["Guardian:Defend_Guardian"],"damage_healed":0,"gold_gain":0,"player_choice":"Card Removal","damage_taken":0,"max_hp_gain":0,"max_hp_loss":0,"event_name":"Wheel of Change","floor":28,"gold_loss":0},{"damage_healed":0,"gold_gain":0,"player_choice":"Fight","damage_taken":0,"max_hp_gain":0,"max_hp_loss":0,"event_name":"Mysterious Sphere","floor":46,"gold_loss":0}],"is_beta":false,"boss_relics":[{"not_picked":["Runic Dome","Fusion Hammer"],"picked":"Astrolabe"},{"not_picked":["SlaversCollar","Guardian:StasisSlotReductionRelic"],"picked":"Cursed Key"}],"items_purged_floors":[25],"is_endless":false,"potions_floor_spawned":[3,4,12,16,20,26,29,30,31,32,33,36,37,38,40,42,43,44,46,49],"ascension_level":0}}