{"host":"klrvvo16pazy794l","time":1612231927,"event":{"mods":["BaseMod","Minty Spire (QoL Compilation)"],"gold_per_floor":[110,123,143,155,174,174,203,203,203,219,251,251,267,285,285,387,387,406,406,406,42,60,60,60],"floor_reached":23,"language":"ENG","playtime":1080,"items_purged":["Strike_R"],"score":261,"play_id":"6db0e957-c7ff-4718-b509-ccb4c8350595","local_time":"20210201201207","is_ascension_mode":true,"campfire_choices":[{"data":"Panacea","floor":6,"key":"SMITH"},{"data":"Armaments","floor":12,"key":"SMITH"},{"floor":15,"key":"REST"}],"circlet_count":0,"master_deck":["Strike_R","Strike_R","Strike_R","Strike_R","Defend_R","Defend_R","Defend_R","Defend_R","Bash","Panacea+1","Pommel Strike","Cleave","Flex","Thunderclap","Headbutt","Armaments+1","Brutality","CurseOfTheBell","Shrug It Off"],"relics":["Burning Blood","Peace Pipe","Mango","Bottled Flame","Calling Bell","Anchor","InkBottle","Girya","MutagenicStrength","ClockworkSouvenir","Akabeko"],"acts_visited":["Exordium","TheCity"],"potions_floor_usage":[16,16,23,23],"damage_taken":[{"damage":6,"enemies":"Cultist","floor":1,"turns":3},{"damage":0,"enemies":"Small Slimes","floor":2,"turns":3},{"damage":8,"enemies":"2 Louse","floor":3,"turns":2},{"damage":7,"enemies":"2 Fungi Beasts","floor":4,"turns":3},{"damage":16,"enemies":"Lots of Slimes","floor":5,"turns":4},{"damage":37,"enemies":"Gremlin Nob","floor":7,"turns":4},{"damage":10,"enemies":"Exordium Wildlife","floor":10,"turns":2},{"damage":15,"enemies":"3 Sentries","floor":11,"turns":4},{"damage":12,"enemies":"Looter","floor":13,"turns":3},{"damage":11,"enemies":"Blue Slaver","floor":14,"turns":3},{"damage":26,"enemies":"Slime Boss","floor":16,"turns":6},{"damage":33,"enemies":"3 Byrds","floor":18,"turns":6},{"damage":24,"enemies":"Shell Parasite","floor":22,"turns":6},{"damage":30,"enemies":"Book of Stabbing","floor":23,"turns":4}],"seed_played":"-3272493082243383852","potions_obtained":[{"floor":2,"key":"Dexterity Potion"},{"floor":7,"key":"ColorlessPotion"},{"floor":10,"key":"ElixirPotion"},{"floor":11,"key":"DuplicationPotion"},{"floor":16,"key":"DuplicationPotion"},{"floor":22,"key":"Swift Potion"}],"is_trial":false,"path_per_floor":["M","M","M","M","M","R","E","?","T","M","E","R","M","M","R","B",null,"M","?","?","$","M","E"],"character_chosen":"IRONCLAD","items_purchased":["ClockworkSouvenir","Akabeko"],"campfire_rested":1,"item_purchase_floors":[21,21],"current_hp_per_floor":[80,80,78,77,67,67,36,36,50,46,37,37,31,26,54,34,94,67,48,48,48,30,0,0],"gold":60,"neow_bonus":"RANDOM_COLORLESS","is_daily":false,"chose_seed":false,"campfire_upgraded":2,"win_rate":0.0,"timestamp":1612231927,"path_taken":["M","M","M","M","?","R","E","?","T","M","E","R","M","M","R","BOSS","M","?","?","$","M","E"],"items_purchased_type":["Relic","Relic"],"build_version":"2020-12-22","purchased_purges":1,"victory":false,"max_hp_per_floor":[80,80,80,80,80,80,80,80,94,94,94,94,94,94,94,94,94,94,99,99,99,99,99,99],"card_choices":[{"not_picked":["Trip","Bandage Up"],"picked":"Panacea","floor":0},{"not_picked":["Sword Boomerang","Clash"],"picked":"Pommel Strike","floor":1},{"not_picked":["Infernal Blade","Warcry"],"picked":"Cleave","floor":2},{"not_picked":["Perfected Strike","Heavy Blade","Pommel Strike"],"picked":"SKIP","floor":3},{"not_picked":["Feed","Dual Wield"],"picked":"Flex","floor":4},{"not_picked":["Evolve","Dropkick"],"picked":"Thunderclap","floor":5},{"not_picked":["Pommel Strike","Cleave"],"picked":"Headbutt","floor":7},{"not_picked":["Disarm","Iron Wave","Thunderclap"],"picked":"SKIP","floor":10},{"not_picked":["Demon Form","Clothesline"],"picked":"Armaments","floor":11},{"not_picked":["Fire Breathing","Disarm","Burning Pact"],"picked":"SKIP","floor":13},{"not_picked":["Havoc","Sever Soul","Body Slam"],"picked":"SKIP","floor":14},{"not_picked":["Barricade","Demon Form"],"picked":"Brutality","floor":16},{"not_picked":["Havoc","Evolve"],"picked":"Shrug It Off","floor":18},{"not_picked":["Shrug It Off","Sword Boomerang","Perfected Strike+1"],"picked":"SKIP","floor":22}],"player_experience":500300,"relics_obtained":[{"floor":7,"key":"Peace Pipe"},{"floor":9,"key":"Mango"},{"floor":11,"key":"Bottled Flame"},{"floor":17,"key":"Anchor"},{"floor":17,"key":"InkBottle"},{"floor":17,"key":"Girya"}],"event_choices":[{"damage_healed":0,"gold_gain":0,"player_choice":"Searched \u00271\u0027 times","damage_taken":0,"max_hp_gain":0,"max_hp_loss":0,"event_name":"Dead Adventurer","floor":8,"gold_loss":0},{"damage_healed":0,"gold_gain":0,"player_choice":"Shed Blood","damage_taken":24,"max_hp_gain":5,"max_hp_loss":0,"event_name":"Forgotten Altar","floor":19,"gold_loss":0},{"damage_healed":0,"gold_gain":0,"player_choice":"Inject Mutagens","damage_taken":0,"relics_obtained":["MutagenicStrength"],"max_hp_gain":0,"max_hp_loss":0,"event_name":"Drug Dealer","floor":20,"gold_loss":0}],"is_beta":false,"boss_relics":[{"not_picked":["Fusion Hammer","Tiny House"],"picked":"Calling Bell"}],"items_purged_floors":[21],"is_endless":false,"potions_floor_spawned":[2,7,10,11,14,16,22],"killed_by":"Book of Stabbing","ascension_level":3}}