{"host":"crmowuwgj9wiiaqp","time":1612292938,"event":{"mods":["BaseMod","Downfall","Minty Spire (QoL Compilation)","Spire Arcade","StSLib"],"gold_per_floor":[109,123,133,133,133,133,133,33,46,46,78,92,122,137,137,241,241,255,271,286,41,60,60,60,75,60,80,113,113,113,142,142,246,246,263,278,278,278,122,149,149,149,449,484,495,495,523,543,543,543],"floor_reached":51,"language":"ENG","playtime":3194,"items_purged":["Regret","bronze:Defend"],"score":928,"play_id":"f30ada70-bf99-4887-92a9-402e4cdd00f4","local_time":"20210202120858","is_ascension_mode":true,"campfire_choices":[{"floor":6,"key":"RECALL"},{"data":"bronze:DelayedSlice","floor":8,"key":"SMITH"},{"data":"bronze:HardenedForm","floor":15,"key":"SMITH"},{"data":"bronze:SpaghettiCode","floor":23,"key":"SMITH"},{"data":"bronze:HardenedForm","floor":29,"key":"SMITH"},{"data":"bronze:Deprecate","floor":32,"key":"SMITH"},{"data":"bronze:Goto","floor":42,"key":"SMITH"},{"data":"bronze:ClassDefault","floor":46,"key":"SMITH"},{"data":"bronze:Fortify","floor":49,"key":"SMITH"}],"circlet_count":0,"master_deck":["bronze:Strike","bronze:Strike+1","bronze:Defend","bronze:Defend","bronze:Defend","bronze:Replicate","bronze:Goto+1","bronze:DelayedSlice+1","bronze:CloningBeam","bronze:Backtrace+1","bronze:Invalidate+1","downfall:Malfunctioning","bronze:DelayedGuard+1","bronze:Repair+1","bronze:HardenedForm+1","bronze:ClassDefault+1","bronze:HardenedForm+1","bronze:DelayedGuard","bronze:DelayedGuard","bronze:CleanCode","bronze:SpaghettiCode+1","downfall:Icky","bronze:Deprecate+1","bronze:DelayedSlice","bronze:CleanCode","bronze:BronzeArmor","bronze:Safeguard","expansioncontent:LastStand","bronze:GetLatest+1","bronze:HardenedForm+1","bronze:Separator+1","Injury","bronze:ForceShield","bronze:Overheat+1","bronze:Fortify+1"],"relics":["bronze:BronzeCore","Du-Vu Doll","bronze:ProtectiveGoggles","Pear","downfall:HeartBlessingRed","Bird Faced Urn","Mummified Hand","Cursed Key","Eternal Feather","Omamori","Tiny Chest","Meat on the Bone","SlaversCollar","Kunai","DollysMirror","War Paint","Ancient Tea Set","Old Coin","MealTicket","Unceasing Top"],"acts_visited":["Exordium","TheCity","TheBeyond"],"potions_floor_usage":[13,16,18,25,26,31,33,48],"damage_taken":[{"damage":0,"enemies":"Small Slimes","floor":1,"turns":3},{"damage":0,"enemies":"2 Louse","floor":2,"turns":2},{"damage":1,"enemies":"Jaw Worm","floor":3,"turns":2},{"damage":9,"enemies":"Blue Slaver","floor":9,"turns":3},{"damage":14,"enemies":"3 Sentries","floor":11,"turns":4},{"damage":6,"enemies":"Exordium Thugs","floor":12,"turns":2},{"damage":13,"enemies":"Lagavulin","floor":13,"turns":5},{"damage":3,"enemies":"Lots of Slimes","floor":14,"turns":3},{"damage":34,"enemies":"SI_SHIV_ARCHETYPE","floor":16,"turns":5},{"damage":5,"enemies":"3 Byrds","floor":18,"turns":2},{"damage":2,"enemies":"3 Cultists","floor":19,"turns":4},{"damage":18,"enemies":"Snecko","floor":20,"turns":4},{"damage":10,"enemies":"downfall:FleeingMerchant","floor":21,"turns":4},{"damage":0,"enemies":"Centurion and Healer","floor":22,"turns":5},{"damage":17,"enemies":"Chosen and Byrds","floor":25,"turns":7},{"damage":0,"enemies":"downfall:FleeingMerchant","floor":26,"turns":4},{"damage":17,"enemies":"Snake Plant","floor":27,"turns":4},{"damage":1,"enemies":"Book of Stabbing","floor":28,"turns":4},{"damage":26,"enemies":"Gremlin Leader","floor":31,"turns":7},{"damage":0,"enemies":"WA_ARCHETYPE_CALM","floor":33,"turns":5},{"damage":0,"enemies":"3 Darklings","floor":35,"turns":2},{"damage":0,"enemies":"3 Shapes","floor":36,"turns":3},{"damage":0,"enemies":"downfall:FleeingMerchant","floor":39,"turns":1},{"damage":0,"enemies":"Reptomancer","floor":40,"turns":3},{"damage":57,"enemies":"Nemesis","floor":44,"turns":5},{"damage":8,"enemies":"Spire Growth","floor":45,"turns":4},{"damage":4,"enemies":"Giant Head","floor":47,"turns":6},{"damage":0,"enemies":"Sphere and 2 Shapes","floor":48,"turns":3},{"damage":41,"enemies":"DF_ARCHETYPE_ORBS","floor":50,"turns":6}],"seed_played":"1958591640009603256","potions_obtained":[{"floor":3,"key":"Guardian:BlockOnCardUsePotion"},{"floor":9,"key":"EssenceOfSteel"},{"floor":11,"key":"Explosive Potion"},{"floor":12,"key":"Swift Potion"},{"floor":13,"key":"Explosive Potion"},{"floor":18,"key":"Strength Potion"},{"floor":22,"key":"hexamod:SoulburnPotion"},{"floor":28,"key":"Energy Potion"},{"floor":31,"key":"FearPotion"},{"floor":36,"key":"Explosive Potion"},{"floor":40,"key":"BlessingOfTheForge"},{"floor":44,"key":"Energy Potion"},{"floor":48,"key":"Weak Potion"}],"is_trial":false,"path_per_floor":["M","M","M","?","?","R","T","R","M","?","E","M","E","M","R","B",null,"M","M","M","$","M","R","T","M","$","M","E","R","?","E","R","B",null,"M","M","?","?","$","E","T","R","T","E","M","R","E","M","R","B",null],"character_chosen":"THE_AUTOMATON","items_purchased":["bronze:CleanCode","Kunai","DollysMirror"],"campfire_rested":0,"item_purchase_floors":[21,39,39],"current_hp_per_floor":[63,63,62,62,62,62,72,72,63,63,49,43,37,43,43,20,73,68,72,55,58,73,73,73,58,71,73,72,73,73,49,64,73,73,73,73,73,73,73,73,73,73,73,38,50,68,73,73,73,44],"gold":543,"neow_bonus":"ONE_RARE_RELIC","is_daily":false,"chose_seed":false,"campfire_upgraded":8,"win_rate":0.0,"timestamp":1612292938,"path_taken":["M","M","M","?","?","R","T","R","M","?","E","M","E","M","R","BOSS","M","M","M","$","M","R","T","M","$","M","E","R","?","E","R","BOSS","M","M","?","?","$","E","T","R","?","E","M","R","E","M","R","BOSS"],"items_purchased_type":["Card","Relic","Relic"],"build_version":"2020-12-22","purchased_purges":2,"victory":true,"max_hp_per_floor":[63,63,63,63,63,63,73,73,73,73,73,73,73,73,73,73,73,73,73,73,73,73,73,73,73,73,73,73,73,73,73,73,73,73,73,73,73,73,73,73,73,73,73,73,73,73,73,73,73,73],"card_choices":[{"not_picked":["bronze:Constructor","bronze:Shield"],"picked":"bronze:DelayedSlice","floor":1},{"not_picked":["bronze:BugBarrage","bronze:Frontload"],"picked":"bronze:CloningBeam","floor":2},{"not_picked":["bronze:BugBarrage","bronze:BuggyMess"],"picked":"bronze:Backtrace","floor":3},{"not_picked":["bronze:FineTuning","bronze:WildBeam"],"picked":"bronze:Invalidate","floor":9},{"not_picked":["bronze:ChosenStrike","bronze:CloningBeam"],"picked":"bronze:DelayedGuard","floor":11},{"not_picked":["bronze:CutThrough","bronze:Philosophize"],"picked":"bronze:Repair","floor":12},{"not_picked":["bronze:BronzeArmor","bronze:BurnOut"],"picked":"bronze:HardenedForm","floor":13},{"not_picked":["bronze:CloningBeam","bronze:Iterate"],"picked":"bronze:ClassDefault","floor":14},{"not_picked":["bronze:BurnOut","bronze:RecursiveStrike"],"picked":"bronze:HardenedForm","floor":16},{"not_picked":["bronze:BuggyMess","bronze:CutThrough","bronze:Turbo+1"],"picked":"SKIP","floor":18},{"not_picked":["bronze:DigitalCarnage","bronze:CutThrough","bronze:BitShift"],"picked":"SKIP","floor":19},{"not_picked":["bronze:BuggyMess+1","bronze:Boost"],"picked":"bronze:DelayedGuard","floor":20},{"not_picked":["bronze:Separator","bronze:BugBarrage"],"picked":"bronze:DelayedGuard","floor":21},{"not_picked":["bronze:Return+1","bronze:WildBeam+1"],"picked":"bronze:SpaghettiCode","floor":22},{"not_picked":["bronze:Turbo","bronze:OilSpill"],"picked":"bronze:Deprecate","floor":25},{"not_picked":["bronze:DelayedGuard+1","bronze:Safeguard","bronze:Break"],"picked":"SKIP","floor":26},{"not_picked":["bronze:Deprecate+1","bronze:CutThrough","bronze:Shell"],"picked":"SKIP","floor":27},{"not_picked":["bronze:BuggyMess","bronze:Invalidate+1","bronze:Allocate"],"picked":"SKIP","floor":28},{"not_picked":["bronze:Separator","bronze:Flail"],"picked":"bronze:DelayedSlice","floor":31},{"not_picked":["bronze:Verify","bronze:BurnOut"],"picked":"bronze:CleanCode","floor":33},{"not_picked":["bronze:CutThrough","bronze:FineTuning+1","bronze:BugBarrage+1"],"picked":"SKIP","floor":35},{"not_picked":["bronze:WhirlingStrike","bronze:OilSpill+1"],"picked":"bronze:BronzeArmor","floor":36},{"not_picked":["expansioncontent:GuardianWhirl","expansioncontent:YouAreMine"],"picked":"expansioncontent:LastStand","floor":38},{"not_picked":["bronze:Deprecate+1","bronze:CutThrough"],"picked":"bronze:GetLatest+1","floor":39},{"not_picked":["bronze:BuggyMess","bronze:Constructor"],"picked":"bronze:Separator+1","floor":40},{"not_picked":["bronze:Branch+1","bronze:GetLatest"],"picked":"bronze:ForceShield","floor":44},{"not_picked":["bronze:Constructor+1","bronze:Terminator"],"picked":"bronze:Overheat+1","floor":45},{"not_picked":["bronze:BurnOut","bronze:Allocate+1","bronze:BuggyMess"],"picked":"SKIP","floor":47},{"not_picked":["bronze:ChosenStrike","bronze:DelayedGuard+1"],"picked":"bronze:Fortify","floor":48}],"player_experience":1378166,"relics_obtained":[{"floor":7,"key":"Pear"},{"floor":11,"key":"Bird Faced Urn"},{"floor":13,"key":"Mummified Hand"},{"floor":24,"key":"Eternal Feather"},{"floor":28,"key":"Omamori"},{"floor":31,"key":"Meat on the Bone"},{"floor":40,"key":"War Paint"},{"floor":41,"key":"Ancient Tea Set"},{"floor":43,"key":"Old Coin"},{"floor":44,"key":"MealTicket"},{"floor":47,"key":"Unceasing Top"}],"event_choices":[{"damage_healed":0,"gold_gain":0,"player_choice":"Box","damage_taken":0,"relics_obtained":["bronze:ProtectiveGoggles"],"max_hp_gain":0,"max_hp_loss":0,"event_name":"Big Fish","floor":4,"gold_loss":0,"cards_obtained":["Regret"]},{"damage_healed":0,"gold_gain":0,"player_choice":"Stole Relic","damage_taken":0,"relics_obtained":["Tiny Chest"],"max_hp_gain":0,"max_hp_loss":0,"event_name":"Addict","floor":30,"gold_loss":0,"cards_obtained":["Pride"]}],"is_beta":false,"boss_relics":[{"not_picked":["Sozu","Pandora\u0027s Box"],"picked":"Cursed Key"},{"not_picked":["Black Star","Runic Dome"],"picked":"SlaversCollar"}],"items_purged_floors":[21,39],"is_endless":false,"potions_floor_spawned":[3,9,11,12,13,18,22,28,31,36,40,44,48],"ascension_level":1}}