{"host":"2q4w55ev63ot6isg","time":1612300377,"event":{"mods":["Aspiration","BaseMod","Downfall","Hubris","Marisa????????","Minty Spire (QoL Compilation)","Replay The Spire","StSLib","The Cursed","The Jungle","The Servant 0.9.4"],"gold_per_floor":[115,115,115,133,145,145,163,9,9,9,40,59,59,91,91,91,91],"floor_reached":16,"language":"ENG","playtime":410,"items_purged":[],"score":138,"play_id":"605c6e9b-fb93-4d9c-a8e0-2eb11bd5360e","local_time":"20210202131257","is_ascension_mode":true,"campfire_choices":[{"data":"Zap","floor":6,"key":"SMITH"},{"data":"ReplayTheSpireMod:Fabricate Wheel","floor":10,"key":"SMITH"},{"floor":15,"key":"DIG"}],"circlet_count":0,"master_deck":["Strike_B+1","Strike_B","Strike_B","Defend_B","Defend_B+1","Defend_B","Defend_B","Zap+1","Dualcast","Gash+1","Leap","Beam Cell","Hologram","Capacitor","Coolheaded","Electrodynamics"],"relics":["Cracked Core","Ornamental Fan","Prayer Wheel","Singing Bowl","Anchor","HornCleat","Prayer Wheel"],"acts_visited":["Exordium"],"potions_floor_usage":[11,16,16],"damage_taken":[{"damage":0,"enemies":"Cultist","floor":1,"turns":3},{"damage":2,"enemies":"Jaw Worm","floor":4,"turns":3},{"damage":0,"enemies":"2 Louse","floor":5,"turns":1},{"damage":0,"enemies":"Exordium Wildlife","floor":7,"turns":3},{"damage":9,"enemies":"Gremlin Nob","floor":11,"turns":3},{"damage":6,"enemies":"Looter","floor":12,"turns":4},{"damage":6,"enemies":"Lagavulin","floor":14,"turns":7},{"damage":42,"enemies":"Slime Boss","floor":16,"turns":11}],"seed_played":"-3639761804013261105","potions_obtained":[{"floor":4,"key":"hexamod:SoulburnPotion"},{"floor":7,"key":"Guardian:BlockOnCardUsePotion"},{"floor":14,"key":"Weak Potion"}],"is_trial":false,"path_per_floor":["M","?","?","M","M","R","M","$","T","R","E","M","?","E","R","B"],"character_chosen":"DEFECT","items_purchased":["ReplayTheSpireMod:Fabricate Wheel"],"campfire_rested":0,"item_purchase_floors":[8],"current_hp_per_floor":[75,60,60,58,58,58,58,58,58,58,51,45,45,41,41,0,0],"gold":91,"neow_bonus":"REMOVE_CARD","is_daily":false,"chose_seed":false,"campfire_upgraded":2,"win_rate":0.0,"timestamp":1612300377,"path_taken":["M","?","?","?","M","R","M","$","T","R","E","M","?","E","R","BOSS"],"items_purchased_type":["Card"],"build_version":"2020-12-22","purchased_purges":0,"victory":false,"max_hp_per_floor":[75,75,75,75,75,75,75,75,75,75,77,77,77,79,79,79,79],"card_choices":[{"not_picked":["Go for the Eyes","Steam"],"picked":"Gash","floor":1},{"not_picked":["Blizzard","ReplaySolidLightProjector"],"picked":"Leap","floor":4},{"not_picked":["Stack","Turbo"],"picked":"Beam Cell","floor":5},{"not_picked":["Sweeping Beam","Skim"],"picked":"Hologram","floor":7},{"not_picked":["Stack","BasicCrystalCard","Panic Button"],"picked":"Singing Bowl","floor":11},{"not_picked":["Sweeping Beam","Leap"],"picked":"Capacitor","floor":12},{"not_picked":["Hello World","Auto Shields"],"picked":"Coolheaded","floor":12},{"not_picked":["BasicCrystalCard","hubris:PowerSurge","Capacitor"],"picked":"Singing Bowl","floor":14}],"player_experience":201697,"relics_obtained":[{"floor":9,"key":"Ornamental Fan"},{"floor":11,"key":"Singing Bowl"},{"floor":14,"key":"Anchor"},{"floor":15,"key":"HornCleat"}],"event_choices":[{"damage_healed":0,"gold_gain":0,"player_choice":"Entered Light","damage_taken":15,"max_hp_gain":0,"max_hp_loss":0,"event_name":"Shining Light","floor":2,"gold_loss":0,"cards_upgraded":["Strike_B","Defend_B"]},{"damage_healed":0,"gold_gain":0,"player_choice":"Upgraded","damage_taken":0,"max_hp_gain":0,"max_hp_loss":0,"event_name":"Upgrade Shrine","floor":3,"gold_loss":0,"cards_upgraded":["Gash"]}],"is_beta":false,"boss_relics":[],"items_purged_floors":[],"is_endless":false,"potions_floor_spawned":[4,7,14],"killed_by":"Slime Boss","ascension_level":5}}