{"host":"eebsr5bfap1y39p2","time":1612242177,"event":{"mods":["AchievementEnabler","BaseMod","Colored Map","Minty Spire (QoL Compilation)","StSLib","SuperFastMode"],"gold_per_floor":[109,109,123,123,136,136,156,169,195,223,79,79,79],"floor_reached":12,"language":"KOR","playtime":324,"items_purged":["Defend_P"],"score":98,"play_id":"5e0ea85e-7bd4-437b-adbe-82a9b5b9da3b","local_time":"20210202000257","is_ascension_mode":true,"campfire_choices":[{"data":"Adaptation","floor":6.0,"key":"SMITH"}],"circlet_count":0,"master_deck":["Strike_P","Strike_P","Strike_P","Strike_P","Defend_P","Defend_P+1","Defend_P","Eruption+1","Vigilance","MentalFortress+1","Adaptation+1","FearNoEvil"],"relics":["PureWater","Juzu Bracelet","CeramicFish","Odd Mushroom"],"acts_visited":["Exordium"],"potions_floor_usage":[12,12],"damage_taken":[{"damage":9.0,"enemies":"2 Louse","floor":1.0,"turns":3.0},{"damage":0.0,"enemies":"Cultist","floor":3.0,"turns":3.0},{"damage":2.0,"enemies":"Jaw Worm","floor":5.0,"turns":4.0},{"damage":15.0,"enemies":"Lots of Slimes","floor":7.0,"turns":4.0},{"damage":7.0,"enemies":"Exordium Wildlife","floor":8.0,"turns":6.0},{"damage":16.0,"enemies":"The Mushroom Lair","floor":10.0,"turns":4.0},{"damage":13,"enemies":"Lagavulin","floor":12,"turns":4}],"seed_played":"-16710146022601877","potions_obtained":[{"floor":5.0,"key":"Dexterity Potion"},{"floor":7.0,"key":"Fruit Juice"},{"floor":8.0,"key":"Dexterity Potion"}],"is_trial":false,"path_per_floor":["M","?","M","?","M","R","M","M","T","?","$","E"],"character_chosen":"WATCHER","items_purchased":["FearNoEvil"],"campfire_rested":0,"item_purchase_floors":[11],"current_hp_per_floor":[56,42,42,42,40,40,30,23,23,7,7,0,0],"gold":79,"neow_bonus":"RANDOM_COMMON_RELIC","is_daily":false,"chose_seed":false,"campfire_upgraded":1,"win_rate":0.0,"timestamp":1612242177,"path_taken":["M","?","M","?","M","R","M","M","T","?","$","E"],"items_purchased_type":["Card"],"build_version":"2020-12-22","purchased_purges":1,"victory":false,"max_hp_per_floor":[72,72,72,72,72,72,77,77,77,77,77,77,77],"card_choices":[{"not_picked":["CutThroughFate","Swivel"],"picked":"MentalFortress","floor":1.0},{"not_picked":["ThirdEye","Pray"],"picked":"Adaptation","floor":3.0},{"not_picked":["JustLucky","CutThroughFate","Evaluate"],"picked":"SKIP","floor":5.0},{"not_picked":["ThirdEye","Prostrate","FlurryOfBlows"],"picked":"SKIP","floor":7.0},{"not_picked":["FlurryOfBlows","BowlingBash","CrushJoints"],"picked":"SKIP","floor":8.0}],"player_experience":393394,"relics_obtained":[{"floor":9.0,"key":"CeramicFish"},{"floor":10.0,"key":"Odd Mushroom"}],"event_choices":[{"damage_healed":0.0,"max_hp_gain":0.0,"max_hp_loss":0.0,"gold_gain":0.0,"event_name":"Shining Light","player_choice":"Entered Light","floor":2.0,"gold_loss":0.0,"damage_taken":14.0,"cards_upgraded":["MentalFortress","Defend_P"]},{"damage_healed":0.0,"max_hp_gain":0.0,"max_hp_loss":0.0,"gold_gain":0.0,"event_name":"Accursed Blacksmith","player_choice":"Forge","floor":4.0,"gold_loss":0.0,"damage_taken":0.0,"cards_upgraded":["Eruption"]},{"damage_healed":0.0,"max_hp_gain":0.0,"max_hp_loss":0.0,"gold_gain":0.0,"event_name":"Mushrooms","player_choice":"Fought Mushrooms","floor":10.0,"gold_loss":0.0,"damage_taken":0.0}],"is_beta":false,"boss_relics":[],"items_purged_floors":[11],"is_endless":false,"potions_floor_spawned":[5,7,8],"killed_by":"Lagavulin","ascension_level":8}}