{"host":"9rexl4trwadr43zo","time":1612230528,"event":{"mods":["BaseMod","Colored Map","Minty Spire (QoL Compilation)"],"gold_per_floor":[109,109,132,132,148,148,248,248,274,307,322,355,355,305,305,410,410,423,423,107,107,107,107],"floor_reached":22,"language":"ENG","playtime":704,"items_purged":["Strike_R"],"score":256,"play_id":"1d6b2974-c2f1-4073-9c88-7aeacd01a12a","local_time":"20210202014848","is_ascension_mode":true,"campfire_choices":[{"data":"Cleave","floor":6,"key":"SMITH"},{"data":"Bash","floor":8,"key":"SMITH"},{"floor":13,"key":"REST"},{"data":"Barricade","floor":15,"key":"SMITH"}],"circlet_count":0,"master_deck":["Strike_R+1","Strike_R+1","Strike_R","Defend_R","Defend_R","Defend_R","Defend_R","Bash+1","Cleave+1","Barricade+1","Inflame","Inflame","CurseOfTheBell","Whirlwind"],"relics":["Burning Blood","NeowsBlessing","Bag of Preparation","Art of War","Nunchaku","Juzu Bracelet","Calling Bell","PreservedInsect","Eternal Feather","Shovel","Bottled Flame"],"acts_visited":["Exordium","TheCity"],"potions_floor_usage":[],"damage_taken":[{"damage":0,"enemies":"Small Slimes","floor":1,"turns":1},{"damage":0,"enemies":"Jaw Worm","floor":5,"turns":1},{"damage":0,"enemies":"Lagavulin","floor":10,"turns":1},{"damage":8,"enemies":"2 Louse","floor":11,"turns":2},{"damage":35,"enemies":"3 Sentries","floor":12,"turns":7},{"damage":88,"enemies":"Hexaghost","floor":16,"turns":12},{"damage":28,"enemies":"Chosen","floor":18,"turns":8},{"damage":46,"enemies":"Shell Parasite","floor":22,"turns":6}],"seed_played":"2088712419672315990","potions_obtained":[{"floor":4,"key":"DuplicationPotion"},{"floor":4,"key":"Ancient Potion"},{"floor":4,"key":"Dexterity Potion"},{"floor":5,"key":"Strength Potion"},{"floor":11,"key":"FairyPotion"},{"floor":18,"key":"Explosive Potion"}],"is_trial":false,"path_per_floor":["M","?","T","?","M","R","?","R","T","E","M","E","R","?","R","B",null,"M","?","$","?","M"],"character_chosen":"IRONCLAD","items_purchased":["Bottled Flame"],"campfire_rested":1,"item_purchase_floors":[20],"current_hp_per_floor":[80,64,64,64,70,70,70,70,70,76,74,45,69,69,69,14,80,58,43,43,43,0,0],"gold":107,"neow_bonus":"THREE_ENEMY_KILL","is_daily":false,"chose_seed":false,"campfire_upgraded":3,"win_rate":0.0,"timestamp":1612230528,"path_taken":["M","?","?","?","?","R","?","R","T","E","M","E","R","?","R","BOSS","M","?","$","?","M"],"items_purchased_type":["Relic"],"build_version":"2020-12-22","purchased_purges":1,"victory":false,"max_hp_per_floor":[80,80,80,80,80,80,80,80,80,80,80,80,80,80,80,80,80,80,85,85,85,85,85],"card_choices":[{"not_picked":["Intimidate","Pummel"],"picked":"Cleave","floor":1},{"not_picked":["Burning Pact","Reckless Charge","Flex"],"picked":"SKIP","floor":5},{"not_picked":["Anger","Sever Soul"],"picked":"Barricade","floor":10},{"not_picked":["Iron Wave","Headbutt"],"picked":"Inflame","floor":11},{"not_picked":["Headbutt","Flex"],"picked":"Inflame","floor":12},{"not_picked":["Headbutt","Armaments"],"picked":"Whirlwind","floor":18}],"player_experience":277803,"relics_obtained":[{"floor":3,"key":"Bag of Preparation"},{"floor":9,"key":"Art of War"},{"floor":10,"key":"Nunchaku"},{"floor":12,"key":"Juzu Bracelet"},{"floor":17,"key":"PreservedInsect"},{"floor":17,"key":"Eternal Feather"},{"floor":17,"key":"Shovel"}],"event_choices":[{"damage_healed":0,"gold_gain":0,"player_choice":"Entered Light","damage_taken":16,"max_hp_gain":0,"max_hp_loss":0,"event_name":"Shining Light","floor":2,"gold_loss":0,"cards_upgraded":["Strike_R","Strike_R"]},{"damage_healed":0,"gold_gain":0,"player_choice":"Got Potions","damage_taken":0,"max_hp_gain":0,"max_hp_loss":0,"event_name":"Lab","floor":4,"gold_loss":0},{"damage_healed":0,"gold_gain":100,"player_choice":"Pray","damage_taken":0,"max_hp_gain":0,"max_hp_loss":0,"event_name":"Golden Shrine","floor":7,"gold_loss":0},{"cards_removed":["Strike_R"],"damage_healed":0,"gold_gain":0,"player_choice":"Card Removal","damage_taken":0,"max_hp_gain":0,"max_hp_loss":0,"event_name":"The Cleric","floor":14,"gold_loss":50},{"damage_healed":0,"gold_gain":0,"player_choice":"Shed Blood","damage_taken":20,"max_hp_gain":5,"max_hp_loss":0,"event_name":"Forgotten Altar","floor":19,"gold_loss":0},{"damage_healed":0,"gold_gain":0,"player_choice":"Ignored","damage_taken":0,"max_hp_gain":0,"max_hp_loss":0,"event_name":"Ghosts","floor":21,"gold_loss":0}],"is_beta":false,"boss_relics":[{"not_picked":["Astrolabe","Pandora\u0027s Box"],"picked":"Calling Bell"}],"items_purged_floors":[20],"is_endless":false,"potions_floor_spawned":[5,10,11,18],"killed_by":"Shell Parasite","ascension_level":4}}