{"host":"v54ek091sdz7ha6h","time":1612295233,"event":{"mods":["BaseMod","Better Vampires","Colored Map","Colored Powertips","DeckTracker","Highlight Path","KOR Keyword Fix","Minty Spire (QoL Compilation)","Rare Cards Sparkle","Relic Stats","StSLib","SuperFastMode"],"gold_per_floor":[17,35,47,47,57,57,72,105,130,130,69,95,95,114,114,114,114],"floor_reached":16,"language":"KOR","playtime":384,"items_purged":[],"score":224,"play_id":"e7ab8c09-68ec-4429-987a-14550456ab84","local_time":"20210203044713","is_ascension_mode":true,"campfire_choices":[{"data":"Juggernaut","floor":6.0,"key":"SMITH"},{"floor":10,"key":"REST"},{"data":"Uppercut","floor":13,"key":"SMITH"},{"data":"Battle Trance","floor":15,"key":"SMITH"}],"circlet_count":0,"master_deck":["AscendersBane","Strike_R","Strike_R","Strike_R","Strike_R","Defend_R","Defend_R","Defend_R","Defend_R","Bash","Juggernaut+1","Feel No Pain","Uppercut+1","Metallicize","Battle Trance+1"],"relics":["Burning Blood","Lantern","Smiling Mask"],"acts_visited":["Exordium"],"potions_floor_usage":[8,16],"damage_taken":[{"damage":8.0,"enemies":"2 Louse","floor":1.0,"turns":4.0},{"damage":1.0,"enemies":"Cultist","floor":2.0,"turns":4.0},{"damage":7.0,"enemies":"Small Slimes","floor":3.0,"turns":5.0},{"damage":36.0,"enemies":"Exordium Wildlife","floor":5.0,"turns":7.0},{"damage":15.0,"enemies":"Red Slaver","floor":7.0,"turns":6.0},{"damage":42,"enemies":"Gremlin Nob","floor":8,"turns":5},{"damage":14,"enemies":"Lagavulin","floor":12,"turns":6},{"damage":3,"enemies":"Looter","floor":14,"turns":4},{"damage":27,"enemies":"Hexaghost","floor":16,"turns":9}],"seed_played":"-9096393675159875699","potions_obtained":[{"floor":1.0,"key":"Regen Potion"},{"floor":2.0,"key":"Swift Potion"},{"floor":5.0,"key":"Weak Potion"},{"floor":14,"key":"SkillPotion"}],"is_trial":false,"path_per_floor":["M","M","M","?","M","R","M","E","T","R","?","E","R","M","R","B"],"character_chosen":"IRONCLAD","items_purchased":[],"campfire_rested":1,"item_purchase_floors":[],"current_hp_per_floor":[66,71,70,70,55,55,46,10,10,32,32,24,24,27,27,0,0],"gold":114,"neow_bonus":"THREE_RARE_CARDS","is_daily":false,"chose_seed":false,"campfire_upgraded":3,"win_rate":0.0,"timestamp":1612295233,"path_taken":["M","M","M","?","M","R","?","E","T","R","?","E","R","M","R","BOSS"],"items_purchased_type":[],"build_version":"2020-12-22","purchased_purges":0,"victory":false,"max_hp_per_floor":[75,75,75,75,75,75,75,75,75,75,75,75,75,75,75,75,75],"relic_stats":{"counters":[9,50],"Smiling Mask":0,"obtain_stats":[{"Lantern":8,"Smiling Mask":12,"Burning Blood":0},{"Lantern":6,"Smiling Mask":7,"Burning Blood":0},{"Lantern":31,"Smiling Mask":37,"Burning Blood":0}],"Burning Blood":48},"card_choices":[{"not_picked":["Demon Form","Impervious"],"picked":"Juggernaut","floor":0.0},{"not_picked":["Pummel","Twin Strike","Heavy Blade"],"picked":"SKIP","floor":1.0},{"not_picked":["Dark Embrace","Thunderclap","Anger"],"picked":"SKIP","floor":2.0},{"not_picked":["Clash","Shrug It Off"],"picked":"Feel No Pain","floor":3.0},{"not_picked":["Inflame","Flex"],"picked":"Metallicize","floor":5.0},{"not_picked":["Wild Strike","Perfected Strike"],"picked":"Battle Trance","floor":7.0},{"not_picked":["Twin Strike","Juggernaut","Dual Wield"],"picked":"SKIP","floor":8},{"not_picked":["Pommel Strike","Heavy Blade","Inflame"],"picked":"SKIP","floor":12},{"not_picked":["Body Slam","Dark Embrace","Dropkick"],"picked":"SKIP","floor":14}],"player_experience":1464743,"relics_obtained":[{"floor":8,"key":"Lantern"},{"floor":12,"key":"Smiling Mask"}],"event_choices":[{"damage_healed":0.0,"max_hp_gain":0.0,"max_hp_loss":0.0,"gold_gain":0.0,"cards_transformed":["Strike_R"],"event_name":"Transmorgrifier","player_choice":"Transformed","floor":4.0,"gold_loss":0.0,"damage_taken":0.0,"cards_obtained":["Uppercut"]},{"damage_healed":0,"gold_gain":0,"player_choice":"Left Gold","damage_taken":0,"max_hp_gain":0,"max_hp_loss":0,"event_name":"World of Goop","floor":11,"gold_loss":61}],"is_beta":false,"boss_relics":[],"items_purged_floors":[],"is_endless":false,"potions_floor_spawned":[1,2,5,14],"killed_by":"Hexaghost","ascension_level":20}}