{"host":"f4xk8spljo3akohx","time":1612242713,"event":{"mods":["Act Like it!","Arknights","BaseMod","Downfall","Gensokyo","GifTheSpireLib","Hallownest","Highlight Path","Marisa£®ÏF”Í°°ƒß¿Ì…≥£©","Minty Spire (QoL Compilation)","Quick Restart","StSLib","The Bug Knight"],"gold_per_floor":[112,112,112,123,137,137,169,169,218,231,250,250,211,236,236,236,236],"floor_reached":16,"language":"ZHS","playtime":516,"items_purged":[],"score":110,"play_id":"1f9f5a20-d620-4ec6-bec4-c3b5f081e270","local_time":"20210202131153","is_ascension_mode":false,"campfire_choices":[{"data":"ats:Ignite","floor":6,"key":"SMITH"},{"data":"ats:Very Hot Blade","floor":12,"key":"SMITH"},{"floor":15,"key":"REST"}],"circlet_count":0,"master_deck":["ats:Strike C","ats:Strike G","ats:Strike S","ats:Strike V","ats:Armor Crushing Shot","ats:Defend","ats:Defend","ats:Defend","ats:Defend","ats:Emotion Absorption","ats:Poison Spread","ats:Cat Scratch","ats:Ignite+1","ats:Very Hot Blade+1","ats:Nebulous Foxfire+1"],"relics":["ats:Sanity","NeowsBlessing","Blue Candle","ats:Originium","Dream Catcher","Boot","Nunchaku","Strawberry"],"acts_visited":["Gensokyo:Gensokyo"],"potions_floor_usage":[],"damage_taken":[{"damage":0,"enemies":"Gensokyo:3_Fairies","floor":1,"turns":1},{"damage":0,"enemies":"Gensokyo:Gryphon","floor":4,"turns":1},{"damage":0,"enemies":"Gensokyo:Python","floor":5,"turns":1},{"damage":13,"enemies":"Gensokyo:Mamizou","floor":7,"turns":8},{"damage":7,"enemies":"Gensokyo:VengefulSpirit","floor":10,"turns":5},{"damage":7,"enemies":"Gensokyo:2_Rabbits","floor":11,"turns":4},{"damage":10,"enemies":"Gensokyo:Aya","floor":14,"turns":5},{"damage":87,"enemies":"Gensokyo:Reimu","floor":16,"turns":6}],"seed_played":"8309562612282246345","potions_obtained":[{"floor":5,"key":"ats:Emergency Sanity Potion"},{"floor":7,"key":"SteroidPotion"},{"floor":11,"key":"LiquidBronze"}],"is_trial":false,"path_per_floor":["M","?","?","M","M","R","E","?","T","M","M","R","COS","E","R","B"],"character_chosen":"DOCTOR_CLASS","items_purchased":[],"campfire_rested":1,"item_purchase_floors":[],"current_hp_per_floor":[72,67,67,67,67,67,54,54,54,61,58,58,58,58,72,0,0],"gold":236,"neow_bonus":"THREE_ENEMY_KILL","is_daily":false,"chose_seed":false,"campfire_upgraded":2,"win_rate":0.0,"timestamp":1612242713,"path_taken":["M","?","?","?","M","R","E","?","T","M","M","R","COS","E","R","BOSS"],"items_purchased_type":[],"build_version":"2020-12-22","purchased_purges":0,"victory":false,"max_hp_per_floor":[72,72,72,72,72,72,72,72,72,72,72,72,72,72,72,79,79],"card_choices":[{"not_picked":["ats:Powerful Strike","ats:Demon Strength","ats:Apocalypse"],"picked":"SKIP","floor":1},{"not_picked":["ats:Hammer On","ats:Shell Defense"],"picked":"ats:Poison Spread","floor":3},{"not_picked":["ats:Defend Order","ats:Beaten Up"],"picked":"ats:Cat Scratch","floor":3},{"not_picked":["ats:Explosion Area Strengthen","ats:Hammer On"],"picked":"ats:Ignite","floor":4},{"not_picked":["ats:Steam Pump","ats:Thorns","ats:Closed Bolt Burst Fire"],"picked":"SKIP","floor":5},{"not_picked":["ats:Phantom","ats:Beaten Up"],"picked":"ats:Very Hot Blade","floor":7},{"not_picked":["ats:Calcification","ats:Poison Spread","ats:Shell Defense"],"picked":"SKIP","floor":10},{"not_picked":["ats:Part Time Job","ats:Poison Spread","ats:Guard Mode"],"picked":"SKIP","floor":11},{"not_picked":["ats:Demon Strength","ats:Revitalization","ats:Durian"],"picked":"SKIP","floor":14}],"player_experience":69635,"relics_obtained":[{"floor":7,"key":"ats:Originium"},{"floor":7,"key":"Dream Catcher"},{"floor":9,"key":"Boot"},{"floor":14,"key":"ats:Originium"},{"floor":14,"key":"Nunchaku"}],"event_choices":[],"is_beta":false,"boss_relics":[],"items_purged_floors":[],"is_endless":false,"potions_floor_spawned":[5,7,11],"killed_by":"Gensokyo:Reimu","ascension_level":0}}