{"host":"yp2ga117svxnbcen","time":1612249504,"event":{"mods":["Act Like it!","Aspiration","BaseMod","BetterRewards","ChefMod","Colored Map","Conspire","Custom Start","Downfall","Elementarium","Gensokyo","GifTheSpireLib","Gold Saver","GungeonMod","Halation","Hallownest","Hermit","HornydragonMod","Hubris","Menagerie","Minty Spire (QoL Compilation)","Quick Restart","Remove Card Discount Mod","Replay The Spire","Shop Mod","Spicy Shops","StSLib","Stuff the Spire","The Blue Laboratory","The IronCluck","egg","slay the spire mod where everything is the same but ironclad has a cowboy hat","??????REMEMod"],"gold_per_floor":[135,135,135,135,0,13,13,40,40,53,83,102,130,142,156,261,261,61,72,87,87,68,82,82,102,122,122,122,122],"floor_reached":27,"language":"ENG","playtime":675,"items_purged":["champ:Taunt","champ:TornadoPunch"],"score":273,"play_id":"083e68bc-0c04-4d3b-81ea-fe18be5e2eba","local_time":"20210201230504","is_ascension_mode":true,"campfire_choices":[{"floor":1,"key":"RECALL"},{"data":"champ:SwordThrow","floor":9,"key":"SMITH"},{"data":"champ:EnchantSword","floor":18,"key":"SMITH"}],"circlet_count":0,"master_deck":["champ:Strike","champ:Strike","champ:Strike","champ:Strike","champ:Defend","champ:Defend","champ:Defend","champ:Defend","champ:Execute","champ:Backstep","champ:EnchantSword+1","champ:SwordThrow+1","champ:DeathBlow","champ:TripleStrike+1","champ:FanOfKnives+1","champ:StanceDance","champ:Shatter+1","champ:FanOfKnives+1","champ:HeavySlash+1","champ:BerserkersShout","champ:BringItOn+1","octo:OctoBerserk","champ:EnragedBash+1","champ:ArenaPreparation+1","champ:PreciseThrust+1"],"relics":["champ:ChampionCrown","REME_ComplimentaryCards","downfall:HeartsMalice","Molten Egg 2","StuffTheSpire:Gunfinga","DemoMod:GundromedaStrain","StuffTheSpire:Barrel","bronze:MakeshiftBattery","downfall:HeartBlessingRed","downfall:HeartBlessingGreen","hubris:EvacipatedBox"],"acts_visited":["Exordium","TheCity"],"potions_floor_usage":[16,16,26,27,27,27],"damage_taken":[{"damage":0,"enemies":"Small Slimes","floor":2,"turns":1},{"damage":0,"enemies":"Cultist","floor":3,"turns":1},{"damage":0,"enemies":"downfall:FleeingMerchant","floor":5,"turns":1},{"damage":13,"enemies":"Jaw Worm","floor":6,"turns":2},{"damage":50,"enemies":"Gremlin Nob","floor":8,"turns":6},{"damage":0,"enemies":"Lots of Slimes","floor":10,"turns":3},{"damage":14,"enemies":"3 Sentries","floor":11,"turns":4},{"damage":12,"enemies":"Blue Slaver","floor":12,"turns":2},{"damage":0,"enemies":"Gremlin Nob","floor":13,"turns":2},{"damage":10,"enemies":"Large Slime","floor":14,"turns":3},{"damage":0,"enemies":"Gremlin Gang","floor":15,"turns":2},{"damage":6,"enemies":"IC_STATUS_ARCHETYPE","floor":16,"turns":2},{"damage":0,"enemies":"Spheric Guardian","floor":19,"turns":2},{"damage":25,"enemies":"Shell Parasite","floor":20,"turns":3},{"damage":34,"enemies":"downfall:FleeingMerchant","floor":22,"turns":4},{"damage":12,"enemies":"Snecko","floor":23,"turns":3},{"damage":18,"enemies":"conspire:HollyBat","floor":25,"turns":7},{"damage":31,"enemies":"Snake Plant","floor":26,"turns":3},{"damage":15,"enemies":"Book of Stabbing","floor":27,"turns":2}],"seed_played":"977195968222348197","potions_obtained":[{"floor":11,"key":"blueLaboratory:NullPotion"},{"floor":12,"key":"Fire Potion"},{"floor":14,"key":"blueLaboratory:SavagePotion"},{"floor":20,"key":"Explosive Potion"},{"floor":25,"key":"SteroidPotion"},{"floor":26,"key":"Strength Potion"}],"is_trial":false,"path_per_floor":["R","M","M","?","$","M","T","E","R","M","E","M","E","M","M","B",null,"R","M","M","$","$","M","T","M","M","E"],"character_chosen":"THE_CHAMP","items_purchased":["champ:SwordThrow","hubris:EvacipatedBox"],"campfire_rested":0,"item_purchase_floors":[5,21],"current_hp_per_floor":[90,90,90,90,90,87,87,47,47,47,43,41,41,41,41,35,90,90,90,80,61,52,50,50,32,16,1,1,1],"gold":122,"neow_bonus":"THREE_ENEMY_KILL","is_daily":false,"chose_seed":false,"campfire_upgraded":2,"win_rate":0.0,"timestamp":1612249504,"path_taken":["R","M","M","?","$","M","T","E","R","M","E","M","E","M","M","BOSS","R","M","M","?","$","M","T","?","M","E"],"items_purchased_type":["Card","Relic"],"build_version":"2020-12-22","purchased_purges":2,"victory":false,"max_hp_per_floor":[90,90,90,90,90,90,90,90,90,90,90,90,90,90,90,90,90,90,90,90,90,90,90,90,90,90,90,90,90],"card_choices":[{"not_picked":["champ:ShieldSlam","champ:AdrenalArmor"],"picked":"champ:TornadoPunch","floor":2},{"not_picked":["champ:PreciseThrust","champ:Circumvent"],"picked":"champ:Backstep","floor":3},{"not_picked":["champ:DefensiveShout","champ:StanceDance"],"picked":"champ:EnchantSword","floor":5},{"not_picked":["champ:FancyFootwork","champ:CrookedStrike"],"picked":"champ:DeathBlow","floor":6},{"not_picked":["champ:EnGarde","champ:RageSigil","champ:DefensiveStyle"],"picked":"SKIP","floor":8},{"not_picked":["champ:CrookedStrike+1","champ:StanceDance"],"picked":"champ:TripleStrike+1","floor":10},{"not_picked":["champ:SetATrap","champ:Circumvent","champ:FocusedDefense"],"picked":"SKIP","floor":11},{"not_picked":["champ:FlashCut+1","champ:DefensiveStyle"],"picked":"champ:FanOfKnives+1","floor":12},{"not_picked":["champ:EnGarde","champ:DefensiveShout"],"picked":"champ:StanceDance","floor":13},{"not_picked":["champ:DefensiveShout","champ:FocusedDefense"],"picked":"champ:Shatter+1","floor":14},{"not_picked":["champ:Endure","champ:CalledShot"],"picked":"champ:FanOfKnives+1","floor":15},{"not_picked":["champ:HoldFirm","champ:DancingMaster"],"picked":"champ:HeavySlash+1","floor":16},{"not_picked":["champ:Backstep+1","champ:ShieldSigil"],"picked":"champ:BerserkersShout","floor":19},{"not_picked":["champ:FocusedDefense+1","champ:FlashCut+1"],"picked":"champ:BringItOn+1","floor":20},{"not_picked":["champ:Circumvent","champ:BerserkerStyle+1"],"picked":"champ:EnragedBash+1","floor":22},{"not_picked":["champ:DefensiveShout","champ:ArenaPreparation","champ:ShieldWall"],"picked":"SKIP","floor":23},{"not_picked":["champ:ShieldSlam","champ:Backstep"],"picked":"champ:ArenaPreparation+1","floor":25},{"not_picked":["champ:DefensiveShout","champ:FocusedBerserking"],"picked":"champ:PreciseThrust+1","floor":26}],"player_experience":1168059,"relics_obtained":[{"floor":7,"key":"Molten Egg 2"},{"floor":8,"key":"StuffTheSpire:Gunfinga"},{"floor":11,"key":"DemoMod:GundromedaStrain"},{"floor":13,"key":"StuffTheSpire:Barrel"}],"event_choices":[],"is_beta":false,"boss_relics":[{"not_picked":["aspiration:SilentSkillbook","Abe\u0027s Treasure"],"picked":"bronze:MakeshiftBattery"}],"items_purged_floors":[22,22],"is_endless":false,"potions_floor_spawned":[6,10,11,12,14,20,25,26],"killed_by":"Book of Stabbing","ascension_level":1}}