{"host":"seujf6kmfn3ctpoe","time":1612279760,"event":{"mods":["BaseMod","Colored Map","Minty Spire (QoL Compilation)","Permanent Neow","Relic Sorter","Relic Stats","StSLib"],"gold_per_floor":[15,26,37,37,57,57,82,7,53,80,105,105,119,129,129,228,228,247,4,16,16,31,64,64,90,90,122,122,122,140,154,154,256,256,270,282,299,319,70,105,105,65,89,122,136,136,136,147,147,147],"floor_reached":51,"language":"ENG","playtime":2792,"items_purged":["Strike_G","Strike_G"],"score":894,"play_id":"95da4bcf-760b-44d4-98c1-37ae340c9834","local_time":"20210202162920","is_ascension_mode":true,"campfire_choices":[{"data":"All Out Attack","floor":6,"key":"SMITH"},{"data":"Skewer","floor":12,"key":"SMITH"},{"floor":15,"key":"REST"},{"floor":24,"key":"REST"},{"data":"Eviscerate","floor":28,"key":"SMITH"},{"data":"Eviscerate","floor":32,"key":"SMITH"},{"data":"Dagger Throw","floor":41,"key":"SMITH"},{"floor":47,"key":"REST"},{"data":"Neutralize","floor":49,"key":"SMITH"}],"circlet_count":0,"master_deck":["Defend_G+1","Defend_G","Defend_G","Defend_G","Survivor+1","Neutralize+1","All Out Attack+1","Dagger Throw+1","Prepared","Dagger Throw+1","Skewer+1","Underhanded Strike+1","Doppelganger+1","Acrobatics+1","Slice+1","Prepared+1","Eviscerate+1","Eviscerate+1","Underhanded Strike+1","Parasite"],"relics":["Ring of the Snake","HornCleat","Nunchaku","Orichalcum","Toy Ornithopter","SlaversCollar","Shuriken","Pantograph","Darkstone Periapt","Singing Bowl","War Paint","Philosopher\u0027s Stone","Bag of Preparation","Happy Flower","Centennial Puzzle","Boot"],"acts_visited":["Exordium","TheCity","TheBeyond"],"potions_floor_usage":[50,50,50,50,50,50],"damage_taken":[{"damage":0,"enemies":"Small Slimes","floor":1,"turns":2},{"damage":1,"enemies":"Jaw Worm","floor":2,"turns":5},{"damage":1,"enemies":"Cultist","floor":3,"turns":3},{"damage":4,"enemies":"Blue Slaver","floor":5,"turns":5},{"damage":23,"enemies":"Lagavulin","floor":7,"turns":6},{"damage":0,"enemies":"Gremlin Nob","floor":10,"turns":3},{"damage":0,"enemies":"2 Fungi Beasts","floor":13,"turns":2},{"damage":0,"enemies":"Gremlin Gang","floor":14,"turns":4},{"damage":17,"enemies":"Slime Boss","floor":16,"turns":8},{"damage":13,"enemies":"2 Thieves","floor":18,"turns":4},{"damage":9,"enemies":"3 Byrds","floor":20,"turns":4},{"damage":4,"enemies":"Cultist and Chosen","floor":22,"turns":6},{"damage":9,"enemies":"Book of Stabbing","floor":23,"turns":4},{"damage":13,"enemies":"Slavers","floor":25,"turns":3},{"damage":0,"enemies":"Gremlin Leader","floor":27,"turns":3},{"damage":4,"enemies":"Centurion and Healer","floor":30,"turns":4},{"damage":0,"enemies":"Sentry and Sphere","floor":31,"turns":2},{"damage":4,"enemies":"Automaton","floor":33,"turns":6},{"damage":0,"enemies":"Orb Walker","floor":35,"turns":2},{"damage":4,"enemies":"3 Darklings","floor":36,"turns":2},{"damage":0,"enemies":"Writhing Mass","floor":37,"turns":3},{"damage":0,"enemies":"Spire Growth","floor":38,"turns":3},{"damage":1,"enemies":"Nemesis","floor":40,"turns":3},{"damage":0,"enemies":"Giant Head","floor":44,"turns":3},{"damage":20,"enemies":"4 Shapes","floor":45,"turns":3},{"damage":3,"enemies":"Sphere and 2 Shapes","floor":48,"turns":2},{"damage":47,"enemies":"Awakened One","floor":50,"turns":6}],"seed_played":"-8167898053323850392","potions_obtained":[{"floor":1,"key":"EssenceOfSteel"},{"floor":3,"key":"Strength Potion"},{"floor":14,"key":"LiquidBronze"},{"floor":16,"key":"EssenceOfSteel"},{"floor":23,"key":"EntropicBrew"},{"floor":25,"key":"FearPotion"},{"floor":33,"key":"CultistPotion"}],"is_trial":false,"path_per_floor":["M","M","M","?","M","R","E","$","T","E","T","R","M","M","R","B",null,"M","$","M","?","M","E","R","E","T","E","R","?","M","M","R","B",null,"M","M","M","M","$","E","R","?","T","E","M","?","R","M","R","B",null],"character_chosen":"THE_SILENT","items_purchased":["Shuriken","Bag of Preparation"],"campfire_rested":3,"item_purchase_floors":[19,39],"current_hp_per_floor":[70,69,68,68,64,64,41,41,41,41,41,41,41,41,62,45,70,57,57,48,48,44,35,56,43,43,45,45,45,41,43,43,66,76,78,76,84,86,86,87,87,87,87,89,71,71,96,95,95,71],"gold":147,"neow_bonus":"TRANSFORM_TWO_CARDS","is_daily":false,"chose_seed":false,"campfire_upgraded":6,"win_rate":0.0,"timestamp":1612279760,"path_taken":["M","M","M","?","M","R","E","$","T","E","?","R","M","M","R","BOSS","M","$","?","?","M","E","R","E","T","E","R","?","?","M","R","BOSS","M","M","M","M","$","E","R","?","T","E","?","?","R","?","R","BOSS"],"items_purchased_type":["Relic","Relic"],"build_version":"2020-12-22","purchased_purges":2,"victory":true,"max_hp_per_floor":[70,70,70,70,70,70,70,70,70,70,70,70,70,70,70,70,70,70,70,70,70,70,70,70,70,70,72,72,72,72,74,74,76,76,78,80,88,90,90,92,92,92,92,94,96,96,96,98,98,98],"relic_stats":{"Darkstone Periapt":6,"Singing Bowl":22,"Happy Flower":[4],"counters":[27,101],"Bag of Preparation":[10],"Orichalcum":[108],"War Paint":["Defend_G","Survivor"],"Boot":[3],"Nunchaku":[29],"Centennial Puzzle":[9],"Shuriken":[61],"Pantograph":28,"obtain_stats":[{"Darkstone Periapt":25,"Singing Bowl":26,"Happy Flower":40,"Bag of Preparation":39,"Orichalcum":10,"War Paint":27,"Boot":44,"SlaversCollar":17,"Nunchaku":9,"Centennial Puzzle":43,"HornCleat":7,"Shuriken":19,"Pantograph":23,"Philosopher\u0027s Stone":34,"Toy Ornithopter":11,"Ring of the Snake":0},{"Darkstone Periapt":14,"Singing Bowl":14,"Happy Flower":23,"Bag of Preparation":22,"Orichalcum":6,"War Paint":15,"Boot":24,"SlaversCollar":9,"Nunchaku":5,"Centennial Puzzle":23,"HornCleat":5,"Shuriken":10,"Pantograph":13,"Philosopher\u0027s Stone":18,"Toy Ornithopter":6,"Ring of the Snake":0},{"Darkstone Periapt":59,"Singing Bowl":59,"Happy Flower":87,"Bag of Preparation":84,"Orichalcum":24,"War Paint":62,"Boot":90,"SlaversCollar":38,"Nunchaku":21,"Centennial Puzzle":87,"HornCleat":21,"Shuriken":42,"Pantograph":56,"Philosopher\u0027s Stone":74,"Toy Ornithopter":24,"Ring of the Snake":0}],"Toy Ornithopter":15,"Ring of the Snake":[54]},"card_choices":[{"not_picked":["Deadly Poison","Riddle With Holes","Escape Plan"],"picked":"SKIP","floor":1},{"not_picked":["Slice","Quick Slash","Escape Plan"],"picked":"SKIP","floor":2},{"not_picked":["Dodge and Roll","Slice"],"picked":"Prepared","floor":3},{"not_picked":["Outmaneuver","Flechettes"],"picked":"Dagger Throw","floor":5},{"not_picked":["Dagger Throw","Predator","Bullet Time"],"picked":"SKIP","floor":7},{"not_picked":["Bouncing Flask","Cloak And Dagger"],"picked":"Skewer","floor":10},{"not_picked":["Dodge and Roll","Dagger Spray","Cloak And Dagger"],"picked":"SKIP","floor":13},{"not_picked":["Prepared","Quick Slash"],"picked":"Underhanded Strike","floor":14},{"not_picked":["Unload","Wraith Form v2"],"picked":"Doppelganger","floor":16},{"not_picked":["Footwork","PiercingWail"],"picked":"Acrobatics+1","floor":18},{"not_picked":["Footwork","Poisoned Stab"],"picked":"Slice+1","floor":20},{"not_picked":["Choke","Acrobatics"],"picked":"Prepared+1","floor":22},{"not_picked":["Masterful Stab+1","Dagger Spray+1"],"picked":"Eviscerate","floor":23},{"not_picked":["Dagger Spray","Backstab"],"picked":"Eviscerate","floor":25},{"not_picked":["Burst","Cloak And Dagger","Outmaneuver+1"],"picked":"Singing Bowl","floor":27},{"not_picked":["Catalyst","Flechettes"],"picked":"Underhanded Strike+1","floor":30},{"not_picked":["Infinite Blades","Deflect+1","Cloak And Dagger"],"picked":"Singing Bowl","floor":31},{"not_picked":["Night Terror","Tools of the Trade","Venomology"],"picked":"Singing Bowl","floor":33},{"not_picked":["Bane","Poisoned Stab+1","Cloak And Dagger+1"],"picked":"Singing Bowl","floor":35},{"not_picked":["Deflect+1","Infinite Blades+1","Deadly Poison"],"picked":"Singing Bowl","floor":36},{"not_picked":["Setup+1","Predator+1","Slice"],"picked":"Singing Bowl","floor":37},{"not_picked":["Poisoned Stab","Underhanded Strike","Cloak And Dagger+1"],"picked":"Singing Bowl","floor":38},{"not_picked":["Setup+1","Choke","Noxious Fumes"],"picked":"Singing Bowl","floor":40},{"not_picked":["Deflect+1","Outmaneuver+1","Deadly Poison+1"],"picked":"Singing Bowl","floor":44},{"not_picked":["Noxious Fumes+1","Distraction","Outmaneuver+1"],"picked":"Singing Bowl","floor":45},{"not_picked":["Noxious Fumes","Footwork+1","Concentrate"],"picked":"Singing Bowl","floor":48}],"player_experience":406852,"relics_obtained":[{"floor":7,"key":"HornCleat"},{"floor":9,"key":"Nunchaku"},{"floor":10,"key":"Orichalcum"},{"floor":11,"key":"Toy Ornithopter"},{"floor":23,"key":"Pantograph"},{"floor":25,"key":"Darkstone Periapt"},{"floor":26,"key":"Singing Bowl"},{"floor":27,"key":"War Paint"},{"floor":40,"key":"Happy Flower"},{"floor":43,"key":"Centennial Puzzle"},{"floor":44,"key":"Boot"}],"event_choices":[{"cards_removed":["Strike_G"],"damage_healed":0,"gold_gain":0,"player_choice":"Forget","damage_taken":0,"max_hp_gain":0,"max_hp_loss":0,"event_name":"Living Wall","floor":4,"gold_loss":0},{"damage_healed":0,"gold_gain":0,"player_choice":"Ignored","damage_taken":0,"max_hp_gain":0,"max_hp_loss":0,"event_name":"Vampires","floor":21,"gold_loss":0},{"cards_removed":["Strike_G"],"damage_healed":0,"gold_gain":0,"player_choice":"Purged","damage_taken":0,"max_hp_gain":0,"max_hp_loss":0,"event_name":"Purifier","floor":29,"gold_loss":0},{"damage_healed":0,"gold_gain":0,"player_choice":"Upgraded Two","damage_taken":0,"max_hp_gain":0,"max_hp_loss":0,"event_name":"Designer","floor":42,"gold_loss":40,"cards_upgraded":["Underhanded Strike","Doppelganger"]},{"damage_healed":0,"gold_gain":0,"player_choice":"Forge","damage_taken":0,"max_hp_gain":0,"max_hp_loss":0,"event_name":"Accursed Blacksmith","floor":46,"gold_loss":0,"cards_upgraded":["Dagger Throw"]}],"is_beta":false,"boss_relics":[{"not_picked":["Coffee Dripper","SacredBark"],"picked":"SlaversCollar"},{"not_picked":["Velvet Choker","Snecko Eye"],"picked":"Philosopher\u0027s Stone"}],"items_purged_floors":[8,39],"is_endless":false,"potions_floor_spawned":[1,3,14,16,23,25,31,33,36,44,48],"ascension_level":1}}