{"host":"kzpuingyul43kz0j","time":1612300746,"event":{"mods":["2.2 Compatiblity","BaseMod","Bestiary","Better Skull","BetterRewards","Colored Map","Colored Powertips","Curses Come First","Displayed Cursed Tome","Gold Saver","Highlight Path","Keyboard Shortcuts","Minty Spire (QoL Compilation)","Relic Stats","Remove Card Discount Mod","StSLib","Uncapped"],"gold_per_floor":[958,923,923,370,370,370,381,415,497,497,515,531,531,548,548,651,651,665,678,300,215,234,234,248,248,299,309,309,0,0,0,0,105,105,118,1,19,29,49,49,84,84,110,110,110,110,121,138,138,138,138],"floor_reached":50,"language":"ENG","playtime":2486,"items_purged":["Dualcast","Strike_B","Defend_B","Strike_B","Strike_B","Strike_B","Defend_B","Defend_B","Defend_B"],"score":497,"play_id":"3b0ac72d-d025-4611-af98-f46a71470307","local_time":"20210202221906","is_ascension_mode":false,"campfire_choices":[{"floor":6,"key":"DIG"},{"floor":10,"key":"DIG"},{"data":"Trip","floor":15,"key":"SMITH"},{"floor":23,"key":"DIG"},{"data":"Zap","floor":25,"key":"SMITH"},{"floor":30,"key":"DIG"},{"floor":32,"key":"DIG"},{"data":"Panacea","floor":40,"key":"SMITH"},{"floor":42,"key":"DIG"},{"floor":46,"key":"DIG"},{"floor":49,"key":"RECALL"}],"circlet_count":0,"master_deck":["Zap+1","Ball Lightning","Trip+1","Cold Snap","Chill","Conserve Battery","Self Repair","Ball Lightning","Defragment","Machine Learning","Sweeping Beam","Leap","Genetic Algorithm","Sweeping Beam","Buffer","Panacea+1","Sweeping Beam+1","Cold Snap+1"],"relics":["Cracked Core","Shovel","Bronze Scales","Pen Nib","Membership Card","Question Card","Ancient Tea Set","Sundial","Omamori","Nuclear Battery","Lantern","OrangePellets","Peace Pipe","Gambling Chip","Boot","Strawberry","Happy Flower","WingedGreaves","Coffee Dripper","TheAbacus","Letter Opener","Regal Pillow","Centennial Puzzle","The Courier"],"acts_visited":["Exordium","TheCity","TheBeyond"],"potions_floor_usage":[7,8,8,8,16,19,24,33,33,35,38,39,47],"damage_taken":[{"damage":1,"enemies":"Cultist","floor":1,"turns":4},{"damage":0,"enemies":"2 Louse","floor":7,"turns":2},{"damage":1,"enemies":"Lagavulin","floor":8,"turns":5},{"damage":0,"enemies":"Jaw Worm","floor":11,"turns":2},{"damage":2,"enemies":"Red Slaver","floor":12,"turns":3},{"damage":0,"enemies":"3 Louse","floor":14,"turns":3},{"damage":11,"enemies":"Slime Boss","floor":16,"turns":6},{"damage":0,"enemies":"3 Byrds","floor":18,"turns":3},{"damage":0,"enemies":"Spheric Guardian","floor":19,"turns":3},{"damage":2,"enemies":"Centurion and Healer","floor":22,"turns":4},{"damage":0,"enemies":"Snecko","floor":24,"turns":4},{"damage":3,"enemies":"Cultist and Chosen","floor":27,"turns":4},{"damage":5,"enemies":"Champ","floor":33,"turns":9},{"damage":0,"enemies":"Orb Walker","floor":35,"turns":4},{"damage":8,"enemies":"3 Darklings","floor":37,"turns":4},{"damage":11,"enemies":"4 Shapes","floor":38,"turns":2},{"damage":1,"enemies":"Writhing Mass","floor":39,"turns":5},{"damage":0,"enemies":"Reptomancer","floor":41,"turns":5},{"damage":12,"enemies":"Spire Growth","floor":47,"turns":4},{"damage":17,"enemies":"3 Darklings","floor":48,"turns":3},{"damage":90,"enemies":"Time Eater","floor":50,"turns":10}],"seed_played":"5227396645852050452","potions_obtained":[{"floor":0,"key":"SneckoOil"},{"floor":0,"key":"DistilledChaos"},{"floor":0,"key":"SteroidPotion"},{"floor":1,"key":"Block Potion"},{"floor":7,"key":"ColorlessPotion"},{"floor":11,"key":"ColorlessPotion"},{"floor":18,"key":"AttackPotion"},{"floor":27,"key":"ColorlessPotion"},{"floor":33,"key":"DistilledChaos"},{"floor":35,"key":"EssenceOfDarkness"},{"floor":37,"key":"AttackPotion"},{"floor":38,"key":"SkillPotion"}],"is_trial":false,"path_per_floor":["M","?","?","$","T","R","M","E","T","R","M","M","?","M","R","B",null,"M","M","$","?","M","R","M","R","T","M","?","?","R","$","R","B",null,"M","$","M","M","M","R","E","R","T","?","?","R","M","M","R","B"],"character_chosen":"DEFECT","items_purchased":["Bronze Scales","Pen Nib","Membership Card","Trip","Cold Snap","Chill","Lantern","OrangePellets","Peace Pipe","DistilledChaos","Dexterity Potion","Panacea","TheAbacus"],"campfire_rested":0,"item_purchase_floors":[4,4,4,4,4,4,20,20,20,20,20,36,36],"current_hp_per_floor":[74,75,68,68,68,68,68,67,67,67,67,72,72,75,75,71,75,75,75,75,75,75,75,75,75,82,82,82,82,82,82,82,82,82,82,82,81,70,76,76,82,82,82,78,78,78,73,63,63,0,0],"gold":138,"neow_bonus":"THREE_SMALL_POTIONS","is_daily":false,"chose_seed":false,"campfire_upgraded":3,"win_rate":0.0,"timestamp":1612300746,"path_taken":["M","?","?","$","?","R","M","E","T","R","M","?","?","M","R","BOSS","M","M","$","?","M","R","M","R","T","M","?","?","R","$","R","BOSS","M","$","M","M","M","R","E","R","T","?","?","R","M","M","R","BOSS"],"items_purchased_type":["Relic","Relic","Relic","Card","Card","Card","Relic","Relic","Relic","Potion","Potion","Card","Relic"],"build_version":"2020-12-22","purchased_purges":9,"victory":false,"max_hp_per_floor":[75,75,75,75,75,75,75,75,75,75,75,75,75,75,75,75,75,75,75,75,75,75,75,75,75,82,82,82,82,82,82,82,82,82,82,82,82,82,82,82,82,82,82,78,78,78,78,78,78,78,78],"relic_stats":{"Regal Pillow":0,"Happy Flower":[15],"counters":[21,89],"Pen Nib":[17],"Letter Opener":[45],"Question Card":19,"Boot":[6],"Peace Pipe":0,"OrangePellets":[3],"Centennial Puzzle":[9],"Shovel":7,"TheAbacus":[120],"Sundial":[28],"Bronze Scales":[220],"Gambling Chip":[20],"obtain_stats":[{"Lantern":20,"Regal Pillow":42,"Happy Flower":30,"Pen Nib":4,"The Courier":46,"Omamori":10,"Letter Opener":41,"Question Card":5,"Ancient Tea Set":6,"Boot":23,"Nuclear Battery":17,"Peace Pipe":20,"OrangePellets":20,"Centennial Puzzle":43,"Shovel":3,"TheAbacus":36,"Sundial":8,"Bronze Scales":4,"Gambling Chip":21,"Strawberry":26,"WingedGreaves":32,"Coffee Dripper":34,"Membership Card":4,"Cracked Core":0},{"Lantern":9,"Regal Pillow":18,"Happy Flower":12,"Pen Nib":1,"The Courier":18,"Omamori":3,"Letter Opener":18,"Question Card":1,"Ancient Tea Set":1,"Boot":10,"Nuclear Battery":7,"Peace Pipe":9,"OrangePellets":9,"Centennial Puzzle":18,"Shovel":1,"TheAbacus":14,"Sundial":3,"Bronze Scales":1,"Gambling Chip":9,"Strawberry":11,"WingedGreaves":12,"Coffee Dripper":13,"Membership Card":1,"Cracked Core":0},{"Lantern":31,"Regal Pillow":72,"Happy Flower":43,"Pen Nib":4,"The Courier":72,"Omamori":11,"Letter Opener":72,"Question Card":4,"Ancient Tea Set":4,"Boot":35,"Nuclear Battery":25,"Peace Pipe":31,"OrangePellets":31,"Centennial Puzzle":72,"Shovel":4,"TheAbacus":56,"Sundial":11,"Bronze Scales":4,"Gambling Chip":31,"Strawberry":39,"WingedGreaves":43,"Coffee Dripper":52,"Membership Card":4,"Cracked Core":0}]},"card_choices":[{"not_picked":["Steam","Reboot"],"picked":"Ball Lightning","floor":1},{"not_picked":["Coolheaded","Fusion","Sweeping Beam"],"picked":"Conserve Battery","floor":7},{"not_picked":["Steam","Reinforced Body","Scrape","Coolheaded"],"picked":"SKIP","floor":8},{"not_picked":["Coolheaded","Tempest","Redo"],"picked":"Self Repair","floor":11},{"not_picked":["Turbo","Skim","Coolheaded"],"picked":"Ball Lightning","floor":12},{"not_picked":["Streamline","Beam Cell","Darkness"],"picked":"Defragment","floor":14},{"not_picked":["Creative AI","Meteor Strike","Amplify"],"picked":"Machine Learning","floor":16},{"not_picked":["Heatsinks","Steam","Fusion"],"picked":"Sweeping Beam","floor":18},{"not_picked":["Heatsinks","Turbo","Self Repair"],"picked":"Leap","floor":19},{"not_picked":["Storm","Cold Snap+1","Conserve Battery"],"picked":"Genetic Algorithm","floor":22},{"not_picked":["Conserve Battery","Coolheaded","Amplify","Stack"],"picked":"SKIP","floor":24},{"not_picked":["Reinforced Body","Go for the Eyes+1","Beam Cell"],"picked":"Sweeping Beam","floor":27},{"not_picked":["Seek","Machine Learning","Creative AI"],"picked":"Buffer","floor":33},{"not_picked":["Turbo","Skim+1","Hologram+1","Reprogram+1"],"picked":"SKIP","floor":35},{"not_picked":["Auto Shields+1","Sunder","Rip and Tear","Leap"],"picked":"SKIP","floor":37},{"not_picked":["Rebound","Lockon+1","Barrage","Go for the Eyes+1"],"picked":"SKIP","floor":38},{"not_picked":["Consume+1","Conserve Battery+1","Rebound+1"],"picked":"Sweeping Beam+1","floor":39},{"not_picked":["Genetic Algorithm+1","Redo","Static Discharge"],"picked":"Cold Snap+1","floor":41},{"not_picked":["Gash","Chill+1","Hologram","Self Repair"],"picked":"SKIP","floor":47},{"not_picked":["Barrage+1","Consume","Compile Driver+1","Streamline"],"picked":"SKIP","floor":48}],"player_experience":92399,"relics_obtained":[{"floor":5,"key":"Question Card"},{"floor":6,"key":"Ancient Tea Set"},{"floor":8,"key":"Sundial"},{"floor":10,"key":"Omamori"},{"floor":23,"key":"Boot"},{"floor":26,"key":"Strawberry"},{"floor":30,"key":"Happy Flower"},{"floor":32,"key":"WingedGreaves"},{"floor":41,"key":"Letter Opener"},{"floor":42,"key":"Regal Pillow"},{"floor":43,"key":"Centennial Puzzle"},{"floor":46,"key":"The Courier"}],"event_choices":[{"damage_healed":18,"gold_gain":0,"player_choice":"Healed","damage_taken":0,"max_hp_gain":0,"max_hp_loss":0,"event_name":"The Cleric","floor":2,"gold_loss":35},{"damage_healed":0,"gold_gain":0,"player_choice":"Success","damage_taken":7,"relics_obtained":["Shovel"],"max_hp_gain":0,"max_hp_loss":0,"event_name":"Scrap Ooze","floor":3,"gold_loss":0},{"damage_healed":0,"gold_gain":0,"player_choice":"Ignored","damage_taken":0,"max_hp_gain":0,"max_hp_loss":0,"event_name":"NoteForYourself","floor":13,"gold_loss":0},{"damage_healed":0,"gold_gain":0,"player_choice":"Obtained Relic","damage_taken":0,"relics_obtained":["Gambling Chip"],"max_hp_gain":0,"max_hp_loss":0,"event_name":"Addict","floor":21,"gold_loss":85},{"damage_healed":0,"gold_gain":0,"player_choice":"Simplicity","damage_taken":0,"max_hp_gain":0,"max_hp_loss":0,"event_name":"Back to Basics","floor":28,"gold_loss":0,"cards_upgraded":[]},{"damage_healed":0,"gold_gain":0,"player_choice":"Paid Fearfully","damage_taken":0,"max_hp_gain":0,"max_hp_loss":0,"event_name":"Masked Bandits","floor":29,"gold_loss":309},{"damage_healed":0,"gold_gain":0,"player_choice":"Max HP","damage_taken":0,"max_hp_gain":0,"max_hp_loss":4,"event_name":"Winding Halls","floor":44,"gold_loss":0},{"damage_healed":0,"gold_gain":0,"player_choice":"Full Heal","damage_taken":0,"max_hp_gain":0,"max_hp_loss":0,"event_name":"Wheel of Change","floor":45,"gold_loss":0}],"is_beta":false,"boss_relics":[{"not_picked":["Sozu","Velvet Choker"],"picked":"Nuclear Battery"},{"not_picked":["Busted Crown","Snecko Eye"],"picked":"Coffee Dripper"}],"items_purged_floors":[4,4,4,4,20,20,20,20,20],"is_endless":false,"potions_floor_spawned":[1,7,11,18,27,33,35,37,38],"killed_by":"Time Eater","ascension_level":0}}