{"host":"w05x4i13f2m9joq1","time":1612237119,"event":{"mods":["Act Like it!","Bard","BaseMod","Better Altar","Better Match","Better Note","Better Sensory Stone","Better Skull","Better Third Choice","BetterRewards","CapriCore","Colored Map","Colored Powertips","Decade(???)","Defective Defect","Duelist Mod","Gensokyo","GifTheSpireLib","Googly Eyes","Infinite Spire","Ironclad Rager","Lobotomy","LobotomyExtend","Marisa????????","Melee Mod","Minty Spire (QoL Compilation)","Morshu Shopkeeper - ENHANCED","MostiFishMod","Quick Restart","Rare Cards Sparkle","Replay The Spire","Shop Mod","Spicy Shops","Spire Birthday Party","StSLib","Td1madao Mod","The Construct","The IronCluck","TheBandit","Uncapped","everything is the same but u backflip on backflip","slay the spire mod where everything is the same but ironclad has a cowboy hat"],"gold_per_floor":[109,109,125,125,125,141,176,176,227,251,251,251,281,301,301,397,397,417,517,517,532,532,532,565,227,250,267,286,286,286,299,299,398,398,416,433,448,468,487,487,-1190,-1164,-1152,-1140,-1128,-1116,-1104,-1078,-1066,-955,-943,-918,-906,-876,-849,-837,-825,-787,-775,-763,-717,-639,-627,-615,-603,-591,-477,-465,-389,-248,-236,-208,-177,-136,34,46,58,100,126,138,150,162,174,265,277,297,309,321,333,363,401,413,429,495,507,530,542,554,576,588,761,773,777,789,801,738,760,772,793,805,817,834,834],"floor_reached":112,"language":"ENG","playtime":5833,"items_purged":["Clumsy"],"score":2564,"play_id":"d067f3d4-0f95-433e-b214-3ca60108c480","local_time":"20210201223839","is_ascension_mode":false,"campfire_choices":[{"floor":8.0,"key":"REST"},{"floor":12.0,"key":"REST"},{"data":"UltimateShortwave","floor":15.0,"key":"SMITH"},{"data":"OneTimeOff","floor":23.0,"key":"SMITH"},{"data":"PropBag","floor":29.0,"key":"SMITH"},{"data":"Replay:Sssssssssshield","floor":32.0,"key":"SMITH"},{"data":"BinaryStars","floor":40.0,"key":"SMITH"},{"data":"ReplayTheSpireMod:Private Reserves","floor":45.0,"key":"SMITH"},{"data":"DC","floor":47.0,"key":"SMITH"},{"data":"Acceleration","floor":49.0,"key":"SMITH"},{"data":"PulseMagic","floor":57.0,"key":"SMITH"},{"data":"PulseMagic","floor":59.0,"key":"SMITH"},{"data":"MachineGunSpark","floor":66.0,"key":"SMITH"},{"data":"MaximisePower","floor":76,"key":"SMITH"},{"data":"PulseMagic","floor":83,"key":"SMITH"},{"data":"CollectingQuirk","floor":97,"key":"SMITH"},{"data":"infinitespire:TheBestDefense","floor":108,"key":"SMITH"},{"data":"6A","floor":110,"key":"SMITH"}],"circlet_count":0,"master_deck":["Strike_MRS","Strike_MRS","Strike_MRS","Defend_MRS","Defend_MRS","Defend_MRS","Defend_MRS","MasterSpark","UpSweep","MostiFishMod:FrostNova","MostiFishMod:WinterMarkForm","ChargingUp+1","PowerUp+1","IllusionStar","EarthLightRay+1","UltimateShortwave+1","Acceleration+1","TreasureHunter","CurseOfTheBell","UnstableBomb","SprinkleStarSeal+1","ChargingUp","OneTimeOff+1","PropBag+1","EarthLightRay+1","Replay:Sssssssssshield+1","Dramatic Entrance","BinaryStars+1","6A+1","GravityBeat","6A+1","PulseMagic+1","ReplayTheSpireMod:Private Reserves+1","Orbital+1","UnstableBomb+1","CasketOfStar+1","MachineGunSpark+1","PulseMagic+1","PulseMagic+1","WitchOfGreed+1","MagicChant","Acceleration","AsteroidBelt","6A","MaximisePower+1","SprinkleStarSeal","WitchOfGreed+1","infinitespire:TheBestDefense+1","MachineGunSpark","PulseMagic+1","CollectingQuirk+1","infinitespire:Punishment","6A+1","SporeBomb+1","Orbital+1","PowerUp","OortCloud+1","UltimateShortwave+1","OortCloud+1"],"relics":["MiniHakkero","DaveBox","xbg","Honey Jar","FrostBlade","SynthV:TestCard","LetterFromLob","Strawberry","Ancient Tea Set","ReplayFunnel","Gensokyo:NagashiBinaDoll","infinitespire:Satchel","Replay:Mystery Machine","Pen Nib","MagicBullet_r","Moonlight_r","Question Card","Calling Bell","ReplayTheSpireMod:TigerMarble","FossilizedHelix","Mirror","TungstenRod","Durian","GuanYuAspect","Vajra","Replay:Wax Seal","BirthdayGift-Icosahedron","Sling","Regal Pillow","infinitespire:CheckeredPen","ExusiaiGun","Vajra","SynthV:MejaisSoulstealer","MawBank","Frozen Egg 2","Gensokyo:EmptyGrave","FeatherPendant","Gensokyo:MarisaPhilosophersStone","PatriotShield","BionicSphere","infinitespire:PuzzleCube","Matryoshka","CombinedTypeHook","Gensokyo:MarisaImprobabilityPotion","Coffee Dripper","Pantograph","Onion Ring","Divine Protection","Juzu Bracelet","Eternal Feather","infinitespire:Lucky Rock","ChewingGum","infinitespire:ShieldingShard","Smiling Mask","Mango","SlaversCollar","PreservedInsect","Happy Flower","Sozu","construct:FoamFinger"],"acts_visited":["Exordium","Gensokyo:Gensokyo","Gensokyo:Gensokyoer","Gensokyo:Gensokyoest","Gensokyo:Gensokyo","Gensokyo:Gensokyoer","Gensokyo:Gensokyoest"],"potions_floor_usage":[],"damage_taken":[{"damage":6.0,"enemies":"Gensokyo:2_Kodama","floor":1.0,"turns":2.0},{"damage":2.0,"enemies":"Gensokyo:Gryphon","floor":3.0,"turns":3.0},{"damage":0.0,"enemies":"Gensokyo:3_Fairies","floor":6.0,"turns":4.0},{"damage":0.0,"enemies":"Gensokyo:Aya","floor":7.0,"turns":2.0},{"damage":0.0,"enemies":"Gensokyo:Cirno","floor":13.0,"turns":6.0},{"damage":2.0,"enemies":"Gensokyo:2_Rabbits","floor":14.0,"turns":3.0},{"damage":0.0,"enemies":"Gensokyo:Reimu","floor":16.0,"turns":3.0},{"damage":0.0,"enemies":"Gensokyo:3_Dogs","floor":18.0,"turns":3.0},{"damage":0.0,"enemies":"Gensokyo:3_Dogs","floor":19.0,"turns":6.0},{"damage":0.0,"enemies":"Gensokyo:Chomper","floor":21.0,"turns":2.0},{"damage":19.0,"enemies":"Gensokyo:Tenshi","floor":24.0,"turns":1.0},{"damage":0.0,"enemies":"Gensokyo:Wraith","floor":27.0,"turns":2.0},{"damage":0.0,"enemies":"Gensokyo:Monolith_and_Dog","floor":28.0,"turns":2.0},{"damage":0.0,"enemies":"Gensokyo:3_Gloops","floor":31.0,"turns":1.0},{"damage":0.0,"enemies":"Gensokyo:Eternal_Rivals","floor":33.0,"turns":6.0},{"damage":0.0,"enemies":"Gensokyo:AncientGuardian","floor":35.0,"turns":2.0},{"damage":0.0,"enemies":"Gensokyo:3_Bats","floor":36.0,"turns":1.0},{"damage":0.0,"enemies":"Gensokyo:Dusk_and_Dawn","floor":37.0,"turns":1.0},{"damage":0.0,"enemies":"Gensokyo:Rafflesia","floor":38.0,"turns":1.0},{"damage":0.0,"enemies":"Gensokyo:Sharpion","floor":39.0,"turns":1.0},{"damage":0.0,"enemies":"Nightmare","floor":42.0,"turns":1.0},{"damage":0.0,"enemies":"Gensokyo:3_Boulders","floor":48.0,"turns":1.0},{"damage":0.0,"enemies":"Gensokyo:Yuyuko","floor":50.0,"turns":1.0},{"damage":0.0,"enemies":"Gensokyo:Gryphon","floor":52.0,"turns":1.0},{"damage":0.0,"enemies":"Gensokyo:Gryphon","floor":53.0,"turns":3.0},{"damage":0.0,"enemies":"Gensokyo:Python","floor":54.0,"turns":1.0},{"damage":0.0,"enemies":"Gensokyo:3_Fairies","floor":55.0,"turns":2.0},{"damage":0.0,"enemies":"Gensokyo:Aya","floor":58.0,"turns":1.0},{"damage":0.0,"enemies":"Nightmare","floor":61.0,"turns":1.0},{"damage":0.0,"enemies":"Gensokyo:Python_and_Kodama","floor":62.0,"turns":1.0},{"damage":0.0,"enemies":"Gensokyo:Reimu","floor":67.0,"turns":1.0},{"damage":0.0,"enemies":"Gensokyo:2_Gloops","floor":69.0,"turns":1.0},{"damage":0.0,"enemies":"Gensokyo:Chomper","floor":72.0,"turns":1.0},{"damage":0.0,"enemies":"Gensokyo:Swordslinger","floor":73.0,"turns":1.0},{"damage":0.0,"enemies":"Gensokyo:Koishi","floor":74.0,"turns":1.0},{"damage":0.0,"enemies":"Gensokyo:Wraith","floor":75.0,"turns":3.0},{"damage":0,"enemies":"Nightmare_Alpha","floor":78,"turns":1},{"damage":0,"enemies":"Gensokyo:Slime_Group","floor":79,"turns":1},{"damage":0,"enemies":"Gensokyo:Eternal_Rivals","floor":84,"turns":1},{"damage":0,"enemies":"Gensokyo:AncientGuardian","floor":86,"turns":1},{"damage":0,"enemies":"Gensokyo:3_Bats","floor":90,"turns":1},{"damage":0,"enemies":"Gensokyo:Doremy","floor":91,"turns":1},{"damage":0,"enemies":"Gensokyo:Dusk_and_Dawn","floor":93,"turns":1},{"damage":0,"enemies":"Gensokyo:SeedOfUnknown","floor":96,"turns":1},{"damage":0,"enemies":"Gensokyo:Kasen","floor":99,"turns":1},{"damage":0,"enemies":"Gensokyo:Yuyuko","floor":101,"turns":1},{"damage":0,"enemies":"Gensokyo:3_Fairies","floor":103,"turns":2},{"damage":0,"enemies":"Gensokyo:Python","floor":107,"turns":1},{"damage":0,"enemies":"Gensokyo:2_Kodama","floor":109,"turns":1},{"damage":0,"enemies":"Gensokyo:5_Fairies","floor":112,"turns":2}],"seed_played":"768587206300690045","potions_obtained":[{"floor":7.0,"key":"Fire Potion"},{"floor":13.0,"key":"Swift Potion"},{"floor":16.0,"key":"Block Potion"},{"floor":18.0,"key":"Milkshake"},{"floor":27.0,"key":"ColorlessPotion"},{"floor":28.0,"key":"Cursed Concoction"},{"floor":35.0,"key":"GamblersBrew"},{"floor":48.0,"key":"Strength Potion"},{"floor":62.0,"key":"Dexterity Potion"},{"floor":79,"key":"infinitespire:BlackPotion"},{"floor":101,"key":"infinitespire:BlackPotion"}],"is_trial":false,"path_per_floor":["M","?","M","?","?","M","E","R","T","T","E","R","E","M","R","B",null,"M","?","AVR","M","?","R","E","COS","T","M","M","R","?","M","R","B",null,"M","M","M","M","M","R","$","NM","T","?","R","?","R","M","R","B",null,"M","?","M","M","AVR","R","E","R","T","NM","M","$","?","$","R","B",null,"M","?","AVR","M","M","E","M","R","T","NM","M","$","?","?","R","B",null,"M","$","?","?","M","E","R","M","T","?","M","R","AVR","E","R_BF","B",null,"M","?","?","?","M","R","M","R","T","M"],"character_chosen":"MARISA","items_purchased":["ReplayTheSpireMod:Private Reserves","Vajra","SynthV:MejaisSoulstealer"],"campfire_rested":2,"item_purchase_floors":[41,41,41],"current_hp_per_floor":[69,24,22,22,22,22,22,46,46,46,14,38,44,48,48,48,82,82,87,44,44,44,44,33,33,33,44,44,44,44,44,44,44,44,44,44,44,44,44,44,44,44,44,44,44,41,41,41,41,41,41,41,41,41,41,41,41,41,41,41,41,41,41,41,41,41,41,41,41,32,32,41,41,41,41,41,41,41,41,41,41,41,41,41,41,41,41,41,41,41,41,41,41,41,33,37,54,54,55,55,55,55,55,55,55,55,55,55,55,55,55,55,55],"gold":834,"neow_bonus":"DOUBLE_BOSS_RELIC","is_daily":false,"chose_seed":false,"campfire_upgraded":16,"win_rate":0.0,"timestamp":1612237119,"path_taken":["M","?","?","?","?","M","E","R","T","?","E","R","E","M","R","BOSS","M","?","AVR","M","?","R","E","COS","T","M","M","R","?","M","R","BOSS","M","M","M","M","M","R","$","NM","T","?","R","?","R","M","R","BOSS","M","?","M","M","AVR","R","E","R","T","NM","M","$","?","?","R","BOSS","M","?","AVR","M","?","E","M","R","T","NM","M","$","?","?","R","BOSS","M","?","?","?","M","E","R","M","T","?","M","R","AVR","E","R_BF","BOSS","M","?","?","?","M","R","M","R","T","M"],"items_purchased_type":["Card","Relic","Relic"],"build_version":"2020-12-22","purchased_purges":1,"victory":false,"max_hp_per_floor":[75,82,82,82,82,82,82,82,82,82,82,82,82,82,82,82,82,82,87,44,44,44,44,44,44,44,44,44,44,44,44,44,44,44,44,44,44,44,44,44,44,44,44,44,44,41,41,41,41,41,41,41,41,41,41,41,41,41,41,41,41,41,41,41,41,41,41,41,41,41,41,41,41,41,41,41,41,41,41,41,41,41,41,41,41,41,41,41,41,41,41,41,41,41,55,55,55,55,55,55,55,55,55,55,55,55,55,55,55,55,55,55,55],"card_choices":[{"not_picked":["ChargeUpSpray","NonDirectionalLaser","AsteroidBelt"],"picked":"ChargingUp","floor":1.0},{"not_picked":["MeteoricShower","DC","ShootingEcho","WitchLeyline","LuminesStrike"],"picked":"PowerUp","floor":3.0},{"not_picked":["GravityBeat","AsteroidBelt","Robbery","LuminesStrike","SporeBomb"],"picked":"IllusionStar","floor":6.0},{"not_picked":["BlazingStar","NonDirectionalLaser","EventHorizon","MilkyWay","PowerUp"],"picked":"EarthLightRay","floor":7.0},{"not_picked":["MysteriousBeam","AsteroidBelt","Occultation","MilkyWay","6A"],"picked":"UltimateShortwave","floor":13.0},{"not_picked":["GravityBeat","NonDirectionalLaser","ShootingEcho","GalacticHalo","PulseMagic","GasGiant"],"picked":"Acceleration","floor":14.0},{"not_picked":["EscapeVelocity","MillisecondPulsars","SatelliteIllusion","BinaryStars","BlazingStar","SuperNova"],"picked":"TreasureHunter","floor":16.0},{"not_picked":["IllusionStar","ShootingEcho","ShootTheMoon+1","6A+1","Acceleration","GravityBeat"],"picked":"UnstableBomb","floor":18.0},{"not_picked":["MysteriousBeam","AsteroidBelt+1","IllusionStar+1","DoubleSpark+1","UltimateShortwave","DragonMeteor"],"picked":"SprinkleStarSeal+1","floor":19.0},{"not_picked":["DarkSpark","GravityBeat","IllusionStar","SprinkleStarSeal","ShootingEcho","OneTimeOff"],"picked":"ChargingUp","floor":21.0},{"not_picked":["WitchOfGreed+1","WitchLeyline","DarkSpark","NonDirectionalLaser","AlicesGift","DoubleSpark"],"picked":"PropBag","floor":24.0},{"not_picked":["MeteoricShower","WitchOfGreed","PowerUp+1","FairyDestructionRay","Acceleration","SporeBomb+1"],"picked":"EarthLightRay+1","floor":27.0},{"not_picked":["ManaRampage","GravityBeat","ShootingEcho","MysteriousBeam","DoubleSpark","BlazingStar"],"picked":"NonDirectionalLaser","floor":28.0},{"not_picked":["Survey Options","Metamorphosis","Replay:Parry","Trip","Mind Blast","PanicButton"],"picked":"Replay:Sssssssssshield","floor":30.0},{"not_picked":["Trip","MostiFishMod:SupremeArchaeology","MostiFishMod:Galeforce","Blind","Replay:BasicMightCard","Crow Ritual"],"picked":"Dramatic Entrance","floor":30.0},{"not_picked":["FairyDestructionRay","MagicChant","WitchOfGreed+1","DeepEcoloBomb","AlicesGift+1","StarBarrage","GalacticHalo"],"picked":"SKIP","floor":31.0},{"not_picked":["CollectingQuirk","EscapeVelocity","SatelliteIllusion","SuperNova","TreasureHunter","UltimateShortwave"],"picked":"BinaryStars","floor":33.0},{"not_picked":["EventHorizon+1","GrandCross+1","SprinkleStarSeal+1","AlicesGift","WitchOfGreed","BlazeAway+1"],"picked":"6A+1","floor":35.0},{"not_picked":["WitchLeyline","LuminesStrike+1","GalacticHalo+1","DragonMeteor","ManaRampage","SporeBomb+1"],"picked":"DC","floor":36.0},{"not_picked":["MilkyWay+1","EnergyRecoil+1","AsteroidBelt","Acceleration","WitchOfGreed","PowerUp+1"],"picked":"GravityBeat","floor":37.0},{"not_picked":["WitchLeyline+1","SprinkleStarSeal+1","MagicChant","OpenUniverse+1","DC+1","GravityBeat"],"picked":"6A+1","floor":38.0},{"not_picked":["EventHorizon+1","MagicChant","SuperPerseids","6A+1","OneTimeOff","Robbery"],"picked":"PulseMagic+1","floor":39.0},{"not_picked":["StarlightTyphoon","MagicAbsorber+1","DragonMeteor","OortCloud","PowerUp+1","AsteroidBelt"],"picked":"Orbital+1","floor":42.0},{"not_picked":["DoubleSpark+1","GasGiant","GravityBeat+1","LuminesStrike+1","MagicChant+1","ShootingEcho+1"],"picked":"UnstableBomb+1","floor":48.0},{"not_picked":["BlazingStar","BigCrunch","UltimateShortwave","AbsoluteMagnitude","MillisecondPulsars+1","JA"],"picked":"CasketOfStar+1","floor":50.0},{"not_picked":["ChargeUpSpray","Acceleration","LuminesStrike","AsteroidBelt","OpenUniverse","DarkSpark"],"picked":"6A","floor":52.0},{"not_picked":["StarlightTyphoon","StarDustReverie","GrandCross","EnergyFlow+1","NonDirectionalLaser","SprinkleStarSeal"],"picked":"PulseMagic","floor":53.0},{"not_picked":["MysteriousBeam","OpenUniverse","AlicesGift","EnergyRecoil","GasGiant","IllusionStar"],"picked":"PulseMagic","floor":54.0},{"not_picked":["DarkSpark","DC","GravityBeat","UnstableBomb","6A","IllusionStar","PropBag"],"picked":"SKIP","floor":55.0},{"not_picked":["DarkSpark","MeteoricShower","BinaryStars","MagicAbsorber","GasGiant","SporeBomb"],"picked":"WitchOfGreed+1","floor":58.0},{"not_picked":["GravityBeat","GrandCross","BlazingStar","PowerUp","NonDirectionalLaser","SporeBomb"],"picked":"MagicChant","floor":61.0},{"not_picked":["MysteriousBeam","GravityBeat","SporeBomb","6A","AsteroidBelt","MaximisePower"],"picked":"Acceleration","floor":62.0},{"not_picked":["RefractionSpark","IllusionStar","MysteriousBeam","MachineGunSpark","WitchLeyline+1","GrandCross+1"],"picked":"AsteroidBelt","floor":69.0},{"not_picked":["MysteriousBeam","PowerUp","Acceleration","BlazeAway","AsteroidBelt","PulseMagic"],"picked":"6A","floor":70.0},{"not_picked":["EnergyFlow+1","LuminesStrike","Occultation+1","NonDirectionalLaser","WitchLeyline","WitchOfGreed+1"],"picked":"MaximisePower","floor":70.0},{"not_picked":["WitchLeyline+1","FairyDestructionRay+1","IllusionStar","NonDirectionalLaser+1","SuperNova+1","MysteriousBeam"],"picked":"SprinkleStarSeal","floor":70.0},{"not_picked":["ChargeUpSpray","NonDirectionalLaser","MysteriousBeam","DC","GrandCross","MilkyWay","EventHorizon+1"],"picked":"SKIP","floor":72.0},{"not_picked":["LuminesStrike","MysteriousBeam","SuperPerseids","PowerUp","WitchLeyline","AsteroidBelt+1"],"picked":"WitchOfGreed+1","floor":73.0},{"not_picked":["StarlightTyphoon","GalacticHalo+1","DeepEcoloBomb+1","AlicesGift","StarDustReverie","GrandCross+1","SporeBomb+1"],"picked":"SKIP","floor":74.0},{"not_picked":["ShootingEcho","MeteoricShower","MilkyWay","MysteriousBeam","MachineGunSpark","StarlightTyphoon","IllusionStar"],"picked":"SKIP","floor":75},{"not_picked":["ReplayTheSpireMod:??????????????????????","ReplayTheSpireMod:Black Plague"],"picked":"infinitespire:TheBestDefense","floor":78},{"not_picked":["GalacticHalo","SporeBomb","ManaRampage","WitchOfGreed+1","RefractionSpark","GrandCross"],"picked":"MachineGunSpark","floor":78},{"not_picked":["Acceleration+1","WitchOfGreed+1","LuminesStrike+1","WitchLeyline+1","ShootingEcho","CasketOfStar+1"],"picked":"PulseMagic","floor":79},{"not_picked":["ManaRampage","StarDustReverie","UltimateShortwave","BinaryStars","SatelliteIllusion+1","AbsoluteMagnitude"],"picked":"CollectingQuirk","floor":84},{"not_picked":["infinitespire:DeathsTouch","infinitespire:Oblivion"],"picked":"infinitespire:Punishment","floor":85},{"not_picked":["FairyDestructionRay+1","NonDirectionalLaser","PowerUp+1","AsteroidBelt","DC+1","GravityBeat+1"],"picked":"6A","floor":86},{"not_picked":["Occultation+1","MilkyWay+1","DC+1","EarthLightRay+1","Acceleration","DarkSpark"],"picked":"SporeBomb+1","floor":90},{"not_picked":["CasketOfStar+1","IllusionStar","SatelliteIllusion+1","OpenUniverse+1","AsteroidBelt","MilkyWay+1","ChargeUpSpray"],"picked":"SKIP","floor":91},{"not_picked":["MysteriousBeam+1","Occultation","PowerUp","EnergyFlow+1","OortCloud+1","NonDirectionalLaser"],"picked":"Orbital","floor":93},{"not_picked":["GalacticHalo","IllusionStar+1","BinaryStars","LuminesStrike+1","Orbital+1","GrandCross+1"],"picked":"PowerUp","floor":96},{"not_picked":["ManaConvection","Acceleration+1","PowerUp","Occultation+1","FairyDestructionRay+1","LuminesStrike+1"],"picked":"OortCloud+1","floor":99},{"not_picked":["MaximisePower","CollectingQuirk","CasketOfStar+1","MillisecondPulsars+1","ManaRampage","JA"],"picked":"UltimateShortwave","floor":101},{"not_picked":["6A","LuminesStrike","Occultation","NonDirectionalLaser","MysteriousBeam","EventHorizon+1"],"picked":"OortCloud+1","floor":103},{"not_picked":["SprinkleStarSeal","GalacticHalo","NonDirectionalLaser","Acceleration","CollectingQuirk","ShootingEcho","Singularity+1"],"picked":"SKIP","floor":107},{"not_picked":["ShootTheMoon","GalacticHalo","BlazeAway","DoubleSpark","MysteriousBeam","WitchLeyline","DC"],"picked":"SKIP","floor":109},{"not_picked":["DarkSpark","MilkyWay","Singularity+1","EarthLightRay","DoubleSpark","Acceleration","ShootingEcho"],"picked":"SKIP","floor":112}],"player_experience":173178,"relics_obtained":[{"floor":1.0,"key":"SynthV:TestCard"},{"floor":1.0,"key":"LetterFromLob"},{"floor":7.0,"key":"infinitespire:Satchel"},{"floor":9.0,"key":"Replay:Mystery Machine"},{"floor":10.0,"key":"Pen Nib"},{"floor":13.0,"key":"Question Card"},{"floor":17.0,"key":"ReplayTheSpireMod:TigerMarble"},{"floor":17.0,"key":"FossilizedHelix"},{"floor":17.0,"key":"Mirror"},{"floor":19.0,"key":"TungstenRod"},{"floor":19.0,"key":"Durian"},{"floor":24.0,"key":"Replay:Wax Seal"},{"floor":26.0,"key":"Regal Pillow"},{"floor":42.0,"key":"MawBank"},{"floor":43.0,"key":"Frozen Egg 2"},{"floor":53.0,"key":"Gensokyo:MarisaPhilosophersStone"},{"floor":58.0,"key":"infinitespire:PuzzleCube"},{"floor":60.0,"key":"Matryoshka"},{"floor":61.0,"key":"CombinedTypeHook"},{"floor":70.0,"key":"Pantograph"},{"floor":74.0,"key":"Divine Protection"},{"floor":77,"key":"Juzu Bracelet"},{"floor":77,"key":"Eternal Feather"},{"floor":78,"key":"infinitespire:Lucky Rock"},{"floor":91,"key":"infinitespire:ShieldingShard"},{"floor":94,"key":"Smiling Mask"},{"floor":99,"key":"Happy Flower"},{"floor":111,"key":"construct:FoamFinger"}],"event_choices":[{"damage_healed":0.0,"max_hp_gain":0.0,"max_hp_loss":0.0,"gold_gain":0.0,"event_name":"betterSkull:BetterSkull","player_choice":"RE RE RE ","floor":2.0,"gold_loss":0.0,"damage_taken":58.0,"cards_upgraded":[],"relics_obtained":["Strawberry","Ancient Tea Set","ReplayFunnel"]},{"damage_healed":0.0,"max_hp_gain":0.0,"max_hp_loss":0.0,"gold_gain":2.0,"event_name":"betterStone:BetterStone","player_choice":"1","floor":30.0,"gold_loss":0.0,"damage_taken":0.0},{"damage_healed":2,"gold_gain":0,"player_choice":"LEAVE ","damage_taken":0,"relics_obtained":[],"max_hp_gain":0,"max_hp_loss":0,"event_name":"betterSkull:BetterSkull","floor":81,"gold_loss":0,"cards_upgraded":[]},{"damage_healed":0,"gold_gain":0,"player_choice":"3","damage_taken":0,"max_hp_gain":0,"max_hp_loss":0,"event_name":"betterMatch:BetterMatch","floor":82,"gold_loss":0,"cards_obtained":[]},{"damage_healed":0,"gold_gain":0,"player_choice":"3","damage_taken":0,"max_hp_gain":0,"max_hp_loss":0,"event_name":"betterMatch:BetterMatch","floor":106,"gold_loss":0,"cards_obtained":[]}],"is_beta":false,"boss_relics":[{"not_picked":["MoonlightInvasionPlan","Replay:Wanted Poster"],"picked":"Calling Bell"},{"not_picked":["Philosopher\u0027s Stone","Velvet Choker"],"picked":"ExusiaiGun"},{"not_picked":["OneHitWonderSystem","Abe\u0027s Treasure"],"picked":"FeatherPendant"},{"not_picked":["NightmareShop","ReplayTheSpireMod:SealedPack"],"picked":"Coffee Dripper"},{"not_picked":["Snecko Eye","Ring of Chaos"],"picked":"ChewingGum"},{"not_picked":["TimeKeys","Transparent"],"picked":"Sozu"}],"items_purged_floors":[20],"is_endless":true,"potions_floor_spawned":[7,13,16,18,27,28,35,48,50,52,53,62,73,74,79,84,91,93,112],"killed_by":"Gensokyo:5_Fairies","ascension_level":0}}