{"host":"2cseu44fjxeibv3f","time":1612227116,"event":{"mods":["BaseMod","Better Third Choice","BetterRewards","Colored Powertips","Curses Come First","Energized Spire","Friendly Minions","Googly Eyes","GungeonMod","Halation","Hubris","Infinite Spire","Mimic Mod","Minty Spire (QoL Compilation)","Relic Stats","Replay The Spire","Spicy Shops","Spire Arcade","StS++","StSLib","The Cursed","The Disciple","The Exalted","The Jungle","The Necromancer","The Servant 0.9.4"],"gold_per_floor":[115,134,209,219,239,239,253,269,295,329,340,371,471,481,481,481,481],"floor_reached":16,"language":"ENG","playtime":840,"items_purged":[],"score":166,"play_id":"932833bf-9eed-448e-8001-1dcc7fe89145","local_time":"20210201195156","is_ascension_mode":false,"campfire_choices":[{"data":"TheWorld","floor":6,"key":"SMITH"},{"data":"SilverBlades","floor":15,"key":"SMITH"}],"circlet_count":0,"master_deck":["Strike_S","Strike_S","Strike_S","Strike_S","Defend_S","Defend_S","Defend_S","Defend_S","KidneyShot","Exchange","BottledTime","Defy","Moonlight","Rewind","Ricochet","TheWorld+1","Defy","Spin","SpecialFormula","Unruled","ReturningBlade","Starlight","BottledTime","SilverBlades+1","Spin"],"relics":["Uniform","Orrery","Blue Doll","hubris:SlimyHat","Replay:Towering Pillar of Hats"],"acts_visited":["Exordium"],"potions_floor_usage":[10,10,10,16,16],"damage_taken":[{"damage":0.0,"enemies":"2 Louse","floor":1.0,"turns":1.0},{"damage":7.0,"enemies":"Small Slimes","floor":2.0,"turns":3.0},{"damage":0,"enemies":"infinitespire:Voidling","floor":4,"turns":2},{"damage":0,"enemies":"2 Fungi Beasts","floor":5,"turns":2},{"damage":7,"enemies":"Blue Slaver","floor":7,"turns":3},{"damage":10,"enemies":"Exordium Wildlife","floor":8,"turns":2},{"damage":47,"enemies":"Lagavulin","floor":10,"turns":8},{"damage":0,"enemies":"Lots of Slimes","floor":11,"turns":2},{"damage":9,"enemies":"Replay:BlueRogue","floor":12,"turns":8},{"damage":0,"enemies":"Large Slime","floor":14,"turns":3},{"damage":25,"enemies":"Hexaghost","floor":16,"turns":9}],"seed_played":"6737046185170239822","potions_obtained":[{"floor":1.0,"key":"AttackPotion"},{"floor":2.0,"key":"Adrenaline Potion"},{"floor":3,"key":"Regen Potion"},{"floor":10,"key":"Toxic Potion"},{"floor":11,"key":"Weak Potion"}],"is_trial":false,"path_per_floor":["M","M","?","M","M","R","M","M","T","E","M","E","?","M","R","B"],"character_chosen":"THE_SERVANT","items_purchased":["Orrery"],"campfire_rested":0,"item_purchase_floors":[0],"current_hp_per_floor":[65,58,58,58,63,63,56,46,46,19,19,15,15,20,20,0,0],"gold":481,"neow_bonus":"","is_daily":false,"chose_seed":false,"campfire_upgraded":2,"win_rate":0.0,"timestamp":1612227116,"path_taken":["M","M","?","M","M","R","M","M","T","E","M","E","?","M","R","BOSS"],"items_purchased_type":["Relic"],"build_version":"2020-12-22","purchased_purges":0,"victory":false,"max_hp_per_floor":[65,65,65,65,65,65,65,65,65,65,65,65,65,65,65,65,65],"relic_stats":{"counters":[20,84],"obtain_stats":[{"BranchBurnRelic":15,"Replay:Towering Pillar of Hats":12,"infinitespire:Bottled Soul":6,"Dead Branch":13,"Orrery":0,"Blue Doll":9,"DemoMod:PinkGuonStone":5,"DemoMod:GlassGuonStoneRelic":8,"Uniform":0,"energizedSpire:MagnifyingGlass":17,"hubris:SlimyHat":10,"Toy Ornithopter":9},{"BranchBurnRelic":7,"Replay:Towering Pillar of Hats":18,"infinitespire:Bottled Soul":4,"Dead Branch":6,"Orrery":9,"Blue Doll":15,"DemoMod:PinkGuonStone":3,"DemoMod:GlassGuonStoneRelic":5,"Uniform":0,"energizedSpire:MagnifyingGlass":8,"hubris:SlimyHat":16,"Toy Ornithopter":6},{"BranchBurnRelic":28,"Replay:Towering Pillar of Hats":72,"infinitespire:Bottled Soul":14,"Dead Branch":26,"Orrery":41,"Blue Doll":54,"DemoMod:PinkGuonStone":9,"DemoMod:GlassGuonStoneRelic":19,"Uniform":0,"energizedSpire:MagnifyingGlass":37,"hubris:SlimyHat":62,"Toy Ornithopter":26}]},"card_choices":[{"not_picked":["Replace","Alleviate"],"picked":"BottledTime","floor":0.0},{"not_picked":["Starlight","Potential"],"picked":"Defy","floor":0.0},{"not_picked":["Foresight","TimeWarp"],"picked":"Moonlight","floor":0.0},{"not_picked":["StarChef","Alleviate"],"picked":"Rewind","floor":0.0},{"not_picked":["ShatteredReality","Reset"],"picked":"Ricochet","floor":0.0},{"not_picked":["Spin","ShatteredReality"],"picked":"TheWorld","floor":1.0},{"not_picked":["FastForward","BestPractice"],"picked":"Defy","floor":2.0},{"not_picked":["BottledTime","Revamp"],"picked":"Spin","floor":3},{"not_picked":["Reset","BottledTime"],"picked":"SpecialFormula","floor":4},{"not_picked":["SpecialFormula","Ricochet"],"picked":"Unruled","floor":5},{"not_picked":["FanOfKnives","Snipe"],"picked":"ReturningBlade","floor":7},{"not_picked":["Replace","StarChef"],"picked":"Starlight","floor":8},{"not_picked":["Duplication","Replace"],"picked":"BottledTime","floor":10},{"not_picked":["Collapse","Spin","Defy"],"picked":"SKIP","floor":11},{"not_picked":["Barrier","Foresight"],"picked":"SilverBlades","floor":12},{"not_picked":["Potential","TimeWarp"],"picked":"Spin","floor":14}],"player_experience":157559,"relics_obtained":[{"floor":9,"key":"Blue Doll"},{"floor":10,"key":"hubris:SlimyHat"},{"floor":12,"key":"Replay:Towering Pillar of Hats"}],"event_choices":[{"damage_healed":0,"gold_gain":100,"player_choice":"Pray","damage_taken":0,"max_hp_gain":0,"max_hp_loss":0,"event_name":"Golden Shrine","floor":13,"gold_loss":0}],"is_beta":false,"boss_relics":[],"items_purged_floors":[],"is_endless":false,"potions_floor_spawned":[1,2,5,10,11],"killed_by":"Hexaghost","ascension_level":0}}