{"host":"clf2hd4adhiiw0zf","time":1612303763,"event":{"mods":["AchievementEnabler","BaseMod","Beaked The Cultist","Bestiary","Dark Map","Downfall","Gremlin Mod","Hermit","Jorbs\u0027s Wanderer Trilogy","Marisa????????","Minty Spire (QoL Compilation)","Shop Mod","StSLib","The Cursed","The Servant 0.9.4","Wide Potions"],"gold_per_floor":[99,99,99,173,191,216,241,72,127,139,166,6,6,36,49,147,147,47,65,84,84,84,84],"floor_reached":21,"language":"ENG","playtime":1551,"items_purged":[],"score":221,"play_id":"155df3a7-51ea-419e-9459-8a62368efb8e","local_time":"20210202150923","is_ascension_mode":true,"campfire_choices":[{"floor":1.0,"key":"RECALL"},{"floor":13.0,"key":"REST"},{"data":"Judgement","floor":18.0,"key":"SMITH"}],"circlet_count":0,"master_deck":["sneckomod:Strike","sneckomod:Defend","sneckomod:Defend","sneckomod:TailWhip","sneckomod:SnekBite","sneckomod:Unknown","sneckomod:Unknown","Writhe","sneckomod:TrashToTreasure","sneckomod:SoulDraw","sneckomod:SoulCleanse","sneckomod:Unknown1Cost","sneckomod:UnknownBlock","sneckomod:UnknownExhaust","sneckomod:SoulExchange","sneckomod:SnakeSap","sneckomod:UnknownRareAttack","sneckomod:SnakeSap","sneckomod:UnknownUncommonAttack","sneckomod:SerpentMind","Judgement+1","sneckomod:UnknownDexterity","sneckomod:UnknownDraw"],"relics":["sneckomod:SuperSneckoSoul","Potion Belt","Smiling Mask","PreservedInsect","Toy Ornithopter","The Courier","Ancient Tea Set","Anchor","downfall:HeartBlessingGreen"],"acts_visited":["Exordium","TheCity"],"potions_floor_usage":[21],"damage_taken":[{"damage":1.0,"enemies":"Small Slimes","floor":5.0,"turns":4.0},{"damage":0.0,"enemies":"downfall:FleeingMerchant","floor":8.0,"turns":4.0},{"damage":35.0,"enemies":"3 Sentries","floor":9.0,"turns":5.0},{"damage":6.0,"enemies":"Jaw Worm","floor":10.0,"turns":2.0},{"damage":29.0,"enemies":"3 Sentries","floor":11.0,"turns":5.0},{"damage":7.0,"enemies":"downfall:FleeingMerchant","floor":12.0,"turns":4.0},{"damage":0.0,"enemies":"Gremlin Nob","floor":14.0,"turns":2.0},{"damage":6.0,"enemies":"2 Louse","floor":15.0,"turns":4.0},{"damage":17.0,"enemies":"IC_STATUS_ARCHETYPE","floor":16.0,"turns":7.0},{"damage":23.0,"enemies":"3 Byrds","floor":19.0,"turns":4.0},{"damage":22,"enemies":"Shell Parasite","floor":20,"turns":4},{"damage":55,"enemies":"Cultist and Chosen","floor":21,"turns":8}],"seed_played":"-9077924401562825318","potions_obtained":[{"floor":11.0,"key":"hexamod:SoulburnPotion"},{"floor":14.0,"key":"DuplicationPotion"},{"floor":20,"key":"PowerPotion"}],"is_trial":false,"path_per_floor":["R","?","?","T","M","T","T","$","?","M","E","$","R","E","M","B",null,"R","M","M","M"],"character_chosen":"THE_SNECKO","items_purchased":["Toy Ornithopter","sneckomod:SnakeSap","sneckomod:UnknownRareAttack"],"campfire_rested":1,"item_purchase_floors":[8,12,12],"current_hp_per_floor":[90,90,78,78,77,77,77,77,42,36,7,5,32,32,26,14,90,90,67,45,0,0,0],"gold":84,"neow_bonus":"TRANSFORM_TWO_CARDS","is_daily":false,"chose_seed":false,"campfire_upgraded":1,"win_rate":0.0,"timestamp":1612303763,"path_taken":["R","?","?","?","M","?","T","?","?","M","E","$","R","E","M","BOSS","R","M","M","M"],"items_purchased_type":["Relic","Card","Card"],"build_version":"2020-12-22","purchased_purges":0,"victory":false,"max_hp_per_floor":[90,90,90,90,90,90,90,90,90,90,90,90,90,90,90,90,90,90,90,90,90,90,90],"card_choices":[{"not_picked":["sneckomod:UnknownClassBLUE","sneckomod:Nope"],"picked":"sneckomod:SoulCleanse","floor":5.0},{"not_picked":["sneckomod:UnknownDraw","sneckomod:UnendingSupply"],"picked":"sneckomod:Unknown1Cost","floor":8.0},{"not_picked":["sneckomod:TrashToTreasure","sneckomod:MasterEye"],"picked":"sneckomod:Unknown1Cost","floor":9.0},{"not_picked":["sneckomod:UnknownClassBEAKED_YELLOW","sneckomod:SoulRoll"],"picked":"sneckomod:UnknownBlock","floor":10.0},{"not_picked":["sneckomod:UnknownCommonSkill","sneckomod:UnendingSupply"],"picked":"sneckomod:UnknownExhaust","floor":11.0},{"not_picked":["sneckomod:IronFang","sneckomod:UnknownClassPURPLE"],"picked":"sneckomod:SoulExchange","floor":12.0},{"not_picked":["sneckomod:MixItUp","sneckomod:UnknownCommonSkill"],"picked":"sneckomod:SnakeSap","floor":14.0},{"not_picked":["sneckomod:ImprovisedAttack","sneckomod:UnknownColorless"],"picked":"sneckomod:UnknownUncommonAttack","floor":15.0},{"not_picked":["sneckomod:UnknownRarePower","sneckomod:Restock"],"picked":"sneckomod:SerpentMind","floor":16.0},{"not_picked":["sneckomod:CheapStock","sneckomod:UnknownCommonSkill"],"picked":"sneckomod:UnknownDexterity","floor":19.0},{"not_picked":["sneckomod:RainOfDice","sneckomod:UnknownCommonAttack"],"picked":"sneckomod:UnknownDraw","floor":20}],"player_experience":169228,"relics_obtained":[{"floor":6.0,"key":"Smiling Mask"},{"floor":7.0,"key":"PreservedInsect"},{"floor":9.0,"key":"The Courier"},{"floor":11.0,"key":"Ancient Tea Set"},{"floor":14.0,"key":"Anchor"}],"event_choices":[{"damage_healed":0.0,"max_hp_gain":0.0,"max_hp_loss":0.0,"gold_gain":0.0,"event_name":"Scrap Ooze","player_choice":"Success","floor":3.0,"gold_loss":0.0,"damage_taken":12.0,"relics_obtained":["Potion Belt"]}],"is_beta":false,"boss_relics":[{"not_picked":["Empty Cage","Runic Pyramid"],"picked":"sneckomod:SuperSneckoSoul"}],"items_purged_floors":[],"is_endless":false,"potions_floor_spawned":[11,14,20],"killed_by":"Cultist and Chosen","ascension_level":1}}