{"host":"2yqfi47fogfu1ic4","time":1612250413,"event":{"mods":["AchievementEnabler","BaseMod","Colored Map","Colored Powertips","Highlight Path","Minty Spire (QoL Compilation)","Permanent Neow","Relic Stats","StSLib"],"gold_per_floor":[119,132,132,147,222,222,233,233,233,274,274,22,38,74,74,173,173,192,213,213,237,237,237,260,260,331,10,53,76,95,15,15,108,108,121,121,135,135,135,135,149,149,149,168,182,222,11,11,11,11,11,11],"floor_reached":51,"language":"DEU","playtime":4736,"items_purged":["Strike_G","Strike_G","Strike_G"],"score":1489,"play_id":"74b3616a-613b-4ca4-9ac5-da262e5f3b56","local_time":"20210202082013","is_ascension_mode":true,"campfire_choices":[{"data":"Neutralize","floor":6.0,"key":"SMITH"},{"data":"Deadly Poison","floor":11.0,"key":"SMITH"},{"data":"Footwork","floor":15.0,"key":"SMITH"},{"floor":23.0,"key":"REST"},{"data":"Night Terror","floor":25.0,"key":"SMITH"},{"floor":32.0,"key":"REST"},{"data":"Leg Sweep","floor":40.0,"key":"SMITH"},{"floor":42,"key":"RECALL"},{"floor":49,"key":"REST"}],"circlet_count":0,"master_deck":["AscendersBane","Strike_G","Strike_G","Defend_G","Defend_G","Defend_G","Defend_G","Defend_G","Survivor","Neutralize+1","Slice+1","Dagger Throw","Flying Knee","Poisoned Stab","Deadly Poison+1","Footwork+1","Bane","Venomology+1","Night Terror+1","Terror+1","PiercingWail+1","PiercingWail","Dagger Spray","Backstab+1","Dagger Throw","After Image","Adrenaline","Dagger Throw","Leg Sweep+1","Master of Strategy","Secret Technique","Calculated Gamble","Underhanded Strike+1","Acrobatics","Footwork"],"relics":["SacredBark","Golden Idol","The Courier","Ginger","White Beast Statue","Tingsha","Velvet Choker","Nilry\u0027s Codex","Shuriken","Lizard Tail","StrikeDummy","HoveringKite","Molten Egg 2"],"acts_visited":["Exordium","TheCity","TheBeyond"],"potions_floor_usage":[41,41,44,44,45,45,46,46,50,50,50],"damage_taken":[{"damage":3.0,"enemies":"Jaw Worm","floor":1.0,"turns":5.0},{"damage":1.0,"enemies":"Cultist","floor":2.0,"turns":4.0},{"damage":0.0,"enemies":"Small Slimes","floor":4.0,"turns":3.0},{"damage":0.0,"enemies":"Red Slaver","floor":7.0,"turns":3.0},{"damage":3.0,"enemies":"Gremlin Nob","floor":10.0,"turns":3.0},{"damage":0.0,"enemies":"Blue Slaver","floor":13.0,"turns":3.0},{"damage":22.0,"enemies":"3 Sentries","floor":14.0,"turns":9.0},{"damage":0.0,"enemies":"Hexaghost","floor":16.0,"turns":7.0},{"damage":0.0,"enemies":"Chosen","floor":18.0,"turns":3.0},{"damage":11.0,"enemies":"Spheric Guardian","floor":19.0,"turns":4.0},{"damage":11.0,"enemies":"Snecko","floor":21.0,"turns":5.0},{"damage":0.0,"enemies":"Snake Plant","floor":24.0,"turns":3.0},{"damage":8.0,"enemies":"Book of Stabbing","floor":28.0,"turns":4.0},{"damage":1.0,"enemies":"Centurion and Healer","floor":29.0,"turns":5.0},{"damage":6.0,"enemies":"Shelled Parasite and Fungi","floor":30.0,"turns":4.0},{"damage":23.0,"enemies":"Automaton","floor":33.0,"turns":8.0},{"damage":0.0,"enemies":"3 Darklings","floor":35.0,"turns":6.0},{"damage":0.0,"enemies":"Orb Walker","floor":37.0,"turns":1.0},{"damage":0,"enemies":"Jaw Worm Horde","floor":41,"turns":3},{"damage":6,"enemies":"3 Darklings","floor":44,"turns":9},{"damage":3,"enemies":"Writhing Mass","floor":45,"turns":8},{"damage":0,"enemies":"Nemesis","floor":46,"turns":5},{"damage":24,"enemies":"Awakened One","floor":50,"turns":25},{"damage":64,"enemies":"Time Eater","floor":51,"turns":8}],"seed_played":"2027632855779241799","potions_obtained":[{"floor":1.0,"key":"SteroidPotion"},{"floor":13.0,"key":"SteroidPotion"},{"floor":14.0,"key":"AttackPotion"},{"floor":16.0,"key":"Poison Potion"},{"floor":18.0,"key":"Poison Potion"},{"floor":19.0,"key":"SpeedPotion"},{"floor":21.0,"key":"LiquidMemories"},{"floor":24.0,"key":"SteroidPotion"},{"floor":28.0,"key":"Poison Potion"},{"floor":30.0,"key":"SteroidPotion"},{"floor":33.0,"key":"SkillPotion"},{"floor":35.0,"key":"SteroidPotion"},{"floor":37.0,"key":"SteroidPotion"},{"floor":41,"key":"Ancient Potion"},{"floor":44,"key":"ColorlessPotion"},{"floor":45,"key":"GhostInAJar"},{"floor":46,"key":"Dexterity Potion"}],"is_trial":false,"path_per_floor":["M","M","?","M","?","R","M","?","T","E","R","$","M","E","R","B",null,"M","M","?","M","?","R","M","R","T","$","E","M","M","$","R","B",null,"M","?","M","?","?","R","M","R","T","M","M","E","$","?","R","B","B"],"character_chosen":"THE_SILENT","items_purchased":["White Beast Statue","Footwork","Lizard Tail","Acrobatics","Footwork"],"campfire_rested":3,"item_purchase_floors":[12,12,27,47,47],"current_hp_per_floor":[56,55,55,55,44,44,44,44,44,41,41,41,41,19,19,19,50,50,39,39,28,7,25,25,25,25,25,17,16,10,10,28,5,46,46,46,46,46,36,36,36,36,36,30,27,27,27,27,44,20,0,0],"gold":11,"neow_bonus":"BOSS_RELIC","is_daily":false,"chose_seed":false,"campfire_upgraded":5,"win_rate":0.0,"timestamp":1612250413,"path_taken":["M","M","?","?","?","R","M","?","T","E","R","$","M","E","R","BOSS","M","M","?","?","?","R","M","R","T","$","E","M","M","?","R","BOSS","M","?","M","?","?","R","M","R","T","M","M","E","$","?","R","BOSS","BOSS"],"items_purchased_type":["Relic","Card","Relic","Card","Card"],"build_version":"2020-12-22","purchased_purges":3,"victory":false,"max_hp_per_floor":[66,66,66,66,66,66,66,60,60,60,60,60,60,60,60,60,60,60,60,60,60,60,60,60,60,60,60,60,60,60,60,60,60,60,60,60,60,57,57,57,57,57,57,57,57,57,57,57,57,57,57,57],"relic_stats":{"Lizard Tail":28,"counters":[24,138],"Golden Idol":136,"Shuriken":[31],"HoveringKite":[38],"Tingsha":[166],"Ginger":[14],"obtain_stats":[{"Golden Idol":8,"Nilry\u0027s Codex":22,"SacredBark":0,"Velvet Choker":17,"HoveringKite":34,"Tingsha":14,"The Courier":9,"Ginger":10,"White Beast Statue":12,"Lizard Tail":27,"Shuriken":26,"Molten Egg 2":46,"StrikeDummy":28,"Ring of the Snake":0},{"Golden Idol":4,"Nilry\u0027s Codex":11,"SacredBark":0,"Velvet Choker":8,"HoveringKite":16,"Tingsha":7,"The Courier":4,"Ginger":5,"White Beast Statue":5,"Lizard Tail":12,"Shuriken":12,"Molten Egg 2":22,"StrikeDummy":13,"Ring of the Snake":0},{"Golden Idol":15,"Nilry\u0027s Codex":49,"SacredBark":0,"Velvet Choker":37,"HoveringKite":73,"Tingsha":30,"The Courier":15,"Ginger":18,"White Beast Statue":18,"Lizard Tail":52,"Shuriken":52,"Molten Egg 2":105,"StrikeDummy":56,"Ring of the Snake":0}]},"card_choices":[{"not_picked":["Tactician","Dodge and Roll"],"picked":"Slice","floor":1.0},{"not_picked":["Flying Knee","Dodge and Roll"],"picked":"Dagger Throw","floor":2.0},{"not_picked":["Outmaneuver","Acrobatics"],"picked":"Flying Knee","floor":4.0},{"not_picked":["Crippling Poison","Prepared"],"picked":"Poisoned Stab","floor":7.0},{"not_picked":["Deflect","Sucker Punch"],"picked":"Deadly Poison","floor":10.0},{"not_picked":["Skewer","Dagger Throw"],"picked":"Bane","floor":13.0},{"not_picked":["Footwork","Eviscerate"],"picked":"Venomology","floor":14.0},{"not_picked":["Adrenaline","Grand Finale"],"picked":"Night Terror","floor":16.0},{"not_picked":["Dagger Spray","Dodge and Roll"],"picked":"Terror+1","floor":18.0},{"not_picked":["Flying Knee","Expertise"],"picked":"PiercingWail+1","floor":19.0},{"not_picked":["Sucker Punch","Concentrate"],"picked":"PiercingWail","floor":21.0},{"not_picked":["Tactician","Escape Plan"],"picked":"Dagger Spray","floor":24.0},{"not_picked":["Quick Slash+1","Noxious Fumes"],"picked":"Backstab+1","floor":28.0},{"not_picked":["Riddle With Holes","Eviscerate"],"picked":"Dagger Throw","floor":29.0},{"not_picked":["Flying Knee+1","Dodge and Roll"],"picked":"After Image","floor":30.0},{"not_picked":["After Image","Glass Knife"],"picked":"Adrenaline","floor":33.0},{"not_picked":["Heel Hook","Flying Knee"],"picked":"Dagger Throw","floor":35.0},{"not_picked":["Dagger Throw","Finisher"],"picked":"Leg Sweep","floor":37.0},{"not_picked":["Impatience","Flash of Steel"],"picked":"Master of Strategy","floor":39.0},{"not_picked":["Sadistic Nature","Enlightenment"],"picked":"Secret Technique","floor":39.0},{"not_picked":["Crippling Poison","Cloak And Dagger","Escape Plan"],"picked":"SKIP","floor":41},{"not_picked":["Dagger Throw","Slice","Masterful Stab"],"picked":"SKIP","floor":44},{"not_picked":["Quick Slash","Footwork"],"picked":"Calculated Gamble","floor":45},{"not_picked":["Distraction","Deflect+1"],"picked":"Underhanded Strike+1","floor":46}],"player_experience":1606985,"relics_obtained":[{"floor":9.0,"key":"The Courier"},{"floor":10.0,"key":"Ginger"},{"floor":14.0,"key":"Tingsha"},{"floor":22.0,"key":"Nilry\u0027s Codex"},{"floor":26.0,"key":"Shuriken"},{"floor":28.0,"key":"StrikeDummy"},{"floor":46,"key":"Molten Egg 2"}],"event_choices":[{"damage_healed":0.0,"max_hp_gain":0.0,"max_hp_loss":0.0,"gold_gain":0.0,"event_name":"Upgrade Shrine","player_choice":"Upgraded","floor":3.0,"gold_loss":0.0,"damage_taken":0.0,"cards_upgraded":["Slice"]},{"damage_healed":0.0,"max_hp_gain":0.0,"max_hp_loss":0.0,"gold_gain":75.0,"event_name":"World of Goop","player_choice":"Gather Gold","floor":5.0,"gold_loss":0.0,"damage_taken":11.0},{"damage_healed":0.0,"max_hp_gain":0.0,"max_hp_loss":6.0,"gold_gain":0.0,"event_name":"Golden Idol","player_choice":"Lose Max HP","floor":8.0,"gold_loss":0.0,"damage_taken":0.0,"relics_obtained":["Golden Idol"]},{"damage_healed":0.0,"max_hp_gain":0.0,"max_hp_loss":0.0,"gold_gain":0.0,"event_name":"Upgrade Shrine","player_choice":"Upgraded","floor":20.0,"gold_loss":0.0,"damage_taken":0.0,"cards_upgraded":["Venomology"]},{"damage_healed":0.0,"max_hp_gain":0.0,"max_hp_loss":0.0,"gold_gain":0.0,"event_name":"Cursed Tome","player_choice":"Obtained Book","floor":22.0,"gold_loss":0.0,"damage_taken":21.0},{"damage_healed":0.0,"max_hp_gain":0.0,"max_hp_loss":0.0,"gold_gain":0.0,"event_name":"Tomb of Lord Red Mask","player_choice":"Ignored","floor":36.0,"gold_loss":0.0,"damage_taken":0.0},{"damage_healed":0.0,"max_hp_gain":0.0,"max_hp_loss":3.0,"gold_gain":0.0,"event_name":"Winding Halls","player_choice":"Max HP","floor":38.0,"gold_loss":0.0,"damage_taken":0.0},{"damage_healed":0.0,"max_hp_gain":0.0,"max_hp_loss":0.0,"gold_gain":0.0,"event_name":"SensoryStone","player_choice":"Memory 3","floor":39.0,"gold_loss":0.0,"damage_taken":10.0},{"damage_healed":0,"gold_gain":0,"player_choice":"0 cards matched","damage_taken":0,"max_hp_gain":0,"max_hp_loss":0,"event_name":"Match and Keep!","floor":48,"gold_loss":0,"cards_obtained":[]}],"is_beta":false,"boss_relics":[{"not_picked":["Ectoplasm","Empty Cage"],"picked":"Velvet Choker"},{"not_picked":["Cursed Key","Busted Crown"],"picked":"HoveringKite"}],"items_purged_floors":[27,31,47],"is_endless":false,"potions_floor_spawned":[1,13,14,16,18,19,21,24,28,29,30,33,35,37,41,44,45,46],"killed_by":"Time Eater","ascension_level":20}}