{"host":"sp1f3sybb350mzsh","time":1612239463,"event":{"mods":["AchievementEnabler","BaseMod","Bestiary","Colored Map","Colored Powertips","Filter the Spire","Minty Spire (QoL Compilation)","Puzzle Mod","Relic Stats","StSLib"],"gold_per_floor":[110,126,138,158,173,203,203,231,231,231,243,273,286,304,304,402,402,419,170,170,100,100,100,134,146,146,174,185,202,49,63,63,167,167,182,182,197,209,209,209,241,191,191,209,209,229,229,244,244,244],"floor_reached":51,"language":"ENG","playtime":2776,"items_purged":["Strike_B","Defend_B"],"score":793,"play_id":"fe4e910e-74ec-43bb-832b-3c1d4c4a8330","local_time":"20210201221743","is_ascension_mode":false,"campfire_choices":[{"data":"Buffer","floor":7.0,"key":"SMITH"},{"data":"Biased Cognition","floor":15.0,"key":"SMITH"},{"data":"Sunder","floor":23.0,"key":"SMITH"},{"data":"Capacitor","floor":32.0,"key":"SMITH"},{"data":"Echo Form","floor":40,"key":"SMITH"},{"data":"Echo Form","floor":45,"key":"SMITH"},{"data":"White Noise","floor":47,"key":"SMITH"},{"floor":49,"key":"REST"}],"circlet_count":0,"master_deck":["Defend_B","Defend_B","Defend_B","Zap","Dualcast","Coolheaded","Static Discharge","Compile Driver","Steam","Ball Lightning","Buffer+1","Cold Snap","White Noise+1","Biased Cognition+1","Echo Form+1","Ball Lightning+1","Undo+1","Coolheaded+1","Defragment+1","Capacitor+1","Glacier","Sunder+1","Undo","Self Repair","Stack","Stack","Biased Cognition+1","Echo Form+1","Redo+1","Electrodynamics","Heatsinks+1","Go for the Eyes+1","Rebound+1","BootSequence+1"],"relics":["Velvet Choker","Bag of Marbles","Strawberry","Potion Belt","Smiling Mask","Mercury Hourglass","Astrolabe","Omamori","HornCleat","PreservedInsect","DollysMirror","Philosopher\u0027s Stone","Regal Pillow","Vajra"],"acts_visited":["Exordium","TheCity","TheBeyond"],"potions_floor_usage":[50],"damage_taken":[{"damage":0.0,"enemies":"2 Louse","floor":1.0,"turns":4.0},{"damage":4.0,"enemies":"Jaw Worm","floor":2.0,"turns":3.0},{"damage":0.0,"enemies":"Cultist","floor":3.0,"turns":3.0},{"damage":3.0,"enemies":"Looter","floor":4.0,"turns":3.0},{"damage":8.0,"enemies":"Exordium Thugs","floor":5.0,"turns":5.0},{"damage":30.0,"enemies":"Gremlin Nob","floor":6.0,"turns":4.0},{"damage":8.0,"enemies":"3 Sentries","floor":8.0,"turns":7.0},{"damage":2.0,"enemies":"3 Louse","floor":11.0,"turns":4.0},{"damage":0.0,"enemies":"Lagavulin","floor":12.0,"turns":7.0},{"damage":0.0,"enemies":"Exordium Wildlife","floor":13.0,"turns":2.0},{"damage":1.0,"enemies":"2 Fungi Beasts","floor":14.0,"turns":3.0},{"damage":6.0,"enemies":"Hexaghost","floor":16.0,"turns":10.0},{"damage":0.0,"enemies":"2 Thieves","floor":18.0,"turns":4.0},{"damage":18.0,"enemies":"Slavers","floor":24.0,"turns":4.0},{"damage":1.0,"enemies":"Shell Parasite","floor":25.0,"turns":6.0},{"damage":7.0,"enemies":"Gremlin Leader","floor":27.0,"turns":5.0},{"damage":3.0,"enemies":"Snake Plant","floor":28.0,"turns":4.0},{"damage":0.0,"enemies":"Cultist and Chosen","floor":29.0,"turns":4.0},{"damage":0.0,"enemies":"Snecko","floor":31.0,"turns":4.0},{"damage":0.0,"enemies":"Champ","floor":33.0,"turns":9.0},{"damage":0,"enemies":"3 Shapes","floor":35,"turns":6},{"damage":0,"enemies":"Orb Walker","floor":37,"turns":4},{"damage":6,"enemies":"Writhing Mass","floor":38,"turns":6},{"damage":38,"enemies":"Reptomancer","floor":41,"turns":6},{"damage":0,"enemies":"Jaw Worm Horde","floor":44,"turns":4},{"damage":4,"enemies":"Spire Growth","floor":46,"turns":7},{"damage":11,"enemies":"4 Shapes","floor":48,"turns":3},{"damage":16,"enemies":"Donu and Deca","floor":50,"turns":7}],"seed_played":"9152120393720237747","potions_obtained":[{"floor":3.0,"key":"DuplicationPotion"},{"floor":4.0,"key":"Fire Potion"},{"floor":8.0,"key":"SneckoOil"},{"floor":11.0,"key":"Energy Potion"},{"floor":16.0,"key":"AttackPotion"},{"floor":18.0,"key":"Regen Potion"},{"floor":25.0,"key":"AttackPotion"},{"floor":27.0,"key":"Fire Potion"},{"floor":33.0,"key":"ColorlessPotion"},{"floor":35,"key":"FocusPotion"},{"floor":44,"key":"Energy Potion"}],"is_trial":false,"path_per_floor":["M","M","M","M","M","E","R","E","T","?","M","E","M","M","R","B",null,"M","$","?","$","?","R","E","M","T","E","M","M","$","M","R","B",null,"M","?","M","M","?","R","E","$","T","M","R","M","R","M","R","B",null],"character_chosen":"DEFECT","items_purchased":["Capacitor","Glacier","FearPotion","Sunder","DollysMirror"],"campfire_rested":1,"item_purchase_floors":[19,19,19,21,30],"current_hp_per_floor":[75,71,71,68,60,30,30,29,29,29,27,27,27,26,26,20,82,82,82,82,82,66,66,48,47,47,40,44,51,51,58,58,65,87,87,87,87,87,83,83,52,52,52,52,52,48,48,37,76,67],"gold":244,"neow_bonus":"BOSS_RELIC","is_daily":false,"chose_seed":false,"campfire_upgraded":7,"win_rate":0.0,"timestamp":1612239463,"path_taken":["M","M","M","M","M","E","R","E","T","?","M","E","M","M","R","BOSS","M","$","?","?","?","R","E","M","T","E","M","M","$","M","R","BOSS","M","?","?","M","?","R","E","$","T","M","R","M","R","M","R","BOSS"],"items_purchased_type":["Card","Card","Potion","Card","Relic"],"build_version":"2020-12-22","purchased_purges":2,"victory":true,"max_hp_per_floor":[75,75,75,75,75,75,75,82,82,82,82,82,82,82,82,82,82,82,82,82,82,87,87,87,87,87,87,87,87,87,87,87,87,87,87,87,87,87,83,83,83,83,83,83,83,83,83,83,83,83],"relic_stats":{"Regal Pillow":15,"counters":[28,136],"Astrolabe":["Ball Lightning","Undo","Coolheaded"],"PreservedInsect":58,"Smiling Mask":75,"obtain_stats":[{"Potion Belt":9,"Regal Pillow":41,"Astrolabe":17,"Velvet Choker":0,"Vajra":43,"PreservedInsect":27,"Omamori":24,"Smiling Mask":10,"Mercury Hourglass":12,"HornCleat":26,"DollysMirror":30,"Strawberry":8,"Philosopher\u0027s Stone":34,"Bag of Marbles":6,"Cracked Core":0},{"Potion Belt":7,"Regal Pillow":24,"Astrolabe":12,"Velvet Choker":0,"Vajra":24,"PreservedInsect":16,"Omamori":14,"Smiling Mask":7,"Mercury Hourglass":9,"HornCleat":15,"DollysMirror":18,"Strawberry":7,"Philosopher\u0027s Stone":20,"Bag of Marbles":6,"Cracked Core":0},{"Potion Belt":29,"Regal Pillow":115,"Astrolabe":54,"Velvet Choker":0,"Vajra":115,"PreservedInsect":72,"Omamori":61,"Smiling Mask":29,"Mercury Hourglass":40,"HornCleat":67,"DollysMirror":80,"Strawberry":29,"Philosopher\u0027s Stone":93,"Bag of Marbles":22,"Cracked Core":0}],"Mercury Hourglass":[367]},"card_choices":[{"not_picked":["Chaos","Go for the Eyes"],"picked":"Coolheaded","floor":1.0},{"not_picked":["Barrage","Turbo"],"picked":"Static Discharge","floor":2.0},{"not_picked":["Stack","Gash"],"picked":"Compile Driver","floor":3.0},{"not_picked":["Scrape","Conserve Battery"],"picked":"Steam","floor":4.0},{"not_picked":["Sweeping Beam","Hologram"],"picked":"Ball Lightning","floor":5.0},{"not_picked":["Hello World","Gash"],"picked":"Buffer","floor":6.0},{"not_picked":["Gash","Rebound","Blizzard"],"picked":"SKIP","floor":8.0},{"not_picked":["BootSequence","Leap"],"picked":"Cold Snap","floor":11.0},{"not_picked":["Coolheaded","Ball Lightning"],"picked":"White Noise","floor":12.0},{"not_picked":["Go for the Eyes","Capacitor"],"picked":"Biased Cognition","floor":13.0},{"not_picked":["Heatsinks","Force Field","Streamline"],"picked":"SKIP","floor":14.0},{"not_picked":["Machine Learning","Thunder Strike"],"picked":"Echo Form","floor":16.0},{"not_picked":["Leap","Gash"],"picked":"Defragment+1","floor":18.0},{"not_picked":["Streamline","White Noise","Lockon"],"picked":"SKIP","floor":24.0},{"not_picked":["BootSequence","Fusion"],"picked":"Undo","floor":25.0},{"not_picked":["Coolheaded+1","Electrodynamics"],"picked":"Self Repair","floor":27.0},{"not_picked":["Stack","Melter","Leap"],"picked":"SKIP","floor":28.0},{"not_picked":["Melter","Leap"],"picked":"Stack","floor":28.0},{"not_picked":["FTL","Gash"],"picked":"Stack","floor":29.0},{"not_picked":["Fusion","Darkness","White Noise+1"],"picked":"SKIP","floor":31.0},{"not_picked":["Reboot","Creative AI"],"picked":"Echo Form","floor":33.0},{"not_picked":["Beam Cell","Cold Snap+1"],"picked":"Redo+1","floor":35},{"not_picked":["Recycle","Barrage+1"],"picked":"Heatsinks+1","floor":37},{"not_picked":["Undo","Glacier+1"],"picked":"Go for the Eyes+1","floor":38},{"not_picked":["Doom and Gloom","Scrape"],"picked":"Rebound+1","floor":41},{"not_picked":["Doom and Gloom","Go for the Eyes","Compile Driver"],"picked":"SKIP","floor":44},{"not_picked":["Doom and Gloom","Go for the Eyes","Compile Driver"],"picked":"SKIP","floor":44},{"not_picked":["Sweeping Beam","Beam Cell"],"picked":"BootSequence+1","floor":46},{"not_picked":["Reinforced Body+1","Redo","Coolheaded+1"],"picked":"SKIP","floor":48}],"player_experience":151425,"relics_obtained":[{"floor":6.0,"key":"Bag of Marbles"},{"floor":8.0,"key":"Strawberry"},{"floor":9.0,"key":"Potion Belt"},{"floor":12.0,"key":"Mercury Hourglass"},{"floor":24.0,"key":"Omamori"},{"floor":26.0,"key":"HornCleat"},{"floor":27.0,"key":"PreservedInsect"},{"floor":41,"key":"Regal Pillow"},{"floor":43,"key":"Vajra"}],"event_choices":[{"damage_healed":0.0,"max_hp_gain":0.0,"max_hp_loss":0.0,"gold_gain":0.0,"event_name":"Dead Adventurer","player_choice":"Searched \u00271\u0027 times","floor":10.0,"gold_loss":0.0,"damage_taken":0.0,"relics_obtained":["Smiling Mask"]},{"damage_healed":0.0,"max_hp_gain":0.0,"max_hp_loss":0.0,"gold_gain":0.0,"event_name":"The Mausoleum","player_choice":"Ignored","floor":20.0,"gold_loss":0.0,"damage_taken":0.0},{"damage_healed":0.0,"max_hp_gain":5.0,"max_hp_loss":0.0,"gold_gain":0.0,"event_name":"Forgotten Altar","player_choice":"Shed Blood","floor":22.0,"gold_loss":0.0,"damage_taken":21.0},{"damage_healed":0,"gold_gain":0,"player_choice":"1 cards matched","damage_taken":0,"max_hp_gain":0,"max_hp_loss":0,"event_name":"Match and Keep!","floor":36,"gold_loss":0,"cards_obtained":["Electrodynamics"]},{"damage_healed":0,"gold_gain":0,"player_choice":"Max HP","damage_taken":0,"max_hp_gain":0,"max_hp_loss":4,"event_name":"Winding Halls","floor":39,"gold_loss":0}],"is_beta":false,"boss_relics":[{"not_picked":["Busted Crown","Sozu"],"picked":"Astrolabe"},{"not_picked":["Nuclear Battery","SacredBark"],"picked":"Philosopher\u0027s Stone"}],"items_purged_floors":[19,42],"is_endless":false,"potions_floor_spawned":[3,4,8,11,16,18,25,27,28,33,35,41,44,46],"ascension_level":0}}