{"host":"m6aaltr68g9tvoay","time":1612234771,"event":{"mods":["AchievementEnabler","BaseMod","Colored Map","Downfall","Minty Spire (QoL Compilation)","StSLib"],"gold_per_floor":[99,99,99,99,99,99,99,133,148,323,123,33,52,11,22,123,123,123,73,85,101,121,121,121,121,221,232,232,242,242,262,277,382,382,382,394,409,427,427,427,506,518,538,17,37,55,55,89,89,89],"floor_reached":51,"language":"ENG","playtime":5918,"items_purged":["Doubt"],"score":843,"play_id":"a0cb1d9b-dbe6-41a3-92a4-de3b32f6b037","local_time":"20210201185931","is_ascension_mode":true,"campfire_choices":[{"floor":1,"key":"RECALL"},{"floor":11,"key":"REST"},{"data":"bronze:ThunderWave","floor":18,"key":"SMITH"},{"data":"bronze:FindAndReplace","floor":23,"key":"SMITH"},{"floor":25,"key":"REST"},{"data":"bronze:InfiniteBeams","floor":28,"key":"SMITH"},{"data":"bronze:Iterate","floor":30,"key":"SMITH"},{"data":"bronze:FollowUp","floor":35,"key":"SMITH"},{"floor":40,"key":"REST"},{"floor":47,"key":"REST"},{"floor":49,"key":"REST"}],"circlet_count":0,"master_deck":["bronze:Strike","bronze:Strike","bronze:Defend","bronze:Defend","bronze:Defend","bronze:Defend","bronze:Replicate","bronze:Goto","bronze:Terminator","bronze:Repair","bronze:Separator","bronze:Turbo","bronze:ChildClass","bronze:Constructor","bronze:DelayedSlice","bronze:FindAndReplace+1","bronze:OilSpill","bronze:ThunderWave+1","bronze:CloningBeam","bronze:FollowUp+1","bronze:Iterate+1","bronze:Branch","bronze:BronzeOrb","bronze:InfiniteBeams+1","bronze:Overload+1","bronze:ForceShield","bronze:HyperBeam","bronze:ForLoop+1","bronze:Optimize","bronze:FindAndReplace","bronze:BronzeOrb+1","bronze:Shell+1","bronze:Boost+1","bronze:ChildClass+1"],"relics":["bronze:BronzeCore","downfall:HeartsMalice","InkBottle","Regal Pillow","downfall:HeartBlessingBlue","downfall:HeartBlessingRed","Eternal Feather","Potion Belt","Philosopher\u0027s Stone","Letter Opener","FossilizedHelix","Bronze Scales","Blue Candle"],"acts_visited":["Exordium","TheCity","TheBeyond"],"potions_floor_usage":[4,9,16,16,22,27,33,33,37,37,37,38,45,50],"damage_taken":[{"damage":0,"enemies":"Small Slimes","floor":2,"turns":1},{"damage":0,"enemies":"2 Louse","floor":5,"turns":1},{"damage":0,"enemies":"Cultist","floor":6,"turns":1},{"damage":32,"enemies":"Gremlin Nob","floor":8,"turns":4},{"damage":4,"enemies":"Exordium Wildlife","floor":9,"turns":4},{"damage":0,"enemies":"downfall:FleeingMerchant","floor":12,"turns":4},{"damage":15,"enemies":"Exordium Thugs","floor":13,"turns":5},{"damage":0,"enemies":"downfall:FleeingMerchant","floor":14,"turns":4},{"damage":11,"enemies":"Lots of Slimes","floor":15,"turns":3},{"damage":58,"enemies":"SI_SHIV_ARCHETYPE","floor":16,"turns":9},{"damage":0,"enemies":"downfall:FleeingMerchant","floor":19,"turns":4},{"damage":17,"enemies":"Spheric Guardian","floor":20,"turns":4},{"damage":7,"enemies":"3 Byrds","floor":21,"turns":4},{"damage":35,"enemies":"Snake Plant","floor":22,"turns":5},{"damage":34,"enemies":"downfall:LadyInBlue","floor":26,"turns":10},{"damage":1,"enemies":"Shelled Parasite and Fungi","floor":27,"turns":2},{"damage":6,"enemies":"Centurion and Healer","floor":29,"turns":4},{"damage":19,"enemies":"Snake Plant","floor":31,"turns":3},{"damage":8,"enemies":"3 Cultists","floor":32,"turns":5},{"damage":16,"enemies":"IC_MUSHROOM_ARCHETYPE","floor":33,"turns":5},{"damage":1,"enemies":"Orb Walker","floor":36,"turns":2},{"damage":42,"enemies":"3 Darklings","floor":37,"turns":6},{"damage":21,"enemies":"Maw","floor":38,"turns":7},{"damage":29,"enemies":"4 Shapes","floor":42,"turns":7},{"damage":39,"enemies":"Transient","floor":43,"turns":5},{"damage":10,"enemies":"downfall:FleeingMerchant","floor":44,"turns":4},{"damage":0,"enemies":"Jaw Worm Horde","floor":45,"turns":3},{"damage":0,"enemies":"4 Shapes","floor":46,"turns":5},{"damage":82,"enemies":"Giant Head","floor":48,"turns":8},{"damage":50,"enemies":"DF_ARCHETYPE_ORBS","floor":50,"turns":7}],"seed_played":"-8011405436629733134","potions_obtained":[{"floor":4,"key":"Strength Potion"},{"floor":4,"key":"Dexterity Potion"},{"floor":4,"key":"Fruit Juice"},{"floor":8,"key":"DistilledChaos"},{"floor":9,"key":"Swift Potion"},{"floor":13,"key":"PowerPotion"},{"floor":16,"key":"Energy Potion"},{"floor":21,"key":"ColorlessPotion"},{"floor":26,"key":"SteroidPotion"},{"floor":26,"key":"FairyPotion"},{"floor":26,"key":"CultistPotion"},{"floor":31,"key":"Regen Potion"},{"floor":33,"key":"Fruit Juice"},{"floor":36,"key":"sneckomod:MuddlingPotion"},{"floor":42,"key":"Dexterity Potion"},{"floor":48,"key":"bronze:CleanCodePotion"}],"is_trial":false,"path_per_floor":["R","M","?","?","M","M","T","E","M","?","R","$","M","$","M","B",null,"R","$","M","M","M","R","T","R","?","M","R","M","R","M","M","B",null,"R","M","M","M","?","R","T","M","M","$","M","M","R","E","R","B",null],"character_chosen":"THE_AUTOMATON","items_purchased":["bronze:OilSpill","bronze:FollowUp","FossilizedHelix","Bronze Scales","bronze:FreeFunctionsPotion"],"campfire_rested":5,"item_purchase_floors":[14,19,44,44,44],"current_hp_per_floor":[63,63,51,56,56,56,56,31,34,34,84,85,77,84,80,27,71,71,78,68,68,40,40,40,85,58,57,72,73,85,66,65,56,78,85,84,66,59,51,90,90,64,25,15,15,22,82,27,87,44],"gold":89,"neow_bonus":"THREE_ENEMY_KILL","is_daily":false,"chose_seed":false,"campfire_upgraded":5,"win_rate":0.0,"timestamp":1612234771,"path_taken":["R","M","?","?","M","?","T","E","M","?","R","?","M","$","M","BOSS","R","$","M","M","M","R","T","R","?","M","R","?","R","M","M","BOSS","R","M","M","M","?","R","T","M","?","$","?","M","R","E","R","BOSS"],"items_purchased_type":["Card","Card","Relic","Relic","Potion"],"build_version":"2020-12-22","purchased_purges":1,"victory":true,"max_hp_per_floor":[70,70,70,75,75,75,75,75,75,75,85,85,85,85,85,85,85,85,85,85,85,85,85,85,85,85,85,85,85,85,85,85,85,85,85,85,90,90,90,90,90,90,90,90,90,90,90,90,90,90],"card_choices":[{"not_picked":["bronze:Overheat","bronze:ForceShield"],"picked":"bronze:Terminator","floor":2},{"not_picked":["bronze:Repulsor","bronze:DelayedSlice"],"picked":"bronze:Repair","floor":5},{"not_picked":["bronze:DelayedSlice","bronze:InfiniteBeams"],"picked":"bronze:Separator","floor":6},{"not_picked":["bronze:Repulsor","bronze:Terminator"],"picked":"bronze:Turbo","floor":8},{"not_picked":["bronze:Fortify","bronze:Separator"],"picked":"bronze:ChildClass","floor":9},{"not_picked":["bronze:FineTuning","bronze:Turbo"],"picked":"bronze:Constructor","floor":12},{"not_picked":["bronze:Deprecate","bronze:WildBeam"],"picked":"bronze:DelayedSlice","floor":13},{"not_picked":["bronze:Separator","bronze:Deprecate"],"picked":"bronze:FindAndReplace","floor":14},{"not_picked":["bronze:Invalidate","bronze:WildBeam","bronze:Terminator"],"picked":"SKIP","floor":15},{"not_picked":["bronze:Verify","bronze:Library"],"picked":"bronze:ThunderWave","floor":16},{"not_picked":["bronze:CutThrough+1","bronze:DelayedGuard"],"picked":"bronze:CloningBeam","floor":19},{"not_picked":["bronze:Return","bronze:Deprecate"],"picked":"bronze:Iterate","floor":20},{"not_picked":["bronze:CutThrough+1","bronze:BitShift+1","bronze:Separator"],"picked":"SKIP","floor":21},{"not_picked":["bronze:FineTuning","bronze:BugBarrage"],"picked":"bronze:Branch","floor":22},{"not_picked":["bronze:FineTuning","bronze:ThunderWave"],"picked":"bronze:BronzeOrb","floor":26},{"not_picked":["bronze:CloningBeam+1","bronze:Branch"],"picked":"bronze:InfiniteBeams","floor":27},{"not_picked":["bronze:Branch","bronze:OilSpill"],"picked":"bronze:Overload+1","floor":29},{"not_picked":["bronze:Iterate+1","bronze:GetLatest+1"],"picked":"bronze:ForceShield","floor":31},{"not_picked":["bronze:BitShift","bronze:Branch","bronze:DelayedSlice"],"picked":"SKIP","floor":32},{"not_picked":["bronze:Hardcode","bronze:Break"],"picked":"bronze:HyperBeam","floor":33},{"not_picked":["bronze:CloningBeam+1","bronze:Turbo+1","bronze:DelayedGuard"],"picked":"SKIP","floor":36},{"not_picked":["bronze:Iterate","bronze:BuggyMess+1","bronze:BurnOut"],"picked":"SKIP","floor":37},{"not_picked":["bronze:Deprecate","bronze:Allocate+1"],"picked":"bronze:ForLoop+1","floor":38},{"not_picked":["bronze:Repulsor","bronze:WhirlingStrike","bronze:Terminator+1"],"picked":"SKIP","floor":42},{"not_picked":["bronze:Shield","bronze:Deprecate"],"picked":"bronze:BronzeOrb+1","floor":43},{"not_picked":["bronze:Constructor+1","bronze:ForLoop+1"],"picked":"bronze:Shell+1","floor":44},{"not_picked":["bronze:Branch+1","bronze:Turbo","bronze:Deprecate+1"],"picked":"SKIP","floor":45},{"not_picked":["bronze:OilSpill","bronze:Separator"],"picked":"bronze:Boost+1","floor":46},{"not_picked":["bronze:Repulsor","bronze:BuggyMess+1"],"picked":"bronze:ChildClass+1","floor":48}],"player_experience":1832780,"relics_obtained":[{"floor":8,"key":"Regal Pillow"},{"floor":24,"key":"Eternal Feather"},{"floor":26,"key":"Potion Belt"},{"floor":41,"key":"Letter Opener"},{"floor":48,"key":"Blue Candle"}],"event_choices":[{"damage_healed":0,"gold_gain":0,"player_choice":"Success","damage_taken":12,"relics_obtained":["InkBottle"],"max_hp_gain":0,"max_hp_loss":0,"event_name":"Scrap Ooze","floor":3,"gold_loss":0},{"damage_healed":0,"gold_gain":0,"player_choice":"Got Potions","damage_taken":0,"max_hp_gain":0,"max_hp_loss":0,"event_name":"Lab","floor":4,"gold_loss":0}],"is_beta":false,"boss_relics":[{"not_picked":["Snecko Eye","Coffee Dripper","Runic Dome"]},{"not_picked":["Velvet Choker","Runic Pyramid"],"picked":"Philosopher\u0027s Stone"}],"items_purged_floors":[12],"is_endless":false,"potions_floor_spawned":[8,9,13,16,21,26,31,33,36,42,48],"ascension_level":6}}