{"host":"2se5dq1do2gp0x9k","time":1612237435,"event":{"mods":["AchievementEnabler","BaseMod","Block Reminder","Colored Map","Colored Powertips","Minty Spire (QoL Compilation)","Relic Stats","StSLib","SuperFastMode"],"gold_per_floor":[119,134,144,157,175,175,188,188,188,188,223,249,305,305,305],"floor_reached":14,"language":"ENG","playtime":423,"items_purged":[],"score":175,"play_id":"4b060bc6-8190-4d46-9da7-a9e2a5024af0","local_time":"20210201194355","is_ascension_mode":true,"campfire_choices":[{"data":"CrushJoints","floor":6,"key":"SMITH"},{"data":"Eruption","floor":10,"key":"SMITH"}],"circlet_count":0,"master_deck":["AscendersBane","Strike_P","Strike_P","Strike_P","Strike_P","Defend_P","Defend_P","Defend_P","Defend_P","Eruption+1","Vigilance","FearNoEvil","FollowUp","CrushJoints+1","CutThroughFate","Meditate","Adaptation","ThirdEye"],"relics":["PureWater","NeowsBlessing","The Courier","Darkstone Periapt","Odd Mushroom"],"acts_visited":["Exordium"],"potions_floor_usage":[12,14,14],"damage_taken":[{"damage":0,"enemies":"2 Louse","floor":1,"turns":1},{"damage":0,"enemies":"Small Slimes","floor":2,"turns":1},{"damage":0,"enemies":"Cultist","floor":3,"turns":1},{"damage":7,"enemies":"Exordium Wildlife","floor":4,"turns":4},{"damage":19,"enemies":"Lots of Slimes","floor":5,"turns":5},{"damage":8,"enemies":"3 Louse","floor":7,"turns":3},{"damage":8,"enemies":"Gremlin Nob","floor":11,"turns":3},{"damage":25,"enemies":"The Mushroom Lair","floor":12,"turns":4},{"damage":35,"enemies":"3 Sentries","floor":14,"turns":5}],"seed_played":"3771004594160823575","potions_obtained":[{"floor":1,"key":"PowerPotion"},{"floor":2,"key":"Regen Potion"},{"floor":12,"key":"GamblersBrew"}],"is_trial":false,"path_per_floor":["M","M","M","M","M","R","M","?","T","R","E","?","?","E"],"character_chosen":"WATCHER","items_purchased":[],"campfire_rested":0,"item_purchase_floors":[],"current_hp_per_floor":[61,61,61,54,35,35,27,49,49,49,41,16,16,0,0],"gold":305,"neow_bonus":"THREE_ENEMY_KILL","is_daily":false,"chose_seed":false,"campfire_upgraded":2,"win_rate":0.0,"timestamp":1612237435,"path_taken":["M","M","M","M","M","R","M","?","T","R","E","?","?","E"],"items_purchased_type":[],"build_version":"2020-12-22","purchased_purges":0,"victory":false,"max_hp_per_floor":[68,68,68,68,68,68,68,68,68,68,68,68,68,68,68],"relic_stats":{"Darkstone Periapt":0,"counters":[9,27],"obtain_stats":[{"Darkstone Periapt":11,"NeowsBlessing":0,"The Courier":9,"PureWater":0,"Odd Mushroom":12},{"Darkstone Periapt":7,"NeowsBlessing":0,"The Courier":6,"PureWater":0,"Odd Mushroom":8},{"Darkstone Periapt":18,"NeowsBlessing":0,"The Courier":15,"PureWater":0,"Odd Mushroom":22}]},"card_choices":[{"not_picked":["CutThroughFate","EmptyMind"],"picked":"FearNoEvil","floor":1},{"not_picked":["PathToVictory","SashWhip","EmptyBody"],"picked":"SKIP","floor":2},{"not_picked":["LikeWater","FlyingSleeves"],"picked":"FollowUp","floor":3},{"not_picked":["SashWhip","DeceiveReality"],"picked":"CrushJoints","floor":4},{"not_picked":["Consecrate","WreathOfFlame"],"picked":"CutThroughFate","floor":5},{"not_picked":["WindmillStrike","EmptyFist"],"picked":"Meditate","floor":7},{"not_picked":["Evaluate","BowlingBash"],"picked":"Adaptation","floor":11},{"not_picked":["WindmillStrike","Alpha"],"picked":"ThirdEye","floor":12}],"player_experience":4048707,"relics_obtained":[{"floor":9,"key":"The Courier"},{"floor":11,"key":"Darkstone Periapt"},{"floor":12,"key":"Odd Mushroom"}],"event_choices":[{"damage_healed":22,"gold_gain":0,"player_choice":"Banana","damage_taken":0,"max_hp_gain":0,"max_hp_loss":0,"event_name":"Big Fish","floor":8,"gold_loss":0},{"damage_healed":0,"gold_gain":0,"player_choice":"Fought Mushrooms","damage_taken":0,"max_hp_gain":0,"max_hp_loss":0,"event_name":"Mushrooms","floor":12,"gold_loss":0},{"damage_healed":0,"gold_gain":56,"player_choice":"Gained Gold","damage_taken":0,"max_hp_gain":0,"max_hp_loss":0,"event_name":"Golden Wing","floor":13,"gold_loss":0}],"is_beta":false,"boss_relics":[],"items_purged_floors":[],"is_endless":false,"potions_floor_spawned":[1,2,12],"killed_by":"3 Sentries","ascension_level":18}}