{"host":"soyfmymeou4emntr","time":1612287787,"event":{"mods":["BaseMod","BetterRewards","Minty Spire (QoL Compilation)","Relic Sorter","Relic Stats","StSLib"],"gold_per_floor":[366,516,441,61,41,67,67,93,105,130,142,73,73,91,91,168,168,187,222,18,36,48,48,48,78,149,184,17,17,33,58,58,136,136,156,171,196,215,105,105,137,137,137,169,181,191,218,93,93,93,93,93,93,13,39,39],"floor_reached":57,"language":"ENG","playtime":4599,"items_purged":["Writhe","Strike_G","Strike_G"],"score":3218,"play_id":"489748b4-c7f1-423f-9656-7569feceeaa6","local_time":"20210202104306","is_ascension_mode":true,"campfire_choices":[{"floor":7.0,"key":"REST"},{"data":"Footwork","floor":11.0,"key":"SMITH"},{"floor":13.0,"key":"REST"},{"floor":15.0,"key":"REST"},{"floor":23.0,"key":"REST"},{"floor":32.0,"key":"REST"},{"floor":40.0,"key":"REST"},{"floor":42.0,"key":"RECALL"},{"floor":49.0,"key":"REST"},{"floor":53.0,"key":"REST"}],"circlet_count":0,"master_deck":["AscendersBane","Strike_G","Strike_G+1","Defend_G","Defend_G+1","Defend_G","Defend_G","Defend_G+1","Survivor","Neutralize","Poisoned Stab","Noxious Fumes","Cloak And Dagger+1","Noxious Fumes","Footwork+1","Catalyst+1","Acrobatics+1","Corpse Explosion+1","Noxious Fumes","Distraction+1","PiercingWail+1","Deflect+1","Flying Knee+1","Dodge and Roll+1","PiercingWail+1","Outmaneuver+1","Catalyst+1","Night Terror+1","Cloak And Dagger+1","Dodge and Roll+1","Acrobatics+1","Deflect+1","Dodge and Roll+1","Backflip+1","Calculated Gamble+1","A Thousand Cuts+1","Crippling Poison+1","Blur+1"],"relics":["Ring of the Snake","Lantern","Toxic Egg 2","MawBank","Centennial Puzzle","Runic Pyramid","Red Mask","Frozen Egg 2","Bottled Tornado","War Paint","Medical Kit","Snake Skull","Fusion Hammer","Turnip","Anchor","Happy Flower","FossilizedHelix","Blood Vial"],"acts_visited":["Exordium","TheCity","TheBeyond","TheEnding"],"potions_floor_usage":[56,56],"damage_taken":[{"damage":14.0,"enemies":"Jaw Worm","floor":1.0,"turns":7.0},{"damage":31.0,"enemies":"Lagavulin","floor":6.0,"turns":8.0},{"damage":28.0,"enemies":"3 Sentries","floor":8.0,"turns":8.0},{"damage":0.0,"enemies":"Small Slimes","floor":10.0,"turns":3.0},{"damage":0.0,"enemies":"Cultist","floor":14.0,"turns":5.0},{"damage":28.0,"enemies":"Hexaghost","floor":16.0,"turns":12.0},{"damage":23.0,"enemies":"Spheric Guardian","floor":18.0,"turns":6.0},{"damage":0.0,"enemies":"Masked Bandits","floor":19.0,"turns":1.0},{"damage":14.0,"enemies":"2 Thieves","floor":21.0,"turns":3.0},{"damage":0.0,"enemies":"Chosen and Byrds","floor":22.0,"turns":5.0},{"damage":14.0,"enemies":"Slavers","floor":25.0,"turns":3.0},{"damage":2.0,"enemies":"Gremlin Leader","floor":27.0,"turns":6.0},{"damage":0.0,"enemies":"Snake Plant","floor":30.0,"turns":6.0},{"damage":0.0,"enemies":"Champ","floor":33.0,"turns":8.0},{"damage":8.0,"enemies":"3 Darklings","floor":35.0,"turns":4.0},{"damage":2.0,"enemies":"3 Shapes","floor":36.0,"turns":4.0},{"damage":1.0,"enemies":"Mind Bloom Boss Battle","floor":37.0,"turns":4.0},{"damage":3.0,"enemies":"Writhing Mass","floor":38.0,"turns":6.0},{"damage":3.0,"enemies":"Giant Head","floor":41.0,"turns":3.0},{"damage":27.0,"enemies":"Reptomancer","floor":44.0,"turns":6.0},{"damage":0.0,"enemies":"4 Shapes","floor":45.0,"turns":6.0},{"damage":12.0,"enemies":"Spire Growth","floor":46.0,"turns":2.0},{"damage":0.0,"enemies":"Giant Head","floor":47.0,"turns":4.0},{"damage":0.0,"enemies":"Time Eater","floor":50.0,"turns":7.0},{"damage":0.0,"enemies":"Donu and Deca","floor":51.0,"turns":5.0},{"damage":8.0,"enemies":"Shield and Spear","floor":55.0,"turns":4.0},{"damage":19,"enemies":"The Heart","floor":56,"turns":9}],"seed_played":"4772293114353821694","potions_obtained":[{"floor":5.0,"key":"Strength Potion"},{"floor":6.0,"key":"Strength Potion"},{"floor":8.0,"key":"Weak Potion"},{"floor":22.0,"key":"DuplicationPotion"},{"floor":25.0,"key":"PowerPotion"},{"floor":27.0,"key":"Block Potion"},{"floor":33.0,"key":"Weak Potion"},{"floor":35.0,"key":"ColorlessPotion"},{"floor":38.0,"key":"LiquidMemories"},{"floor":45.0,"key":"DuplicationPotion"},{"floor":46.0,"key":"DuplicationPotion"},{"floor":55.0,"key":"LiquidMemories"}],"is_trial":false,"path_per_floor":["M","?","?","$","?","E","R","E","T","M","R","$","R","M","R","B",null,"M","?","$","M","M","R","?","E","T","E","$","?","M","T","R","B",null,"M","M","?","M","?","R","E","R","T","E","M","M","E","$","R","B","B",null,"R","$","E","B",null],"character_chosen":"THE_SILENT","items_purchased":["Lantern","Noxious Fumes","PowerPotion","Catalyst+1","PiercingWail+1","Deflect+1","Medical Kit","Crippling Poison+1"],"campfire_rested":8,"item_purchase_floors":[4,4,4,12,20,20,28,54],"current_hp_per_floor":[45,45,45,45,45,14,33,5,5,5,5,5,24,24,43,15,53,30,30,30,16,16,35,35,21,21,19,19,19,19,19,38,38,59,51,49,48,45,45,64,61,61,61,34,34,22,22,22,41,41,41,60,66,66,58,41],"gold":39,"neow_bonus":"TWO_FIFTY_GOLD","is_daily":false,"chose_seed":false,"campfire_upgraded":1,"win_rate":0.0,"timestamp":1612287786,"path_taken":["M","?","?","$","?","E","R","E","T","?","R","$","R","M","R","BOSS","M","?","$","M","M","R","?","E","T","E","$","?","M","?","R","BOSS","M","M","?","M","?","R","E","R","T","E","?","M","E","$","R","BOSS","BOSS","R","$","E","BOSS"],"items_purchased_type":["Relic","Card","Potion","Card","Card","Card","Relic","Card"],"build_version":"2020-12-22","purchased_purges":3,"victory":true,"max_hp_per_floor":[66,66,66,66,66,66,66,66,66,66,66,66,66,66,66,66,66,66,66,66,66,66,66,66,66,66,66,66,66,66,66,66,66,66,66,66,66,66,66,66,66,66,66,66,66,66,66,66,66,66,66,66,66,66,66,66],"relic_stats":{"Blood Vial":2,"Centennial Puzzle":[40],"Happy Flower":[12],"counters":[27,145],"Snake Skull":[126],"Turnip":[3],"War Paint":["Defend_G","Defend_G"],"MawBank":48,"Medical Kit":[0],"obtain_stats":[{"Lantern":4,"Happy Flower":44,"Snake Skull":31,"Frozen Egg 2":25,"Bottled Tornado":26,"War Paint":27,"MawBank":8,"Medical Kit":28,"Blood Vial":55,"Centennial Puzzle":9,"Anchor":41,"Fusion Hammer":34,"Turnip":37,"Red Mask":19,"Toxic Egg 2":6,"FossilizedHelix":47,"Ring of the Snake":0,"Runic Pyramid":17},{"Lantern":1,"Happy Flower":20,"Snake Skull":13,"Frozen Egg 2":11,"Bottled Tornado":11,"War Paint":12,"MawBank":3,"Medical Kit":12,"Blood Vial":26,"Centennial Puzzle":3,"Anchor":19,"Fusion Hammer":14,"Turnip":17,"Red Mask":8,"Toxic Egg 2":2,"FossilizedHelix":23,"Ring of the Snake":0,"Runic Pyramid":6},{"Lantern":7,"Happy Flower":108,"Snake Skull":73,"Frozen Egg 2":61,"Bottled Tornado":61,"War Paint":67,"MawBank":23,"Medical Kit":67,"Blood Vial":136,"Centennial Puzzle":23,"Anchor":102,"Fusion Hammer":81,"Turnip":93,"Red Mask":50,"Toxic Egg 2":15,"FossilizedHelix":120,"Ring of the Snake":0,"Runic Pyramid":43}],"Ring of the Snake":[54]},"card_choices":[{"not_picked":["Flying Knee","Dodge and Roll"],"picked":"Poisoned Stab","floor":1.0},{"not_picked":["Escape Plan+1","Grand Finale"],"picked":"Cloak And Dagger+1","floor":6.0},{"not_picked":["Skewer","Deflect+1"],"picked":"Noxious Fumes","floor":8.0},{"not_picked":["Quick Slash","Caltrops"],"picked":"Footwork","floor":10.0},{"not_picked":["Slice","Deflect+1"],"picked":"Acrobatics+1","floor":14.0},{"not_picked":["Tools of the Trade","Grand Finale"],"picked":"Corpse Explosion+1","floor":16.0},{"not_picked":["Escape Plan+1","Heel Hook"],"picked":"Noxious Fumes","floor":18.0},{"not_picked":["Quick Slash","Choke"],"picked":"Distraction+1","floor":19.0},{"not_picked":["Reflex+1","Choke+1"],"picked":"Flying Knee+1","floor":21.0},{"not_picked":["Cloak And Dagger+1","Dagger Throw"],"picked":"Dodge and Roll+1","floor":22.0},{"not_picked":["Distraction+1","Well Laid Plans+1"],"picked":"PiercingWail+1","floor":25.0},{"not_picked":["Choke","Sucker Punch"],"picked":"Outmaneuver+1","floor":27.0},{"not_picked":["Dagger Spray","Setup+1"],"picked":"Catalyst+1","floor":30.0},{"not_picked":["Envenom+1","Phantasmal Killer+1"],"picked":"Night Terror+1","floor":33.0},{"not_picked":["Riddle With Holes+1","Poisoned Stab"],"picked":"Cloak And Dagger+1","floor":35.0},{"not_picked":["Quick Slash","Dagger Throw"],"picked":"Dodge and Roll+1","floor":36.0},{"not_picked":["Bane+1","Backstab"],"picked":"Acrobatics+1","floor":37.0},{"not_picked":["Flying Knee+1","Underhanded Strike"],"picked":"Deflect+1","floor":38.0},{"not_picked":["Underhanded Strike","Masterful Stab","Poisoned Stab+1"],"picked":"SKIP","floor":41.0},{"not_picked":["Accuracy+1","Dagger Spray+1"],"picked":"Dodge and Roll+1","floor":44.0},{"not_picked":["Distraction+1","Setup+1"],"picked":"Backflip+1","floor":45.0},{"not_picked":["Prepared+1","Distraction+1"],"picked":"Calculated Gamble+1","floor":46.0},{"not_picked":["Dagger Throw+1","Endless Agony"],"picked":"A Thousand Cuts+1","floor":47.0},{"not_picked":["Sucker Punch","Tactician+1"],"picked":"Blur+1","floor":55.0}],"player_experience":3001493,"relics_obtained":[{"floor":6.0,"key":"Toxic Egg 2"},{"floor":8.0,"key":"MawBank"},{"floor":9.0,"key":"Centennial Puzzle"},{"floor":19.0,"key":"Red Mask"},{"floor":25.0,"key":"Frozen Egg 2"},{"floor":26.0,"key":"Bottled Tornado"},{"floor":27.0,"key":"War Paint"},{"floor":31.0,"key":"Snake Skull"},{"floor":37.0,"key":"Turnip"},{"floor":41.0,"key":"Anchor"},{"floor":44.0,"key":"Happy Flower"},{"floor":47.0,"key":"FossilizedHelix"},{"floor":55.0,"key":"Blood Vial"}],"event_choices":[{"damage_healed":0.0,"max_hp_gain":0.0,"max_hp_loss":0.0,"gold_gain":150.0,"event_name":"Liars Game","player_choice":"AGREE","floor":2.0,"gold_loss":0.0,"damage_taken":0.0,"cards_obtained":["Doubt"]},{"cards_removed":["Doubt"],"damage_healed":0.0,"max_hp_gain":0.0,"max_hp_loss":0.0,"gold_gain":0.0,"event_name":"The Cleric","player_choice":"Card Removal","floor":3.0,"gold_loss":75.0,"damage_taken":0.0},{"damage_healed":0.0,"max_hp_gain":0.0,"max_hp_loss":0.0,"gold_gain":0.0,"event_name":"The Woman in Blue","player_choice":"Bought 1 Potion","floor":5.0,"gold_loss":0.0,"damage_taken":0.0},{"damage_healed":0.0,"max_hp_gain":0.0,"max_hp_loss":0.0,"gold_gain":0.0,"event_name":"Masked Bandits","player_choice":"Fought Bandits","floor":19.0,"gold_loss":0.0,"damage_taken":0.0},{"damage_healed":0.0,"max_hp_gain":0.0,"max_hp_loss":0.0,"gold_gain":0.0,"event_name":"The Mausoleum","player_choice":"Ignored","floor":24.0,"gold_loss":0.0,"damage_taken":0.0},{"damage_healed":0.0,"max_hp_gain":0.0,"max_hp_loss":0.0,"gold_gain":0.0,"event_name":"Cursed Tome","player_choice":"Ignored","floor":29.0,"gold_loss":0.0,"damage_taken":0.0},{"damage_healed":0.0,"max_hp_gain":0.0,"max_hp_loss":0.0,"gold_gain":0.0,"event_name":"MindBloom","player_choice":"Fight","floor":37.0,"gold_loss":0.0,"damage_taken":0.0},{"cards_removed":["Strike_G"],"damage_healed":0.0,"max_hp_gain":0.0,"max_hp_loss":0.0,"gold_gain":0.0,"event_name":"Designer","player_choice":"Upgrade and Remove","floor":39.0,"gold_loss":110.0,"damage_taken":0.0,"cards_upgraded":["Strike_G"]}],"is_beta":false,"boss_relics":[{"not_picked":["Black Star","Ring of the Serpent"],"picked":"Runic Pyramid"},{"not_picked":["SacredBark","SlaversCollar"],"picked":"Fusion Hammer"}],"items_purged_floors":[4,20,48],"is_endless":false,"potions_floor_spawned":[6,8,10,14,22,25,27,33,35,38,45,46,47,55],"ascension_level":20}}