{"host":"jcp2nz6q7v3b3vtq","time":1612281143,"event":{"mods":["BaseMod","Marisa????????","Minty Spire (QoL Compilation)","The Servant 0.9.4"],"gold_per_floor":[119,135,135,60,160,191,210,210,210,210,225,237,249,249,249,353,353,333,29,48,48,60,60,83,101,101,101,101],"floor_reached":27,"language":"ENG","playtime":846,"items_purged":["Strike_MRS","Strike_MRS"],"score":215,"play_id":"f535c228-8cc7-49e0-acc9-2535473340d7","local_time":"20210202165223","is_ascension_mode":false,"campfire_choices":[{"floor":8,"key":"REST"},{"floor":10,"key":"REST"},{"floor":15,"key":"REST"},{"floor":23,"key":"REST"}],"circlet_count":0,"master_deck":["Strike_MRS","Strike_MRS","Defend_MRS","Defend_MRS","Defend_MRS","Defend_MRS","MasterSpark","UpSweep+1","MagicAbsorber+1","PulseMagic+1","UltimateShortwave","UnstableBomb","GrandCross","UltimateShortwave","CurseOfTheBell","GrandCross+1","MysteriousBeam+1","UnstableBomb+1","MysteriousBeam+1"],"relics":["MiniHakkero","Ginger","Frozen Egg 2","Calling Bell","Boot","Question Card","Torii","Nunchaku","Orichalcum","Gremlin Horn"],"acts_visited":["Exordium","TheCity"],"potions_floor_usage":[7,12,12,12,16,16,22,22],"damage_taken":[{"damage":0,"enemies":"Small Slimes","floor":1,"turns":3},{"damage":0,"enemies":"Cultist","floor":2,"turns":5},{"damage":40,"enemies":"Lagavulin","floor":6,"turns":7},{"damage":0,"enemies":"2 Louse","floor":7,"turns":1},{"damage":5,"enemies":"Looter","floor":11,"turns":3},{"damage":0,"enemies":"Gremlin Gang","floor":12,"turns":2},{"damage":9,"enemies":"Exordium Thugs","floor":13,"turns":5},{"damage":45,"enemies":"Slime Boss","floor":16,"turns":13},{"damage":26,"enemies":"2 Thieves","floor":18,"turns":5},{"damage":0,"enemies":"3 Byrds","floor":20,"turns":4},{"damage":33,"enemies":"Centurion and Healer","floor":22,"turns":5},{"damage":22,"enemies":"Snecko","floor":25,"turns":5},{"damage":30,"enemies":"Cultist and Chosen","floor":27,"turns":4}],"seed_played":"6188921888374061305","potions_obtained":[{"floor":6,"key":"AttackPotion"},{"floor":11,"key":"EntropicBrew"},{"floor":12,"key":"SpeedPotion"},{"floor":18,"key":"CultistPotion"},{"floor":20,"key":"Swift Potion"}],"is_trial":true,"path_per_floor":["M","M","?","$","?","E","M","R","T","R","M","M","M","?","R","B",null,"M","$","M","?","M","R","T","M","T","M"],"character_chosen":"MARISA","items_purchased":["Nunchaku","MysteriousBeam"],"campfire_rested":4,"item_purchase_floors":[19,19],"current_hp_per_floor":[75,75,60,60,60,20,20,42,42,64,59,59,50,50,72,27,75,49,49,49,49,16,38,38,16,16,0,0],"gold":101,"neow_bonus":"","is_daily":false,"chose_seed":false,"campfire_upgraded":0,"win_rate":0.0,"timestamp":1612281143,"path_taken":["M","M","?","$","?","E","M","R","T","R","M","M","?","?","R","BOSS","M","$","M","?","?","R","?","M","T","M"],"items_purchased_type":["Relic","Card"],"build_version":"2020-12-22","purchased_purges":2,"victory":false,"max_hp_per_floor":[75,75,75,75,75,75,75,75,75,75,75,75,75,75,75,75,75,75,75,75,75,75,75,75,75,75,75,75],"card_choices":[{"not_picked":["GravityBeat","WitchOfGreed"],"picked":"MagicAbsorber","floor":1},{"not_picked":["GravityBeat","Orbital"],"picked":"PulseMagic","floor":2},{"not_picked":["BlazeAway","SuperPerseids"],"picked":"UltimateShortwave","floor":6},{"not_picked":["IllusionStar","MilkyWay"],"picked":"UnstableBomb","floor":7},{"not_picked":["SporeBomb","GalacticHalo"],"picked":"GrandCross","floor":11},{"not_picked":["AlicesGift","GasGiant","ManaConvection"],"picked":"SKIP","floor":12},{"not_picked":["EnergyRecoil","RefractionSpark","MeteoricShower"],"picked":"SKIP","floor":13},{"not_picked":["AbsoluteMagnitude","CollectingQuirk"],"picked":"UltimateShortwave","floor":16},{"not_picked":["NonDirectionalLaser","GravityBeat+1","MagicAbsorber+1"],"picked":"GrandCross+1","floor":18},{"not_picked":["WitchLeyline","DarkSpark","AsteroidBelt"],"picked":"UnstableBomb+1","floor":20},{"not_picked":["StarlightTyphoon","IllusionStar","DC"],"picked":"MysteriousBeam+1","floor":22},{"not_picked":["BlazingStar","Robbery","LuminesStrike","MeteoricShower"],"picked":"SKIP","floor":25}],"player_experience":28307,"relics_obtained":[{"floor":6,"key":"Ginger"},{"floor":9,"key":"Frozen Egg 2"},{"floor":17,"key":"Boot"},{"floor":17,"key":"Question Card"},{"floor":17,"key":"Torii"},{"floor":24,"key":"Orichalcum"},{"floor":26,"key":"Gremlin Horn"}],"event_choices":[{"damage_healed":0,"gold_gain":0,"player_choice":"Entered Light","damage_taken":15,"max_hp_gain":0,"max_hp_loss":0,"event_name":"Shining Light","floor":3,"gold_loss":0,"cards_upgraded":["MagicAbsorber","UpSweep"]},{"damage_healed":0,"gold_gain":100,"player_choice":"Pray","damage_taken":0,"max_hp_gain":0,"max_hp_loss":0,"event_name":"Golden Shrine","floor":5,"gold_loss":0},{"damage_healed":0,"gold_gain":0,"player_choice":"Grow","damage_taken":0,"max_hp_gain":0,"max_hp_loss":0,"event_name":"Living Wall","floor":14,"gold_loss":0,"cards_upgraded":["PulseMagic"]},{"damage_healed":0,"gold_gain":0,"player_choice":"Forge","damage_taken":0,"max_hp_gain":0,"max_hp_loss":0,"event_name":"Accursed Blacksmith","floor":21,"gold_loss":0,"cards_upgraded":["MysteriousBeam"]}],"is_beta":false,"boss_relics":[{"not_picked":["BewitchedHakkero","Runic Pyramid"],"picked":"Calling Bell"}],"items_purged_floors":[4,19],"is_endless":false,"potions_floor_spawned":[6,11,12,18,20],"killed_by":"Cultist and Chosen","ascension_level":0}}