{"host":"4rvakrj1idbgia3f","time":1612276399,"event":{"mods":["BaseMod","Colored Map","Colored Powertips","DeckTracker","Highlight Path","Minty Spire (QoL Compilation)","Random Character Button","StSLib"],"gold_per_floor":[113,129,149,74,85,85,99,99,126,153,153,209,227,254,254,330,330,348,348,348],"floor_reached":19,"language":"JPN","playtime":888,"items_purged":[],"score":358,"play_id":"4707c53b-bb4b-43ec-bcfb-34edfce64c93","local_time":"20210202233319","is_ascension_mode":true,"campfire_choices":[{"data":"Uppercut","floor":6,"key":"SMITH"},{"data":"Carnage","floor":8,"key":"SMITH"},{"data":"Body Slam","floor":11,"key":"SMITH"},{"data":"Evolve","floor":15,"key":"SMITH"}],"circlet_count":0,"master_deck":["AscendersBane","Strike_R","Strike_R","Strike_R","Defend_R","Defend_R","Defend_R","Defend_R","Bash","Body Slam+1","Cleave","Hemokinesis","Carnage+1","Uppercut+1","Evolve+1","Impervious","Shrug It Off","Corruption"],"relics":["Burning Blood","Orichalcum","Vajra","PreservedInsect","Potion Belt","SlaversCollar"],"acts_visited":["Exordium","TheCity"],"potions_floor_usage":[10,10,18],"damage_taken":[{"damage":15,"enemies":"2 Louse","floor":1,"turns":3},{"damage":10,"enemies":"Small Slimes","floor":2,"turns":4},{"damage":4,"enemies":"Cultist","floor":3,"turns":4},{"damage":3,"enemies":"2 Fungi Beasts","floor":5,"turns":3},{"damage":13,"enemies":"Blue Slaver","floor":7,"turns":6},{"damage":7,"enemies":"Lagavulin","floor":10,"turns":4},{"damage":2,"enemies":"Gremlin Nob","floor":12,"turns":3},{"damage":7,"enemies":"3 Louse","floor":13,"turns":4},{"damage":5,"enemies":"Gremlin Nob","floor":14,"turns":3},{"damage":37,"enemies":"Slime Boss","floor":16,"turns":9},{"damage":25,"enemies":"Shell Parasite","floor":18,"turns":7},{"damage":44,"enemies":"Spheric Guardian","floor":19,"turns":5}],"seed_played":"-6747832482593578365","potions_obtained":[{"floor":2,"key":"FairyPotion"},{"floor":5,"key":"Swift Potion"},{"floor":7,"key":"ColorlessPotion"},{"floor":13,"key":"Strength Potion"},{"floor":14,"key":"BloodPotion"},{"floor":16,"key":"ColorlessPotion"}],"is_trial":false,"path_per_floor":["M","M","M","?","M","R","M","R","T","E","R","?","M","E","R","B",null,"M","M"],"character_chosen":"IRONCLAD","items_purchased":[],"campfire_rested":0,"item_purchase_floors":[],"current_hp_per_floor":[59,55,57,57,60,60,53,53,53,52,52,56,55,56,56,25,63,44,0,0],"gold":348,"neow_bonus":"TRANSFORM_CARD","is_daily":false,"chose_seed":false,"campfire_upgraded":4,"win_rate":0.0,"timestamp":1612276399,"path_taken":["M","M","M","?","M","R","M","R","T","E","R","?","M","E","R","BOSS","M","M"],"items_purchased_type":[],"build_version":"2020-12-22","purchased_purges":0,"victory":false,"max_hp_per_floor":[75,75,75,75,75,75,75,75,75,75,75,75,75,75,75,75,75,75,75,75],"card_choices":[{"not_picked":["Iron Wave","Reckless Charge"],"picked":"Cleave","floor":1},{"not_picked":["Havoc","Body Slam"],"picked":"Hemokinesis","floor":2},{"not_picked":["Clothesline","Dual Wield"],"picked":"Carnage","floor":3},{"not_picked":["Sentinel","Pommel Strike"],"picked":"Uppercut","floor":5},{"not_picked":["Sword Boomerang","Anger","Havoc"],"picked":"SKIP","floor":7},{"not_picked":["Headbutt","Clothesline"],"picked":"Evolve","floor":10},{"not_picked":["Hemokinesis","Clash"],"picked":"Impervious","floor":12},{"not_picked":["Cleave","Twin Strike"],"picked":"Shrug It Off","floor":13},{"not_picked":["Pommel Strike","Rupture","Searing Blow"],"picked":"SKIP","floor":14},{"not_picked":["Demon Form","Impervious"],"picked":"Corruption","floor":16},{"not_picked":["Pommel Strike","Carnage","Intimidate"],"picked":"SKIP","floor":18}],"player_experience":2193639,"relics_obtained":[{"floor":9,"key":"Orichalcum"},{"floor":10,"key":"Vajra"},{"floor":12,"key":"PreservedInsect"},{"floor":14,"key":"Potion Belt"}],"event_choices":[{"cards_removed":["Strike_R"],"damage_healed":0,"gold_gain":0,"player_choice":"Card Removal","damage_taken":0,"max_hp_gain":0,"max_hp_loss":0,"event_name":"The Cleric","floor":4,"gold_loss":75},{"damage_healed":0,"gold_gain":30,"player_choice":"Searched \u00273\u0027 times","damage_taken":0,"max_hp_gain":0,"max_hp_loss":0,"event_name":"Dead Adventurer","floor":12,"gold_loss":0}],"is_beta":false,"boss_relics":[{"not_picked":["Tiny House","Runic Dome"],"picked":"SlaversCollar"}],"items_purged_floors":[],"is_endless":false,"potions_floor_spawned":[2,5,7,13,14,16],"killed_by":"Spheric Guardian","ascension_level":20}}