{"host":"bgyhjzqafgkxdxsh","time":1612254696,"event":{"mods":["BaseMod","Colored Map","Downfall","Minty Spire (QoL Compilation)","Relic Stats","StSLib","everything is the same but u backflip on backflip"],"gold_per_floor":[99,116,26,38,119,219,219,231,231,246,3,34,34,34,49,49,49,49],"floor_reached":16,"language":"ENG","playtime":818,"items_purged":["sneckomod:Strike"],"score":100,"play_id":"11b9dec1-2b3b-4d85-8441-132bdd329b58","local_time":"20210202183136","is_ascension_mode":false,"campfire_choices":[{"floor":1,"key":"RECALL"},{"data":"sneckomod:UnknownRareAttack","floor":13,"key":"SMITH"}],"circlet_count":0,"master_deck":["sneckomod:Strike","sneckomod:Strike","sneckomod:Defend","sneckomod:Defend","sneckomod:Defend+1","sneckomod:TailWhip","sneckomod:SnekBite","sneckomod:Unknown","sneckomod:Unknown","sneckomod:Unknown0Cost","sneckomod:IronFang","sneckomod:UnknownBlock","sneckomod:UnknownCommonSkill","sneckomod:UnknownBlock","sneckomod:UnknownRareAttack+1","sneckomod:UnknownBlock","sneckomod:DiceBlock","sneckomod:SnakeSap"],"relics":["sneckomod:SneckoSoul","Prayer Wheel","downfall:BrokenWingStatue","PreservedInsect","Sundial"],"acts_visited":["Exordium"],"potions_floor_usage":[],"damage_taken":[{"damage":0,"enemies":"Cultist","floor":2,"turns":3},{"damage":5,"enemies":"downfall:FleeingMerchant","floor":3,"turns":4},{"damage":0,"enemies":"Small Slimes","floor":4,"turns":3},{"damage":2,"enemies":"Jaw Worm","floor":8,"turns":4},{"damage":8,"enemies":"2 Fungi Beasts","floor":10,"turns":4},{"damage":0,"enemies":"downfall:FleeingMerchant","floor":11,"turns":4},{"damage":7,"enemies":"Gremlin Nob","floor":12,"turns":5},{"damage":0,"enemies":"Large Slime","floor":15,"turns":5},{"damage":114,"enemies":"DF_ARCHETYPE_STREAMLINE","floor":16,"turns":14}],"seed_played":"7729573275581930604","potions_obtained":[{"floor":2,"key":"Explosive Potion"},{"floor":8,"key":"DuplicationPotion"},{"floor":10,"key":"EssenceOfSteel"}],"is_trial":false,"path_per_floor":["R","M","$","M","T","?","T","M","?","M","$","E","R","?","M","B"],"character_chosen":"THE_SNECKO","items_purchased":["PreservedInsect","sneckomod:SnakeSap"],"campfire_rested":0,"item_purchase_floors":[11,11],"current_hp_per_floor":[99,99,94,94,94,94,94,92,92,84,84,77,77,77,77,0,0,0],"gold":49,"neow_bonus":"TEN_PERCENT_HP_BONUS","is_daily":false,"chose_seed":false,"campfire_upgraded":1,"win_rate":0.0,"timestamp":1612254696,"path_taken":["R","M","$","M","?","?","T","M","?","?","$","E","R","?","M","BOSS"],"items_purchased_type":["Relic","Card"],"build_version":"2020-12-22","purchased_purges":1,"victory":false,"max_hp_per_floor":[99,99,99,99,99,99,99,99,99,99,99,99,99,99,99,99,99,99],"relic_stats":{"counters":[9,46],"Sundial":[2],"Prayer Wheel":3,"PreservedInsect":21,"obtain_stats":[{"downfall:BrokenWingStatue":9,"Sundial":12,"Prayer Wheel":7,"PreservedInsect":11,"sneckomod:SneckoSoul":0},{"downfall:BrokenWingStatue":4,"Sundial":7,"Prayer Wheel":3,"PreservedInsect":6,"sneckomod:SneckoSoul":0},{"downfall:BrokenWingStatue":14,"Sundial":27,"Prayer Wheel":10,"PreservedInsect":22,"sneckomod:SneckoSoul":0}]},"card_choices":[{"not_picked":["sneckomod:SoulDraw","sneckomod:WideSting"],"picked":"sneckomod:Unknown0Cost","floor":2},{"not_picked":["sneckomod:SnekBeam","sneckomod:WideSting"],"picked":"sneckomod:IronFang","floor":3},{"not_picked":["sneckomod:Unknown1Cost","sneckomod:Unknown0Cost"],"picked":"sneckomod:UnknownBlock","floor":4},{"not_picked":["sneckomod:Unknown1Cost","sneckomod:QuickMove"],"picked":"sneckomod:UnknownCommonSkill","floor":8},{"not_picked":["sneckomod:Nope","sneckomod:SoulDraw"],"picked":"sneckomod:UnknownBlock","floor":8},{"not_picked":["sneckomod:Unknown1Cost","sneckomod:TrashToTreasure"],"picked":"sneckomod:UnknownRareAttack","floor":10},{"not_picked":["sneckomod:DiceCrush","sneckomod:QuickBite"],"picked":"sneckomod:UnknownBlock","floor":10},{"not_picked":["sneckomod:SoulCleanse","sneckomod:UnknownDraw"],"picked":"sneckomod:DiceBlock","floor":11},{"not_picked":["sneckomod:Nope","sneckomod:SoulCleanse","sneckomod:DiceBlock"],"picked":"SKIP","floor":12},{"not_picked":["sneckomod:Unknown0Cost","sneckomod:Mudshield","sneckomod:UnknownBlock"],"picked":"SKIP","floor":15},{"not_picked":["sneckomod:SerpentIdol","sneckomod:Nope","sneckomod:Unknown1Cost"],"picked":"SKIP","floor":15}],"player_experience":507356,"relics_obtained":[{"floor":7,"key":"Prayer Wheel"},{"floor":12,"key":"Sundial"}],"event_choices":[],"is_beta":false,"boss_relics":[],"items_purged_floors":[3],"is_endless":false,"potions_floor_spawned":[2,8,10,15],"killed_by":"DF_ARCHETYPE_STREAMLINE","ascension_level":0}}