{"host":"xspobo6976yah3h4","time":1612295839,"event":{"mods":["BaseMod","Clockwork Mod","Colored Map","Curses Come First","Downfall","Minty Spire (QoL Compilation)","Random Character Button","StSLib","The Cursed","The Servant 0.9.4"],"gold_per_floor":[99,110,110,125,8,43,43,43,55,117,127,127,144,159,172,271,271,271,271,287,287,9,9,9,94,105,17,28,40,72,86,105,206,206,6,20,44,44,57,69,117,131,131,143,178,78,95,107,126,126,126,156,1,1,1,1],"floor_reached":57,"language":"ENG","playtime":13319,"items_purged":["hexamod:Defend","hexamod:Strike","hexamod:Strike"],"score":1260,"play_id":"acf51617-1cb8-465f-9f11-a4547e58cc10","local_time":"20210202205719","is_ascension_mode":false,"campfire_choices":[{"data":"hexamod:Sear","floor":1.0,"key":"SMITH"},{"floor":18.0,"key":"RECALL"},{"data":"hexamod:EmpoweredFlame","floor":23.0,"key":"SMITH"},{"floor":35,"key":"REST"},{"floor":46,"key":"REST"},{"floor":54,"key":"REST"}],"circlet_count":0,"master_deck":["hexamod:Strike+1","hexamod:Strike","hexamod:Defend+1","hexamod:Defend+1","hexamod:Sear+1","hexamod:Float","hexamod:ThermalTransfer+1","hexamod:Hexaguard","hexamod:DynamicBlow","hexamod:AdvancingGuard","hexamod:SkipABeat","hexamod:ThermalTransfer","hexamod:ExtraCrispy","hexamod:Hexaguard","hexamod:EmpoweredFlame+1","hexamod:InspiringFlames","hexamod:VolcanoVisage","hexamod:FourthSeal","hexamod:FirstSeal","hexamod:ShieldOfDarkness","hexamod:EmpoweredFlame","hexamod:SoulSteal","Dark Shackles","hexamod:HexaLevel","hexamod:SkipABeat+1","hexamod:Hexaguard+1","hexamod:CatchUp","hexamod:RadiantFlame+1","expansioncontent:StudyTheSpire"],"relics":["hexamod:SpiritBrand","downfall:ShatteredFragment","The Courier","Mummified Hand","Toy Ornithopter","Empty Cage","HandDrill","Kunai","Fusion Hammer","downfall:HeartBlessingRed","downfall:HeartBlessingGreen","Vajra","Boot","Omamori","Bronze Scales","Potion Belt","downfall:HeartBlessingBlue","Bottled Lightning"],"acts_visited":["Exordium","TheCity","TheBeyond","TheEnding"],"potions_floor_usage":[45,48,49,50,50,52,52,52,55,55,56,56,56],"damage_taken":[{"damage":0.0,"enemies":"Jaw Worm","floor":2.0,"turns":4.0},{"damage":0.0,"enemies":"2 Louse","floor":4.0,"turns":2.0},{"damage":0.0,"enemies":"downfall:FleeingMerchant","floor":5.0,"turns":4.0},{"damage":8.0,"enemies":"Lagavulin","floor":6.0,"turns":5.0},{"damage":0.0,"enemies":"Cultist","floor":9.0,"turns":3.0},{"damage":5.0,"enemies":"Gremlin Nob","floor":10.0,"turns":4.0},{"damage":3.0,"enemies":"3 Louse","floor":11.0,"turns":3.0},{"damage":8.0,"enemies":"Large Slime","floor":13.0,"turns":5.0},{"damage":4.0,"enemies":"Exordium Wildlife","floor":14.0,"turns":4.0},{"damage":2.0,"enemies":"Blue Slaver","floor":15.0,"turns":3.0},{"damage":22.0,"enemies":"DF_ARCHETYPE_STREAMLINE","floor":16.0,"turns":10.0},{"damage":0.0,"enemies":"Chosen","floor":20.0,"turns":3.0},{"damage":0.0,"enemies":"downfall:FleeingMerchant","floor":22.0,"turns":4.0},{"damage":2.0,"enemies":"3 Byrds","floor":26.0,"turns":5.0},{"damage":0.0,"enemies":"downfall:FleeingMerchant","floor":27.0,"turns":4.0},{"damage":0.0,"enemies":"Centurion and Healer","floor":28.0,"turns":3.0},{"damage":1.0,"enemies":"Shelled Parasite and Fungi","floor":29.0,"turns":6.0},{"damage":22.0,"enemies":"Slavers","floor":30.0,"turns":5.0},{"damage":6,"enemies":"Sentry and Sphere","floor":31,"turns":6},{"damage":15,"enemies":"Centurion and Healer","floor":32,"turns":6},{"damage":5,"enemies":"SI_MIRROR_ARCHETYPE","floor":33,"turns":9},{"damage":0,"enemies":"3 Shapes","floor":36,"turns":6},{"damage":10,"enemies":"3 Darklings","floor":39,"turns":4},{"damage":0,"enemies":"Jaw Worm Horde","floor":40,"turns":4},{"damage":0,"enemies":"downfall:FleeingMerchant","floor":42,"turns":4},{"damage":8,"enemies":"Spire Growth","floor":44,"turns":5},{"damage":14,"enemies":"Giant Head","floor":45,"turns":8},{"damage":11,"enemies":"Transient","floor":47,"turns":5},{"damage":10,"enemies":"Writhing Mass","floor":48,"turns":4},{"damage":18,"enemies":"Maw","floor":49,"turns":6},{"damage":0,"enemies":"WA_ARCHETYPE_DIVINITY","floor":50,"turns":7},{"damage":62,"enemies":"downfall:CharBossMerchant","floor":52,"turns":8},{"damage":32,"enemies":"downfall:NeowBoss","floor":55,"turns":13},{"damage":52,"enemies":"downfall:NeowBossFinal","floor":56,"turns":11}],"seed_played":"9171813775901225533","potions_obtained":[{"floor":2.0,"key":"Ancient Potion"},{"floor":4.0,"key":"Dexterity Potion"},{"floor":6.0,"key":"Ancient Potion"},{"floor":9.0,"key":"BlessingOfTheForge"},{"floor":16.0,"key":"Fire Potion"},{"floor":22.0,"key":"SmokeBomb"},{"floor":26.0,"key":"EntropicBrew"},{"floor":27.0,"key":"Regen Potion"},{"floor":29.0,"key":"Strength Potion"},{"floor":29.0,"key":"hexamod:DoubleChargePotion"},{"floor":30,"key":"PowerPotion"},{"floor":44,"key":"CultistPotion"},{"floor":45,"key":"hexamod:SoulburnPotion"},{"floor":45,"key":"BlessingOfTheForge"},{"floor":47,"key":"Swift Potion"},{"floor":47,"key":"Fruit Juice"},{"floor":48,"key":"hexamod:DoubleChargePotion"},{"floor":49,"key":"CultistPotion"},{"floor":52,"key":"Strength Potion"},{"floor":52,"key":"Fire Potion"}],"is_trial":false,"path_per_floor":["R","M","?","M","$","E","T","?","M","?","M","?","M","M","M","B",null,"R","?","M","?","$","R","T","?","M","$","M","M","E","M","M","B",null,"R","M","?","?","M","M","T","$","$","M","E","R","M","M","M","B",null,"E","$","R","B","B",null],"character_chosen":"THE_SPIRIT","items_purchased":["hexamod:AdvancingGuard","hexamod:EmpoweredFlame","HandDrill","Dark Shackles","Omamori","Bronze Scales","expansioncontent:StudyTheSpire"],"campfire_rested":3,"item_purchase_floors":[5,22,22,27,42,42,53],"current_hp_per_floor":[77,77,56,56,56,48,48,48,48,43,40,40,32,28,26,4,77,77,63,63,56,63,63,63,49,47,54,54,60,50,51,43,45,82,82,82,82,82,79,79,79,82,82,81,79,92,88,89,86,97,97,57,57,86,71,41],"gold":1,"neow_bonus":"TEN_PERCENT_HP_BONUS","is_daily":false,"chose_seed":false,"campfire_upgraded":2,"win_rate":0.0,"timestamp":1612295839,"path_taken":["R","M","?","M","$","E","T","?","?","?","M","?","?","M","M","BOSS","R","?","M","?","$","R","T","?","M","?","?","M","E","M","M","BOSS","R","M","?","?","M","M","T","?","$","M","E","R","M","M","M","BOSS","E","$","R","BOSS","BOSS"],"items_purchased_type":["Card","Card","Relic","Card","Relic","Relic","Card"],"build_version":"2020-12-22","purchased_purges":3,"victory":true,"max_hp_per_floor":[77,77,77,77,77,77,77,77,77,77,77,77,77,77,77,77,77,77,82,82,82,82,82,82,82,82,82,82,82,82,82,82,82,82,82,82,82,82,82,82,82,82,82,82,82,92,92,92,97,97,97,97,97,97,97,97],"card_choices":[{"not_picked":["hexamod:GhostflameBarrier","hexamod:NightmareGuise"],"picked":"hexamod:ThermalTransfer","floor":2.0},{"not_picked":["hexamod:GhostShield","hexamod:Haunt"],"picked":"hexamod:Hexaguard","floor":4.0},{"not_picked":["hexamod:Firestarter","hexamod:UnleashSpirits"],"picked":"hexamod:DynamicBlow","floor":5.0},{"not_picked":["hexamod:RadiantFlame","hexamod:BurningTouch"],"picked":"hexamod:SkipABeat","floor":6.0},{"not_picked":["hexamod:Haunt","hexamod:BacktrackSmack"],"picked":"hexamod:ThermalTransfer","floor":9.0},{"not_picked":["hexamod:GhostShield","hexamod:StepThrough"],"picked":"hexamod:ExtraCrispy","floor":10.0},{"not_picked":["hexamod:HauntingEcho","hexamod:SkipABeat","hexamod:HeatShield"],"picked":"SKIP","floor":11.0},{"not_picked":["hexamod:HauntingEcho","hexamod:ThermalTransfer"],"picked":"hexamod:Hexaguard","floor":13.0},{"not_picked":["hexamod:SecondSeal","hexamod:FastForward"],"picked":"hexamod:EmpoweredFlame","floor":14.0},{"not_picked":["hexamod:Hexaguard","hexamod:BurningTouch"],"picked":"hexamod:InspiringFlames","floor":15.0},{"not_picked":["hexamod:GhostflameInferno","hexamod:UnleashSpirits"],"picked":"hexamod:VolcanoVisage","floor":16.0},{"not_picked":["hexamod:RecurringNightmare","hexamod:Firestarter","hexamod:SwordOfDarkness"],"picked":"SKIP","floor":20.0},{"not_picked":["hexamod:GhostLash","hexamod:Again"],"picked":"hexamod:ShieldOfDarkness","floor":22.0},{"not_picked":["hexamod:StepThrough","hexamod:NightmareGuise"],"picked":"hexamod:SoulSteal","floor":26.0},{"not_picked":["hexamod:FastForward","hexamod:BacktrackSmack","hexamod:BurningTouch"],"picked":"SKIP","floor":27.0},{"not_picked":["hexamod:Incineration","hexamod:GhostShield","hexamod:Hexaguard"],"picked":"SKIP","floor":28.0},{"not_picked":["hexamod:Haunt","hexamod:GhostLash","hexamod:BacktrackSmack+1"],"picked":"SKIP","floor":29.0},{"not_picked":["hexamod:HeatMetal","hexamod:FirstSeal","hexamod:GhostOfSpirePresent"],"picked":"SKIP","floor":30},{"not_picked":["hexamod:BurningTouch","hexamod:HeatMetal+1","hexamod:FirstSeal"],"picked":"SKIP","floor":31},{"not_picked":["hexamod:BurningTouch","hexamod:ShieldOfDarkness","hexamod:RecurringNightmare+1"],"picked":"SKIP","floor":32},{"not_picked":["hexamod:GhostOfSpirePresent","hexamod:UnlimitedPower"],"picked":"hexamod:HexaLevel","floor":33},{"not_picked":["hexamod:BurningTouch","hexamod:HauntingEcho+1","hexamod:NightmareGuise"],"picked":"SKIP","floor":36},{"not_picked":["hexamod:EtherealExpedition+1","hexamod:ShieldOfDarkness"],"picked":"hexamod:SkipABeat+1","floor":39},{"not_picked":["hexamod:PhantomFireball","hexamod:SwordOfDarkness"],"picked":"hexamod:Hexaguard+1","floor":40},{"not_picked":["hexamod:HeatMetal+1","hexamod:TurnItUp","hexamod:PhantomFireball"],"picked":"SKIP","floor":42},{"not_picked":["hexamod:InspiringFlames","hexamod:PhantomCloak","hexamod:SwordOfDarkness+1"],"picked":"SKIP","floor":44},{"not_picked":["hexamod:InspiringFlames+1","hexamod:EmpoweredFlame"],"picked":"hexamod:CatchUp","floor":45},{"not_picked":["hexamod:InspiringFlames","hexamod:BacktrackSmack+1","hexamod:GhostflameInferno"],"picked":"SKIP","floor":47},{"not_picked":["hexamod:SoulSteal+1","hexamod:ShieldOfDarkness+1"],"picked":"hexamod:RadiantFlame+1","floor":48},{"not_picked":["hexamod:Firestarter+1","hexamod:ShieldOfDarkness","hexamod:BacktrackSmack"],"picked":"SKIP","floor":49},{"not_picked":["hexamod:SwordOfDarkness+1","hexamod:AdvancingGuard","hexamod:PhantomFireball+1"],"picked":"SKIP","floor":52}],"player_experience":747652,"relics_obtained":[{"floor":6.0,"key":"The Courier"},{"floor":7.0,"key":"Mummified Hand"},{"floor":10.0,"key":"Toy Ornithopter"},{"floor":30,"key":"Kunai"},{"floor":37,"key":"Vajra"},{"floor":41,"key":"Boot"},{"floor":45,"key":"Potion Belt"},{"floor":52,"key":"Bottled Lightning"}],"event_choices":[],"is_beta":false,"boss_relics":[{"not_picked":["Coffee Dripper","Tiny House"],"picked":"Empty Cage"},{"not_picked":["Calling Bell","Cursed Key"],"picked":"Fusion Hammer"}],"items_purged_floors":[5,22,42],"is_endless":false,"potions_floor_spawned":[2,4,6,9,15,16,28,29,30,31,33,44,45,47,48,49,52],"ascension_level":0}}