{"host":"bf5upntvbdompq33","time":1612304337,"event":{"mods":["BaseMod","Colored Map","Colored Powertips","Curses Come First","Minty Spire (QoL Compilation)","StSLib","The Hierophant","The Mystic"],"gold_per_floor":[369,369,50,62,62,62,74,106,106,141,155,15,27,47,47,124,124,142,142,154,154,165,165,165],"floor_reached":23,"language":"ENG","playtime":1198,"items_purged":["Strike_R"],"score":345,"play_id":"51fc68fb-21fc-4920-a850-d2e68f44472e","local_time":"20210202151857","is_ascension_mode":true,"campfire_choices":[{"data":"Flame Barrier","floor":6,"key":"SMITH"},{"data":"Armaments","floor":15,"key":"SMITH"}],"circlet_count":0,"master_deck":["AscendersBane","Strike_R","Strike_R","Defend_R","Defend_R","Defend_R","Defend_R","Bash","Pommel Strike","Armaments+1","Flame Barrier+1","Cleave","Rupture","Feed","Headbutt","Immolate","Shrug It Off","True Grit","Offering","Headbutt","Writhe","Clothesline","Anger"],"relics":["Burning Blood","Bronze Scales","HornCleat","Bag of Marbles","Dream Catcher","Mango","Empty Cage","Pen Nib"],"acts_visited":["Exordium","TheCity"],"potions_floor_usage":[8,14,16,16,20],"damage_taken":[{"damage":9,"enemies":"2 Louse","floor":1,"turns":4},{"damage":13,"enemies":"Jaw Worm","floor":4,"turns":4},{"damage":4,"enemies":"Small Slimes","floor":7,"turns":2},{"damage":7,"enemies":"Gremlin Nob","floor":8,"turns":4},{"damage":28,"enemies":"3 Sentries","floor":10,"turns":10},{"damage":3,"enemies":"Looter","floor":11,"turns":4},{"damage":2,"enemies":"Blue Slaver","floor":13,"turns":4},{"damage":3,"enemies":"Exordium Wildlife","floor":14,"turns":3},{"damage":39,"enemies":"Slime Boss","floor":16,"turns":8},{"damage":28,"enemies":"Spheric Guardian","floor":18,"turns":4},{"damage":0,"enemies":"3 Byrds","floor":20,"turns":3},{"damage":17,"enemies":"Centurion and Healer","floor":22,"turns":5},{"damage":50,"enemies":"Book of Stabbing","floor":23,"turns":5}],"seed_played":"6280467340879612289","potions_obtained":[{"floor":4,"key":"AttackPotion"},{"floor":10,"key":"BloodPotion"},{"floor":14,"key":"Explosive Potion"},{"floor":18,"key":"DistilledChaos"}],"is_trial":false,"path_per_floor":["M","?","$","M","?","R","M","E","T","E","M","$","M","M","R","B",null,"M","?","M","?","M","E"],"character_chosen":"IRONCLAD","items_purchased":["Bronze Scales","Fire Potion","Armaments","Immolate"],"campfire_rested":0,"item_purchase_floors":[3,3,3,12],"current_hp_per_floor":[65,58,58,51,51,51,53,52,52,44,47,47,51,74,74,41,74,55,55,61,61,50,0,0],"gold":165,"neow_bonus":"TWO_FIFTY_GOLD","is_daily":false,"chose_seed":false,"campfire_upgraded":2,"win_rate":0.0,"timestamp":1612304337,"path_taken":["M","?","$","M","?","R","M","E","T","E","M","$","?","M","R","BOSS","M","?","M","?","M","E"],"items_purchased_type":["Relic","Potion","Card","Card"],"build_version":"2020-12-22","purchased_purges":1,"victory":false,"max_hp_per_floor":[68,68,68,68,68,68,68,68,68,82,82,82,82,85,85,85,85,88,88,88,88,88,88,88],"card_choices":[{"not_picked":["Flex","Rampage"],"picked":"Pommel Strike","floor":1},{"not_picked":["Havoc","Pommel Strike"],"picked":"Flame Barrier","floor":4},{"not_picked":["Inflame","Twin Strike"],"picked":"Cleave","floor":7},{"not_picked":["Sentinel","Intimidate"],"picked":"Rupture","floor":8},{"not_picked":["Battle Trance","Clothesline"],"picked":"Feed","floor":10},{"not_picked":["Feel No Pain","Intimidate"],"picked":"Headbutt","floor":11},{"not_picked":["Evolve","Reckless Charge"],"picked":"Shrug It Off","floor":13},{"not_picked":["Rupture","Dropkick"],"picked":"True Grit","floor":14},{"not_picked":["Barricade","Juggernaut"],"picked":"Offering","floor":16},{"not_picked":["Clash","Body Slam"],"picked":"Headbutt","floor":18},{"not_picked":["Rage","Body Slam"],"picked":"Clothesline","floor":20},{"not_picked":["Clash","Whirlwind"],"picked":"Anger","floor":22}],"player_experience":1341216,"relics_obtained":[{"floor":8,"key":"Bag of Marbles"},{"floor":9,"key":"Dream Catcher"},{"floor":10,"key":"Mango"}],"event_choices":[{"cards_removed":["Strike_R"],"damage_healed":0,"gold_gain":0,"player_choice":"Card Removal","damage_taken":7,"max_hp_gain":0,"max_hp_loss":0,"event_name":"Golden Wing","floor":2,"gold_loss":0},{"damage_healed":0,"gold_gain":0,"player_choice":"Box","damage_taken":0,"relics_obtained":["HornCleat"],"max_hp_gain":0,"max_hp_loss":0,"event_name":"Big Fish","floor":5,"gold_loss":0,"cards_obtained":["Regret"]},{"damage_healed":0,"gold_gain":0,"player_choice":"Opened","damage_taken":0,"relics_obtained":["Pen Nib"],"max_hp_gain":0,"max_hp_loss":0,"event_name":"The Mausoleum","floor":19,"gold_loss":0,"cards_obtained":["Writhe"]},{"damage_healed":0,"gold_gain":0,"player_choice":"Ignored","damage_taken":0,"max_hp_gain":0,"max_hp_loss":0,"event_name":"Vampires","floor":21,"gold_loss":0}],"is_beta":false,"boss_relics":[{"not_picked":["SacredBark","SlaversCollar"],"picked":"Empty Cage"}],"items_purged_floors":[3],"is_endless":false,"potions_floor_spawned":[4,7,10,13,14,18],"killed_by":"Book of Stabbing","ascension_level":14}}