{"host":"k7udt7atmcuzf6l0","time":1612236922,"event":{"mods":["AchievementEnabler","BaseMod","BetterRewards","Colored Map","Colored Powertips","Highlight Path","Minty Spire (QoL Compilation)","Quick Restart","Rare Cards Sparkle","Relic Stats","StSLib","UnlockEverythingMod"],"gold_per_floor":[219,229,404,404,427,471,483,495,561,593,605,605],"floor_reached":11,"language":"ZHS","playtime":250,"items_purged":[],"score":73,"play_id":"aebb540f-9e4e-456d-93b5-eab18474e91b","local_time":"20210202113522","is_ascension_mode":false,"campfire_choices":[{"data":"Body Slam","floor":7,"key":"SMITH"}],"circlet_count":0,"master_deck":["Strike_R","Strike_R","Strike_R","Strike_R","Strike_R","Defend_R","Defend_R","Defend_R","Defend_R","Bash","Sword Boomerang","Thunderclap","Doubt","Body Slam+1","True Grit+1"],"relics":["Burning Blood","MawBank","Toxic Egg 2","Juzu Bracelet"],"acts_visited":["Exordium"],"potions_floor_usage":[6,11],"damage_taken":[{"damage":4,"enemies":"2 Louse","floor":1,"turns":3},{"damage":12,"enemies":"Small Slimes","floor":2,"turns":3},{"damage":6,"enemies":"Jaw Worm","floor":5,"turns":3},{"damage":66,"enemies":"Lagavulin","floor":6,"turns":7},{"damage":10,"enemies":"Looter","floor":10,"turns":3},{"damage":0,"enemies":"3 Sentries","floor":11,"turns":1}],"seed_played":"3644502730467537662","potions_obtained":[{"floor":5,"key":"LiquidBronze"},{"floor":10,"key":"LiquidBronze"}],"is_trial":false,"path_per_floor":["M","M","?","?","M","E","R","?","T","M","E"],"character_chosen":"IRONCLAD","items_purchased":[],"campfire_rested":0,"item_purchase_floors":[],"current_hp_per_floor":[80,74,74,71,71,11,11,11,11,7,7,7],"gold":605,"neow_bonus":"HUNDRED_GOLD","is_daily":false,"chose_seed":false,"campfire_upgraded":1,"win_rate":0.0,"timestamp":1612236922,"path_taken":["M","M","?","?","?","E","R","?","T","M","E"],"items_purchased_type":[],"build_version":"2020-12-22","purchased_purges":0,"victory":false,"max_hp_per_floor":[80,80,80,80,80,80,80,80,80,80,80,80],"relic_stats":{"counters":[6,20],"Juzu Bracelet":0,"MawBank":84,"obtain_stats":[{"Juzu Bracelet":9,"Toxic Egg 2":6,"MawBank":4,"Burning Blood":0},{"Juzu Bracelet":4,"Toxic Egg 2":4,"MawBank":2,"Burning Blood":0},{"Juzu Bracelet":16,"Toxic Egg 2":16,"MawBank":6,"Burning Blood":0}],"Burning Blood":28},"card_choices":[{"not_picked":["Perfected Strike","Cleave"],"picked":"Sword Boomerang","floor":1},{"not_picked":["Anger","Sentinel"],"picked":"Thunderclap","floor":2},{"not_picked":["Dark Embrace","Uppercut","Wild Strike"],"picked":"SKIP","floor":5},{"not_picked":["Sword Boomerang","Twin Strike"],"picked":"Body Slam","floor":6},{"not_picked":["Anger","Disarm+1"],"picked":"True Grit+1","floor":10}],"player_experience":33108,"relics_obtained":[{"floor":6,"key":"Toxic Egg 2"},{"floor":9,"key":"Juzu Bracelet"}],"event_choices":[{"damage_healed":0,"gold_gain":175,"player_choice":"AGREE","damage_taken":0,"max_hp_gain":0,"max_hp_loss":0,"event_name":"Liars Game","floor":3,"gold_loss":0,"cards_obtained":["Doubt"]},{"damage_healed":0,"gold_gain":0,"player_choice":"Success","damage_taken":3,"relics_obtained":["MawBank"],"max_hp_gain":0,"max_hp_loss":0,"event_name":"Scrap Ooze","floor":4,"gold_loss":0},{"damage_healed":0,"gold_gain":0,"player_choice":"Ignored","damage_taken":0,"max_hp_gain":0,"max_hp_loss":0,"event_name":"Golden Wing","floor":8,"gold_loss":0}],"is_beta":false,"boss_relics":[],"items_purged_floors":[],"is_endless":false,"potions_floor_spawned":[5,10],"killed_by":"3 Sentries","ascension_level":0}}