{"host":"rnjhaewkefy4rz3c","time":1612286947,"event":{"mods":["2.2 Compatiblity","AchievementEnabler","BaseMod","CCEM2","Colored Map","Minty Spire (QoL Compilation)","Permanent Neow","StSLib"],"gold_per_floor":[116,127,147,167,183,183,198,198,198,198,215,226,0,14,14,110,110,128,139,158,168,186,186,186],"floor_reached":23,"language":"ENG","playtime":1346,"items_purged":["theextravagant:SlyStrike"],"score":193,"play_id":"6e809214-b5aa-4208-ab03-284c33946c63","local_time":"20210202132907","is_ascension_mode":false,"campfire_choices":[{"data":"theextravagant:Ravage","floor":6,"key":"SMITH"},{"data":"theextravagant:Tension","floor":10,"key":"SMITH"},{"data":"theextravagant:Tension","floor":15,"key":"SMITH"}],"circlet_count":0,"master_deck":["theextravagant:SlyStrike","theextravagant:SlyStrike","theextravagant:Fence+1","theextravagant:Fence","theextravagant:Fence+1","theextravagant:Fence","theextravagant:QuickAttack","theextravagant:Triumph","theextravagant:Tension+1","theextravagant:SharpTalons","theextravagant:Meditation","theextravagant:Ravage+1","theextravagant:GarbageCannon","theextravagant:SpontaneousStrike","theextravagant:Tension+1","theextravagant:SpontaneousStrike","theextravagant:Twostep+1","theextravagant:StepBack+1","theextravagant:SnakeEyes"],"relics":["theextravagant:TranslucentFeather","Blood Vial","War Paint","CCEMRelics:DarkMatter"],"acts_visited":["Exordium","TheCity"],"potions_floor_usage":[16,19,21,21,23],"damage_taken":[{"damage":2,"enemies":"Small Slimes","floor":1,"turns":5},{"damage":1,"enemies":"Cultist","floor":2,"turns":4},{"damage":0,"enemies":"2 Louse","floor":3,"turns":3},{"damage":5,"enemies":"2 Fungi Beasts","floor":4,"turns":4},{"damage":0,"enemies":"Looter","floor":5,"turns":4},{"damage":11,"enemies":"Exordium Wildlife","floor":7,"turns":3},{"damage":0,"enemies":"3 Louse","floor":11,"turns":1},{"damage":11,"enemies":"Red Slaver","floor":12,"turns":3},{"damage":10,"enemies":"Looter","floor":14,"turns":2},{"damage":11,"enemies":"Slime Boss","floor":16,"turns":5},{"damage":9,"enemies":"Shell Parasite","floor":18,"turns":4},{"damage":12,"enemies":"Spheric Guardian","floor":19,"turns":6},{"damage":17,"enemies":"Snecko","floor":20,"turns":5},{"damage":24,"enemies":"Centurion and Healer","floor":21,"turns":4},{"damage":0,"enemies":"3 Cultists","floor":22,"turns":4},{"damage":24,"enemies":"Book of Stabbing","floor":23,"turns":6}],"seed_played":"-5627579856791257160","potions_obtained":[{"floor":2,"key":"Explosive Potion"},{"floor":3,"key":"Block Potion"},{"floor":4,"key":"DuplicationPotion"},{"floor":5,"key":"Block Potion"},{"floor":19,"key":"PowerPotion"},{"floor":20,"key":"AttackPotion"}],"is_trial":false,"path_per_floor":["M","M","M","M","M","R","M","?","T","R","M","M","$","M","R","B",null,"M","M","M","M","M","E"],"character_chosen":"THE_EXTRAVAGANT","items_purchased":["War Paint"],"campfire_rested":0,"item_purchase_floors":[13],"current_hp_per_floor":[73,72,72,67,67,67,56,56,56,56,58,49,49,41,41,32,75,66,56,41,19,21,0,0],"gold":186,"neow_bonus":"THREE_CARDS","is_daily":false,"chose_seed":false,"campfire_upgraded":3,"win_rate":0.0,"timestamp":1612286947,"path_taken":["M","M","M","M","M","R","M","?","T","R","M","M","$","M","R","BOSS","M","M","M","M","M","E"],"items_purchased_type":["Relic"],"build_version":"2020-12-22","purchased_purges":1,"victory":false,"max_hp_per_floor":[75,75,75,75,75,75,75,75,75,75,75,75,75,75,75,75,75,75,75,75,75,75,75,75],"card_choices":[{"not_picked":["theextravagant:Comeback","theextravagant:Riot"],"picked":"theextravagant:Tension","floor":0},{"not_picked":["theextravagant:Razor","theextravagant:Clairvoyance"],"picked":"theextravagant:SharpTalons","floor":1},{"not_picked":["theextravagant:Riot","theextravagant:HeavyBlows"],"picked":"theextravagant:Meditation","floor":2},{"not_picked":["theextravagant:IronPlumes","theextravagant:Dazzle"],"picked":"theextravagant:Ravage","floor":3},{"not_picked":["theextravagant:ShootingStar","theextravagant:Pushthrough","theextravagant:Courage"],"picked":"SKIP","floor":4},{"not_picked":["theextravagant:Foil","theextravagant:Radiance","theextravagant:Riot"],"picked":"SKIP","floor":5},{"not_picked":["theextravagant:Shake","theextravagant:Swirl"],"picked":"theextravagant:GarbageCannon","floor":7},{"not_picked":["theextravagant:Shove","theextravagant:Riot","theextravagant:GlyphOfSight"],"picked":"SKIP","floor":11},{"not_picked":["theextravagant:Precaution","theextravagant:Cutthroat"],"picked":"theextravagant:SpontaneousStrike","floor":12},{"not_picked":["theextravagant:StepBack","theextravagant:Razor"],"picked":"theextravagant:Tension","floor":14},{"not_picked":["theextravagant:Urgency","theextravagant:Defy"],"picked":"theextravagant:SpontaneousStrike","floor":18},{"not_picked":["theextravagant:GarbageCannon","theextravagant:Shatter+1"],"picked":"theextravagant:Twostep+1","floor":19},{"not_picked":["theextravagant:GustOfWind+1","theextravagant:Meditation","theextravagant:Impulse"],"picked":"SKIP","floor":20},{"not_picked":["theextravagant:Swirl+1","theextravagant:Defy"],"picked":"theextravagant:StepBack+1","floor":21},{"not_picked":["theextravagant:Shove+1","theextravagant:Castle"],"picked":"theextravagant:SnakeEyes","floor":22}],"player_experience":493166,"relics_obtained":[{"floor":9,"key":"Blood Vial"}],"event_choices":[{"cards_removed":["theextravagant:SlyStrike"],"damage_healed":0,"gold_gain":0,"player_choice":"Purged","damage_taken":0,"max_hp_gain":0,"max_hp_loss":0,"event_name":"Purifier","floor":8,"gold_loss":0}],"is_beta":false,"boss_relics":[{"not_picked":["CCEMRelics:ReaperScythe","Snecko Eye"],"picked":"CCEMRelics:DarkMatter"}],"items_purged_floors":[13],"is_endless":false,"potions_floor_spawned":[2,3,4,5,19,20],"killed_by":"Book of Stabbing","ascension_level":0}}