{"host":"d52brwsy6af8zvaq","time":1612310395,"event":{"mods":["AchievementEnabler","BaseMod","Bestiary","Highlight Path","Minty Spire (QoL Compilation)","Quick Restart","Relic Stats","ojb\u0027s Better Paths Mod"],"gold_per_floor":[112,112,124,136,136,136,165,165,465,500,511,154,154,170,170,244,244,259,259,270,270,270],"floor_reached":21,"language":"ENG","playtime":897,"items_purged":["Strike_G"],"score":378,"play_id":"b365b07f-e9ac-4f1b-ae17-6a7d6030dae8","local_time":"20210202165955","is_ascension_mode":true,"campfire_choices":[{"data":"Deadly Poison","floor":6.0,"key":"SMITH"},{"data":"Corpse Explosion","floor":8.0,"key":"SMITH"},{"floor":15.0,"key":"REST"}],"circlet_count":0,"master_deck":["AscendersBane","Strike_G","Strike_G","Strike_G","Strike_G","Defend_G","Defend_G","Defend_G","Defend_G","Defend_G","Survivor","Neutralize","Blade Dance","Deadly Poison+1","Calculated Gamble","Corpse Explosion+1","PiercingWail","Crippling Poison","Terror","Sucker Punch","Well Laid Plans","Backflip","A Thousand Cuts","Cloak And Dagger","PiercingWail"],"relics":["Ring of the Snake","PreservedInsect","Ginger","Old Coin","Happy Flower","Cursed Key","Akabeko"],"acts_visited":["Exordium","TheCity"],"potions_floor_usage":[20],"damage_taken":[{"damage":10.0,"enemies":"Jaw Worm","floor":1.0,"turns":8.0},{"damage":1.0,"enemies":"2 Louse","floor":3.0,"turns":2.0},{"damage":0.0,"enemies":"Cultist","floor":4.0,"turns":3.0},{"damage":17.0,"enemies":"Lagavulin","floor":7.0,"turns":5.0},{"damage":5.0,"enemies":"3 Sentries","floor":10.0,"turns":2.0},{"damage":0.0,"enemies":"2 Fungi Beasts","floor":11.0,"turns":1.0},{"damage":9.0,"enemies":"Large Slime","floor":14.0,"turns":6.0},{"damage":24.0,"enemies":"Hexaghost","floor":16.0,"turns":10.0},{"damage":17,"enemies":"2 Thieves","floor":18,"turns":3},{"damage":13,"enemies":"Chosen","floor":20,"turns":4},{"damage":23,"enemies":"Shelled Parasite and Fungi","floor":21,"turns":2}],"seed_played":"551049207208570798","potions_obtained":[{"floor":7.0,"key":"GamblersBrew"},{"floor":10.0,"key":"Explosive Potion"},{"floor":14.0,"key":"AttackPotion"}],"is_trial":false,"path_per_floor":["M","?","M","M","?","R","E","R","T","E","M","$","?","M","R","B",null,"M","?","M","M"],"character_chosen":"THE_SILENT","items_purchased":["Terror","Sucker Punch","Well Laid Plans","Regen Potion"],"campfire_rested":1,"item_purchase_floors":[12,12,12,12],"current_hp_per_floor":[49,49,48,48,48,48,31,31,31,26,26,26,26,17,36,12,53,36,36,23,0,0],"gold":270,"neow_bonus":"RANDOM_COMMON_RELIC","is_daily":false,"chose_seed":false,"campfire_upgraded":2,"win_rate":0.0,"timestamp":1612310395,"path_taken":["M","?","M","M","?","R","E","R","T","E","M","?","?","M","R","BOSS","M","?","?","M"],"items_purchased_type":["Card","Card","Card","Potion"],"build_version":"2020-12-22","purchased_purges":1,"victory":false,"max_hp_per_floor":[66,66,66,66,66,66,66,66,66,66,66,66,66,66,66,66,66,66,66,66,66,66],"relic_stats":{"Happy Flower":[8],"counters":[11,46],"PreservedInsect":63,"Ginger":[4],"Cursed Key":0,"obtain_stats":[{"Happy Flower":10,"PreservedInsect":0,"Ginger":7,"Cursed Key":17,"Akabeko":19,"Ring of the Snake":0,"Old Coin":9},{"Happy Flower":5,"PreservedInsect":0,"Ginger":4,"Cursed Key":8,"Akabeko":9,"Ring of the Snake":0,"Old Coin":4},{"Happy Flower":20,"PreservedInsect":0,"Ginger":18,"Cursed Key":37,"Akabeko":40,"Ring of the Snake":0,"Old Coin":18}],"Ring of the Snake":[22]},"card_choices":[{"not_picked":["Dodge and Roll","Poisoned Stab"],"picked":"Blade Dance","floor":1.0},{"not_picked":["Dagger Throw","Choke"],"picked":"Deadly Poison","floor":3.0},{"not_picked":["Backflip","Infinite Blades"],"picked":"Calculated Gamble","floor":4.0},{"not_picked":["Poisoned Stab","Skewer"],"picked":"Corpse Explosion","floor":7.0},{"not_picked":["Reflex","Prepared"],"picked":"PiercingWail","floor":10.0},{"not_picked":["Slice","Accuracy"],"picked":"Crippling Poison","floor":11.0},{"not_picked":["Accuracy","All Out Attack"],"picked":"Backflip","floor":14.0},{"not_picked":["Unload","Corpse Explosion"],"picked":"A Thousand Cuts","floor":16.0},{"not_picked":["Caltrops","Flying Knee+1"],"picked":"Cloak And Dagger","floor":18},{"not_picked":["Quick Slash","Outmaneuver"],"picked":"PiercingWail","floor":20}],"player_experience":2133034,"relics_obtained":[{"floor":7.0,"key":"Ginger"},{"floor":9.0,"key":"Old Coin"},{"floor":10.0,"key":"Happy Flower"}],"event_choices":[{"damage_healed":0.0,"max_hp_gain":0.0,"max_hp_loss":0.0,"gold_gain":0.0,"event_name":"Liars Game","player_choice":"Ignored","floor":2.0,"gold_loss":0.0,"damage_taken":0.0},{"damage_healed":0.0,"max_hp_gain":0.0,"max_hp_loss":0.0,"gold_gain":0.0,"event_name":"Shining Light","player_choice":"Ignored","floor":5.0,"gold_loss":0.0,"damage_taken":0.0},{"damage_healed":0.0,"max_hp_gain":0.0,"max_hp_loss":0.0,"gold_gain":0.0,"event_name":"Golden Wing","player_choice":"Ignored","floor":13.0,"gold_loss":0.0,"damage_taken":0.0},{"damage_healed":0,"gold_gain":0,"player_choice":"Gave Potion","damage_taken":0,"relics_obtained":["Akabeko"],"max_hp_gain":0,"max_hp_loss":0,"event_name":"WeMeetAgain","floor":19,"gold_loss":0}],"is_beta":false,"boss_relics":[{"not_picked":["Sozu","SlaversCollar"],"picked":"Cursed Key"}],"items_purged_floors":[12],"is_endless":false,"potions_floor_spawned":[7,10,14,16,18],"killed_by":"Shelled Parasite and Fungi","ascension_level":20}}