{"host":"cf2ctvg4l7smc7k1","time":1612299646,"event":{"mods":["AchievementEnabler","Aspiration","BaseMod","BetterRewards","Challenge The Spire","Chen","Colored Map","Conspire","Downfall","Duelist Mod","Hubris","Ironclad Rager","Magitek Elite","Marisa????????","Minty Spire (QoL Compilation)","Replay The Spire","StSLib","The Bladedancer","The Bug Knight","The Cursed","The Jungle","The Poker Player","The Vixen","Wandering Minibosses","[IsaacMod]????"],"gold_per_floor":[147,147,183,183,219,303,357,357,408,408,468,468,549,597,597,900,900,951,996,844,883,931,1009,1009,1009,1009,1045,1129,531,585,585,585,870,870,903,903,963,963,732,837,837,885,885,939,948,1014,1080,1191,1191,1485,1485,1524,1319,1367,1367],"floor_reached":54,"language":"DEU","playtime":3922,"items_purged":["Pain","Parasite"],"score":1105,"play_id":"cd71ec1a-5479-4d98-b94c-ff4b6d41e08d","local_time":"20210202220046","daily_mods":["SealedDeck","Midas"],"is_ascension_mode":false,"campfire_choices":[{"floor":8,"key":"REST"},{"floor":10,"key":"REST"},{"floor":12,"key":"REST"},{"floor":15,"key":"REST"},{"floor":32,"key":"REST"},{"floor":41,"key":"REST"},{"floor":49,"key":"REST"}],"circlet_count":0,"master_deck":["Slimebound:TongueLash","Slimebound:Prepare+1","Slimebound:PressTheAttack","Slimebound:DisruptingSlam","Slimebound:LivingWall","Slimebound:Schlurp","Slimebound:Repurpose","Slimebound:RejuvenatingLick","Slimebound:WasteNot","Slimebound:SlimeTap","Slimebound:DuplicatedForm","Slimebound:GoopSpray","Slimebound:HauntingLick","Slimebound:RainOfGoop","Slimebound:TagTeam","Slimebound:MegaLick","Slimebound:HauntingLick","Reaper","Slimebound:ViciousTackle+1","Slimebound:SplitMire","Slimebound:Nibble","Slimebound:Nibble","Slimebound:SlimeSpikes+1","Slimebound:SlimeSpikes+1","Slimebound:Nibble","Slimebound:Schlurp+1","Slimebound:SlimeSpikes+1","Slimebound:SamplingLick+1","Slimebound:DouseInSlime","Slimebound:Schlurp","Slimebound:LivingWall+1","Slimebound:MegaLick+1","Slimebound:SamplingLick","Slimebound:SplitAcid+1","Slimebound:ViciousTackle","Slimebound:RejuvenatingLick+1","Slimebound:SamplingLick+1","EpicFetus","Slimebound:MegaLick","Slimebound:HauntingLick","Slimebound:ViciousTackle+1","Slimebound:OozeBath","Slimebound:Schlurp"],"relics":["HushsDoor","TheBean","m_BurningSludge","hubris:MysteriousPyramids","Pet Ghost","Replay:Bottled Eggs","SlaversCollar","sneckomod:BlankCard","Letter Opener","Smiling Mask","MealTicket","Lee\u0027s Waffle","Blue Doll","hubris:ScarierMask","GuppysHead","WarpedTongs","Orrery","Blood Vial","CeramicFish","HowToJump","sneckomod:SneckoTalon","SteamSale"],"acts_visited":["Exordium","TheCity","TheBeyond","Exordium"],"potions_floor_usage":[7,13,19,19,21,27,30,42,50,50,52],"damage_taken":[{"damage":0,"enemies":"Small Slimes","floor":1,"turns":3},{"damage":0,"enemies":"Cultist","floor":3,"turns":3},{"damage":0,"enemies":"Jaw Worm","floor":5,"turns":3},{"damage":23,"enemies":"Lagavulin","floor":6,"turns":6},{"damage":0,"enemies":"conspire:2 RoseBushes","floor":7,"turns":2},{"damage":0,"enemies":"Looter","floor":11,"turns":2},{"damage":0,"enemies":"Gremlin Nob","floor":13,"turns":2},{"damage":0,"enemies":"Red Slaver","floor":14,"turns":2},{"damage":37,"enemies":"The Guardian","floor":16,"turns":7},{"damage":0,"enemies":"conspire:FuzzyDice","floor":18,"turns":5},{"damage":3,"enemies":"Chosen and Byrds","floor":19,"turns":3},{"damage":7,"enemies":"Centurion and Healer","floor":21,"turns":3},{"damage":18,"enemies":"conspire:HollyBat","floor":22,"turns":6},{"damage":0,"enemies":"HollowMod:Nosk","floor":23,"turns":5},{"damage":0,"enemies":"3 Cultists","floor":27,"turns":4},{"damage":15,"enemies":"conspire:SneckoGhost","floor":28,"turns":3},{"damage":0,"enemies":"Centurion and Healer","floor":30,"turns":3},{"damage":65,"enemies":"Automaton","floor":33,"turns":8},{"damage":0,"enemies":"Orb Walker","floor":35,"turns":2},{"damage":0,"enemies":"3 Shapes","floor":37,"turns":3},{"damage":15,"enemies":"Nemesis","floor":40,"turns":5},{"damage":1,"enemies":"Writhing Mass","floor":42,"turns":5},{"damage":5,"enemies":"Maw","floor":44,"turns":5},{"damage":12,"enemies":"Transient","floor":46,"turns":5},{"damage":15,"enemies":"Sphere and 2 Shapes","floor":47,"turns":2},{"damage":3,"enemies":"Reptomancer","floor":48,"turns":4},{"damage":30,"enemies":"hubris:GrandSnecko","floor":50,"turns":10},{"damage":0,"enemies":"Small Slimes","floor":52,"turns":2},{"damage":0,"enemies":"Cultist","floor":54,"turns":2}],"seed_played":"-4219114602344777322","potions_obtained":[{"floor":6,"key":"Fire Potion"},{"floor":11,"key":"Adrenaline Potion"},{"floor":13,"key":"Block Potion"},{"floor":16,"key":"SteroidPotion"},{"floor":18,"key":"SpeedPotion"},{"floor":21,"key":"Slimebound:SlimedPotion"},{"floor":28,"key":"Weak Potion"},{"floor":30,"key":"Block Potion"},{"floor":35,"key":"LifebloodPotion"},{"floor":40,"key":"AttackPotion"},{"floor":46,"key":"Ancient Potion"},{"floor":50,"key":"DistilledChaos"},{"floor":52,"key":"LiquidMemories"},{"floor":54,"key":"Adrenaline Potion"}],"is_trial":true,"path_per_floor":["M","?","M","$","M","E","M","R","T","R","M","R","E","M","R","B",null,"M","M","$","M","M","E","?","?","T","M","E","$","M","$","R","B",null,"M","$","M","?","$","E","R","M","T","M","?","M","M","E","R","B",null,"M","$","M"],"character_chosen":"SLIMEBOUND","items_purchased":["Slimebound:Nibble","AttackPotion","AttackPotion","MealTicket","Lee\u0027s Waffle","Blue Doll","FairyPotion","Energy Potion","GuppysHead","Slimebound:LivingWall+1","Orrery","SteamSale"],"campfire_rested":7,"item_purchase_floors":[20,20,20,29,29,29,29,29,34,39,39,53],"current_hp_per_floor":[65,65,65,65,65,57,57,65,65,65,65,65,65,65,65,49,65,65,65,65,62,65,65,65,65,65,65,54,72,72,72,72,11,62,62,62,62,62,62,51,62,62,62,60,60,54,56,62,62,62,62,62,59,59,59],"gold":1367,"neow_bonus":"","is_daily":false,"chose_seed":false,"campfire_upgraded":0,"win_rate":0.0,"timestamp":1612299646,"path_taken":["M","?","M","$","?","E","?","R","T","R","M","R","E","M","R","BOSS","M","M","$","M","M","E","?","?","T","M","E","$","?","?","R","BOSS","M","$","M","?","$","E","R","M","T","M","?","?","M","E","R","BOSS","M","$","M"],"items_purchased_type":["Card","Potion","Potion","Relic","Relic","Relic","Potion","Potion","Relic","Card","Relic","Relic"],"build_version":"2020-12-22","purchased_purges":2,"victory":false,"max_hp_per_floor":[65,65,65,65,65,65,65,65,65,65,65,65,65,65,65,65,65,65,65,65,65,65,65,65,65,65,65,65,72,72,72,72,72,62,62,62,62,62,62,62,62,62,62,62,62,62,62,62,62,62,62,62,59,59,59],"card_choices":[{"not_picked":[],"picked":"ChaosCard","floor":0},{"not_picked":["Bomb","Slimebound:FinishingTackle"],"picked":"Slimebound:DuplicatedForm","floor":1},{"not_picked":["Slimebound:RejuvenatingLick","Slimebound:SplitAcid"],"picked":"Slimebound:GoopSpray","floor":3},{"not_picked":["Slimebound:SlimeSpikes","Slimebound:ItLooksTasty"],"picked":"Hemogenesis","floor":5},{"not_picked":["Slimebound:ProtectTheBoss","Slimebound:FormOfPuddle"],"picked":"Slimebound:HauntingLick","floor":6},{"not_picked":["Slimebound:SamplingLick","Slimebound:ComboTackle"],"picked":"Slimebound:RainOfGoop","floor":7},{"not_picked":["Slimebound:Prepare","Slimebound:Repurpose"],"picked":"Slimebound:TagTeam","floor":11},{"not_picked":["Slimebound:HauntingLick","Pummel"],"picked":"Slimebound:MegaLick","floor":13},{"not_picked":["Slimebound:Schlurp","Slimebound:FlameTackle"],"picked":"Slimebound:HauntingLick","floor":14},{"not_picked":["Slimebound:DouseInSlime","Slimebound:MassFeed"],"picked":"Reaper","floor":16},{"not_picked":["Slimebound:LivingWall+1","Slimebound:GoopSpray+1"],"picked":"Slimebound:ViciousTackle+1","floor":18},{"not_picked":["Slimebound:PressTheAttack+1","Slimebound:GoopTackle"],"picked":"Slimebound:SplitMire","floor":19},{"not_picked":["Slimebound:LeechingTouch","Slimebound:LeechEnergy"],"picked":"Slimebound:SlimeSpikes+1","floor":21},{"not_picked":["Slimebound:Schlurp+1","Slimebound:SplitAcid"],"picked":"Slimebound:SlimeSpikes+1","floor":22},{"not_picked":["Slimebound:DisruptingSlam+1","Slimebound:SlimeTap"],"picked":"Slimebound:Nibble","floor":23},{"not_picked":["Slimebound:FormOfPuddle","Slimebound:SplitLeeching"],"picked":"Slimebound:Schlurp+1","floor":27},{"not_picked":["Slimebound:Recollect","Slimebound:SplitBruiser"],"picked":"Slimebound:SlimeSpikes+1","floor":28},{"not_picked":["Slimebound:DivideAndConquer+1","Slimebound:LivingWall"],"picked":"Slimebound:SamplingLick+1","floor":30},{"not_picked":["Slimebound:Overexert","Slimebound:TagTeam"],"picked":"Slimebound:DouseInSlime","floor":33},{"not_picked":["Slimebound:SlimeBarrage","Slimebound:GoopSpray"],"picked":"Slimebound:Schlurp","floor":35},{"not_picked":["Slimebound:DivideAndConquer+1","Slimebound:SplitLeeching+1","Slimebound:RollThrough+1"],"picked":"SKIP","floor":37},{"not_picked":["Slimebound:FlameTackle","Slimebound:SplitLeeching"],"picked":"Slimebound:MegaLick+1","floor":39},{"not_picked":["Slimebound:HauntingLick","Slimebound:Recollect+1"],"picked":"Slimebound:SamplingLick","floor":39},{"not_picked":["Slimebound:LivingWall+1","Slimebound:RollThrough+1"],"picked":"Slimebound:SplitAcid+1","floor":39},{"not_picked":["Slimebound:ComboTackle+1","Slimebound:SplitAcid"],"picked":"Slimebound:ViciousTackle","floor":40},{"not_picked":["Slimebound:ItLooksTasty","Slimebound:DisruptingSlam+1"],"picked":"Slimebound:RejuvenatingLick+1","floor":42},{"not_picked":["Slimebound:HauntingLick","Slimebound:Prepare+1"],"picked":"Slimebound:SamplingLick+1","floor":44},{"not_picked":["Enlightenment","BettingIsNotGood"],"picked":"EpicFetus","floor":45},{"not_picked":["Slimebound:LivingWall","Slimebound:Prepare+1"],"picked":"Slimebound:MegaLick","floor":46},{"not_picked":["Slimebound:ProtectTheBoss+1","Slimebound:RollThrough+1"],"picked":"Slimebound:HauntingLick","floor":47},{"not_picked":["Slimebound:HungryTackle","Slimebound:FinishingTackle"],"picked":"Slimebound:ViciousTackle+1","floor":48},{"not_picked":["Slimebound:Overexert","Slimebound:TagTeam"],"picked":"Slimebound:OozeBath","floor":50},{"not_picked":["Slimebound:RollThrough","Slimebound:LeechEnergy"],"picked":"Slimebound:Schlurp","floor":52}],"player_experience":559649,"relics_obtained":[{"floor":6,"key":"hubris:MysteriousPyramids"},{"floor":9,"key":"Pet Ghost"},{"floor":13,"key":"Replay:Bottled Eggs"},{"floor":23,"key":"sneckomod:BlankCard"},{"floor":26,"key":"Letter Opener"},{"floor":28,"key":"Smiling Mask"},{"floor":40,"key":"Blood Vial"},{"floor":43,"key":"CeramicFish"},{"floor":48,"key":"HowToJump"}],"event_choices":[{"damage_healed":0,"gold_gain":0,"player_choice":"Rummage","damage_taken":0,"relics_obtained":["WarpedTongs"],"max_hp_gain":0,"max_hp_loss":0,"event_name":"Accursed Blacksmith","floor":38,"gold_loss":0,"cards_obtained":["Pain"]},{"damage_healed":0,"gold_gain":0,"player_choice":"Memory 1","damage_taken":0,"max_hp_gain":0,"max_hp_loss":0,"event_name":"SensoryStone","floor":45,"gold_loss":0}],"is_beta":false,"boss_relics":[{"not_picked":["Replay:Bronze Core","Replay:Fungal Core"],"picked":"SlaversCollar"},{"not_picked":[]},{"not_picked":["Snecko Eye","conspire:SlowCooker"],"picked":"hubris:ScarierMask"},{"not_picked":[]},{"not_picked":["ReplayTheSpireMod:DimensionalGlitch","Sozu"],"picked":"sneckomod:SneckoTalon"},{"not_picked":[]}],"items_purged_floors":[39,53],"is_endless":true,"potions_floor_spawned":[6,11,13,16,18,21,22,28,30,35,40,46,50,52,54],"killed_by":"Cultist","ascension_level":0}}