{"host":"i1xfvbr0z23eel2z","time":1612301568,"event":{"mods":["2.2 Compatiblity","BaseMod","Colored Map","Highlight Path","Minty Spire (QoL Compilation)","StSLib"],"gold_per_floor":[110,110,10,10,31,31,62,62,89,109,109,134,153,176,176,300,300,313,64,0,0,21,21,21,21,21],"floor_reached":25,"language":"ENG","playtime":2368,"items_purged":["Strike_B","Strike_B"],"score":201,"play_id":"23c277b1-6b60-46f9-bd1f-2b728f585e6f","local_time":"20210202163248","is_ascension_mode":false,"campfire_choices":[{"floor":6,"key":"REST"},{"data":"Zap","floor":8,"key":"SMITH"},{"floor":15,"key":"REST"},{"floor":23,"key":"REST"}],"circlet_count":0,"master_deck":["Strike_B","Defend_B","Defend_B","Defend_B","Defend_B","Zap+1","Dualcast","FTL","Go for the Eyes","Darkness","Sweeping Beam","Leap","Rip and Tear","Go for the Eyes","Multi-Cast","Leap","Thunder Strike","Redo","Decay"],"relics":["Cracked Core","DataDisk","Golden Idol","Darkstone Periapt","Bag of Preparation","GremlinMask","Black Star","Lantern"],"acts_visited":["Exordium","TheCity"],"potions_floor_usage":[12,16],"damage_taken":[{"damage":3,"enemies":"2 Louse","floor":1,"turns":3},{"damage":0,"enemies":"Cultist","floor":5,"turns":3},{"damage":11,"enemies":"Lagavulin","floor":7,"turns":5},{"damage":0,"enemies":"Small Slimes","floor":10,"turns":3},{"damage":1,"enemies":"2 Fungi Beasts","floor":12,"turns":3},{"damage":13,"enemies":"Lots of Slimes","floor":13,"turns":2},{"damage":17,"enemies":"3 Louse","floor":14,"turns":2},{"damage":30,"enemies":"Hexaghost","floor":16,"turns":10},{"damage":16,"enemies":"Shell Parasite","floor":18,"turns":7},{"damage":43,"enemies":"Spheric Guardian","floor":22,"turns":6},{"damage":53,"enemies":"Centurion and Healer","floor":25,"turns":7}],"seed_played":"-4715679251319686097","potions_obtained":[{"floor":5,"key":"BlessingOfTheForge"},{"floor":12,"key":"SneckoOil"},{"floor":16,"key":"GamblersBrew"},{"floor":18,"key":"EssenceOfDarkness"}],"is_trial":false,"path_per_floor":["M","?","$","?","M","R","E","R","T","M","?","M","M","M","R","B",null,"M","$","?","?","M","R","?","M"],"character_chosen":"DEFECT","items_purchased":["Go for the Eyes","Lantern"],"campfire_rested":3,"item_purchase_floors":[3,19],"current_hp_per_floor":[72,54,54,54,54,75,64,64,64,64,64,63,50,33,55,25,75,59,59,59,59,16,38,44,0,0],"gold":21,"neow_bonus":"RANDOM_COMMON_RELIC","is_daily":false,"chose_seed":false,"campfire_upgraded":1,"win_rate":0.0,"timestamp":1612301568,"path_taken":["M","?","$","?","M","R","E","R","T","M","?","?","M","M","R","BOSS","M","$","?","?","?","R","?","M"],"items_purchased_type":["Card","Relic"],"build_version":"2020-12-22","purchased_purges":2,"victory":false,"max_hp_per_floor":[75,75,75,75,75,75,75,75,75,75,75,75,75,75,75,75,75,75,75,75,75,75,75,81,81,81],"card_choices":[{"not_picked":["Turbo","Hologram"],"picked":"FTL","floor":1},{"not_picked":["Compile Driver","Beam Cell"],"picked":"Darkness","floor":5},{"not_picked":["Ball Lightning","Seek"],"picked":"Sweeping Beam","floor":7},{"not_picked":["Cold Snap","Sweeping Beam"],"picked":"Leap","floor":10},{"not_picked":["Double Energy","Steam"],"picked":"Rip and Tear","floor":12},{"not_picked":["Rebound","Steam"],"picked":"Go for the Eyes","floor":13},{"not_picked":["Coolheaded","White Noise","Cold Snap"],"picked":"SKIP","floor":14},{"not_picked":["All For One","Fission"],"picked":"Multi-Cast","floor":16},{"not_picked":["Gash","Force Field"],"picked":"Leap","floor":18},{"not_picked":["Conserve Battery","Scrape+1"],"picked":"Redo","floor":22}],"player_experience":90625,"relics_obtained":[{"floor":7,"key":"Darkstone Periapt"},{"floor":9,"key":"Bag of Preparation"}],"event_choices":[{"damage_healed":0,"gold_gain":0,"player_choice":"Take Damage","damage_taken":18,"relics_obtained":["Golden Idol"],"max_hp_gain":0,"max_hp_loss":0,"event_name":"Golden Idol","floor":2,"gold_loss":0},{"damage_healed":0,"gold_gain":0,"player_choice":"Ignored","damage_taken":0,"max_hp_gain":0,"max_hp_loss":0,"event_name":"Shining Light","floor":4,"gold_loss":0},{"damage_healed":0,"gold_gain":0,"player_choice":"Trade","damage_taken":0,"relics_obtained":["GremlinMask"],"max_hp_gain":0,"max_hp_loss":0,"event_name":"FaceTrader","floor":11,"gold_loss":0},{"damage_healed":0,"gold_gain":0,"player_choice":"Paid Fearfully","damage_taken":0,"max_hp_gain":0,"max_hp_loss":0,"event_name":"Masked Bandits","floor":20,"gold_loss":64},{"damage_healed":0,"gold_gain":0,"cards_transformed":["Strike_B"],"player_choice":"Transformed","damage_taken":0,"max_hp_gain":0,"max_hp_loss":0,"event_name":"Transmorgrifier","floor":21,"gold_loss":0,"cards_obtained":["Thunder Strike"]},{"damage_healed":0,"gold_gain":0,"player_choice":"Cursed","damage_taken":0,"max_hp_gain":0,"max_hp_loss":0,"event_name":"Wheel of Change","floor":24,"gold_loss":0,"cards_obtained":["Decay"]}],"is_beta":false,"boss_relics":[{"not_picked":["Empty Cage","Cursed Key"],"picked":"Black Star"}],"items_purged_floors":[3,19],"is_endless":false,"potions_floor_spawned":[5,12,16,18],"killed_by":"Centurion and Healer","ascension_level":0}}