{"host":"Ceyx","time":1612251741,"event":{"mods":["BaseMod","Beaked The Cultist","Better Match","Better Skull","Better Third Choice","BetterRewards","Conspire","Downfall","Exacting","Fox Events","Hermit","Hubris","Infinite Spire","Minty Spire (QoL Compilation)","Permanent Neow","Replay The Spire","Shop Mod","StSLib","The Alterego","The Jungle","Waifu the Spire"],"gold_per_floor":[15,15,30,51,35,74,74,152,152,152,202,6,29,47,47,143,143,159,178,178,178],"floor_reached":20,"language":"ENG","playtime":1199,"items_purged":[],"score":308,"play_id":"fdfcd803-0428-4185-afbd-b7755283f55f","local_time":"20210202144221","is_ascension_mode":true,"campfire_choices":[{"floor":7.0,"key":"REST"},{"floor":15.0,"key":"REST"}],"circlet_count":0,"master_deck":["AscendersBane","Strike_G","Strike_G","Strike_G","Strike_G","Strike_G","Defend_G","Defend_G","Defend_G","Defend_G","Defend_G","Survivor","Neutralize","Die Die Die","Cloak And Dagger","Footwork","Infinite Blades","Phantasmal Killer","Flying Knee","Well Laid Plans+1","Bullet Time","After Image+1","Dodge and Roll","Reflex+1"],"relics":["Ring of the Snake","Golden Idol","Bottled Tornado","The Courier","Frozen Egg 2","WristBlade"],"acts_visited":[],"potions_floor_usage":[],"damage_taken":[{"damage":3.0,"enemies":"2 Louse","floor":1.0,"turns":2.0},{"damage":1.0,"enemies":"Jaw Worm","floor":3.0,"turns":5.0},{"damage":0.0,"enemies":"Cultist","floor":4.0,"turns":5.0},{"damage":11.0,"enemies":"Exordium Thugs","floor":5.0,"turns":4.0},{"damage":18.0,"enemies":"Gremlin Nob","floor":6.0,"turns":5.0},{"damage":11.0,"enemies":"Large Slime","floor":13.0,"turns":7.0},{"damage":2.0,"enemies":"Exordium Wildlife","floor":14.0,"turns":6.0},{"damage":21.0,"enemies":"Hexaghost","floor":16.0,"turns":11.0},{"damage":14.0,"enemies":"2 Thieves","floor":18.0,"turns":5.0},{"damage":13.0,"enemies":"Chosen","floor":19.0,"turns":7.0},{"damage":0,"enemies":"Snake Plant","floor":20,"turns":1}],"seed_played":"5578837541292057418","potions_obtained":[{"floor":4.0,"key":"ColorlessPotion"},{"floor":6.0,"key":"CunningPotion"},{"floor":13.0,"key":"Swift Potion"},{"floor":16.0,"key":"Dexterity Potion"}],"is_trial":false,"path_per_floor":["M","?","M","M","M","E","R","?","T","?","?","$","M","M","R","B",null,"M","M","M"],"character_chosen":"THE_SILENT","items_purchased":["Frozen Egg 2"],"campfire_rested":2,"item_purchase_floors":[12],"current_hp_per_floor":[56,33,32,32,21,3,22,22,22,22,22,22,11,9,28,7,51,37,24,24,24],"gold":178,"neow_bonus":"THREE_RARE_CARDS","is_daily":false,"chose_seed":false,"campfire_upgraded":0,"win_rate":0.0,"timestamp":1612251741,"path_taken":["M","?","M","M","M","E","R","?","T","?","?","$","M","?","R","BOSS","M","M","M"],"items_purchased_type":["Relic"],"build_version":"2020-12-18","purchased_purges":0,"victory":false,"max_hp_per_floor":[66,66,66,66,66,66,66,66,66,66,66,66,66,66,66,66,66,66,66,66,66],"card_choices":[{"not_picked":["Adrenaline","Corpse Explosion"],"picked":"Die Die Die","floor":0.0},{"not_picked":["Dagger Spray","Calculated Gamble"],"picked":"Cloak And Dagger","floor":1.0},{"not_picked":["Dodge and Roll","Deflect"],"picked":"Footwork","floor":3.0},{"not_picked":["Prepared","Setup"],"picked":"Infinite Blades","floor":4.0},{"not_picked":["Dagger Throw","Sucker Punch"],"picked":"Phantasmal Killer","floor":5.0},{"not_picked":["Bane","PiercingWail"],"picked":"Flying Knee","floor":6.0},{"not_picked":["Terror","Underhanded Strike"],"picked":"Well Laid Plans+1","floor":13.0},{"not_picked":["Crippling Poison","Dagger Throw"],"picked":"Bullet Time","floor":14.0},{"not_picked":["Envenom+1","Corpse Explosion"],"picked":"After Image+1","floor":16.0},{"not_picked":["Dagger Spray+1","Riddle With Holes"],"picked":"Dodge and Roll","floor":18.0},{"not_picked":["Bane","Slice"],"picked":"Reflex+1","floor":19.0}],"player_experience":594687,"relics_obtained":[{"floor":6.0,"key":"Bottled Tornado"},{"floor":9.0,"key":"The Courier"}],"event_choices":[{"damage_healed":0.0,"max_hp_gain":0.0,"max_hp_loss":0.0,"gold_gain":0.0,"event_name":"Golden Idol","player_choice":"Take Damage","floor":2.0,"gold_loss":0.0,"damage_taken":23.0,"relics_obtained":["Golden Idol"]},{"damage_healed":0.0,"max_hp_gain":0.0,"max_hp_loss":0.0,"gold_gain":78.0,"event_name":"Golden Wing","player_choice":"Gained Gold","floor":8.0,"gold_loss":0.0,"damage_taken":0.0},{"damage_healed":0.0,"max_hp_gain":0.0,"max_hp_loss":0.0,"gold_gain":0.0,"event_name":"Liars Game","player_choice":"Ignored","floor":10.0,"gold_loss":0.0,"damage_taken":0.0},{"damage_healed":0.0,"max_hp_gain":0.0,"max_hp_loss":0.0,"gold_gain":50.0,"event_name":"Golden Shrine","player_choice":"Pray","floor":11.0,"gold_loss":0.0,"damage_taken":0.0}],"is_beta":true,"boss_relics":[{"not_picked":["Tiny House","Sozu"],"picked":"WristBlade"}],"items_purged_floors":[],"is_endless":true,"potions_floor_spawned":[4,6,13,16],"killed_by":"Snake Plant","ascension_level":15}}