{"host":"wh0mq6pw8c8ugs2y","time":1612271728,"event":{"mods":["AchievementEnabler","Aspiration","BaseMod","Beaked The Cultist","BetterRewards","Conspire","Hubris","Minty Spire (QoL Compilation)","Replay The Spire","Shop Mod","Small Relic Pack","StSLib","Waifu the Spire","[IsaacMod]????","everything is the same but u backflip on backflip"],"gold_per_floor":[113,113,113,123,123,148,163,163,186,213,90,90,110,142,142,245,245,256,272,272,38,49,49,49],"floor_reached":23,"language":"ENG","playtime":1065,"items_purged":["Hallucinations","beaked:Strike_Y"],"score":327,"play_id":"9163fb10-279b-483d-828c-8949e8af98b5","local_time":"20210202051528","is_ascension_mode":true,"campfire_choices":[{"data":"beaked:Sacrifice","floor":8,"key":"SMITH"},{"data":"beaked:Ceremony","floor":15,"key":"SMITH"}],"circlet_count":0,"master_deck":["beaked:Strike_Y+1","beaked:Strike_Y+1","beaked:Strike_Y","beaked:Strike_Y","beaked:Strike_Y","beaked:Defend_Y","beaked:Defend_Y","beaked:Defend_Y","beaked:Defend_Y","beaked:Ceremony","beaked:Ceremony","beaked:Ceremony+1","beaked:CursingBlood","beaked:Sacrifice+1","beaked:Roost","ReplayTheSpireMod:Wings of Steel","beaked:Caw+1","beaked:DigDeep","beaked:LiftOff+1","beaked:FeelMyPain","ThirdEye","beaked:StunningBlow+1","beaked:StunningBlow"],"relics":["beaked:MendingPlumage","HushsDoor","SteamSale","NeowsBlessing","relicPack:OneForAll","Ring of Misfortune","Ring of Panic","Smiling Mask","aspiration:HiddenCompartment","hubris:SphereOfDissonance","Mango","Snecko Eye","Whetstone","Guide Book"],"acts_visited":["Exordium","TheCity"],"potions_floor_usage":[],"damage_taken":[{"damage":0,"enemies":"Cultist","floor":1,"turns":1},{"damage":0,"enemies":"Jaw Worm","floor":4,"turns":1},{"damage":0,"enemies":"Gremlin Nob","floor":6,"turns":1},{"damage":0,"enemies":"conspire:RoseBush","floor":7,"turns":4},{"damage":2,"enemies":"Lagavulin","floor":10,"turns":7},{"damage":4,"enemies":"Blue Slaver","floor":13,"turns":3},{"damage":38,"enemies":"conspire:MimicChest","floor":14,"turns":7},{"damage":22,"enemies":"Slime Boss","floor":16,"turns":15},{"damage":13,"enemies":"Spheric Guardian","floor":18,"turns":8},{"damage":1,"enemies":"3 Byrds","floor":19,"turns":4},{"damage":43,"enemies":"Cultist and Chosen","floor":22,"turns":5},{"damage":9,"enemies":"Replay:Snechameleon","floor":23,"turns":3}],"seed_played":"9002327545220040923","potions_obtained":[{"floor":6,"key":"SpeedPotion"},{"floor":10,"key":"Ancient Potion"},{"floor":16,"key":"DuplicationPotion"}],"is_trial":false,"path_per_floor":["M","?","?","M","?","E","M","R","T","E","$","R","M","?","R","B",null,"M","M","?","$","M","E"],"character_chosen":"BEAKED_THE_CULTIST","items_purchased":["beaked:Caw","beaked:StunningBlow+1","Whetstone","Guide Book"],"campfire_rested":0,"item_purchase_floors":[11,21,21,21],"current_hp_per_floor":[46,46,46,47,47,48,53,53,53,56,56,56,54,43,43,66,69,69,76,76,76,48,43,43],"gold":49,"neow_bonus":"THREE_ENEMY_KILL","is_daily":false,"chose_seed":false,"campfire_upgraded":2,"win_rate":0.0,"timestamp":1612271728,"path_taken":["M","?","?","M","?","E","?","R","T","E","$","R","M","?","R","BOSS","M","M","?","$","M","E"],"items_purchased_type":["Card","Card","Relic","Relic"],"build_version":"2020-12-22","purchased_purges":2,"victory":false,"max_hp_per_floor":[50,50,50,50,50,50,53,53,53,56,56,56,56,70,70,70,70,73,76,76,76,79,79,79],"card_choices":[{"not_picked":["beaked:SurvivalInstinct","beaked:SacrificialDive"],"picked":"beaked:CursingBlood","floor":1},{"not_picked":["beaked:WarriorEssence","beaked:Roost"],"picked":"beaked:Sacrifice","floor":4},{"not_picked":["beaked:BounceBack","beaked:Foresight"],"picked":"beaked:Roost","floor":6},{"not_picked":["beaked:RuinSticks","beaked:WarriorEssence"],"picked":"ReplayTheSpireMod:Wings of Steel","floor":7},{"not_picked":["beaked:StunningBlow","beaked:Flinch","Bomb"],"picked":"SKIP","floor":10},{"not_picked":["beaked:Tradeoff","beaked:Foresight","beaked:WarriorSpirit"],"picked":"SKIP","floor":13},{"not_picked":["beaked:Tweet","beaked:Resilience"],"picked":"beaked:DigDeep","floor":14},{"not_picked":["beaked:DarkTribute","ReplayTheSpireMod:Owlgaze"],"picked":"beaked:LiftOff","floor":16},{"not_picked":["beaked:MimicWarrior+1","beaked:WarriorEssence+1","beaked:Windmill"],"picked":"SKIP","floor":18},{"not_picked":["beaked:Windmill","beaked:TuckingFeathers"],"picked":"beaked:FeelMyPain","floor":19},{"not_picked":["beaked:CrazyRituals","beaked:MimicMachine"],"picked":"beaked:StunningBlow","floor":22}],"player_experience":552509,"relics_obtained":[{"floor":3,"key":"Ring of Misfortune"},{"floor":3,"key":"Ring of Panic"},{"floor":6,"key":"Smiling Mask"},{"floor":9,"key":"aspiration:HiddenCompartment"},{"floor":10,"key":"hubris:SphereOfDissonance"},{"floor":14,"key":"Mango"}],"event_choices":[{"damage_healed":0,"gold_gain":0,"player_choice":"Read","damage_taken":0,"max_hp_gain":0,"max_hp_loss":0,"event_name":"The Library","floor":20,"gold_loss":0,"cards_obtained":["ThirdEye"]}],"is_beta":false,"boss_relics":[{"not_picked":["Velvet Choker","Honey Jar"],"picked":"Snecko Eye"},{"not_picked":[]}],"items_purged_floors":[11,21],"is_endless":false,"potions_floor_spawned":[6,10,16,22],"killed_by":"Replay:Snechameleon","ascension_level":7}}