{"host":"lehbxtjrpalkmwwj","time":1612280670,"event":{"mods":["BaseMod","Colored Powertips","GungeonMod","Minty Spire (QoL Compilation)","Replay The Spire","Shop Mod","StSLib","The Bug Knight","The Cursed","The Gatherer"],"gold_per_floor":[113,113,188,188,188,188,217,567,593,628,656,656,694,720,720,828,828,849,892,807,824,327,373,373,419,419,44,50,50],"floor_reached":28,"language":"ZHS","playtime":788,"items_purged":["Regret"],"score":480,"play_id":"c82afb78-3241-4b87-9a99-89bd75a75a21","local_time":"20210202234430","is_ascension_mode":true,"campfire_choices":[{"floor":6.0,"key":"RECALL"},{"data":"Intimidate","floor":12.0,"key":"SMITH"},{"data":"Life Link","floor":15.0,"key":"SMITH"}],"circlet_count":0,"master_deck":["Strike_R","Strike_R+1","Strike_R+1","Strike_R","Strike_R","Defend_R","Defend_R","Defend_R","Defend_R+1","Bash+1","Combust+1","Thunderclap","Amnesia","Writhe","CommonCold","Intimidate+1","Hemogenesis","Doubt","Shockwave","Life Link+1","TheCursedMod:Dregs","Berserk","Hemokinesis+1","Rupture","TheCursedMod:Dregs","Heavy Blade+1","Combust+1","Looming Evil","Clumsy","Looming Evil","Rampage+1","Perfected Strike+1","DemoMod:WhiteBlade","DemoMod:BlackBlade+1"],"relics":["Burning Blood","NeowsBlessing","Simple Rune","ReplayTheSpireMod:TigerMarble","Red Skull","Ring of Peace","Ring of Greed","Old Coin","Smiling Mask","Replay:Bandana","DemoMod:ResourcefulSack","Anchor","Replay:Bronze Core","Red Mask","DemoMod:ClearGuonStone","Strange Spoon","Art of War","Oddly Smooth Stone","Bag of Marbles","DemoMod:Bottle","Molten Egg 2","Whetstone","DemoMod:OrangeGuonStone"],"acts_visited":["Exordium","TheCity"],"potions_floor_usage":[25,25],"damage_taken":[{"damage":0.0,"enemies":"Small Slimes","floor":1.0,"turns":1.0},{"damage":0.0,"enemies":"Gremlin Nob","floor":7.0,"turns":1.0},{"damage":0.0,"enemies":"3 Sentries","floor":10.0,"turns":1.0},{"damage":4.0,"enemies":"Jaw Worm","floor":11.0,"turns":4.0},{"damage":15.0,"enemies":"Gremlin Nob","floor":13.0,"turns":4.0},{"damage":1.0,"enemies":"2 Louse","floor":14.0,"turns":3.0},{"damage":50.0,"enemies":"Hexaghost","floor":16.0,"turns":12.0},{"damage":40.0,"enemies":"2 Thieves","floor":18.0,"turns":5.0},{"damage":13.0,"enemies":"Masked Bandits","floor":19.0,"turns":4.0},{"damage":38.0,"enemies":"Shelled Parasite and Fungi","floor":21.0,"turns":6.0},{"damage":2.0,"enemies":"Replay:Snechameleon","floor":23.0,"turns":4.0},{"damage":12,"enemies":"Slavers","floor":25,"turns":4},{"damage":10,"enemies":"Gremlin Leader","floor":28,"turns":2}],"seed_played":"4352663473493771551","potions_obtained":[{"floor":1.0,"key":"Swift Potion"},{"floor":7.0,"key":"Explosive Potion"},{"floor":10.0,"key":"DemoMod:LeadSkinPotion"},{"floor":18.0,"key":"Fire Potion"},{"floor":21.0,"key":"SkillPotion"},{"floor":23.0,"key":"AttackPotion"}],"is_trial":false,"path_per_floor":["M","?","?","?","?","R","E","?","T","E","M","R","E","M","R","B",null,"M","?","?","M","$","E","T","E","T","$","E"],"character_chosen":"IRONCLAD","items_purchased":["Strange Spoon","Art of War","Oddly Smooth Stone","DemoMod:OrangeGuonStone","Perfected Strike+1","DemoMod:BlackBlade+1"],"campfire_rested":0,"item_purchase_floors":[22,22,22,27,27,27],"current_hp_per_floor":[80,80,69,44,44,44,50,50,50,56,58,58,56,67,67,28,80,46,39,39,7,7,11,11,10,10,10,0,0],"gold":50,"neow_bonus":"THREE_ENEMY_KILL","is_daily":false,"chose_seed":false,"campfire_upgraded":2,"win_rate":0.0,"timestamp":1612280670,"path_taken":["M","?","?","?","?","R","E","?","T","E","M","R","E","M","R","BOSS","M","?","?","M","?","E","?","E","T","$","E"],"items_purchased_type":["Relic","Relic","Relic","Relic","Card","Card"],"build_version":"2020-12-22","purchased_purges":1,"victory":false,"max_hp_per_floor":[80,80,80,80,80,80,80,80,80,80,80,80,80,80,80,80,80,80,80,80,80,80,80,80,80,80,80,80,80],"card_choices":[{"not_picked":["ReplayTheSpireMod:Muscle Training","ReplayTheSpireMod:Stacked"],"picked":"Combust","floor":1.0},{"not_picked":["Feel No Pain","Dark Embrace"],"picked":"Thunderclap","floor":7.0},{"not_picked":["Clash","Second Wind"],"picked":"Intimidate","floor":10.0},{"not_picked":["ReplayTheSpireMod:Stacked","Headbutt"],"picked":"Hemogenesis","floor":11.0},{"not_picked":["Replay:Undeath\u0027s Touch","Havoc"],"picked":"Shockwave","floor":13.0},{"not_picked":["True Grit","ReplayTheSpireMod:LeadingStrike"],"picked":"Life Link","floor":14.0},{"not_picked":["Reaper","Double Tap"],"picked":"Berserk","floor":16.0},{"not_picked":["Heavy Blade","Thunderclap"],"picked":"Hemokinesis+1","floor":18.0},{"not_picked":["Shrug It Off","Massacre"],"picked":"Rupture","floor":19.0},{"not_picked":["Flex","Life Link"],"picked":"Heavy Blade+1","floor":21.0},{"not_picked":["ReplayTheSpireMod:Strike From Hell","Shrug It Off"],"picked":"Combust+1","floor":23.0},{"not_picked":["Body Slam+1","Entrench"],"picked":"Rampage+1","floor":25}],"player_experience":103707,"relics_obtained":[{"floor":7.0,"key":"Red Skull"},{"floor":8.0,"key":"Ring of Peace"},{"floor":8.0,"key":"Ring of Greed"},{"floor":8.0,"key":"Old Coin"},{"floor":8.0,"key":"Smiling Mask"},{"floor":9.0,"key":"Replay:Bandana"},{"floor":10.0,"key":"DemoMod:ResourcefulSack"},{"floor":13.0,"key":"Anchor"},{"floor":19.0,"key":"Red Mask"},{"floor":23.0,"key":"Bag of Marbles"},{"floor":24.0,"key":"DemoMod:Bottle"},{"floor":25,"key":"Molten Egg 2"},{"floor":26,"key":"Whetstone"}],"event_choices":[{"damage_healed":0.0,"max_hp_gain":0.0,"max_hp_loss":0.0,"gold_gain":0.0,"event_name":"Living Wall","player_choice":"Grow","floor":2.0,"gold_loss":0.0,"damage_taken":0.0,"cards_upgraded":["Combust"]},{"damage_healed":0.0,"max_hp_gain":0.0,"max_hp_loss":0.0,"gold_gain":75.0,"event_name":"World of Goop","player_choice":"Gather Gold","floor":3.0,"gold_loss":0.0,"damage_taken":11.0},{"damage_healed":0.0,"max_hp_gain":0.0,"max_hp_loss":0.0,"gold_gain":0.0,"event_name":"Scrap Ooze","player_choice":"Success","floor":4.0,"gold_loss":0.0,"damage_taken":25.0,"relics_obtained":["Simple Rune"]},{"damage_healed":0.0,"max_hp_gain":0.0,"max_hp_loss":0.0,"gold_gain":0.0,"event_name":"Big Fish","player_choice":"Box","floor":5.0,"gold_loss":0.0,"damage_taken":0.0,"relics_obtained":["ReplayTheSpireMod:TigerMarble"],"cards_obtained":["Regret"]},{"damage_healed":0.0,"max_hp_gain":0.0,"max_hp_loss":0.0,"gold_gain":0.0,"event_name":"Masked Bandits","player_choice":"Fought Bandits","floor":19.0,"gold_loss":0.0,"damage_taken":0.0},{"damage_healed":0.0,"max_hp_gain":0.0,"max_hp_loss":0.0,"gold_gain":0.0,"event_name":"Addict","player_choice":"Obtained Relic","floor":20.0,"gold_loss":85.0,"damage_taken":0.0,"relics_obtained":["DemoMod:ClearGuonStone"]}],"is_beta":false,"boss_relics":[{"not_picked":["SlaversCollar","Ectoplasm"],"picked":"Replay:Bronze Core"}],"items_purged_floors":[22],"is_endless":false,"potions_floor_spawned":[1,7,10,18,21,23],"killed_by":"Gremlin Leader","ascension_level":2}}