{"host":"x7xd4wkamhrqrrvw","time":1612264277,"event":{"mods":["AchievementEnabler","BaseMod","Minty Spire (QoL Compilation)","StSLib"],"gold_per_floor":[116,116,66,29,29,29,69,69,69,138,179,199,238,2,2,100,100,124,124,147,147,161,161,205,304,304,317,317,317,117,155,155,248,248,263,278,303,0,16,16,47,47,47,82,107,107,141,156,156,156,156,156,17,51,51],"floor_reached":56,"language":"ENG","playtime":5199,"items_purged":["Strike_B","Injury","Parasite"],"score":2084,"play_id":"ec0c7604-59d9-434b-b1f8-8c088df15963","local_time":"20210202091117","is_ascension_mode":true,"campfire_choices":[{"data":"Zap","floor":6.0,"key":"SMITH"},{"data":"Auto Shields","floor":8.0,"key":"SMITH"},{"floor":15.0,"key":"REST"},{"data":"Creative AI","floor":23.0,"key":"SMITH"},{"data":"Defragment","floor":28.0,"key":"SMITH"},{"floor":32.0,"key":"REST"},{"floor":40,"key":"REST"},{"data":"Capacitor","floor":42,"key":"SMITH"},{"floor":49,"key":"RECALL"},{"floor":52,"key":"REST"}],"circlet_count":0,"master_deck":["AscendersBane","Strike_B","Defend_B","Defend_B","Defend_B","Defend_B","Zap+1","Dualcast","Barrage","Auto Shields+1","Reboot","Melter","Creative AI+1","Capacitor+1","Conserve Battery+1","Coolheaded+1","Finesse+1","Electrodynamics","Force Field+1","Defragment+1","Hologram+1","Fission+1","Reinforced Body+1","Capacitor","White Noise+1","Seek+1","Loop+1","Defragment+1"],"relics":["Cracked Core","NeowsBlessing","Golden Idol","WingedGreaves","Art of War","Mango","The Courier","Darkstone Periapt","Toxic Egg 2","Cursed Key","StoneCalendar","Centennial Puzzle","Busted Crown","Red Mask","Letter Opener","FossilizedHelix","MealTicket","Bronze Scales","Eternal Feather"],"acts_visited":["Exordium","TheCity","TheBeyond","TheEnding"],"potions_floor_usage":[50,54,55,55],"damage_taken":[{"damage":0.0,"enemies":"Cultist","floor":1.0,"turns":1.0},{"damage":0.0,"enemies":"Gremlin Nob","floor":7.0,"turns":1.0},{"damage":0.0,"enemies":"Gremlin Nob","floor":10.0,"turns":1.0},{"damage":7.0,"enemies":"Lagavulin","floor":11.0,"turns":7.0},{"damage":0.0,"enemies":"Jaw Worm","floor":12.0,"turns":2.0},{"damage":36.0,"enemies":"Gremlin Nob","floor":13.0,"turns":5.0},{"damage":21.0,"enemies":"Slime Boss","floor":16.0,"turns":10.0},{"damage":0.0,"enemies":"Spheric Guardian","floor":18.0,"turns":3.0},{"damage":2.0,"enemies":"Shell Parasite","floor":20.0,"turns":8.0},{"damage":9.0,"enemies":"Chosen and Byrds","floor":22.0,"turns":7.0},{"damage":20.0,"enemies":"Slavers","floor":24.0,"turns":5.0},{"damage":10.0,"enemies":"Centurion and Healer","floor":27.0,"turns":6.0},{"damage":3.0,"enemies":"Gremlin Leader","floor":31.0,"turns":7.0},{"damage":6.0,"enemies":"Collector","floor":33.0,"turns":11.0},{"damage":6.0,"enemies":"Orb Walker","floor":35.0,"turns":7.0},{"damage":10.0,"enemies":"3 Shapes","floor":36.0,"turns":4.0},{"damage":18.0,"enemies":"Sphere and 2 Shapes","floor":37.0,"turns":6.0},{"damage":12,"enemies":"Transient","floor":39,"turns":5},{"damage":0,"enemies":"Giant Head","floor":41,"turns":14},{"damage":0,"enemies":"Nemesis","floor":44,"turns":11},{"damage":31,"enemies":"Spire Growth","floor":45,"turns":5},{"damage":0,"enemies":"Giant Head","floor":47,"turns":8},{"damage":0,"enemies":"Jaw Worm Horde","floor":48,"turns":2},{"damage":15,"enemies":"Donu and Deca","floor":50,"turns":6},{"damage":23,"enemies":"Shield and Spear","floor":54,"turns":5},{"damage":65,"enemies":"The Heart","floor":55,"turns":8}],"seed_played":"7023242040860178889","potions_obtained":[{"floor":1.0,"key":"Energy Potion"},{"floor":13.0,"key":"Fire Potion"},{"floor":16.0,"key":"Weak Potion"},{"floor":22.0,"key":"Ancient Potion"},{"floor":27.0,"key":"LiquidBronze"},{"floor":31.0,"key":"SpeedPotion"},{"floor":37.0,"key":"Fire Potion"},{"floor":44,"key":"LiquidBronze"},{"floor":48,"key":"GamblersBrew"},{"floor":54,"key":"Block Potion"}],"is_trial":false,"path_per_floor":["M","?","?","$","?","R","E","R","T","?","E","M","E","$","R","B",null,"M","?","M","?","M","R","E","?","T","M","R","?","$","E","R","B",null,"M","M","M","?","M","R","E","R","T","E","M","?","E","M","R","B",null,"R","$","E","B",null],"character_chosen":"DEFECT","items_purchased":["Auto Shields","Coolheaded+1","Finesse+1","Fruit Juice","Reinforced Body+1","Capacitor","FocusPotion"],"campfire_rested":4,"item_purchase_floors":[4,14,14,14,30,30,53],"current_hp_per_floor":[64,47,47,47,44,44,44,44,58,58,51,51,15,20,47,26,74,74,74,72,72,63,63,43,43,49,39,39,39,39,36,64,58,87,81,71,53,53,41,69,69,69,75,75,44,44,44,44,44,29,80,97,94,71,6],"gold":51,"neow_bonus":"THREE_ENEMY_KILL","is_daily":false,"chose_seed":false,"campfire_upgraded":5,"win_rate":0.0,"timestamp":1612264277,"path_taken":["M","?","?","$","?","R","E","R","T","?","E","?","E","$","R","BOSS","M","?","M","?","M","R","E","?","T","M","R","?","$","E","R","BOSS","M","M","?","?","M","R","E","R","T","E","M","?","E","M","R","BOSS","R","$","E","BOSS"],"items_purchased_type":["Card","Card","Card","Potion","Card","Card","Potion"],"build_version":"2020-12-22","purchased_purges":3,"victory":true,"max_hp_per_floor":[71,71,71,71,71,71,71,71,85,85,85,85,85,90,90,90,90,90,90,90,90,90,90,90,90,96,96,96,96,96,96,96,96,96,96,96,96,96,96,96,96,96,102,102,102,97,97,97,97,97,97,97,94,94,94],"card_choices":[{"not_picked":["Lockon","Leap"],"picked":"Barrage","floor":1.0},{"not_picked":["Go for the Eyes","Double Energy"],"picked":"Reboot","floor":7.0},{"not_picked":["Gash","Go for the Eyes"],"picked":"Melter","floor":10.0},{"not_picked":["Fusion","Lockon"],"picked":"Creative AI","floor":11.0},{"not_picked":["Steam","Coolheaded"],"picked":"Capacitor","floor":12.0},{"not_picked":["Ball Lightning","Auto Shields+1"],"picked":"Conserve Battery+1","floor":13.0},{"not_picked":["Thunder Strike","Fission+1"],"picked":"Electrodynamics","floor":16.0},{"not_picked":["Chill+1","Ball Lightning"],"picked":"Force Field+1","floor":18.0},{"not_picked":["Aggregate+1","Stack+1","Redo+1"],"picked":"SKIP","floor":20.0},{"not_picked":["Rebound+1","Conserve Battery+1"],"picked":"Hologram+1","floor":22.0},{"not_picked":["Sunder","Genetic Algorithm+1","Streamline"],"picked":"SKIP","floor":24.0},{"not_picked":["Sweeping Beam","Streamline","Reprogram+1"],"picked":"SKIP","floor":27.0},{"not_picked":["Coolheaded+1","Conserve Battery+1"],"picked":"White Noise+1","floor":31.0},{"not_picked":["Buffer","Reboot+1"],"picked":"Seek+1","floor":33.0},{"not_picked":["Rebound"],"picked":"SKIP","floor":35.0},{"not_picked":["Go for the Eyes"],"picked":"SKIP","floor":36.0},{"not_picked":["Barrage+1"],"picked":"SKIP","floor":37.0},{"not_picked":[],"picked":"Loop+1","floor":39},{"not_picked":["Hello World"],"picked":"SKIP","floor":41},{"not_picked":[],"picked":"Defragment+1","floor":44},{"not_picked":["Chill+1"],"picked":"SKIP","floor":45},{"not_picked":["Melter"],"picked":"SKIP","floor":47},{"not_picked":["Barrage"],"picked":"SKIP","floor":48},{"not_picked":["Self Repair"],"picked":"SKIP","floor":54}],"player_experience":416865,"relics_obtained":[{"floor":7.0,"key":"Art of War"},{"floor":9.0,"key":"Mango"},{"floor":10.0,"key":"The Courier"},{"floor":11.0,"key":"Darkstone Periapt"},{"floor":13.0,"key":"Toxic Egg 2"},{"floor":24.0,"key":"StoneCalendar"},{"floor":31.0,"key":"Centennial Puzzle"},{"floor":41,"key":"Letter Opener"},{"floor":43,"key":"FossilizedHelix"},{"floor":44,"key":"MealTicket"},{"floor":47,"key":"Bronze Scales"},{"floor":54,"key":"Eternal Feather"}],"event_choices":[{"damage_healed":0.0,"max_hp_gain":0.0,"max_hp_loss":0.0,"gold_gain":0.0,"event_name":"Golden Idol","player_choice":"Take Damage","floor":2.0,"gold_loss":0.0,"damage_taken":17.0,"relics_obtained":["Golden Idol"]},{"cards_removed":["Strike_B"],"damage_healed":0.0,"max_hp_gain":0.0,"max_hp_loss":0.0,"gold_gain":0.0,"event_name":"The Cleric","player_choice":"Card Removal","floor":3.0,"gold_loss":50.0,"damage_taken":0.0},{"damage_healed":0.0,"max_hp_gain":0.0,"max_hp_loss":0.0,"gold_gain":0.0,"event_name":"Scrap Ooze","player_choice":"Success","floor":5.0,"gold_loss":0.0,"damage_taken":3.0,"relics_obtained":["WingedGreaves"]},{"damage_healed":0.0,"max_hp_gain":0.0,"max_hp_loss":0.0,"gold_gain":0.0,"event_name":"Dead Adventurer","player_choice":"Searched \u00271\u0027 times","floor":10.0,"gold_loss":0.0,"damage_taken":0.0},{"cards_removed":["Strike_B"],"damage_healed":0.0,"max_hp_gain":0.0,"max_hp_loss":0.0,"gold_gain":0.0,"event_name":"Back to Basics","player_choice":"Elegance","floor":19.0,"gold_loss":0.0,"damage_taken":0.0},{"damage_healed":0.0,"max_hp_gain":0.0,"max_hp_loss":0.0,"gold_gain":0.0,"event_name":"The Library","player_choice":"Read","floor":21.0,"gold_loss":0.0,"damage_taken":0.0,"cards_obtained":["Defragment"]},{"damage_healed":0.0,"max_hp_gain":0.0,"max_hp_loss":0.0,"gold_gain":99.0,"event_name":"Nest","player_choice":"Stole From Cult","floor":25.0,"gold_loss":0.0,"damage_taken":0.0},{"damage_healed":0.0,"max_hp_gain":0.0,"max_hp_loss":0.0,"gold_gain":0.0,"event_name":"Match and Keep!","player_choice":"1 cards matched","floor":29.0,"gold_loss":0.0,"damage_taken":0.0,"cards_obtained":["Fission"]},{"damage_healed":0.0,"max_hp_gain":0.0,"max_hp_loss":0.0,"gold_gain":0.0,"event_name":"Tomb of Lord Red Mask","player_choice":"Paid","floor":38.0,"gold_loss":303.0,"damage_taken":0.0,"relics_obtained":["Red Mask"]},{"damage_healed":0,"gold_gain":0,"player_choice":"Max HP","damage_taken":0,"max_hp_gain":0,"max_hp_loss":5,"event_name":"Winding Halls","floor":46,"gold_loss":0}],"is_beta":false,"boss_relics":[{"not_picked":["Astrolabe","Nuclear Battery"],"picked":"Cursed Key"},{"not_picked":["Calling Bell","Tiny House"],"picked":"Busted Crown"}],"items_purged_floors":[14,30,53],"is_endless":false,"potions_floor_spawned":[1,13,16,18,22,27,31,37,44,45,47,48,54],"ascension_level":14}}