{"host":"2l3i55whvwk76mom","time":1612240613,"event":{"mods":["BaseMod","Googly Eyes","Hermit","Hubris","Minty Spire (QoL Compilation)","Replay The Spire","StSLib","The Cursed","The Disciple","The Hierophant","The Jungle","The Necromancer"],"gold_per_floor":[116,116,116,136,155,155,155,186,186,186,202,216,243,256,256,256,256],"floor_reached":16,"language":"ENG","playtime":737,"items_purged":[],"score":162,"play_id":"6c6c38fd-fa95-444d-b87d-af7499e97803","local_time":"20210201203653","is_ascension_mode":true,"campfire_choices":[{"data":"Combust","floor":6,"key":"SMITH"},{"floor":10,"key":"REST"},{"floor":15,"key":"DIG"}],"circlet_count":0,"master_deck":["Strike_R","Strike_R","Strike_R","Strike_R","Defend_R","Defend_R","Defend_R","Defend_R","Bash","Hemogenesis","ReplayReversal","Combust+1","Thunderclap","Shrug It Off","Shrug It Off","Bloodletting","Body Slam","Limit Break","Armaments"],"relics":["Burning Blood","hubris:ToyBattleship","Garlic","Orichalcum"],"acts_visited":["Exordium"],"potions_floor_usage":[13,13,13,16],"damage_taken":[{"damage":2,"enemies":"2 Louse","floor":1,"turns":3},{"damage":7,"enemies":"Small Slimes","floor":4,"turns":3},{"damage":8,"enemies":"Cultist","floor":5,"turns":3},{"damage":47,"enemies":"Replay:BlueRogue","floor":8,"turns":9},{"damage":3,"enemies":"Blue Slaver","floor":11,"turns":3},{"damage":28,"enemies":"Exordium Thugs","floor":12,"turns":5},{"damage":20,"enemies":"Lagavulin","floor":13,"turns":9},{"damage":12,"enemies":"3 Louse","floor":14,"turns":3},{"damage":40,"enemies":"Slime Boss","floor":16,"turns":7}],"seed_played":"7568121393719663256","potions_obtained":[{"floor":4,"key":"Dexterity Potion"},{"floor":8,"key":"Dexterity Potion"},{"floor":11,"key":"BlessingOfTheForge"},{"floor":13,"key":"Venom Potion"}],"is_trial":false,"path_per_floor":["M","?","?","M","M","R","$","E","T","R","M","M","E","M","R","B"],"character_chosen":"IRONCLAD","items_purchased":[],"campfire_rested":1,"item_purchase_floors":[],"current_hp_per_floor":[80,80,80,79,77,77,77,41,41,65,68,51,42,36,36,0,0],"gold":256,"neow_bonus":"ONE_RANDOM_RARE_CARD","is_daily":false,"chose_seed":false,"campfire_upgraded":1,"win_rate":0.0,"timestamp":1612240613,"path_taken":["M","?","?","M","M","R","$","E","T","R","M","M","E","?","R","BOSS"],"items_purchased_type":[],"build_version":"2020-12-22","purchased_purges":0,"victory":false,"max_hp_per_floor":[80,80,80,80,80,80,80,80,80,80,80,80,80,80,80,80,80],"card_choices":[{"not_picked":["Warcry","Perfected Strike"],"picked":"ReplayReversal","floor":1},{"not_picked":["Anger","Feel No Pain"],"picked":"Thunderclap","floor":4},{"not_picked":["Blood for Blood","Thunderclap"],"picked":"Shrug It Off","floor":5},{"not_picked":["Exhume","Clash"],"picked":"Shrug It Off","floor":8},{"not_picked":["Run Through","Clash"],"picked":"Bloodletting","floor":11},{"not_picked":["Defy Death","Spot Weakness"],"picked":"Body Slam","floor":12},{"not_picked":["Cleave","Inflame"],"picked":"Limit Break","floor":13},{"not_picked":["Replay:Undeath\u0027s Touch","Sentinel"],"picked":"Armaments","floor":14}],"player_experience":347157,"relics_obtained":[{"floor":8,"key":"hubris:ToyBattleship"},{"floor":13,"key":"Garlic"},{"floor":15,"key":"Orichalcum"}],"event_choices":[{"cards_removed":["Strike_R"],"damage_healed":0,"gold_gain":0,"player_choice":"Card Removal","damage_taken":0,"max_hp_gain":0,"max_hp_loss":0,"event_name":"Wheel of Change","floor":3,"gold_loss":0}],"is_beta":false,"boss_relics":[],"items_purged_floors":[],"is_endless":false,"potions_floor_spawned":[4,8,11,13],"killed_by":"Slime Boss","ascension_level":9}}