{"host":"o5lch9xvacbb0fa4","time":1612280702,"event":{"mods":["AchievementEnabler","Act Like it!","Aspiration","Bard","BaseMod","Better Altar","Better Match","Better Note","Better Sensory Stone","Better Skull","Better Third Choice","Better Vampires","BetterRewards","CCEM","Colored Map","Conspire","Downfall","GifTheSpireLib","Googly Eyes","GungeonMod","Halation","Hermit","Highlight Path","Hubris","Infinite Spire","Jedi Mod","Jorbs\u0027s Wanderer Trilogy","Marisa????????","Marked Mod","Mimic Mod","Minty Spire (QoL Compilation)","Permanent Neow","Relic Filter","Relic Sorter","Relic Stats","Replay The Spire","Shade Mod","Shop Mod","Small Relic Pack","StSLib","Stuff the Spire","The Blackbeard","The Runesmith","Unceasing Turn Reminder","everything is the same but u backflip on backflip","slay the spire mod where everything is the same but ironclad has a cowboy hat"],"gold_per_floor":[116,136,151,151,178,178,24,24,48,48,48,73,89,99,99,203,203,213,233,233,233,259,259,289,302,302,353,353,365,665,362,362,464,464,476,376,392,405,405,405,417,447,447,219,232,246,275,275,275,287,287,384,384,395,402,402,411,80,80,81,81,107,109,109,157,169,172,172,251,251,288,137,137,142,149,167,167,186,263,266,256,256],"floor_reached":81,"playtime":3293,"items_purged":["ReplayTheSpireMod:Splinters","Strike_MRS","Strike_MRS"],"score":1674,"play_id":"4d58dda6-0caf-4f52-bf8c-7e3ad7237bc4","local_time":"20210202234502","is_ascension_mode":false,"campfire_choices":[{"data":"MasterSpark","floor":6,"key":"SMITH"},{"data":"NonDirectionalLaser","floor":8,"key":"SMITH"},{"floor":10,"key":"REST"},{"data":"OortCloud","floor":15,"key":"SMITH"},{"data":"CasketOfStar","floor":23,"key":"SMITH"},{"data":"GrandCross","floor":28,"key":"SMITH"},{"floor":32,"key":"REST"},{"data":"GrandCross","floor":40,"key":"SMITH"},{"floor":51,"key":"DIG"},{"data":"WitchOfGreed","floor":59,"key":"SMITH"},{"data":"PropBag","floor":61,"key":"SMITH"},{"data":"CasketOfStar","floor":64,"key":"SMITH"},{"data":"TreasureHunter","floor":68,"key":"SMITH"},{"data":"CollectingQuirk","floor":77,"key":"SMITH"}],"circlet_count":0,"master_deck":["Strike_MRS","Strike_MRS","Defend_MRS","Defend_MRS","Defend_MRS","Defend_MRS","UpSweep","GrandCross+1","OortCloud+1","NonDirectionalLaser+1","GrandCross+1","DC","Orbital","Pot Of Greed","Pot Of Greed","6A","GravityBeat","MasterSpark+1","OortCloud","blackbeard:RearmingStrike","MagicAbsorber","Pot Of Greed","PulseMagic","PulseMagic+1","CurseOfTheBell","OortCloud","CasketOfStar+1","PropBag+1","MysteriousBeam+1","NonDirectionalLaser+1","PropBag+1","TreasureHunter+1","jedi:cleanse","Replay:Dark Deal","Pot Of Greed","expansioncontent:Corrupt","SporeBomb+1","CollectingQuirk+1","6A","MaximisePower","WitchOfGreed+1","DarkSpark","EarthLightRay","SatelliteIllusion","CollectingQuirk","EventHorizon+1","infinitespire:TheBestDefense","Pot Of Greed","GravityBeat","NonDirectionalLaser+1","Feed"],"relics":["BewitchedHakkero","DemoMod:LamentConfigurum","CCEMRelics:GrapeVine","infinitespire:BottledMercury","DemoMod:Antibody","halation:Jellyphish","aspiration:FrozenJewel","Happy Flower","Grinning Jar","hubris:OldNail","RampagingMagicTools","halation:LettersToHer","StuffTheSpire:Gunfinga","Question Card","Replay:Bottled Flurry","jedi:fakemustache","Calling Bell","aspiration:TomeofQuesting","Old Coin","hubris:BottledRain","Toy Ornithopter","halation:Prosthetics","MealTicket","ReplayTheSpireMod:ShopPack","infinitespire:WardingShard","jedi:arcanewood","hubris:ToyBattleship","hubris:ScarierMask","infinitespire:Satchel","Mango","Blue Doll","Regal Pillow","hubris:FunFungus","infinitespire:Golems Mask","DollysMirror","conspire:Flyswatter","aspiration:SeaSaltIceCream","aspiration:Nostalgia","m_IronCrown","ReplayTheSpireMod:Ninjato","CCEMRelics:OldTooth","Letter Opener","Mummified Hand"],"acts_visited":["Exordium","TheCity","TheBeyond","Exordium","TheCity"],"potions_floor_usage":[29,52,65,69,69,75,78],"damage_taken":[{"damage":13,"enemies":"infinitespire:Voidling","floor":1,"turns":4},{"damage":0,"enemies":"Jaw Worm","floor":2,"turns":3},{"damage":0,"enemies":"2 Louse","floor":3,"turns":2},{"damage":5,"enemies":"Gremlin Nob","floor":12,"turns":3},{"damage":8,"enemies":"2 Fungi Beasts","floor":13,"turns":2},{"damage":0,"enemies":"3 Louse","floor":14,"turns":1},{"damage":3,"enemies":"The Guardian","floor":16,"turns":9},{"damage":16,"enemies":"Shell Parasite","floor":18,"turns":3},{"damage":3,"enemies":"3 Byrds","floor":19,"turns":4},{"damage":5,"enemies":"Gremlin Leader","floor":24,"turns":5},{"damage":0,"enemies":"Snecko","floor":25,"turns":4},{"damage":10,"enemies":"Snake Plant","floor":29,"turns":2},{"damage":2,"enemies":"Champ","floor":33,"turns":8},{"damage":0,"enemies":"3 Shapes","floor":35,"turns":2},{"damage":0,"enemies":"Orb Walker","floor":37,"turns":2},{"damage":1,"enemies":"Sphere and 2 Shapes","floor":38,"turns":2},{"damage":0,"enemies":"Writhing Mass","floor":41,"turns":3},{"damage":21,"enemies":"Nightmare","floor":42,"turns":5},{"damage":0,"enemies":"Jaw Worm Horde","floor":45,"turns":2},{"damage":5,"enemies":"Sphere and 2 Shapes","floor":46,"turns":3},{"damage":0,"enemies":"Giant Head","floor":47,"turns":4},{"damage":8,"enemies":"3 Darklings","floor":50,"turns":2},{"damage":37,"enemies":"infinitespire:MassOfShapes","floor":52,"turns":6},{"damage":0,"enemies":"Cultist","floor":54,"turns":1},{"damage":0,"enemies":"Jaw Worm","floor":55,"turns":1},{"damage":0,"enemies":"2 Louse","floor":57,"turns":1},{"damage":0,"enemies":"Large Slime","floor":60,"turns":1},{"damage":0,"enemies":"Blue Slaver","floor":63,"turns":2},{"damage":0,"enemies":"3 Sentries","floor":65,"turns":2},{"damage":1,"enemies":"Looter","floor":66,"turns":2},{"damage":0,"enemies":"Large Slime","floor":67,"turns":3},{"damage":1,"enemies":"Hexaghost","floor":69,"turns":2},{"damage":11,"enemies":"2 Thieves","floor":71,"turns":3},{"damage":12,"enemies":"Shell Parasite","floor":74,"turns":2},{"damage":17,"enemies":"Shelled Parasite and Fungi","floor":75,"turns":2},{"damage":34,"enemies":"Nightmare_Alpha","floor":76,"turns":3},{"damage":0,"enemies":"Book of Stabbing","floor":78,"turns":2},{"damage":13,"enemies":"Centurion and Healer","floor":80,"turns":2},{"damage":72,"enemies":"Snake Plant","floor":81,"turns":2}],"seed_played":"3704915301615916856","potions_obtained":[{"floor":3,"key":"SpeedPotion"},{"floor":13,"key":"Energy Potion"},{"floor":25,"key":"FearPotion"},{"floor":27,"key":"SkillPotion"},{"floor":33,"key":"DuplicationPotion"},{"floor":41,"key":"Strength Potion"},{"floor":54,"key":"jedi:StrikingPotion"},{"floor":55,"key":"SkillPotion"},{"floor":63,"key":"hexamod:EctoCoolerPotion"},{"floor":65,"key":"Energy Potion"},{"floor":71,"key":"AttackPotion"},{"floor":71,"key":"LifebloodPotion"}],"is_trial":false,"path_per_floor":["M","M","M","T","T","R","$","R","T","R","?","E","M","M","R","B",null,"M","M","?","?","T","R","E","M","T","?","R","M","AVR","$","R","B",null,"M","NS","M","M","?","R","M","NM","T","$","M","M","E","PTL","PTL","M","R_BF","B",null,"M","M","?","M","$","R","M","R","T","M","R","E","M","M","R","B",null,"M","$","?","M","M","NM","R","E","T","M","M"],"character_chosen":"MARISA","items_purchased":["infinitespire:BottledMercury","DemoMod:Antibody","halation:Jellyphish","OortCloud","NonDirectionalLaser","Grinning Jar","Toy Ornithopter","OortCloud","ReplayTheSpireMod:ShopPack","Mango","WitchOfGreed","DollysMirror"],"campfire_rested":2,"item_purchase_floors":[0,0,0,0,0,7,31,31,44,58,58,72],"current_hp_per_floor":[31,31,31,31,31,31,31,31,31,53,61,56,48,48,48,45,75,59,56,56,56,56,56,56,56,56,56,56,46,66,80,80,78,45,45,45,45,49,49,49,49,28,28,50,50,45,45,45,45,37,37,10,50,57,57,57,57,71,71,71,71,71,76,76,76,76,76,76,76,76,73,76,76,64,56,50,50,55,55,58,0,0],"gold":256,"neow_bonus":"","is_daily":false,"chose_seed":false,"campfire_upgraded":11,"win_rate":0.0,"timestamp":1612280702,"path_taken":["M","?","M","?","?","R","?","R","T","R","?","E","M","M","R","BOSS","M","M","?","?","?","R","E","M","T","?","R","M","AVR","?","R","BOSS","M","NS","M","M","?","R","?","NM","T","$","M","M","E","PTL","PTL","M","R_BF","BOSS","M","M","?","?","$","R","M","R","T","M","R","E","?","M","R","BOSS","M","?","?","M","M","NM","R","E","T","?","M"],"items_purchased_type":["Relic","Relic","Relic","Card","Card","Relic","Relic","Card","Relic","Relic","Card","Relic"],"build_version":"2020-12-13","purchased_purges":3,"victory":false,"max_hp_per_floor":[75,75,75,75,75,75,75,75,75,75,75,75,75,75,75,75,75,75,75,75,75,75,75,80,80,80,80,80,80,80,80,80,80,45,45,45,45,50,50,50,50,50,50,50,50,50,50,50,50,50,50,50,50,57,57,57,57,71,71,71,71,71,76,76,76,76,76,76,76,76,76,76,76,76,76,76,76,76,76,76,76,76],"relic_stats":{"Regal Pillow":0,"Happy Flower":[34],"counters":[124,389],"Mummified Hand":[4],"MealTicket":25,"Letter Opener":[45],"Question Card":52,"obtain_stats":[{"jedi:angrymask":23,"Golden Egg":77,"infinitespire:BottledMercury":149,"StuffTheSpire:Barrel":124,"DemoMod:AgedBell":74,"jedi:zontanonomicon":31,"Spirit Poop":36,"Runesmith:Locket":13,"StuffTheSpire:BottledEssence":123,"Old Coin":30,"relicPack:OneForAll":59,"conspire:GlowingRock":104,"Sundial":55,"CCEMRelics:DissonantTune":2,"DemoMod:LamentConfigurum":12,"MealTicket":42,"infinitespire:Golems Mask":69,"HandDrill":39,"Replay:Bottled Flurry":27,"Kunai":45,"Electric Blood":68,"aspiration:DSix":132,"MerchantsRug":37,"aspiration:StickyExplosives":80,"Blue Candle":46,"Pen Nib":147,"Replay:Ancient Bell":34,"aspiration:FrozenJewel":4,"infinitespire:EvilPickle":33,"DemoMod:GundromedaStrain":34,"StuffTheSpire:MayFlowers":95,"halation:Jellyphish":0,"halation:PenCase":45,"MiniHakkero":1,"Unceasing Top":48,"conspire:Flyswatter":76,"AmplifyWand":50,"Lantern":124,"Regal Pillow":65,"Blue Doll":62,"King of Hearts":149,"Bag of Preparation":9,"hubris:EmptyBottle":98,"jedi:archwizardhat":156,"Smiling Mask":91,"Ancient Tea Set":65,"Burning Blood":0,"Pet Ghost":1,"StuffTheSpire:OccultApparatus":54,"StuffTheSpire:Gunfinga":24,"Matryoshka":47,"aspiration:AnachronicSnailShell":7,"hubris:ScarierMask":53,"CCEMRelics:GrapeVine":43,"hubris:FunFungus":66,"hubris:ChampionShield":60,"StuffTheSpire:RedRose":106,"CCEMRelics:WhiteRose":52,"BewitchedHakkero":70,"CCEMRelics:JestersCrown":37,"InkBottle":66,"DemoMod:WeirdEgg":147,"DemoMod:Antibody":0,"halation:Yufonium":50,"jedi:gremlinknob":41,"Thread and Needle":110,"DemoMod:PartiallyEatenCheese":14,"DemoMod:PinkGuonStone":54,"Omamori":126,"aspiration:RandomNobGenerator":153,"CCEMRelics:CocoNut":24,"infinitespire:Lucky Rock":74,"aspiration:PocketMushroom":55,"StuffTheSpire:Mouthbags":93,"Ornamental Fan":78,"Durian":38,"Bottled Lightning":22,"ReplayTheSpireMod:Lightbulb":53,"Toy Ornithopter":76,"halation:Trompette":129,"hubris:BottledRain":30,"DemoMod:BlueGuonStone":76,"Calipers":42,"Gremlin Horn":42,"m_IronCrown":78,"relicPack:StarArrow":53,"Vajra":128,"jedi:command_rare":134,"DemoMod:GlassGuonStoneRelic":3,"halation:Prosthetics":68,"Lizard Tail":142,"DemoMod:MonsterBlood":4,"halation:PrussianBluePaint":63,"aspiration:MobileForge":107,"DollysMirror":72,"Philosopher\u0027s Stone":68,"Prayer Wheel":57,"DemoMod:ClearGuonStone":108,"Toxic Egg 2":129,"RampagingMagicTools":17,"conspire:Dentures":91,"hubris:DuctTape":34,"Happy Flower":5,"halation:PlatinumPhoenix":71,"aspiration:Nostalgia":78,"Replay:Grab Bag":68,"Ring of Chaos":85,"conspire:Boomerang":112,"Replay:Kaleidoscope":82,"Letter Opener":41,"aspiration:SeaSaltIceCream":78,"Question Card":26,"jedi:heavyjacket":122,"Replay:Baseball":58,"Bottled Flame":126,"jedi:hotpepper":61,"Shuriken":35,"DemoMod:DecoyRelic":107,"Molten Egg 2":93,"DemoMod:NanoMachines":95,"Onion Ring":145,"StuffTheSpire:DarkSteelAnvil":75,"StuffTheSpire:PointBlank":11,"Black Star":70,"infinitespire:EmpoweringShard":110,"ReplayTheSpireMod:TigerMarble":132,"hubris:ToyBattleship":51,"Grinning Jar":123,"Pocketwatch":37,"Meat on the Bone":46,"conspire:SpecialSausage":51,"aspiration:TomeofQuesting":108,"Mango":58,"jedi:command_boss":61,"Juzu Bracelet":98,"hubris:SlimyHat":18,"relicPack:DarknessArmor":144,"CCEMRelics:TechnogenicHelmet":12,"DemoMod:WhiteGuonStone":26,"conspire:TopHat":41,"aspiration:StickyExplosives_weak":155,"CCEMRelics:TransientCore":63,"StuffTheSpire:Experiment12":25,"Frozen Eye":112,"Nunchaku":82,"Replay:Bandana":144,"CCEMRelics:OldTooth":47,"hubris:Icosahedron":105,"aspiration:DefectSkillbook":17,"Mummified Hand":52,"StuffTheSpire:HeavyRock":98,"jedi:cryingmask":39,"hubris:IronBody":112,"halation:LettersToHer":22,"Red Skull":111,"CCEMRelics:Barrel":28,"Gremlin Food":67,"DemoMod:Armor":95,"ReplayTheSpireMod:Ninjato":79,"aspiration:FetidBarrel":155,"aspiration:RunicSpoon":16,"halation:IllGainedPizza":34,"hubris:MedicalManual":123,"aspiration:HummingbirdHeart":33,"White Beast Statue":74,"Mercury Hourglass":97,"CCEMRelics:SpiritsEdge":142,"jedi:fakemustache":155,"Calling Bell":30,"Anchor":97,"infinitespire:WardingShard":47,"halation:EternalFortune":72,"infinitespire:Satchel":56,"StuffTheSpire:CocoNut":94,"hubris:BundleOfHerbs":70,"Another Sword":156,"CCEMRelics:GrindingGear":29,"jedi:arcanewood":47,"DemoMod:VorpalBullet":134,"hubris:OldNail":9,"ReplayTheSpireMod:ShopPack":44},{"jedi:angrymask":15,"Golden Egg":44,"infinitespire:BottledMercury":81,"StuffTheSpire:Barrel":66,"DemoMod:AgedBell":118,"jedi:zontanonomicon":21,"Spirit Poop":23,"Runesmith:Locket":89,"StuffTheSpire:BottledEssence":66,"Old Coin":97,"relicPack:OneForAll":33,"conspire:GlowingRock":59,"Sundial":110,"CCEMRelics:DissonantTune":86,"DemoMod:LamentConfigurum":89,"MealTicket":103,"infinitespire:Golems Mask":117,"HandDrill":24,"Replay:Bottled Flurry":96,"Kunai":104,"Electric Blood":38,"aspiration:DSix":71,"MerchantsRug":23,"aspiration:StickyExplosives":122,"Blue Candle":105,"Pen Nib":79,"Replay:Ancient Bell":22,"aspiration:FrozenJewel":88,"infinitespire:EvilPickle":22,"DemoMod:GundromedaStrain":22,"StuffTheSpire:MayFlowers":55,"halation:Jellyphish":85,"halation:PenCase":103,"MiniHakkero":86,"Unceasing Top":29,"conspire:Flyswatter":121,"AmplifyWand":107,"Lantern":66,"Regal Pillow":114,"Blue Doll":112,"King of Hearts":81,"Bag of Preparation":6,"hubris:EmptyBottle":56,"jedi:archwizardhat":84,"Smiling Mask":52,"Ancient Tea Set":113,"Burning Blood":0,"Pet Ghost":85,"StuffTheSpire:OccultApparatus":31,"StuffTheSpire:Gunfinga":95,"Matryoshka":105,"aspiration:AnachronicSnailShell":5,"hubris:ScarierMask":108,"CCEMRelics:GrapeVine":103,"hubris:FunFungus":115,"hubris:ChampionShield":33,"StuffTheSpire:RedRose":59,"CCEMRelics:WhiteRose":107,"BewitchedHakkero":117,"CCEMRelics:JestersCrown":23,"InkBottle":114,"DemoMod:WeirdEgg":79,"DemoMod:Antibody":85,"halation:Yufonium":106,"jedi:gremlinknob":101,"Thread and Needle":61,"DemoMod:PartiallyEatenCheese":90,"DemoMod:PinkGuonStone":108,"Omamori":67,"aspiration:RandomNobGenerator":83,"CCEMRelics:CocoNut":94,"infinitespire:Lucky Rock":42,"aspiration:PocketMushroom":109,"StuffTheSpire:Mouthbags":53,"Ornamental Fan":44,"Durian":100,"Bottled Lightning":14,"ReplayTheSpireMod:Lightbulb":31,"Toy Ornithopter":44,"halation:Trompette":69,"hubris:BottledRain":97,"DemoMod:BlueGuonStone":44,"Calipers":102,"Gremlin Horn":103,"m_IronCrown":122,"relicPack:StarArrow":31,"Vajra":68,"jedi:command_rare":72,"DemoMod:GlassGuonStoneRelic":3,"halation:Prosthetics":38,"Lizard Tail":77,"DemoMod:MonsterBlood":3,"halation:PrussianBluePaint":35,"aspiration:MobileForge":59,"DollysMirror":118,"Philosopher\u0027s Stone":38,"Prayer Wheel":110,"DemoMod:ClearGuonStone":60,"Toxic Egg 2":69,"RampagingMagicTools":92,"conspire:Dentures":52,"hubris:DuctTape":22,"Happy Flower":88,"halation:PlatinumPhoenix":117,"aspiration:Nostalgia":122,"Replay:Grab Bag":38,"Ring of Chaos":48,"conspire:Boomerang":61,"Replay:Kaleidoscope":47,"Letter Opener":102,"aspiration:SeaSaltIceCream":122,"Question Card":96,"jedi:heavyjacket":66,"Replay:Baseball":33,"Bottled Flame":67,"jedi:hotpepper":33,"Shuriken":98,"DemoMod:DecoyRelic":59,"Molten Egg 2":53,"DemoMod:NanoMachines":55,"Onion Ring":78,"StuffTheSpire:DarkSteelAnvil":119,"StuffTheSpire:PointBlank":8,"Black Star":39,"infinitespire:EmpoweringShard":61,"ReplayTheSpireMod:TigerMarble":71,"hubris:ToyBattleship":107,"Grinning Jar":66,"Pocketwatch":99,"Meat on the Bone":105,"conspire:SpecialSausage":30,"aspiration:TomeofQuesting":60,"Mango":111,"jedi:command_boss":33,"Juzu Bracelet":56,"hubris:SlimyHat":92,"relicPack:DarknessArmor":78,"CCEMRelics:TechnogenicHelmet":88,"DemoMod:WhiteGuonStone":17,"conspire:TopHat":25,"aspiration:StickyExplosives_weak":83,"CCEMRelics:TransientCore":112,"StuffTheSpire:Experiment12":17,"Frozen Eye":61,"Nunchaku":47,"Replay:Bandana":78,"CCEMRelics:OldTooth":28,"hubris:Icosahedron":59,"aspiration:DefectSkillbook":11,"Mummified Hand":108,"StuffTheSpire:HeavyRock":56,"jedi:cryingmask":24,"hubris:IronBody":61,"halation:LettersToHer":94,"Red Skull":61,"CCEMRelics:Barrel":19,"Gremlin Food":115,"DemoMod:Armor":55,"ReplayTheSpireMod:Ninjato":122,"aspiration:FetidBarrel":83,"aspiration:RunicSpoon":91,"halation:IllGainedPizza":22,"hubris:MedicalManual":66,"aspiration:HummingbirdHeart":97,"White Beast Statue":42,"Mercury Hourglass":56,"CCEMRelics:SpiritsEdge":77,"jedi:fakemustache":83,"Calling Bell":97,"Anchor":56,"infinitespire:WardingShard":106,"halation:EternalFortune":40,"infinitespire:Satchel":110,"StuffTheSpire:CocoNut":54,"hubris:BundleOfHerbs":39,"Another Sword":84,"CCEMRelics:GrindingGear":96,"jedi:arcanewood":106,"DemoMod:VorpalBullet":72,"hubris:OldNail":88,"ReplayTheSpireMod:ShopPack":103},{"jedi:angrymask":62,"Golden Egg":178,"infinitespire:BottledMercury":267,"StuffTheSpire:Barrel":240,"DemoMod:AgedBell":376,"jedi:zontanonomicon":93,"Spirit Poop":109,"Runesmith:Locket":289,"StuffTheSpire:BottledEssence":240,"Old Coin":319,"relicPack:OneForAll":148,"conspire:GlowingRock":229,"Sundial":360,"CCEMRelics:DissonantTune":281,"DemoMod:LamentConfigurum":289,"MealTicket":341,"infinitespire:Golems Mask":373,"HandDrill":111,"Replay:Bottled Flurry":317,"Kunai":342,"Electric Blood":163,"aspiration:DSix":249,"MerchantsRug":109,"aspiration:StickyExplosives":385,"Blue Candle":344,"Pen Nib":262,"Replay:Ancient Bell":104,"aspiration:FrozenJewel":286,"infinitespire:EvilPickle":104,"DemoMod:GundromedaStrain":104,"StuffTheSpire:MayFlowers":216,"halation:Jellyphish":277,"halation:PenCase":341,"MiniHakkero":281,"Unceasing Top":132,"conspire:Flyswatter":383,"AmplifyWand":351,"Lantern":240,"Regal Pillow":366,"Blue Doll":362,"King of Hearts":267,"Bag of Preparation":21,"hubris:EmptyBottle":220,"jedi:archwizardhat":271,"Smiling Mask":205,"Ancient Tea Set":364,"Burning Blood":0,"Pet Ghost":277,"StuffTheSpire:OccultApparatus":142,"StuffTheSpire:Gunfinga":313,"Matryoshka":346,"aspiration:AnachronicSnailShell":20,"hubris:ScarierMask":358,"CCEMRelics:GrapeVine":341,"hubris:FunFungus":367,"hubris:ChampionShield":148,"StuffTheSpire:RedRose":229,"CCEMRelics:WhiteRose":352,"BewitchedHakkero":373,"CCEMRelics:JestersCrown":109,"InkBottle":366,"DemoMod:WeirdEgg":262,"DemoMod:Antibody":277,"halation:Yufonium":350,"jedi:gremlinknob":333,"Thread and Needle":234,"DemoMod:PartiallyEatenCheese":291,"DemoMod:PinkGuonStone":358,"Omamori":242,"aspiration:RandomNobGenerator":270,"CCEMRelics:CocoNut":308,"infinitespire:Lucky Rock":172,"aspiration:PocketMushroom":359,"StuffTheSpire:Mouthbags":209,"Ornamental Fan":178,"Durian":331,"Bottled Lightning":57,"ReplayTheSpireMod:Lightbulb":142,"Toy Ornithopter":178,"halation:Trompette":246,"hubris:BottledRain":319,"DemoMod:BlueGuonStone":178,"Calipers":336,"Gremlin Horn":337,"m_IronCrown":385,"relicPack:StarArrow":142,"Vajra":244,"jedi:command_rare":250,"DemoMod:GlassGuonStoneRelic":10,"halation:Prosthetics":163,"Lizard Tail":257,"DemoMod:MonsterBlood":10,"halation:PrussianBluePaint":153,"aspiration:MobileForge":229,"DollysMirror":376,"Philosopher\u0027s Stone":163,"Prayer Wheel":360,"DemoMod:ClearGuonStone":232,"Toxic Egg 2":246,"RampagingMagicTools":301,"conspire:Dentures":205,"hubris:DuctTape":104,"Happy Flower":286,"halation:PlatinumPhoenix":373,"aspiration:Nostalgia":385,"Replay:Grab Bag":163,"Ring of Chaos":193,"conspire:Boomerang":234,"Replay:Kaleidoscope":189,"Letter Opener":335,"aspiration:SeaSaltIceCream":385,"Question Card":317,"jedi:heavyjacket":240,"Replay:Baseball":148,"Bottled Flame":242,"jedi:hotpepper":148,"Shuriken":327,"DemoMod:DecoyRelic":229,"Molten Egg 2":209,"DemoMod:NanoMachines":216,"Onion Ring":261,"StuffTheSpire:DarkSteelAnvil":378,"StuffTheSpire:PointBlank":27,"Black Star":166,"infinitespire:EmpoweringShard":234,"ReplayTheSpireMod:TigerMarble":249,"hubris:ToyBattleship":352,"Grinning Jar":240,"Pocketwatch":329,"Meat on the Bone":344,"conspire:SpecialSausage":140,"aspiration:TomeofQuesting":232,"Mango":361,"jedi:command_boss":148,"Juzu Bracelet":220,"hubris:SlimyHat":301,"relicPack:DarknessArmor":261,"CCEMRelics:TechnogenicHelmet":286,"DemoMod:WhiteGuonStone":75,"conspire:TopHat":114,"aspiration:StickyExplosives_weak":270,"CCEMRelics:TransientCore":362,"StuffTheSpire:Experiment12":75,"Frozen Eye":234,"Nunchaku":189,"Replay:Bandana":261,"CCEMRelics:OldTooth":129,"hubris:Icosahedron":229,"aspiration:DefectSkillbook":46,"Mummified Hand":355,"StuffTheSpire:HeavyRock":220,"jedi:cryingmask":111,"hubris:IronBody":234,"halation:LettersToHer":308,"Red Skull":234,"CCEMRelics:Barrel":88,"Gremlin Food":368,"DemoMod:Armor":216,"ReplayTheSpireMod:Ninjato":385,"aspiration:FetidBarrel":270,"aspiration:RunicSpoon":292,"halation:IllGainedPizza":104,"hubris:MedicalManual":240,"aspiration:HummingbirdHeart":319,"White Beast Statue":172,"Mercury Hourglass":220,"CCEMRelics:SpiritsEdge":257,"jedi:fakemustache":270,"Calling Bell":319,"Anchor":220,"infinitespire:WardingShard":350,"halation:EternalFortune":168,"infinitespire:Satchel":360,"StuffTheSpire:CocoNut":212,"hubris:BundleOfHerbs":166,"Another Sword":271,"CCEMRelics:GrindingGear":317,"jedi:arcanewood":350,"DemoMod:VorpalBullet":250,"hubris:OldNail":286,"ReplayTheSpireMod:ShopPack":341}],"Toy Ornithopter":35},"card_choices":[{"not_picked":["PowerUp","MachineGunSpark"],"picked":"GrandCross","floor":1},{"not_picked":["6A","SporeBomb"],"picked":"DC","floor":2},{"not_picked":["DoubleSpark","MachineGunSpark"],"picked":"Orbital","floor":3},{"not_picked":["MilkyWay","RefractionSpark","DeepEcoloBomb"],"picked":"SKIP","floor":12},{"not_picked":["Singularity","DoubleSpark"],"picked":"6A","floor":13},{"not_picked":["OpenUniverse","UnstableBomb","ChargingUp"],"picked":"SKIP","floor":14},{"not_picked":["BigCrunch","CollectingQuirk"],"picked":"CasketOfStar","floor":16},{"not_picked":["DeepEcoloBomb","Acceleration"],"picked":"GravityBeat","floor":18},{"not_picked":["6A","LuminesStrike"],"picked":"OortCloud","floor":19},{"not_picked":["WitchLeyline","GrandCross"],"picked":"AsteroidBelt+1","floor":24},{"not_picked":["LuminesStrike","DarkMatter"],"picked":"MagicAbsorber","floor":25},{"not_picked":["EnergyRecoil+1","Robbery","SporeBomb"],"picked":"PulseMagic","floor":27},{"not_picked":["BigCrunch","SporeBomb","OrrerysSun+1"],"picked":"PulseMagic+1","floor":29},{"not_picked":["BinaryStars","EscapeVelocity","JA"],"picked":"CasketOfStar","floor":33},{"not_picked":["DoubleSpark+1","IllusionStar","NonDirectionalLaser","DC+1"],"picked":"SKIP","floor":35},{"not_picked":["LuminesStrike","ShootTheMoon","EarthLightRay+1"],"picked":"PropBag","floor":37},{"not_picked":["Occultation","ShootTheMoon+1","LuminesStrike+1"],"picked":"MysteriousBeam+1","floor":38},{"not_picked":["LuminesStrike+1","DC","WitchLeyline"],"picked":"PropBag+1","floor":41},{"not_picked":["DarkSpark","LuminesStrike","MeteoricShower+1"],"picked":"TreasureHunter","floor":42},{"not_picked":["expansioncontent:QuickStudy","Secret Technique","expansioncontent:DashGenerateEvil"],"picked":"jedi:cleanse","floor":44},{"not_picked":["expansioncontent:Sear","jedi:LeechingStrike","expansioncontent:DefensiveStance"],"picked":"Replay:Dark Deal","floor":44},{"not_picked":["ReplayTheSpireMod:Uncanny Aura","expansioncontent:Hexaburn","Impatience"],"picked":"expansioncontent:Corrupt","floor":44},{"not_picked":["DC","OneTimeOff+1","Orbital"],"picked":"SporeBomb+1","floor":45},{"not_picked":["LuminesStrike+1","PowerUp","MysteriousBeam","DC+1"],"picked":"SKIP","floor":46},{"not_picked":["SprinkleStarSeal+1","DC+1","IllusionStar+1"],"picked":"CollectingQuirk","floor":47},{"not_picked":["AsteroidBelt+1","DoubleSpark+1","IllusionStar"],"picked":"6A","floor":50},{"not_picked":["ManaRampage","JA","StarDustReverie"],"picked":"MaximisePower","floor":52},{"not_picked":["GrandCross","BlazeAway","WitchLeyline","6A"],"picked":"SKIP","floor":54},{"not_picked":["MagicChant","GalacticHalo","MysteriousBeam","NonDirectionalLaser"],"picked":"SKIP","floor":55},{"not_picked":["DoubleSpark","MaximisePower","ShootingEcho","SporeBomb"],"picked":"SKIP","floor":57},{"not_picked":["EnergyRecoil","OneTimeOff","NonDirectionalLaser","GrandCross"],"picked":"SKIP","floor":60},{"not_picked":["WitchLeyline","Acceleration","ShootingEcho","GrandCross"],"picked":"SKIP","floor":63},{"not_picked":["SporeBomb","ManaRampage","GalacticHalo"],"picked":"DarkSpark","floor":65},{"not_picked":["AlicesGift","IllusionStar","WitchOfGreed"],"picked":"EarthLightRay","floor":66},{"not_picked":["DoubleSpark","SporeBomb","PowerUp","NonDirectionalLaser"],"picked":"SKIP","floor":67},{"not_picked":["TreasureHunter","SuperNova","AbsoluteMagnitude"],"picked":"SatelliteIllusion","floor":69},{"not_picked":["AsteroidBelt","RefractionSpark","Singularity","WitchOfGreed"],"picked":"SKIP","floor":71},{"not_picked":["AlicesGift","Occultation","GalacticHalo"],"picked":"EventHorizon+1","floor":74},{"not_picked":["ShootingEcho","GravityBeat","6A","PowerUp+1"],"picked":"SKIP","floor":75},{"not_picked":["infinitespire:SevenWalls","ReplayTheSpireMod:Haul"],"picked":"infinitespire:TheBestDefense","floor":76},{"not_picked":["FinalSpark","SatelliteIllusion","OortCloud"],"picked":"GravityBeat","floor":76},{"not_picked":["ShootingEcho","SporeBomb","GalacticHalo"],"picked":"NonDirectionalLaser+1","floor":78},{"not_picked":["MilkyWay","Heavy Blade","ShootingEcho+1"],"picked":"Feed","floor":80}],"player_experience":40773,"relics_obtained":[{"floor":4,"key":"aspiration:FrozenJewel"},{"floor":5,"key":"Happy Flower"},{"floor":9,"key":"hubris:OldNail"},{"floor":12,"key":"DemoMod:LamentConfigurum"},{"floor":22,"key":"halation:LettersToHer"},{"floor":24,"key":"StuffTheSpire:Gunfinga"},{"floor":26,"key":"halation:LettersToHer"},{"floor":26,"key":"Question Card"},{"floor":27,"key":"Replay:Bottled Flurry"},{"floor":30,"key":"aspiration:TomeofQuesting"},{"floor":30,"key":"Old Coin"},{"floor":30,"key":"hubris:BottledRain"},{"floor":42,"key":"MealTicket"},{"floor":43,"key":"halation:LettersToHer"},{"floor":43,"key":"CCEMRelics:GrapeVine"},{"floor":47,"key":"infinitespire:WardingShard"},{"floor":47,"key":"jedi:arcanewood"},{"floor":51,"key":"hubris:ToyBattleship"},{"floor":62,"key":"halation:LettersToHer"},{"floor":62,"key":"Blue Doll"},{"floor":65,"key":"Regal Pillow"},{"floor":69,"key":"infinitespire:Golems Mask"},{"floor":76,"key":"conspire:Flyswatter"},{"floor":78,"key":"aspiration:SeaSaltIceCream"},{"floor":79,"key":"halation:LettersToHer"},{"floor":79,"key":"ReplayTheSpireMod:Ninjato"}],"event_choices":[{"cards_removed":["NonDirectionalLaser"],"damage_healed":0,"gold_gain":0,"player_choice":"Take \u0026 Give","damage_taken":0,"max_hp_gain":0,"max_hp_loss":0,"event_name":"betterNote:BetterNote","floor":20,"gold_loss":0,"cards_obtained":["blackbeard:RearmingStrike"]},{"damage_healed":0,"gold_gain":0,"player_choice":"Random: Yellow","damage_taken":0,"max_hp_gain":0,"max_hp_loss":0,"event_name":"betterThird:BetterPortal","floor":39,"gold_loss":0},{"cards_removed":["NonDirectionalLaser"],"damage_healed":0,"gold_gain":0,"player_choice":"Take \u0026 Give","damage_taken":0,"max_hp_gain":0,"max_hp_loss":0,"event_name":"betterNote:BetterNote","floor":39,"gold_loss":0,"cards_obtained":["NonDirectionalLaser"]},{"damage_healed":0,"gold_gain":0,"player_choice":"Gave Potion","damage_taken":0,"relics_obtained":["infinitespire:Satchel"],"max_hp_gain":0,"max_hp_loss":0,"event_name":"WeMeetAgain","floor":56,"gold_loss":0}],"is_beta":false,"boss_relics":[{"not_picked":["halation:MonkeysPaw","Busted Crown"],"picked":"RampagingMagicTools"},{"not_picked":["aspiration:WatcherSkillbook","Empty Cage"],"picked":"halation:Prosthetics"},{"not_picked":["CCEMRelics:GreenEgg","Ring of Chaos"],"picked":"hubris:ScarierMask"},{"not_picked":["halation:PinkAlligatorPlush","Runic Dome"],"picked":"BewitchedHakkero"}],"items_purged_floors":[30,31,44],"is_endless":true,"potions_floor_spawned":[3,13,25,33,35,38,41,42,54,55,63,65,66,71,74],"killed_by":"Snake Plant","ascension_level":0}}