{"host":"ijtyqc57s6c9mbij","time":1612234888,"event":{"mods":["BaseMod","Colored Map","Downfall","Minty Spire (QoL Compilation)","StSLib"],"gold_per_floor":[349,363,376,376,376,393,393,393,427,438,0,18,37,37,51,151,151,51,64,164,164,164,164,164,177,197,47,62,89,89,103,117,219,219,19,19,69,69,86,23,23,33,33,20,20,55,55,55,74,74,74,74,74,74],"floor_reached":52,"language":"ENG","playtime":3730,"items_purged":[],"score":1096,"play_id":"6d3dfb49-f3d1-4423-bb90-c6ec3bf9b6bb","local_time":"20210201190128","is_ascension_mode":true,"campfire_choices":[{"floor":1.0,"key":"RECALL"},{"data":"Slimebound:Teamwork","floor":18.0,"key":"SMITH"},{"data":"Slimebound:Equalize","floor":30.0,"key":"SMITH"},{"data":"Slimebound:PrepareCrush","floor":35.0,"key":"SMITH"},{"data":"Slimebound:CheckThePlaybook","floor":43,"key":"SMITH"},{"data":"Slimebound:FirmFortitude","floor":45,"key":"SMITH"},{"data":"Slimebound:SelfFormingGoo","floor":47,"key":"SMITH"}],"circlet_count":0,"master_deck":["Slimebound:Strike_Slimebound","Slimebound:Tackle","Slimebound:Defend_Slimebound","Slimebound:Defend_Slimebound","Slimebound:Defend_Slimebound","Slimebound:Split","Slimebound:CorrosiveSpit","Slimebound:SplitMire","Slimebound:SplitLeeching","Slimebound:SelfFormingGoo+1","Slimebound:ViciousTackle","Slimebound:FirmFortitude+1","Slimebound:Nibble","Slimebound:Recollect","Slimebound:LeechingTouch","Slimebound:ComboTackle","Slimebound:HauntingLick","Slimebound:RollThrough+1","Slimebound:SamplingLick","Slimebound:Teamwork+1","Slimebound:Equalize+1","Slimebound:ForwardTackle+1","Slimebound:SplitSpecialist","Slimebound:FlameTackle+1","Slimebound:ItLooksTasty+1","Slimebound:MegaLick","Slimebound:SlimeTap+1","Slimebound:SamplingLick","Slimebound:PrepareCrush+1","Doubt","Slimebound:HungryTackle+1","Decay","Injury","Slimebound:Schlurp+1","Slimebound:CheckThePlaybook+1","downfall:Bewildered","Slimebound:PressTheAttack+1","Slimebound:GoopSpray","Slimebound:Prepare+1","Slimebound:ServeAndProtect"],"relics":["Slimebound:AbsorbEndCombatUpgraded","Shuriken","Pocketwatch","HornCleat","bronze:BronzeIdol","expansioncontent:StudyCardRelic","downfall:HeartBlessingRed","Thread and Needle","Molten Egg 2","Tiny Chest","downfall:HeartBlessingGreen","downfall:HeartBlessingBlue","downfall:ExtraCursedKey","WingedGreaves","Slimebound:PreparedRelic","Blue Candle","Membership Card","Gremlin Horn","Slimebound:StickyStick"],"acts_visited":["Exordium","TheCity","TheBeyond","TheEnding"],"potions_floor_usage":[46],"damage_taken":[{"damage":6.0,"enemies":"2 Louse","floor":2.0,"turns":3.0},{"damage":0.0,"enemies":"Small Slimes","floor":3.0,"turns":3.0},{"damage":0.0,"enemies":"Cultist","floor":6.0,"turns":3.0},{"damage":20.0,"enemies":"Gremlin Nob","floor":9.0,"turns":4.0},{"damage":7.0,"enemies":"Exordium Wildlife","floor":10.0,"turns":3.0},{"damage":3.0,"enemies":"downfall:FleeingMerchant","floor":11.0,"turns":4.0},{"damage":0.0,"enemies":"2 Fungi Beasts","floor":12.0,"turns":2.0},{"damage":0.0,"enemies":"3 Louse","floor":13.0,"turns":2.0},{"damage":6.0,"enemies":"Lots of Slimes","floor":15.0,"turns":2.0},{"damage":34.0,"enemies":"DF_ARCHETYPE_STREAMLINE","floor":16.0,"turns":12.0},{"damage":8.0,"enemies":"Chosen","floor":19.0,"turns":3.0},{"damage":6.0,"enemies":"WA_ARCHETYPE_RETAIN","floor":20.0,"turns":4.0},{"damage":0.0,"enemies":"Snake Plant","floor":25.0,"turns":4.0},{"damage":9.0,"enemies":"Centurion and Healer","floor":26.0,"turns":4.0},{"damage":7.0,"enemies":"Chosen and Byrds","floor":28.0,"turns":7.0},{"damage":3.0,"enemies":"Slavers","floor":29.0,"turns":3.0},{"damage":10.0,"enemies":"Snecko","floor":31.0,"turns":4.0},{"damage":20.0,"enemies":"Snake Plant","floor":32.0,"turns":2.0},{"damage":22.0,"enemies":"IC_MUSHROOM_ARCHETYPE","floor":33.0,"turns":5.0},{"damage":0.0,"enemies":"IC_MUSHROOM_ARCHETYPE","floor":37.0,"turns":4.0},{"damage":7,"enemies":"3 Darklings","floor":39,"turns":4},{"damage":0,"enemies":"downfall:FleeingMerchant","floor":40,"turns":4},{"damage":10,"enemies":"downfall:FleeingMerchant","floor":42,"turns":3},{"damage":3,"enemies":"Reptomancer","floor":46,"turns":4},{"damage":0,"enemies":"3 Shapes","floor":49,"turns":2},{"damage":22,"enemies":"SI_POISON_ARCHETYPE","floor":50,"turns":8},{"damage":190,"enemies":"downfall:CharBossMerchant","floor":52,"turns":8}],"seed_played":"-5899281187769980711","potions_obtained":[{"floor":2.0,"key":"champ:CounterPotion"},{"floor":9.0,"key":"Block Potion"},{"floor":12.0,"key":"Slimebound:SlimedPotion"},{"floor":13.0,"key":"ColorlessPotion"},{"floor":23.0,"key":"CultistPotion"},{"floor":26.0,"key":"SmokeBomb"},{"floor":31.0,"key":"Slimebound:SpawnSlimePotion"},{"floor":32.0,"key":"EntropicBrew"},{"floor":49,"key":"Ancient Potion"}],"is_trial":false,"path_per_floor":["R","M","M","?","?","M","T","?","E","M","$","M","M","?","M","B",null,"R","M","?","?","?","?","T","M","M","?","M","E","R","M","M","B",null,"R","?","?","T","M","$","T","$","R","$","R","E","R","?","M","B",null,"E"],"character_chosen":"SLIMEBOUND","items_purchased":["HornCleat","bronze:BronzeIdol","Slimebound:ComboTackle","Slimebound:SlimedPotion","Membership Card","Gremlin Horn","FairyPotion","Slimebound:GoopSpray"],"campfire_rested":0,"item_purchase_floors":[11,11,11,40,42,42,42,44],"current_hp_per_floor":[47,47,53,53,53,59,59,59,45,40,43,47,51,56,58,32,70,70,66,67,67,54,54,54,56,63,85,80,85,85,80,67,65,85,95,100,100,100,100,100,100,95,95,95,95,100,100,92,100,87,100,0,0,0],"gold":74,"neow_bonus":"TWO_FIFTY_GOLD","is_daily":false,"chose_seed":false,"campfire_upgraded":6,"win_rate":0.0,"timestamp":1612234888,"path_taken":["R","M","M","?","?","M","T","?","E","M","$","?","M","?","M","BOSS","R","M","?","?","?","?","T","M","M","?","M","E","R","?","M","BOSS","R","?","?","?","?","$","T","$","R","?","R","E","R","?","M","BOSS","E"],"items_purchased_type":["Relic","Relic","Card","Potion","Relic","Relic","Potion","Card"],"build_version":"2020-12-22","purchased_purges":0,"victory":false,"max_hp_per_floor":[65,65,65,65,65,65,65,65,65,65,65,65,65,70,70,70,70,70,70,70,70,75,75,75,75,75,85,85,85,85,85,85,85,85,95,100,100,100,100,100,100,100,100,100,100,100,100,100,100,100,100,100,100,100],"card_choices":[{"not_picked":["Slimebound:HungryTackle","Slimebound:LivingWall"],"picked":"Slimebound:SplitMire","floor":2.0},{"not_picked":["Slimebound:LeechEnergy","Slimebound:LivingWall"],"picked":"Slimebound:SplitLeeching","floor":3.0},{"not_picked":["Slimebound:LivingWall","Slimebound:SlimeSpikes"],"picked":"Slimebound:ViciousTackle","floor":6.0},{"not_picked":["Slimebound:SelfFormingGoo","Slimebound:SplitBruiser"],"picked":"Slimebound:Nibble","floor":9.0},{"not_picked":["Slimebound:LeechingTouch","Slimebound:LevelUp"],"picked":"Slimebound:Recollect","floor":10.0},{"not_picked":["Slimebound:SplitLeeching","Slimebound:FormOfPuddle"],"picked":"Slimebound:LeechingTouch","floor":11.0},{"not_picked":["Slimebound:GoopTackle","Slimebound:TongueLash"],"picked":"Slimebound:HauntingLick","floor":12.0},{"not_picked":["Slimebound:GoopTackle","Slimebound:ItLooksTasty"],"picked":"Slimebound:RollThrough","floor":13.0},{"not_picked":["Slimebound:SplitMire","Slimebound:ViciousTackle"],"picked":"Slimebound:SamplingLick","floor":15.0},{"not_picked":["Slimebound:OozeBath","Slimebound:DuplicatedForm"],"picked":"Slimebound:Teamwork","floor":16.0},{"not_picked":["Slimebound:LivingWall+1","Slimebound:Prepare"],"picked":"Slimebound:Equalize","floor":19.0},{"not_picked":["Slimebound:GoopSpray","Slimebound:ComboTackle+1"],"picked":"Slimebound:ForwardTackle+1","floor":20.0},{"not_picked":["Slimebound:LeechingTouch+1","Slimebound:SamplingLick"],"picked":"Slimebound:SplitSpecialist","floor":25.0},{"not_picked":["Slimebound:FinishingTackle+1","Slimebound:ComboTackle+1"],"picked":"Slimebound:FlameTackle+1","floor":26.0},{"not_picked":["Slimebound:SamplingLick+1","Slimebound:GoopSpray"],"picked":"Slimebound:ItLooksTasty+1","floor":28.0},{"not_picked":["Slimebound:ProtectTheBoss","Slimebound:RollThrough+1"],"picked":"Slimebound:MegaLick","floor":29.0},{"not_picked":["Slimebound:DuplicatedForm","Slimebound:SplitMire"],"picked":"Slimebound:SlimeTap+1","floor":31.0},{"not_picked":["Slimebound:ItLooksTasty+1","Slimebound:RollThrough+1"],"picked":"Slimebound:SamplingLick","floor":32.0},{"not_picked":["Slimebound:FirmFortitude","Slimebound:SelfFormingGoo"],"picked":"Slimebound:PrepareCrush","floor":33.0},{"not_picked":["Slimebound:RollThrough+1","Slimebound:GoopTackle+1"],"picked":"Slimebound:HungryTackle+1","floor":37.0},{"not_picked":["Slimebound:HauntingLick+1","Slimebound:SplitMire"],"picked":"Slimebound:Schlurp+1","floor":39},{"not_picked":["Slimebound:SplitLeeching+1","Slimebound:SlimeTap+1"],"picked":"Slimebound:CheckThePlaybook","floor":40},{"not_picked":["Slimebound:SlimeBrawl","Slimebound:ItLooksTasty+1"],"picked":"Slimebound:PressTheAttack+1","floor":42},{"not_picked":["Slimebound:RejuvenatingLick","Slimebound:SplitLeeching"],"picked":"Slimebound:Prepare+1","floor":46},{"not_picked":["Slimebound:RollThrough+1","Slimebound:Schlurp"],"picked":"Slimebound:ServeAndProtect","floor":49}],"player_experience":950539,"relics_obtained":[{"floor":7.0,"key":"Shuriken"},{"floor":9.0,"key":"Pocketwatch"},{"floor":20.0,"key":"Thread and Needle"},{"floor":20.0,"key":"Molten Egg 2"},{"floor":29.0,"key":"Tiny Chest"},{"floor":37.0,"key":"WingedGreaves"},{"floor":38.0,"key":"Slimebound:PreparedRelic"},{"floor":41,"key":"Blue Candle"},{"floor":46,"key":"Slimebound:StickyStick"}],"event_choices":[{"damage_healed":0.0,"max_hp_gain":0.0,"max_hp_loss":0.0,"gold_gain":0.0,"cards_transformed":["Slimebound:Defend_Slimebound"],"event_name":"Living Wall","player_choice":"Change","floor":5.0,"gold_loss":0.0,"damage_taken":0.0,"cards_obtained":["Slimebound:SelfFormingGoo"]},{"damage_healed":0.0,"max_hp_gain":5.0,"max_hp_loss":0.0,"gold_gain":0.0,"event_name":"Big Fish","player_choice":"Donut","floor":14.0,"gold_loss":0.0,"damage_taken":0.0}],"is_beta":false,"boss_relics":[{"not_picked":["Empty Cage","Snecko Eye"],"picked":"expansioncontent:StudyCardRelic"},{"not_picked":["Tiny House","Pandora\u0027s Box"],"picked":"Slimebound:AbsorbEndCombatUpgraded"}],"items_purged_floors":[],"is_endless":false,"potions_floor_spawned":[2,9,12,13,15,20,26,31,32,49],"killed_by":"downfall:CharBossMerchant","ascension_level":1}}