{"host":"d52brwsy6af8zvaq","time":1612246814,"event":{"mods":["AchievementEnabler","BaseMod","Bestiary","Highlight Path","Minty Spire (QoL Compilation)","Quick Restart","Relic Stats","ojb\u0027s Better Paths Mod"],"gold_per_floor":[113,38,38,52,67,93,93,124,124,149,179,196,246,281,281,281,281],"floor_reached":16,"language":"ENG","playtime":873,"items_purged":[],"score":306,"play_id":"ec912737-4844-47be-b424-f411e60e2b30","local_time":"20210201232014","is_ascension_mode":true,"campfire_choices":[{"floor":7.0,"key":"REST"},{"data":"Skewer","floor":15,"key":"SMITH"}],"circlet_count":0,"master_deck":["AscendersBane","Strike_G","Strike_G","Strike_G","Strike_G","Defend_G","Defend_G","Defend_G","Defend_G","Defend_G","Survivor","Neutralize","Backstab","PiercingWail","Skewer+1","Dash","Corpse Explosion","Masterful Stab","Prepared","Deadly Poison"],"relics":["Ring of the Snake","Ancient Tea Set","Pen Nib","White Beast Statue","Gremlin Horn"],"acts_visited":["Exordium"],"potions_floor_usage":[16],"damage_taken":[{"damage":0.0,"enemies":"Jaw Worm","floor":1.0,"turns":5.0},{"damage":0.0,"enemies":"Small Slimes","floor":4.0,"turns":3.0},{"damage":0.0,"enemies":"Cultist","floor":5.0,"turns":5.0},{"damage":56.0,"enemies":"3 Sentries","floor":6.0,"turns":17.0},{"damage":0.0,"enemies":"Gremlin Nob","floor":8.0,"turns":2.0},{"damage":29.0,"enemies":"Lagavulin","floor":10.0,"turns":7.0},{"damage":0,"enemies":"Blue Slaver","floor":12,"turns":2},{"damage":10,"enemies":"3 Sentries","floor":14,"turns":3},{"damage":21,"enemies":"The Guardian","floor":16,"turns":4}],"seed_played":"166759999975432629","potions_obtained":[{"floor":6.0,"key":"DuplicationPotion"},{"floor":10.0,"key":"FairyPotion"},{"floor":12,"key":"SteroidPotion"},{"floor":14,"key":"Energy Potion"}],"is_trial":false,"path_per_floor":["M","?","$","M","M","E","R","E","T","E","?","M","?","E","R","B"],"character_chosen":"THE_SILENT","items_purchased":[],"campfire_rested":1,"item_purchase_floors":[],"current_hp_per_floor":[65,65,65,65,65,9,30,30,30,1,1,1,1,21,21,0,0],"gold":281,"neow_bonus":"TEN_PERCENT_HP_BONUS","is_daily":false,"chose_seed":false,"campfire_upgraded":1,"win_rate":0.0,"timestamp":1612246814,"path_taken":["M","?","$","M","M","E","R","E","T","E","?","M","?","E","R","BOSS"],"items_purchased_type":[],"build_version":"2020-12-22","purchased_purges":0,"victory":false,"max_hp_per_floor":[72,72,72,72,72,72,72,72,72,72,72,72,72,72,72,72,72],"relic_stats":{"Gremlin Horn":[0,0],"counters":[9,48],"Pen Nib":[2],"obtain_stats":[{"Gremlin Horn":14,"Pen Nib":9,"Ancient Tea Set":6,"White Beast Statue":10,"Ring of the Snake":0},{"Gremlin Horn":8,"Pen Nib":5,"Ancient Tea Set":4,"White Beast Statue":6,"Ring of the Snake":0},{"Gremlin Horn":44,"Pen Nib":32,"Ancient Tea Set":30,"White Beast Statue":39,"Ring of the Snake":0}],"Ring of the Snake":[18]},"card_choices":[{"not_picked":["Slice","PiercingWail"],"picked":"Backstab","floor":1.0},{"not_picked":["Quick Slash","Outmaneuver"],"picked":"PiercingWail","floor":4.0},{"not_picked":["Poisoned Stab","Dodge and Roll"],"picked":"Skewer","floor":5.0},{"not_picked":["Outmaneuver","Cloak And Dagger"],"picked":"Dash","floor":6.0},{"not_picked":["Deadly Poison","Burst"],"picked":"Corpse Explosion","floor":8.0},{"not_picked":["Well Laid Plans","Bane"],"picked":"Masterful Stab","floor":10.0},{"not_picked":["Underhanded Strike","Caltrops"],"picked":"Prepared","floor":12},{"not_picked":["Dagger Spray","Acrobatics"],"picked":"Deadly Poison","floor":14}],"player_experience":2116219,"relics_obtained":[{"floor":6.0,"key":"Ancient Tea Set"},{"floor":9.0,"key":"Pen Nib"},{"floor":10.0,"key":"White Beast Statue"},{"floor":14,"key":"Gremlin Horn"}],"event_choices":[{"cards_removed":["Strike_G"],"damage_healed":0.0,"max_hp_gain":0.0,"max_hp_loss":0.0,"gold_gain":0.0,"event_name":"The Cleric","player_choice":"Card Removal","floor":2.0,"gold_loss":75.0,"damage_taken":0.0},{"damage_healed":0,"gold_gain":30,"player_choice":"Searched \u00271\u0027 times","damage_taken":0,"max_hp_gain":0,"max_hp_loss":0,"event_name":"Dead Adventurer","floor":11,"gold_loss":0},{"damage_healed":0,"gold_gain":50,"player_choice":"Pray","damage_taken":0,"max_hp_gain":0,"max_hp_loss":0,"event_name":"Golden Shrine","floor":13,"gold_loss":0}],"is_beta":false,"boss_relics":[],"items_purged_floors":[],"is_endless":false,"potions_floor_spawned":[6,10,12,14],"killed_by":"The Guardian","ascension_level":20}}