{"host":"tzwuiju9jhaz8xpk","time":1612238935,"event":{"mods":["AchievementEnabler","Act Like it!","Ascension Unlocker","BaseMod","Better Altar","Better Match","Better Sensory Stone","Displayed Cursed Tome","Duelist Mod","Evolution","GungeonMod","Highlight Path","Infinite Spire","Minty Spire (QoL Compilation)","Permanent Neow","RNG Fix","Reliquary","Replay The Spire","Spicy Shops","StSLib","The Animator","Uncapped"],"gold_per_floor":[111,111,111,130,29,55,74,74,74,84,132,152,152,152,0,0,0,95,95,110,126,126,126,225,257,257,257,257,273,299,314,314,314,326,34,34,136,136,152,152,167,31,80,80,95,95,121,137,12,12,23,23,23,23,23,23,23,52,52,52],"floor_reached":59,"language":"ENG","playtime":3107,"items_purged":["Defend_R"],"score":700,"play_id":"785e4625-d9a0-4c8e-be5c-9ff7e56e204f","local_time":"20210201230855","is_ascension_mode":false,"campfire_choices":[{"data":"Bash","floor":14,"key":"SMITH"},{"data":"Run Through","floor":17,"key":"SMITH"},{"floor":26,"key":"REST"},{"data":"infinitespire:TheBestDefense","floor":36,"key":"SMITH"},{"floor":44,"key":"REST"},{"data":"Exhume","floor":46,"key":"SMITH"},{"floor":50,"key":"RECALL"},{"data":"Warcry","floor":53,"key":"SMITH"},{"data":"ReplayTheSpireMod:Private Reserves","floor":56,"key":"SMITH"}],"circlet_count":0,"master_deck":["Strike_R","Strike_R","Strike_R","Strike_R+1","Strike_R+1","Defend_R","Defend_R+1","Defend_R+1","Bash+1","Thunderclap","Run Through","Wild Strike","Power Through","Shrug It Off+1","Twin Strike","Pommel Strike","Deep Breath","Run Through+1","Exhume+1","Intimidate","Intimidate+1","infinitespire:TheBestDefense+1","Armaments","Pummel+1","Wild Strike","Fire Breathing+1","Reckless Charge+1","ReplayTheSpireMod:Private Reserves+1","Iron Wave","Warcry+1","Wild Strike","Warcry+1","Hallucinations","Uppercut+1"],"relics":["Burning Blood","EVO:Axolotl","DemoMod:MonsterBlood","reliquary:RosewoodLute","DemoMod:MeatBun","Simple Rune","Orichalcum","Mark of Pain","Blood Vial","reliquary:PurpleTingedLeaf","Calipers","infinitespire:WardingShard","ReplayTheSpireMod:TigerMarble","Torii","reliquary:Stiletto","ChewingGum","ReplayTheSpireMod:Lightbulb","HandDrill","Ring of Chaos","Ring of Hypnosis","Anchor"],"acts_visited":["Exordium","TheCity","TheBeyond","TheEnding"],"potions_floor_usage":[18,18,25,25,37,37,37,54,54,54],"damage_taken":[{"damage":7,"enemies":"2 Louse","floor":1,"turns":4},{"damage":7,"enemies":"Jaw Worm","floor":4,"turns":5},{"damage":17,"enemies":"Lagavulin","floor":6,"turns":3},{"damage":0,"enemies":"Small Slimes","floor":7,"turns":2},{"damage":1,"enemies":"Blue Slaver","floor":10,"turns":4},{"damage":3,"enemies":"Looter","floor":12,"turns":2},{"damage":19,"enemies":"Hexaghost","floor":18,"turns":9},{"damage":6,"enemies":"Chosen","floor":20,"turns":4},{"damage":3,"enemies":"Shell Parasite","floor":21,"turns":3},{"damage":2,"enemies":"theDuelist:KaibaA2","floor":25,"turns":7},{"damage":8,"enemies":"Chosen and Byrds","floor":29,"turns":6},{"damage":15,"enemies":"Replay:Snechameleon","floor":30,"turns":9},{"damage":0,"enemies":"Snake Plant","floor":31,"turns":3},{"damage":17,"enemies":"Sentry and Sphere","floor":34,"turns":5},{"damage":8,"enemies":"Automaton","floor":37,"turns":8},{"damage":9,"enemies":"3 Darklings","floor":39,"turns":2},{"damage":0,"enemies":"3 Shapes","floor":41,"turns":3},{"damage":0,"enemies":"Jaw Worm Horde","floor":45,"turns":3},{"damage":8,"enemies":"Spire Growth","floor":48,"turns":3},{"damage":15,"enemies":"4 Shapes","floor":51,"turns":4},{"damage":28,"enemies":"infinitespire:MassOfShapes","floor":54,"turns":11},{"damage":55,"enemies":"Shield and Spear","floor":58,"turns":6},{"damage":39,"enemies":"The Heart","floor":59,"turns":3}],"seed_played":"-3146975169977032375","potions_obtained":[{"floor":4,"key":"Swift Potion"},{"floor":6,"key":"LifebloodPotion"},{"floor":12,"key":"Swift Potion"},{"floor":18,"key":"Flashbang"},{"floor":20,"key":"Venom Potion"},{"floor":30,"key":"ColorlessPotion"},{"floor":34,"key":"Energy Potion"},{"floor":43,"key":"LiquidBronze"},{"floor":48,"key":"Block Potion"},{"floor":51,"key":"DemoMod:LeadSkinPotion"}],"is_trial":false,"path_per_floor":["M","?","?","M","$","E","M","PTL","PTL","M","T","M","?","R","$","?","R","B",null,"M","M","?","?","?","E","R","?","T","M","E","M","PTL","PTL","M","$","R","B",null,"M","?","M","$","?","R","M","R","T","M","$","R","M","?","R","B",null,"R","$","E","B"],"character_chosen":"IRONCLAD","items_purchased":["Wild Strike","DemoMod:MeatBun","Run Through","Torii","reliquary:Stiletto","ReplayTheSpireMod:Private Reserves","HandDrill","Warcry"],"campfire_rested":2,"item_purchase_floors":[5,5,15,35,35,42,49,49],"current_hp_per_floor":[86,86,74,73,87,76,82,82,82,87,87,87,87,87,87,70,70,57,87,87,87,65,42,42,48,74,74,74,75,69,77,77,77,69,69,69,70,87,84,84,87,87,53,79,87,87,87,86,86,86,79,79,79,61,87,87,87,37,0,0],"gold":52,"neow_bonus":"RANDOM_COMMON_RELIC","is_daily":false,"chose_seed":false,"campfire_upgraded":6,"win_rate":0.0,"timestamp":1612238935,"path_taken":["M","?","?","M","?","E","M","PTL","PTL","?","T","M","?","R","$","?","R","BOSS","M","M","?","?","?","E","R","?","T","M","E","M","PTL","PTL","?","?","R","BOSS","M","?","?","$","?","R","M","R","T","M","?","R","M","?","R","BOSS","R","$","E","BOSS"],"items_purchased_type":["Card","Relic","Card","Relic","Relic","Card","Relic","Card"],"build_version":"2020-12-22","purchased_purges":1,"victory":false,"max_hp_per_floor":[87,87,87,87,87,87,87,87,87,87,87,87,87,87,87,87,87,87,87,87,87,87,87,87,87,87,87,87,87,87,87,87,87,87,87,87,87,87,87,87,87,87,87,87,87,87,87,87,87,87,87,87,87,87,87,87,87,85,85,85],"card_choices":[{"not_picked":["Clothesline","Headbutt"],"picked":"Thunderclap","floor":1},{"not_picked":["Shockwave","Rage"],"picked":"Run Through","floor":4},{"not_picked":["Bloodletting","Pommel Strike"],"picked":"Power Through","floor":6},{"not_picked":["True Grit","Twin Strike"],"picked":"Shrug It Off","floor":7},{"not_picked":["Clash","DemoMod:BlackBlade"],"picked":"Twin Strike","floor":10},{"not_picked":["Demonic Infusion","Abandon"],"picked":"Pommel Strike","floor":12},{"not_picked":["Replay:Dark Deal","Master of Strategy"],"picked":"Deep Breath","floor":13},{"not_picked":["Limit Break","Hemogenesis"],"picked":"Exhume","floor":18},{"not_picked":["Wild Strike","Sword Boomerang+1"],"picked":"Intimidate","floor":20},{"not_picked":["Carnage","Warcry"],"picked":"Intimidate+1","floor":21},{"not_picked":["infinitespire:UltimateForm","Replay:Fractal Strike"],"picked":"infinitespire:TheBestDefense","floor":22},{"not_picked":["ReplayTheSpireMod:Strike From Hell+1","Thunderclap+1"],"picked":"Armaments","floor":25},{"not_picked":["Bloodletting","Twin Strike"],"picked":"Pummel+1","floor":29},{"not_picked":["Dropkick","Heavy Blade+1"],"picked":"Wild Strike","floor":30},{"not_picked":["Iron Wave+1","Replay:Undeath\u0027s Touch"],"picked":"Fire Breathing+1","floor":31},{"not_picked":["Armaments","DemoMod:WhiteBlade"],"picked":"Reckless Charge+1","floor":34},{"not_picked":["Sword Boomerang","Clash+1","Headbutt+1"],"picked":"SKIP","floor":39},{"not_picked":["Blood for Blood+1","Anger","Feel No Pain+1"],"picked":"SKIP","floor":41},{"not_picked":["Cleave+1","Reaper"],"picked":"Iron Wave","floor":43},{"not_picked":["Havoc","Battle Trance"],"picked":"Warcry+1","floor":45},{"not_picked":["Intimidate+1","ReplayTheSpireMod:Stacked+1"],"picked":"Wild Strike","floor":48},{"not_picked":["Burning Pact","ReplayTheSpireMod:Limb From Limb+1","ReplayTheSpireMod:LeadingStrike"],"picked":"SKIP","floor":51},{"not_picked":["Combust","Armaments"],"picked":"Uppercut+1","floor":58}],"player_experience":72906,"relics_obtained":[{"floor":6,"key":"Simple Rune"},{"floor":11,"key":"Orichalcum"},{"floor":25,"key":"reliquary:PurpleTingedLeaf"},{"floor":27,"key":"Calipers"},{"floor":28,"key":"infinitespire:WardingShard"},{"floor":30,"key":"ReplayTheSpireMod:TigerMarble"},{"floor":43,"key":"ReplayTheSpireMod:Lightbulb"},{"floor":52,"key":"Ring of Chaos"},{"floor":52,"key":"Ring of Hypnosis"},{"floor":58,"key":"Anchor"}],"event_choices":[{"damage_healed":0,"gold_gain":0,"player_choice":"Success","damage_taken":12,"relics_obtained":["reliquary:RosewoodLute"],"max_hp_gain":0,"max_hp_loss":0,"event_name":"Scrap Ooze","floor":3,"gold_loss":0},{"damage_healed":0,"gold_gain":1,"player_choice":"1","damage_taken":0,"max_hp_gain":0,"max_hp_loss":0,"event_name":"betterStone:BetterStone","floor":13,"gold_loss":0},{"damage_healed":0,"gold_gain":0,"player_choice":"Entered Light","damage_taken":17,"max_hp_gain":0,"max_hp_loss":0,"event_name":"Shining Light","floor":16,"gold_loss":0,"cards_upgraded":["Shrug It Off","Strike_R"]},{"damage_healed":0,"gold_gain":0,"player_choice":" Vial ","damage_taken":23,"relics_obtained":["Blood Vial"],"max_hp_gain":65,"max_hp_loss":42,"event_name":"betterAltar:BetterAltar","floor":23,"potions_obtained":[],"relics_lost":[],"gold_loss":0},{"damage_healed":0,"gold_gain":99,"player_choice":"Stole From Cult","damage_taken":0,"max_hp_gain":0,"max_hp_loss":0,"event_name":"Nest","floor":24,"gold_loss":0},{"damage_healed":0,"gold_gain":0,"player_choice":"Relic","damage_taken":0,"max_hp_gain":0,"max_hp_loss":0,"event_name":"Wheel of Change","floor":27,"gold_loss":0},{"damage_healed":0,"gold_gain":0,"player_choice":"Ignored","damage_taken":0,"max_hp_gain":0,"max_hp_loss":0,"event_name":"Tomb of Lord Red Mask","floor":40,"gold_loss":0}],"is_beta":false,"boss_relics":[{"not_picked":["Replay:Drink Me","infinitespire:Burning Sword"],"picked":"Mark of Pain"},{"not_picked":["Replay:Ancient Bell","Tiny House"],"picked":"ChewingGum"}],"items_purged_floors":[15],"is_endless":false,"potions_floor_spawned":[4,6,12,18,20,30,34,48,51],"killed_by":"The Heart","ascension_level":0}}