{"host":"sz8c8ni79nvzjmmg","time":1612279883,"event":{"mods":["AchievementEnabler","BaseMod","DeckTracker","Keyboard Shortcuts","Minty Spire (QoL Compilation)","SuperFastMode"],"gold_per_floor":[116,116,129,148,44,79,79,106,106,31,31,31,44,61,61,135,135,149,97,115,115,129,129,140,140,165,165,165],"floor_reached":27,"language":"KOR","playtime":1714,"items_purged":["Strike_B"],"score":446,"play_id":"a5a8fc01-c5ef-4247-8226-3ae3955120ab","local_time":"20210203003123","is_ascension_mode":true,"campfire_choices":[{"floor":7.0,"key":"REST"},{"data":"Dualcast","floor":11.0,"key":"SMITH"},{"data":"Zap","floor":15.0,"key":"SMITH"},{"data":"Recycle","floor":23,"key":"SMITH"},{"data":"Coolheaded","floor":25,"key":"SMITH"}],"circlet_count":0,"master_deck":["AscendersBane","Strike_B","Strike_B","Defend_B","Defend_B","Defend_B","Defend_B+1","Zap+1","Dualcast+1","Electrodynamics+1","Chill","Streamline","Compile Driver","Hologram","Compile Driver","Hologram","Coolheaded+1","Core Surge","Turbo","Reinforced Body","Leap","Recycle+1","Compile Driver+1"],"relics":["Cracked Core","Centennial Puzzle","Bird Faced Urn","Sundial","Coffee Dripper","Juzu Bracelet"],"acts_visited":["Exordium","TheCity"],"potions_floor_usage":[20,24],"damage_taken":[{"damage":2.0,"enemies":"Jaw Worm","floor":1.0,"turns":4.0},{"damage":12.0,"enemies":"Small Slimes","floor":3.0,"turns":2.0},{"damage":0.0,"enemies":"2 Louse","floor":4.0,"turns":1.0},{"damage":8.0,"enemies":"Gremlin Nob","floor":6.0,"turns":3.0},{"damage":20.0,"enemies":"Lagavulin","floor":8.0,"turns":6.0},{"damage":0.0,"enemies":"2 Fungi Beasts","floor":13.0,"turns":2.0},{"damage":3.0,"enemies":"Gremlin Gang","floor":14.0,"turns":4.0},{"damage":9.0,"enemies":"Slime Boss","floor":16.0,"turns":7.0},{"damage":18.0,"enemies":"Shell Parasite","floor":18.0,"turns":5.0},{"damage":23,"enemies":"Chosen","floor":20,"turns":5},{"damage":21,"enemies":"Snake Plant","floor":22,"turns":3},{"damage":2,"enemies":"Centurion and Healer","floor":24,"turns":7},{"damage":0,"enemies":"Snecko","floor":27,"turns":3}],"seed_played":"5463645472203485327","potions_obtained":[{"floor":1.0,"key":"Swift Potion"},{"floor":3.0,"key":"DistilledChaos"},{"floor":8.0,"key":"DuplicationPotion"},{"floor":16.0,"key":"CultistPotion"},{"floor":20,"key":"Explosive Potion"},{"floor":24,"key":"Fruit Juice"}],"is_trial":false,"path_per_floor":["M","?","M","M","$","E","R","E","T","?","R","?","M","M","R","B",null,"M","$","M","?","M","R","M","R","T","M"],"character_chosen":"DEFECT","items_purchased":["Hologram","Turbo"],"campfire_rested":1,"item_purchase_floors":[5,19],"current_hp_per_floor":[44,49,37,37,37,29,51,31,31,31,31,8,10,9,9,2,58,42,42,21,21,2,2,2,2,2,4,4],"gold":165,"neow_bonus":"THREE_RARE_CARDS","is_daily":false,"chose_seed":false,"campfire_upgraded":4,"win_rate":0.0,"timestamp":1612279883,"path_taken":["M","?","M","M","$","E","R","E","T","?","R","?","M","M","R","BOSS","M","$","M","?","?","R","M","R","T","M"],"items_purchased_type":["Card","Card"],"build_version":"2020-12-22","purchased_purges":1,"victory":false,"max_hp_per_floor":[71,76,76,76,76,76,76,76,76,76,76,76,76,76,76,76,76,76,76,76,76,76,76,76,76,76,76,76],"card_choices":[{"not_picked":["Fission","Buffer"],"picked":"Electrodynamics","floor":0.0},{"not_picked":["Double Energy","Go for the Eyes"],"picked":"Chill","floor":1.0},{"not_picked":["Redo","Fusion"],"picked":"Streamline","floor":3.0},{"not_picked":["Blizzard","Stack"],"picked":"Compile Driver","floor":4.0},{"not_picked":["Turbo","Scrape"],"picked":"Compile Driver","floor":6.0},{"not_picked":["Rip and Tear","Multi-Cast"],"picked":"Hologram","floor":8.0},{"not_picked":["Consume","Ball Lightning"],"picked":"Coolheaded","floor":13.0},{"not_picked":["Compile Driver","Beam Cell","Chaos"],"picked":"SKIP","floor":14.0},{"not_picked":["Fission","Buffer"],"picked":"Core Surge","floor":16.0},{"not_picked":["Hologram","Redo","Doom and Gloom"],"picked":"SKIP","floor":18.0},{"not_picked":["White Noise","Redo","Hologram"],"picked":"SKIP","floor":20},{"not_picked":["Cold Snap","Sweeping Beam"],"picked":"Recycle","floor":22},{"not_picked":["Hologram","Doom and Gloom"],"picked":"Compile Driver+1","floor":24}],"player_experience":1237351,"relics_obtained":[{"floor":6.0,"key":"Centennial Puzzle"},{"floor":8.0,"key":"Bird Faced Urn"},{"floor":9.0,"key":"Sundial"},{"floor":26,"key":"Juzu Bracelet"}],"event_choices":[{"damage_healed":0.0,"max_hp_gain":5.0,"max_hp_loss":0.0,"gold_gain":0.0,"event_name":"Big Fish","player_choice":"Donut","floor":2.0,"gold_loss":0.0,"damage_taken":0.0},{"cards_removed":["Strike_B"],"damage_healed":0.0,"max_hp_gain":0.0,"max_hp_loss":0.0,"gold_gain":0.0,"event_name":"The Cleric","player_choice":"Card Removal","floor":10.0,"gold_loss":75.0,"damage_taken":0.0},{"damage_healed":0.0,"max_hp_gain":0.0,"max_hp_loss":0.0,"gold_gain":0.0,"event_name":"Shining Light","player_choice":"Entered Light","floor":12.0,"gold_loss":0.0,"damage_taken":23.0,"cards_upgraded":["Electrodynamics","Defend_B"]},{"damage_healed":0,"gold_gain":0,"player_choice":"2 cards matched","damage_taken":0,"max_hp_gain":0,"max_hp_loss":0,"event_name":"Match and Keep!","floor":21,"gold_loss":0,"cards_obtained":["Reinforced Body","Leap"]}],"is_beta":false,"boss_relics":[{"not_picked":["Fusion Hammer","SacredBark"],"picked":"Coffee Dripper"}],"items_purged_floors":[5],"is_endless":false,"potions_floor_spawned":[1,3,8,13,16,20,22,24],"killed_by":"Snecko","ascension_level":20}}