{"host":"ht9iioopw3yi2xz6","time":1612247048,"event":{"mods":["AchievementEnabler","BaseMod","Colored Map","Downfall","Infinite Spire","Minty Spire (QoL Compilation)","Replay The Spire","Shop Mod","StSLib","The Jungle"],"gold_per_floor":[117,117,129,129,143,176,176,203,227,256,256,256,276,34,34,34,34],"floor_reached":16,"language":"ENG","playtime":1015,"items_purged":["Defend_G"],"score":124,"play_id":"d33b42dd-1611-4818-9ad3-46a5135beb53","local_time":"20210202162408","is_ascension_mode":true,"campfire_choices":[{"data":"ReplayTheSpireMod:Tripwire","floor":7,"key":"SMITH"},{"floor":12,"key":"REST"},{"data":"Backstab","floor":15,"key":"SMITH"}],"circlet_count":0,"master_deck":["Strike_G","Strike_G","Strike_G","Strike_G","Defend_G","Defend_G","Defend_G","Survivor","Neutralize","Poisoned Stab","Hidden Blade","Choke+1","Backflip","ReplayTheSpireMod:Tripwire+1","Catalyst","Dagger Spray","Prepared","Backstab+1"],"relics":["Ring of the Snake","Bag of Marbles","Orichalcum","Juzu Bracelet","Chameleon Ring","MerchantsRug"],"acts_visited":["Exordium"],"potions_floor_usage":[8,8],"damage_taken":[{"damage":0,"enemies":"2 Louse","floor":1,"turns":3},{"damage":0,"enemies":"Small Slimes","floor":3,"turns":4},{"damage":3,"enemies":"Jaw Worm","floor":5,"turns":3},{"damage":12,"enemies":"Replay:BlueRogue","floor":6,"turns":6},{"damage":32,"enemies":"3 Sentries","floor":8,"turns":9},{"damage":7,"enemies":"Gremlin Nob","floor":10,"turns":5},{"damage":0,"enemies":"Looter","floor":13,"turns":2},{"damage":46,"enemies":"Slime Boss","floor":16,"turns":10}],"seed_played":"-4058233441057430391","potions_obtained":[{"floor":1,"key":"Dexterity Potion"},{"floor":3,"key":"LiquidBronze"},{"floor":10,"key":"EssenceOfSteel"},{"floor":13,"key":"Toxic Potion"}],"is_trial":false,"path_per_floor":["M","?","M","?","M","E","R","E","T","E","?","R","M","$","R","B"],"character_chosen":"THE_SILENT","items_purchased":["MerchantsRug","Backstab"],"campfire_rested":1,"item_purchase_floors":[14,14],"current_hp_per_floor":[77,82,82,82,79,67,67,35,35,28,21,45,45,45,45,0,0],"gold":34,"neow_bonus":"TEN_PERCENT_HP_BONUS","is_daily":false,"chose_seed":false,"campfire_upgraded":2,"win_rate":0.0,"timestamp":1612247048,"path_taken":["M","?","M","?","M","E","R","E","T","E","?","R","M","$","R","BOSS"],"items_purchased_type":["Relic","Card"],"build_version":"2020-12-22","purchased_purges":1,"victory":false,"max_hp_per_floor":[77,82,82,82,82,82,82,82,82,82,82,82,82,82,82,82,82],"card_choices":[{"not_picked":["Underhanded Strike","Distraction"],"picked":"Poisoned Stab","floor":1},{"not_picked":["Acrobatics","Underhanded Strike"],"picked":"Hidden Blade","floor":3},{"not_picked":["Replay:Poison Smokescreen","Poisoned Stab"],"picked":"Backflip","floor":5},{"not_picked":["Slice","PiercingWail"],"picked":"ReplayTheSpireMod:Tripwire","floor":6},{"not_picked":["Poisoned Stab","Phantasmal Killer"],"picked":"Catalyst","floor":8},{"not_picked":["Outmaneuver","Calculated Gamble"],"picked":"Dagger Spray","floor":10},{"not_picked":["Dodge and Roll","ReplayTheSpireMod:Exploit Weakness"],"picked":"Prepared","floor":13}],"player_experience":244433,"relics_obtained":[{"floor":6,"key":"Bag of Marbles"},{"floor":8,"key":"Orichalcum"},{"floor":9,"key":"Juzu Bracelet"},{"floor":10,"key":"Chameleon Ring"}],"event_choices":[{"damage_healed":0,"gold_gain":0,"player_choice":"Donut","damage_taken":0,"max_hp_gain":5,"max_hp_loss":0,"event_name":"Big Fish","floor":2,"gold_loss":0},{"cards_removed":["Defend_G"],"damage_healed":0,"gold_gain":0,"player_choice":"Card Removal","damage_taken":7,"max_hp_gain":0,"max_hp_loss":0,"event_name":"Golden Wing","floor":11,"gold_loss":0}],"is_beta":false,"boss_relics":[],"items_purged_floors":[14],"is_endless":true,"potions_floor_spawned":[1,3,10,13],"killed_by":"Slime Boss","ascension_level":1}}