{"host":"9l1knhxfturzliqa","time":1612258790,"event":{"mods":["BaseMod","Colored Map","Colored Powertips","DeckTracker","Highlight Path","Keyboard Shortcuts","Minty Spire (QoL Compilation)","Random Character Button"],"gold_per_floor":[117,117,2,12,25,51,51,61,61,76,76,101,111,124,124,226,226,242,242,157,171,190,190,207,237,306,306,344,344,378,34,34,141,141,166,187,207,207,230,230,273,300,300,321,361,96,125,167,167,167],"floor_reached":51,"language":"KOR","playtime":6311,"items_purged":["Strike_B","Blizzard","Reinforced Body"],"score":1162,"play_id":"779f2fc2-d527-4762-9d8d-66268708a06d","local_time":"20210202183950","is_ascension_mode":true,"campfire_choices":[{"data":"Zap","floor":7.0,"key":"SMITH"},{"floor":11.0,"key":"REST"},{"data":"White Noise","floor":15.0,"key":"SMITH"},{"data":"Creative AI","floor":23.0,"key":"SMITH"},{"data":"1","floor":27.0,"key":"LIFT"},{"data":"2","floor":29.0,"key":"LIFT"},{"data":"3","floor":32.0,"key":"LIFT"},{"data":"Reboot","floor":40,"key":"SMITH"},{"data":"Master of Strategy","floor":49,"key":"SMITH"}],"circlet_count":0,"master_deck":["Zap+1","Dualcast","Violence","Go for the Eyes+1","Chill","Streamline","Gash","Beam Cell","Hello World","White Noise+1","Gash","All For One+1","Stack","Buffer","Stack","All For One","Darkness","Storm","Loop","Hologram","Ghostly","Ghostly","Ghostly","Ghostly","Ghostly","Creative AI+1","Go for the Eyes+1","Leap","Reboot+1","Gash","BootSequence","Gash","Buffer","Gash","Steam","Gash","Streamline+1","Hologram+1","Conserve Battery+1","Redo+1","Stack","Reboot","FTL","Master of Strategy+1","Scrape","Force Field","White Noise+1"],"relics":["FrozenCore","Orichalcum","Question Card","Girya","Pandora\u0027s Box","Pocketwatch","Juzu Bracelet","Darkstone Periapt","CeramicFish","Cables","Membership Card","Ornamental Fan","Pen Nib","CaptainsWheel","Whetstone","Mango"],"acts_visited":["Exordium","TheCity","TheBeyond"],"potions_floor_usage":[41,42,50,50],"damage_taken":[{"damage":4.0,"enemies":"Jaw Worm","floor":1.0,"turns":5.0},{"damage":4.0,"enemies":"Small Slimes","floor":4.0,"turns":3.0},{"damage":0.0,"enemies":"2 Louse","floor":5.0,"turns":2.0},{"damage":30.0,"enemies":"Gremlin Nob","floor":6.0,"turns":4.0},{"damage":5.0,"enemies":"2 Fungi Beasts","floor":8.0,"turns":2.0},{"damage":0.0,"enemies":"Exordium Thugs","floor":10.0,"turns":3.0},{"damage":13.0,"enemies":"Lagavulin","floor":12.0,"turns":5.0},{"damage":0.0,"enemies":"Large Slime","floor":13.0,"turns":3.0},{"damage":1.0,"enemies":"2 Fungi Beasts","floor":14.0,"turns":3.0},{"damage":29.0,"enemies":"Slime Boss","floor":16.0,"turns":7.0},{"damage":19.0,"enemies":"2 Thieves","floor":18.0,"turns":3.0},{"damage":0.0,"enemies":"Chosen","floor":21.0,"turns":5.0},{"damage":0.0,"enemies":"Centurion and Healer","floor":22.0,"turns":7.0},{"damage":0.0,"enemies":"Snecko","floor":24.0,"turns":6.0},{"damage":4.0,"enemies":"Slavers","floor":25.0,"turns":7.0},{"damage":0.0,"enemies":"Gremlin Leader","floor":28.0,"turns":5.0},{"damage":5.0,"enemies":"Book of Stabbing","floor":30.0,"turns":5.0},{"damage":8.0,"enemies":"Champ","floor":33.0,"turns":7.0},{"damage":2.0,"enemies":"Orb Walker","floor":35.0,"turns":4.0},{"damage":5.0,"enemies":"3 Darklings","floor":36.0,"turns":7.0},{"damage":0.0,"enemies":"Sphere and 2 Shapes","floor":37.0,"turns":3.0},{"damage":0,"enemies":"Maw","floor":39,"turns":7},{"damage":4,"enemies":"Reptomancer","floor":41,"turns":6},{"damage":0,"enemies":"Transient","floor":42,"turns":5},{"damage":0,"enemies":"4 Shapes","floor":44,"turns":6},{"damage":0,"enemies":"Nemesis","floor":45,"turns":7},{"damage":0,"enemies":"Spire Growth","floor":47,"turns":3},{"damage":0,"enemies":"Reptomancer","floor":48,"turns":3},{"damage":30,"enemies":"Awakened One","floor":50,"turns":8}],"seed_played":"3575173392224301391","potions_obtained":[{"floor":5.0,"key":"Fruit Juice"},{"floor":6.0,"key":"FearPotion"},{"floor":8.0,"key":"AttackPotion"},{"floor":13.0,"key":"Dexterity Potion"},{"floor":21.0,"key":"SneckoOil"},{"floor":25.0,"key":"GamblersBrew"},{"floor":28.0,"key":"PotionOfCapacity"},{"floor":39,"key":"PowerPotion"},{"floor":41,"key":"Energy Potion"}],"is_trial":false,"path_per_floor":["M","?","$","M","M","E","R","M","T","M","R","E","M","M","R","B",null,"M","?","?","M","M","R","M","E","T","R","E","R","E","$","R","B",null,"M","M","M","?","M","R","E","M","T","M","E","$","M","E","R","B",null],"character_chosen":"DEFECT","items_purchased":["Chill","Membership Card","Gash","Ornamental Fan","Reboot","FTL","Master of Strategy","SkillPotion","Scrape"],"campfire_rested":1,"item_purchase_floors":[3,31,31,31,46,46,46,46,46],"current_hp_per_floor":[64,57,57,53,58,28,28,23,23,23,47,34,34,33,33,4,61,42,40,40,40,40,40,40,36,36,36,36,36,31,31,31,23,36,34,29,29,29,29,29,25,25,25,25,25,25,25,39,39,9],"gold":167,"neow_bonus":"RANDOM_COLORLESS_2","is_daily":false,"chose_seed":false,"campfire_upgraded":5,"win_rate":0.0,"timestamp":1612258790,"path_taken":["M","?","$","M","M","E","R","M","T","M","R","E","M","M","R","BOSS","M","?","?","M","M","R","M","E","T","R","E","R","E","$","R","BOSS","M","M","M","?","M","R","E","M","T","M","E","$","M","E","R","BOSS"],"items_purchased_type":["Card","Relic","Card","Relic","Card","Card","Card","Potion","Card"],"build_version":"2020-12-22","purchased_purges":3,"victory":true,"max_hp_per_floor":[75,75,75,75,80,80,80,80,80,80,80,80,80,80,80,80,80,80,40,40,40,40,40,40,40,40,40,40,40,40,40,40,40,40,40,40,40,40,40,40,40,40,40,40,40,40,40,54,54,54],"card_choices":[{"not_picked":["Magnetism","Metamorphosis"],"picked":"Violence","floor":0.0},{"not_picked":["Turbo","Darkness"],"picked":"Go for the Eyes","floor":1.0},{"not_picked":["Cold Snap","Go for the Eyes"],"picked":"Streamline","floor":4.0},{"not_picked":["Redo","Heatsinks"],"picked":"Gash","floor":5.0},{"not_picked":["Stack","Glacier"],"picked":"Beam Cell","floor":6.0},{"not_picked":["Rebound","Blizzard"],"picked":"Hello World","floor":8.0},{"not_picked":["Coolheaded","Ball Lightning","Defragment"],"picked":"White Noise","floor":10.0},{"not_picked":["Tempest","Conserve Battery","Streamline"],"picked":"Gash","floor":12.0},{"not_picked":["Gash","Streamline","Fusion"],"picked":"All For One","floor":13.0},{"not_picked":["Compile Driver","Gash","Coolheaded"],"picked":"Stack","floor":14.0},{"not_picked":["Electrodynamics","Thunder Strike","Machine Learning"],"picked":"Buffer","floor":16.0},{"not_picked":["Redo","Defragment","Go for the Eyes"],"picked":"Hologram","floor":18.0},{"not_picked":["Capacitor","Ball Lightning","Blizzard"],"picked":"Creative AI","floor":21.0},{"not_picked":["Defragment+1","Stack","Storm"],"picked":"Go for the Eyes+1","floor":22.0},{"not_picked":["Tempest","Consume","Reinforced Body"],"picked":"Leap","floor":24.0},{"not_picked":["Beam Cell","Hologram","Recycle"],"picked":"Reboot","floor":25.0},{"not_picked":["Go for the Eyes","Hologram","Sweeping Beam+1"],"picked":"Gash","floor":28.0},{"not_picked":["Sweeping Beam","Go for the Eyes","Gash"],"picked":"BootSequence","floor":30.0},{"not_picked":["Multi-Cast","Electrodynamics","Thunder Strike"],"picked":"Buffer","floor":33.0},{"not_picked":["Self Repair+1","Genetic Algorithm+1","Beam Cell+1"],"picked":"Gash","floor":35.0},{"not_picked":["Barrage+1","BootSequence+1","Coolheaded+1"],"picked":"Steam","floor":36.0},{"not_picked":["Sweeping Beam","Coolheaded","Streamline"],"picked":"Gash","floor":37.0},{"not_picked":["Hyperbeam","Leap","Fusion+1"],"picked":"Streamline+1","floor":39},{"not_picked":["Tempest","Hello World","Multi-Cast"],"picked":"Hologram+1","floor":41},{"not_picked":["Hologram+1","Redo+1","Static Discharge"],"picked":"Conserve Battery+1","floor":42},{"not_picked":["Streamline+1","Cold Snap","Steam"],"picked":"Redo+1","floor":44},{"not_picked":["All For One","Compile Driver+1","Gash"],"picked":"Stack","floor":45},{"not_picked":["Self Repair+1","Genetic Algorithm","Leap+1"],"picked":"Force Field","floor":47},{"not_picked":["Streamline","Coolheaded","Hologram+1"],"picked":"White Noise+1","floor":48}],"player_experience":573428,"relics_obtained":[{"floor":6.0,"key":"Orichalcum"},{"floor":9.0,"key":"Question Card"},{"floor":12.0,"key":"Girya"},{"floor":25.0,"key":"Juzu Bracelet"},{"floor":26.0,"key":"Darkstone Periapt"},{"floor":28.0,"key":"CeramicFish"},{"floor":30.0,"key":"Cables"},{"floor":41,"key":"Pen Nib"},{"floor":43,"key":"CaptainsWheel"},{"floor":45,"key":"Whetstone"},{"floor":48,"key":"Mango"}],"event_choices":[{"cards_removed":["Normality"],"damage_healed":0.0,"max_hp_gain":0.0,"max_hp_loss":0.0,"gold_gain":0.0,"event_name":"Golden Wing","player_choice":"Card Removal","floor":2.0,"gold_loss":0.0,"damage_taken":7.0},{"damage_healed":0.0,"max_hp_gain":0.0,"max_hp_loss":40.0,"gold_gain":0.0,"event_name":"Ghosts","player_choice":"Became a Ghost","floor":19.0,"gold_loss":0.0,"damage_taken":0.0,"cards_obtained":["Ghostly","Ghostly","Ghostly","Ghostly","Ghostly"]},{"damage_healed":0.0,"max_hp_gain":0.0,"max_hp_loss":0.0,"gold_gain":0.0,"event_name":"Addict","player_choice":"Obtained Relic","floor":20.0,"gold_loss":85.0,"damage_taken":0.0,"relics_obtained":["Pocketwatch"]},{"damage_healed":0,"gold_gain":0,"player_choice":"Ignored","damage_taken":0,"max_hp_gain":0,"max_hp_loss":0,"event_name":"Tomb of Lord Red Mask","floor":38,"gold_loss":0}],"is_beta":false,"boss_relics":[{"not_picked":["Busted Crown","Philosopher\u0027s Stone"],"picked":"Pandora\u0027s Box"},{"not_picked":["SacredBark","Runic Pyramid"],"picked":"FrozenCore"}],"items_purged_floors":[3,31,46],"is_endless":false,"potions_floor_spawned":[5,6,8,13,21,25,28,39,41,47],"ascension_level":6}}