{"host":"sum4dy402bbv9y4o","time":1612301129,"event":{"mods":["Aspiration","BaseMod","Conspire","Highlight Path","Minty Spire (QoL Compilation)","StSLib"],"gold_per_floor":[113,113,125,125,141,173,173,202,202,233,243,253,253,278,278,355,355,372,384,384,309,325,325,4,4,27,57,57,92,108,119,119,119,119],"floor_reached":33,"language":"ENG","playtime":916,"items_purged":[],"score":905,"play_id":"c281aa46-dd31-4a6e-a2fc-74467e0f6a13","local_time":"20210203002529","is_ascension_mode":true,"campfire_choices":[{"data":"Eruption","floor":7,"key":"SMITH"},{"floor":13,"key":"REST"},{"data":"Wallop","floor":15,"key":"SMITH"},{"floor":23,"key":"REST"},{"floor":25,"key":"REST"},{"floor":32,"key":"REST"}],"circlet_count":0,"master_deck":["AscendersBane","conspire:GhostlyStrike","conspire:GhostlyStrike","conspire:GhostlyStrike","conspire:GhostlyStrike","conspire:GhostlyDefend","conspire:GhostlyDefend","conspire:GhostlyDefend","Eruption+1","Vigilance","Tantrum","Wallop+1","ThirdEye","BowlingBash","Halt","Evaluate","CarveReality","EmptyMind","FlyingSleeves","DeusExMachina","Protect","Halt","EmptyFist","Brilliance","Halt","EmptyBody+1"],"relics":["PureWater","NeowsBlessing","Mummified Hand","Orichalcum","Unceasing Top","conspire:DecoderRing","Lantern","Kunai","TeardropLocket","aspiration:ChemicalBlood","Vajra","Matryoshka"],"acts_visited":["Exordium","TheCity"],"potions_floor_usage":[10,10,22,29,29,33,33,33],"damage_taken":[{"damage":0,"enemies":"2 Louse","floor":1,"turns":1},{"damage":0,"enemies":"Cultist","floor":3,"turns":1},{"damage":0,"enemies":"Small Slimes","floor":5,"turns":1},{"damage":16,"enemies":"Gremlin Nob","floor":6,"turns":3},{"damage":0,"enemies":"Lagavulin","floor":8,"turns":7},{"damage":13,"enemies":"3 Sentries","floor":10,"turns":5},{"damage":5,"enemies":"Exordium Wildlife","floor":11,"turns":2},{"damage":0,"enemies":"Exordium Thugs","floor":12,"turns":2},{"damage":0,"enemies":"Lagavulin","floor":14,"turns":3},{"damage":0,"enemies":"Slime Boss","floor":16,"turns":6},{"damage":11,"enemies":"2 Thieves","floor":18,"turns":2},{"damage":24,"enemies":"Shell Parasite","floor":19,"turns":3},{"damage":20,"enemies":"Shelled Parasite and Fungi","floor":22,"turns":3},{"damage":0,"enemies":"Gremlin Leader","floor":27,"turns":3},{"damage":8,"enemies":"Book of Stabbing","floor":29,"turns":3},{"damage":1,"enemies":"Snecko","floor":30,"turns":3},{"damage":0,"enemies":"3 Cultists","floor":31,"turns":2},{"damage":83,"enemies":"Champ","floor":33,"turns":6}],"seed_played":"-7521939235295687537","potions_obtained":[{"floor":1,"key":"SkillPotion"},{"floor":5,"key":"EssenceOfSteel"},{"floor":6,"key":"StancePotion"},{"floor":19,"key":"Strength Potion"},{"floor":27,"key":"DistilledChaos"},{"floor":31,"key":"BlessingOfTheForge"},{"floor":33,"key":"Fruit Juice"}],"is_trial":false,"path_per_floor":["M","?","M","?","M","E","R","E","T","E","M","M","R","E","R","B",null,"M","M","T","?","M","R","$","R","T","E","$","E","M","M","R","B"],"character_chosen":"WATCHER","items_purchased":["TeardropLocket","Weak Potion"],"campfire_rested":4,"item_purchase_floors":[24,24],"current_hp_per_floor":[61,61,61,51,51,35,35,35,35,22,17,17,37,37,37,37,60,49,25,25,25,5,25,25,45,45,45,45,37,36,36,56,0,0],"gold":119,"neow_bonus":"THREE_ENEMY_KILL","is_daily":false,"chose_seed":false,"campfire_upgraded":2,"win_rate":0.0,"timestamp":1612301129,"path_taken":["M","?","M","?","?","E","R","E","T","E","M","M","R","E","R","BOSS","M","M","?","?","M","R","$","R","T","E","?","E","M","M","R","BOSS"],"items_purchased_type":["Relic","Potion"],"build_version":"2020-12-22","purchased_purges":0,"victory":false,"max_hp_per_floor":[68,68,68,68,68,68,68,68,68,68,68,68,68,68,68,68,68,68,68,68,68,68,68,68,68,68,68,68,68,68,68,68,73,73],"card_choices":[{"not_picked":["Consecrate","Collect"],"picked":"Tantrum","floor":1},{"not_picked":["Protect","SashWhip"],"picked":"Wallop","floor":3},{"not_picked":["Prostrate","PathToVictory"],"picked":"ThirdEye","floor":5},{"not_picked":["DeceiveReality","JustLucky"],"picked":"BowlingBash","floor":6},{"not_picked":["Crescendo","EmptyFist"],"picked":"Halt","floor":8},{"not_picked":["PathToVictory","Crescendo"],"picked":"Evaluate","floor":10},{"not_picked":["Worship","Protect"],"picked":"CarveReality","floor":11},{"not_picked":["Vault","ThirdEye"],"picked":"EmptyMind","floor":12},{"not_picked":["ClearTheMind","InnerPeace"],"picked":"FlyingSleeves","floor":14},{"not_picked":["Blasphemy","MasterReality"],"picked":"DeusExMachina","floor":16},{"not_picked":["BowlingBash","Consecrate"],"picked":"Protect","floor":18},{"not_picked":["WaveOfTheHand","WheelKick"],"picked":"Halt","floor":19},{"not_picked":["CutThroughFate","InnerPeace"],"picked":"EmptyFist","floor":22},{"not_picked":["Prostrate","Protect"],"picked":"Brilliance","floor":27},{"not_picked":["Vault","Establishment"],"picked":"Halt","floor":29},{"not_picked":["EmptyBody","BowlingBash+1","Prostrate"],"picked":"SKIP","floor":30},{"not_picked":["CutThroughFate","Prostrate"],"picked":"EmptyBody+1","floor":31}],"player_experience":3036901,"relics_obtained":[{"floor":6,"key":"Mummified Hand"},{"floor":8,"key":"Orichalcum"},{"floor":9,"key":"Unceasing Top"},{"floor":10,"key":"conspire:DecoderRing"},{"floor":14,"key":"Lantern"},{"floor":20,"key":"Kunai"},{"floor":26,"key":"aspiration:ChemicalBlood"},{"floor":27,"key":"Vajra"},{"floor":29,"key":"Matryoshka"}],"event_choices":[{"damage_healed":0,"gold_gain":0,"player_choice":"Agree","damage_taken":0,"max_hp_gain":0,"max_hp_loss":0,"event_name":"conspire:LoneGhost","floor":2,"gold_loss":0},{"damage_healed":0,"gold_gain":0,"player_choice":"Damaged","damage_taken":10,"max_hp_gain":0,"max_hp_loss":0,"event_name":"Wheel of Change","floor":4,"gold_loss":0},{"cards_removed":["conspire:GhostlyDefend"],"damage_healed":0,"gold_gain":0,"player_choice":"Gave Gold","damage_taken":0,"max_hp_gain":0,"max_hp_loss":0,"event_name":"Beggar","floor":21,"gold_loss":75}],"is_beta":false,"boss_relics":[{"not_picked":["aspiration:PoetsPen","Coffee Dripper","conspire:SeveredTorchhead"]}],"items_purged_floors":[],"is_endless":false,"potions_floor_spawned":[1,5,6,8,19,27,31],"killed_by":"Champ","ascension_level":20}}