{"host":"k2mw1od0xoi9pcfj","time":1612233288,"event":{"mods":["AchievementEnabler","Act Like it!","Aspiration","BaseMod","Beaked The Cultist","Downfall","Energized Spire","Highlight Path","Minty Spire (QoL Compilation)","Permanent Neow","Relic Stats","Reliquary","Replay The Spire","Retaliation","Robot Space Explorer","StSLib"],"gold_per_floor":[117,117,83,83,83,118,118,118,144,154,186,201,12,12,12,12,12],"floor_reached":16,"language":"ENG","playtime":3367,"items_purged":[],"score":106,"play_id":"fe077ecb-20ea-409d-9461-08d8e692f7a0","local_time":"20210201203448","is_ascension_mode":false,"campfire_choices":[{"data":"RobotSpaceExplorer:Fix","floor":8,"key":"SMITH"},{"floor":15,"key":"RECALL"}],"circlet_count":0,"master_deck":["RobotSpaceExplorer:Strike","RobotSpaceExplorer:Strike","RobotSpaceExplorer:Strike","RobotSpaceExplorer:Defend","RobotSpaceExplorer:Defend","RobotSpaceExplorer:Defend+1","RobotSpaceExplorer:Defend+1","RobotSpaceExplorer:Scan","RobotSpaceExplorer:MiniLasers","RobotSpaceExplorer:Blitz","RobotSpaceExplorer:GlueSpray","RobotSpaceExplorer:MiniDrones+1","RobotSpaceExplorer:Fix+1","downfall:Icky","bronze:Iterate","RobotSpaceExplorer:StunGrenade","Guardian:DonusPower","RobotSpaceExplorer:PowerCollector+1"],"relics":["RobotSpaceExplorer:RoboCore","aspiration:Nostalgia","m_DevilBlood","Blue Doll","Eternal Feather","PrismaticShard","Replay:Baseball","Mercury Hourglass","Membership Card"],"acts_visited":["Exordium"],"potions_floor_usage":[],"damage_taken":[{"damage":0,"enemies":"Cultist","floor":1,"turns":3},{"damage":12,"enemies":"Gremlin Nob","floor":6,"turns":7},{"damage":0,"enemies":"2 Louse","floor":10,"turns":3},{"damage":34,"enemies":"3 Sentries","floor":11,"turns":9},{"damage":0,"enemies":"Small Slimes","floor":12,"turns":2},{"damage":35,"enemies":"Hexaghost","floor":16,"turns":11}],"seed_played":"5783232647052835900","potions_obtained":[{"floor":12,"key":"Fire Potion"}],"is_trial":false,"path_per_floor":["M","?","$","?","?","E","?","R","T","M","E","M","$","?","R","B"],"character_chosen":"RobotSpaceExplorer","items_purchased":["RobotSpaceExplorer:MiniDrones+1","Membership Card","RobotSpaceExplorer:PowerCollector"],"campfire_rested":0,"item_purchase_floors":[3,13,13],"current_hp_per_floor":[75,75,75,60,42,30,30,36,36,42,14,20,20,20,29,0,0],"gold":12,"neow_bonus":"NOSTALGIA","is_daily":false,"chose_seed":false,"campfire_upgraded":1,"win_rate":0.0,"timestamp":1612233288,"path_taken":["M","?","?","?","?","E","?","R","T","?","E","M","$","?","R","BOSS"],"items_purchased_type":["Card","Relic","Card"],"build_version":"2020-12-22","purchased_purges":0,"victory":false,"max_hp_per_floor":[75,75,75,75,75,75,75,75,75,75,75,75,75,75,75,75,75],"relic_stats":{"counters":[6,35],"Eternal Feather":15,"obtain_stats":[{"Replay:Baseball":9,"aspiration:Nostalgia":0,"RobotSpaceExplorer:RoboCore":0,"m_DevilBlood":0,"Blue Doll":5,"Eternal Feather":6,"Membership Card":13,"PrismaticShard":7,"Mercury Hourglass":11},{"Replay:Baseball":2,"aspiration:Nostalgia":0,"RobotSpaceExplorer:RoboCore":0,"m_DevilBlood":0,"Blue Doll":1,"Eternal Feather":2,"Membership Card":5,"PrismaticShard":2,"Mercury Hourglass":4},{"Replay:Baseball":10,"aspiration:Nostalgia":0,"RobotSpaceExplorer:RoboCore":0,"m_DevilBlood":0,"Blue Doll":3,"Eternal Feather":10,"Membership Card":24,"PrismaticShard":10,"Mercury Hourglass":22}],"Mercury Hourglass":[39]},"card_choices":[{"not_picked":["Warcry","Defy Death"],"picked":"RobotSpaceExplorer:Blitz","floor":1},{"not_picked":["hexamod:SpectersWail","RobotSpaceExplorer:ShovelStrike"],"picked":"RobotSpaceExplorer:Fix","floor":6},{"not_picked":["Force Field","bronze:Iterate","Dodge and Roll"],"picked":"SKIP","floor":10},{"not_picked":["Force Field","Dodge and Roll"],"picked":"bronze:Iterate","floor":10},{"not_picked":["bronze:DigitalCarnage","Draining Mist"],"picked":"RobotSpaceExplorer:StunGrenade","floor":11},{"not_picked":["Slimebound:FinishingTackle","Slimebound:BestDefense"],"picked":"Guardian:DonusPower","floor":12}],"player_experience":731616,"relics_obtained":[{"floor":6,"key":"Eternal Feather"},{"floor":9,"key":"Replay:Baseball"},{"floor":11,"key":"Mercury Hourglass"}],"event_choices":[{"damage_healed":0,"gold_gain":0,"cards_transformed":["RobotSpaceExplorer:Strike"],"player_choice":"Transformed","damage_taken":0,"max_hp_gain":0,"max_hp_loss":0,"event_name":"Transmorgrifier","floor":2,"gold_loss":0,"cards_obtained":["RobotSpaceExplorer:GlueSpray"]},{"damage_healed":0,"gold_gain":0,"player_choice":"Entered Light","damage_taken":15,"max_hp_gain":0,"max_hp_loss":0,"event_name":"Shining Light","floor":4,"gold_loss":0,"cards_upgraded":["RobotSpaceExplorer:Defend","RobotSpaceExplorer:Defend"]},{"damage_healed":0,"gold_gain":0,"player_choice":"Success","damage_taken":18,"relics_obtained":["Blue Doll"],"max_hp_gain":0,"max_hp_loss":0,"event_name":"Scrap Ooze","floor":5,"gold_loss":0},{"damage_healed":0,"gold_gain":0,"player_choice":"Upgraded","damage_taken":0,"max_hp_gain":0,"max_hp_loss":0,"event_name":"Upgrade Shrine","floor":14,"gold_loss":0,"cards_upgraded":["RobotSpaceExplorer:PowerCollector"]}],"is_beta":false,"boss_relics":[],"items_purged_floors":[],"is_endless":false,"potions_floor_spawned":[12],"killed_by":"Hexaghost","ascension_level":0}}