{"host":"fdip6nj211smoxvi","time":1612265602,"event":{"mods":["BaseMod","BetterRewards","Colored Map","Hermit","Minty Spire (QoL Compilation)","Shop Mod","StSLib","The Bug Knight","The Hierophant","The Servant 0.9.4"],"gold_per_floor":[114,129,149,149,117,106,106],"floor_reached":6,"language":"DEU","playtime":327,"items_purged":[],"score":46,"play_id":"b0749c71-cb51-4a84-8b95-1e28c1fc54ab","local_time":"20210202123322","is_ascension_mode":false,"campfire_choices":[],"circlet_count":0,"master_deck":["hierophant:Strike_Hierophant","hierophant:Strike_Hierophant","hierophant:Strike_Hierophant+1","hierophant:Strike_Hierophant","hierophant:Punish","hierophant:Defend_Hierophant","hierophant:Defend_Hierophant","hierophant:Defend_Hierophant","hierophant:Defend_Hierophant","hierophant:ChurchCoffers+1","hierophant:FlamingChariot","hierophant:Sermon","hierophant:Repentance","hierophant:HolyVerse"],"relics":["Fusion Hammer","Dream Catcher"],"acts_visited":["Exordium"],"potions_floor_usage":[6],"damage_taken":[{"damage":0,"enemies":"2 Louse","floor":1,"turns":1},{"damage":0,"enemies":"Small Slimes","floor":2,"turns":2},{"damage":8,"enemies":"Jaw Worm","floor":3,"turns":2},{"damage":28,"enemies":"Lagavulin","floor":6,"turns":4}],"seed_played":"7918825150962180413","potions_obtained":[{"floor":3,"key":"BlessingOfTheForge"},{"floor":6,"key":"Energy Potion"}],"is_trial":false,"path_per_floor":["M","M","M","?","?","E"],"character_chosen":"HIEROPHANT","items_purchased":[],"campfire_rested":0,"item_purchase_floors":[],"current_hp_per_floor":[75,75,67,52,52,24,24],"gold":106,"neow_bonus":"BOSS_RELIC","is_daily":false,"chose_seed":false,"campfire_upgraded":0,"win_rate":0.0,"timestamp":1612265602,"path_taken":["M","M","M","?","?","E"],"items_purchased_type":[],"build_version":"2020-12-22","purchased_purges":0,"victory":false,"max_hp_per_floor":[75,75,75,75,75,75,75],"card_choices":[{"not_picked":["hierophant:Mercenaries","hierophant:DisplayOfPower"],"picked":"hierophant:FlamingChariot","floor":1},{"not_picked":["hierophant:CursedGold","hierophant:Doubloon"],"picked":"hierophant:Sermon","floor":2},{"not_picked":["hierophant:DisplayOfPower","hierophant:FaithHealing"],"picked":"hierophant:Repentance","floor":3},{"not_picked":["hierophant:MorningPrayer","hierophant:EyeForCoin"],"picked":"hierophant:HolyVerse","floor":6}],"player_experience":210788,"relics_obtained":[{"floor":6,"key":"Dream Catcher"}],"event_choices":[{"damage_healed":0,"gold_gain":0,"player_choice":"Entered Light","damage_taken":15,"max_hp_gain":0,"max_hp_loss":0,"event_name":"Shining Light","floor":4,"gold_loss":0,"cards_upgraded":["hierophant:ChurchCoffers","hierophant:Strike_Hierophant"]},{"damage_healed":0,"gold_gain":0,"player_choice":"Left Gold","damage_taken":0,"max_hp_gain":0,"max_hp_loss":0,"event_name":"World of Goop","floor":5,"gold_loss":32}],"is_beta":false,"boss_relics":[],"items_purged_floors":[],"is_endless":false,"potions_floor_spawned":[3,6],"killed_by":"Lagavulin","ascension_level":0}}