{"host":"bf5upntvbdompq33","time":1612256554,"event":{"mods":["BaseMod","Colored Map","Colored Powertips","Curses Come First","Minty Spire (QoL Compilation)","StSLib","The Hierophant","The Mystic"],"gold_per_floor":[115,115,126,125,145,145,124,124,124,124,140,136,156,9,9,118,118,131,152,82,107,107,107,134,164,245,245,245,282,209,221,233,357,369,439,223,1222,1234,1234,1234,1260,1223,1223,1223,1138,1138,1138,1138,1138,964],"floor_reached":51,"language":"ENG","playtime":9850,"items_purged":["hierophant:Defend_Hierophant"],"score":730,"play_id":"dc0cf002-fa78-4c1e-8e0d-c002cb3bb4f3","local_time":"20210202020234","is_ascension_mode":false,"campfire_choices":[{"data":"hierophant:Punish","floor":6,"key":"SMITH"},{"data":"hierophant:HolyVerse","floor":10,"key":"SMITH"},{"data":"hierophant:FieryStrike","floor":15,"key":"SMITH"},{"data":"hierophant:Zeal","floor":23,"key":"SMITH"},{"data":"hierophant:Endure","floor":28,"key":"SMITH"},{"floor":32,"key":"REST"},{"data":"hierophant:Repentance","floor":40,"key":"SMITH"},{"data":"hierophant:AuricForm","floor":46,"key":"SMITH"},{"data":"hierophant:LocustPlague","floor":49,"key":"SMITH"}],"circlet_count":0,"master_deck":["hierophant:Punish+1","hierophant:Defend_Hierophant","hierophant:Defend_Hierophant","hierophant:ChurchCoffers","hierophant:Smite","hierophant:MirrorShield","hierophant:HolyVerse+1","hierophant:Remorse","hierophant:Endure+1","hierophant:LocustPlague+1","hierophant:Doubloon","hierophant:FieryStrike+1","hierophant:Determination","hierophant:Zeal+1","hierophant:HammerAndAnvil+1","hierophant:Glossolalia","hierophant:Sermon+1","hierophant:HammerAndAnvil","hierophant:Zeal","hierophant:AuricForm+1","hierophant:Cornucopia+1","hierophant:Exaltation+1","hierophant:PristineSoul+1","hierophant:HolyVerse+1","hierophant:OrnateBuckler","hierophant:SolarFlare+1","hierophant:Encroach","hierophant:Repentance+1","Normality","Normality","hierophant:PassingBell","hierophant:AuricShield+1","hierophant:MorningPrayer+1"],"relics":["hierophant:PropheticMaskRelic","Juzu Bracelet","Oddly Smooth Stone","Lee\u0027s Waffle","Snecko Eye","Matryoshka","Pen Nib","Mercury Hourglass","Strawberry","Pear","MawBank","InkBottle","Incense Burner","Astrolabe","Orrery","Lantern","The Courier","Potion Belt"],"acts_visited":["Exordium","TheCity","TheBeyond"],"potions_floor_usage":[12,16,16,24,33],"damage_taken":[{"damage":0,"enemies":"2 Louse","floor":1,"turns":1},{"damage":10,"enemies":"Cultist","floor":3,"turns":4},{"damage":1,"enemies":"Jaw Worm","floor":4,"turns":3},{"damage":0,"enemies":"3 Louse","floor":5,"turns":2},{"damage":10,"enemies":"Looter","floor":7,"turns":3},{"damage":9,"enemies":"Lots of Slimes","floor":11,"turns":2},{"damage":3,"enemies":"Exordium Wildlife","floor":12,"turns":2},{"damage":8,"enemies":"Gremlin Gang","floor":13,"turns":2},{"damage":99,"enemies":"The Guardian","floor":16,"turns":15},{"damage":24,"enemies":"2 Thieves","floor":18,"turns":3},{"damage":4,"enemies":"Chosen","floor":19,"turns":4},{"damage":0,"enemies":"Centurion and Healer","floor":21,"turns":3},{"damage":33,"enemies":"Snake Plant","floor":24,"turns":3},{"damage":24,"enemies":"Book of Stabbing","floor":25,"turns":4},{"damage":34,"enemies":"Slavers","floor":29,"turns":4},{"damage":7,"enemies":"Champ","floor":33,"turns":9},{"damage":0,"enemies":"Orb Walker","floor":35,"turns":3},{"damage":11,"enemies":"3 Darklings","floor":38,"turns":4},{"damage":0,"enemies":"Jaw Worm Horde","floor":42,"turns":2},{"damage":13,"enemies":"Giant Head","floor":45,"turns":5},{"damage":0,"enemies":"Awakened One","floor":50,"turns":5}],"seed_played":"-4262998611836627825","potions_obtained":[{"floor":3,"key":"LiquidMemories"},{"floor":5,"key":"FairyPotion"},{"floor":12,"key":"Fruit Juice"},{"floor":13,"key":"AttackPotion"},{"floor":16,"key":"SpeedPotion"},{"floor":18,"key":"ColorlessPotion"},{"floor":19,"key":"Ancient Potion"},{"floor":29,"key":"ColorlessPotion"},{"floor":33,"key":"ColorlessPotion"}],"is_trial":true,"path_per_floor":["M","?","M","M","M","R","M","?","T","R","M","M","M","$","R","B",null,"M","M","$","M","?","R","M","E","T","T","R","E","?","T","R","B",null,"M","$","?","M","?","R","T","M","T","?","E","R","?","?","R","B",null],"character_chosen":"HIEROPHANT","items_purchased":["Lee\u0027s Waffle","hierophant:Glossolalia","Orrery"],"campfire_rested":1,"item_purchase_floors":[14,20,36],"current_hp_per_floor":[75,68,58,57,57,57,47,47,47,47,38,40,32,87,87,16,87,70,74,74,84,84,84,51,28,28,45,45,11,11,11,42,35,104,104,104,104,104,104,104,104,104,104,104,91,91,91,91,91,104],"gold":964,"neow_bonus":"","is_daily":false,"chose_seed":false,"campfire_upgraded":8,"win_rate":0.0,"timestamp":1612256554,"path_taken":["M","?","M","M","M","R","M","?","T","R","M","M","M","$","R","BOSS","M","M","$","M","?","R","M","E","T","?","R","E","?","?","R","BOSS","M","$","?","M","?","R","?","M","T","?","E","R","?","?","R","BOSS"],"items_purchased_type":["Relic","Card","Relic"],"build_version":"2020-12-22","purchased_purges":1,"victory":true,"max_hp_per_floor":[75,75,75,75,75,75,75,75,75,75,75,80,80,87,87,87,87,87,87,87,87,87,87,87,87,87,104,104,104,104,104,104,104,104,104,104,104,104,104,104,104,104,104,104,104,104,104,104,104,104],"card_choices":[{"not_picked":["hierophant:AuricBeam","hierophant:FieryStrike"],"picked":"hierophant:Smite","floor":1},{"not_picked":["hierophant:HammerAndAnvil","hierophant:Cornucopia"],"picked":"hierophant:MirrorShield","floor":3},{"not_picked":["hierophant:Encroach","hierophant:FlamingChariot"],"picked":"hierophant:HolyVerse","floor":4},{"not_picked":["hierophant:SolarFlare","hierophant:Encroach"],"picked":"hierophant:Remorse","floor":5},{"not_picked":["hierophant:Smite","hierophant:Embezzle"],"picked":"hierophant:Endure","floor":7},{"not_picked":["hierophant:Prophecy","hierophant:RustyCrate"],"picked":"hierophant:LocustPlague","floor":11},{"not_picked":["hierophant:Mercenaries","hierophant:AuricBeam"],"picked":"hierophant:Doubloon","floor":12},{"not_picked":["hierophant:Martyrdom","hierophant:Cornucopia"],"picked":"hierophant:FieryStrike","floor":13},{"not_picked":["hierophant:Anathema","hierophant:BulkyChest"],"picked":"hierophant:Determination","floor":16},{"not_picked":["hierophant:Doomsaying","hierophant:CursedGold"],"picked":"hierophant:Zeal","floor":18},{"not_picked":["hierophant:Racketeering+1","hierophant:Encroach"],"picked":"hierophant:HammerAndAnvil+1","floor":19},{"not_picked":["hierophant:HammerAndAnvil","hierophant:Blessing","hierophant:AuricBeam+1"],"picked":"SKIP","floor":21},{"not_picked":["hierophant:FlamingChariot","hierophant:Embezzle"],"picked":"hierophant:Sermon+1","floor":24},{"not_picked":["hierophant:Shelter","hierophant:Remorse+1"],"picked":"hierophant:HammerAndAnvil","floor":25},{"not_picked":["hierophant:Embezzle","hierophant:Bribe"],"picked":"hierophant:Zeal","floor":29},{"not_picked":["hierophant:Cornucopia","hierophant:DeathKnell"],"picked":"hierophant:AuricForm","floor":33},{"not_picked":["hierophant:OrnateBuckler","hierophant:CursedGold+1"],"picked":"hierophant:HolyVerse+1","floor":35},{"not_picked":["hierophant:AuricBeam+1","hierophant:Zeal+1"],"picked":"hierophant:OrnateBuckler","floor":36},{"not_picked":["hierophant:Zeal","hierophant:Remorse"],"picked":"hierophant:SolarFlare+1","floor":36},{"not_picked":["hierophant:Determination","hierophant:Shelter"],"picked":"hierophant:RepressedViolence","floor":36},{"not_picked":["hierophant:FaithHealing","hierophant:Empathy+1"],"picked":"hierophant:Encroach","floor":36},{"not_picked":["hierophant:HolyVerse","hierophant:Martyrdom+1"],"picked":"hierophant:Repentance","floor":36},{"not_picked":["hierophant:Purify","hierophant:FieryStrike+1"],"picked":"hierophant:PassingBell","floor":38},{"not_picked":["hierophant:Dazzle+1","hierophant:RepressedViolence"],"picked":"hierophant:AuricShield+1","floor":42},{"not_picked":["hierophant:Remorse+1","hierophant:RustyCrate"],"picked":"hierophant:MorningPrayer+1","floor":45}],"player_experience":1324715,"relics_obtained":[{"floor":9,"key":"Oddly Smooth Stone"},{"floor":25,"key":"Matryoshka"},{"floor":26,"key":"Pen Nib"},{"floor":26,"key":"Mercury Hourglass"},{"floor":27,"key":"Strawberry"},{"floor":27,"key":"Pear"},{"floor":29,"key":"MawBank"},{"floor":31,"key":"Incense Burner"},{"floor":41,"key":"Lantern"},{"floor":43,"key":"The Courier"},{"floor":45,"key":"Potion Belt"}],"event_choices":[{"cards_removed":["hierophant:Strike_Hierophant"],"damage_healed":0,"gold_gain":0,"player_choice":"Card Removal","damage_taken":7,"max_hp_gain":0,"max_hp_loss":0,"event_name":"Golden Wing","floor":2,"gold_loss":0},{"cards_removed":["hierophant:Doubloon"],"damage_healed":0,"gold_gain":0,"player_choice":"Gave Card","damage_taken":0,"relics_obtained":["Juzu Bracelet"],"max_hp_gain":0,"max_hp_loss":0,"event_name":"WeMeetAgain","floor":8,"gold_loss":0},{"cards_removed":["hierophant:Strike_Hierophant"],"damage_healed":0,"gold_gain":0,"player_choice":"Elegance","damage_taken":0,"max_hp_gain":0,"max_hp_loss":0,"event_name":"Back to Basics","floor":22,"gold_loss":0},{"damage_healed":0,"gold_gain":0,"player_choice":"Obtained Relic","damage_taken":0,"relics_obtained":["InkBottle"],"max_hp_gain":0,"max_hp_loss":0,"event_name":"Addict","floor":30,"gold_loss":85},{"damage_healed":0,"gold_gain":999,"player_choice":"Gold","damage_taken":0,"max_hp_gain":0,"max_hp_loss":0,"event_name":"MindBloom","floor":37,"gold_loss":0,"cards_obtained":["Normality","Normality"]},{"damage_healed":0,"gold_gain":0,"player_choice":"Memory 1","damage_taken":0,"max_hp_gain":0,"max_hp_loss":0,"event_name":"SensoryStone","floor":39,"gold_loss":0},{"damage_healed":0,"gold_gain":0,"player_choice":"Ignored","damage_taken":0,"max_hp_gain":0,"max_hp_loss":0,"event_name":"Mysterious Sphere","floor":44,"gold_loss":0},{"cards_removed":["hierophant:RepressedViolence"],"damage_healed":0,"gold_gain":0,"player_choice":"Removed Attack","damage_taken":0,"max_hp_gain":0,"max_hp_loss":0,"event_name":"Falling","floor":47,"gold_loss":0},{"damage_healed":0,"gold_gain":0,"player_choice":"Ignored","damage_taken":0,"max_hp_gain":0,"max_hp_loss":0,"event_name":"Tomb of Lord Red Mask","floor":48,"gold_loss":0}],"is_beta":false,"boss_relics":[{"not_picked":["SlaversCollar","Tiny House"],"picked":"Snecko Eye"},{"not_picked":["Runic Pyramid","Coffee Dripper"],"picked":"Astrolabe"}],"items_purged_floors":[36],"is_endless":false,"potions_floor_spawned":[3,5,12,13,16,18,19,29,33,35],"ascension_level":0}}