{"host":"w01zow3jg16g8jdh","time":1612267739,"event":{"mods":["AchievementEnabler","BaseMod","DeckTracker","Keyboard Shortcuts","Minty Spire (QoL Compilation)","Permanent Neow","StSLib","SuperFastMode"],"gold_per_floor":[113,38,51,51,63,63,74,74,74,93,107,126,154,168,168,245,245,274,298,498,520,540,8,40,63,63,106,120,163,163,190,190,277,277,303,330,342,342,242,280,280,280],"floor_reached":41,"language":"KOR","playtime":1503,"items_purged":["Defend_G","Strike_G"],"score":1307,"play_id":"0c52de3b-dc97-43bb-b39a-63b0c4325791","local_time":"20210202210859","is_ascension_mode":true,"campfire_choices":[{"data":"Neutralize","floor":6,"key":"SMITH"},{"data":"Well Laid Plans","floor":8,"key":"SMITH"},{"data":"Noxious Fumes","floor":15,"key":"SMITH"},{"data":"Tactician","floor":30,"key":"SMITH"},{"data":"Footwork","floor":32,"key":"SMITH"}],"circlet_count":0,"master_deck":["AscendersBane","Strike_G","Strike_G","Strike_G","Defend_G","Defend_G","Defend_G","Survivor","Neutralize+1","Dagger Throw","Well Laid Plans+1","Quick Slash","After Image","Tactician+1","Footwork+1","Dodge and Roll+1","Noxious Fumes+1","Venomology+1","CurseOfTheBell","Reflex+1","After Image","Backflip+1","Calculated Gamble+1","PiercingWail+1","Backflip+1","Adrenaline+1","Acrobatics+1","After Image","Prepared+1","Terror+1","Blur+1"],"relics":["Ring of the Snake","Bird Faced Urn","FaceOfCleric","Pear","Toxic Egg 2","Calling Bell","CeramicFish","Question Card","Gremlin Horn","Medical Kit","Lizard Tail","FossilizedHelix","Molten Egg 2","Bag of Marbles","Coffee Dripper","MealTicket"],"acts_visited":["Exordium","TheCity","TheBeyond"],"potions_floor_usage":[7,11,13,19,19,19,21,21,22,25,27,27,28,28,28,33,35,36,40],"damage_taken":[{"damage":8,"enemies":"Small Slimes","floor":1,"turns":5},{"damage":2,"enemies":"Jaw Worm","floor":3,"turns":5},{"damage":0,"enemies":"Cultist","floor":5,"turns":5},{"damage":26,"enemies":"Gremlin Gang","floor":7,"turns":6},{"damage":13,"enemies":"3 Louse","floor":10,"turns":4},{"damage":0,"enemies":"Lots of Slimes","floor":11,"turns":2},{"damage":3,"enemies":"2 Fungi Beasts","floor":12,"turns":5},{"damage":22,"enemies":"Gremlin Nob","floor":13,"turns":4},{"damage":13,"enemies":"Exordium Wildlife","floor":14,"turns":9},{"damage":17,"enemies":"Hexaghost","floor":16,"turns":11},{"damage":7,"enemies":"Shell Parasite","floor":18,"turns":10},{"damage":16,"enemies":"Spheric Guardian","floor":19,"turns":8},{"damage":50,"enemies":"3 Cultists","floor":21,"turns":8},{"damage":2,"enemies":"Centurion and Healer","floor":22,"turns":9},{"damage":0,"enemies":"Slavers","floor":24,"turns":1},{"damage":22,"enemies":"Chosen and Byrds","floor":25,"turns":9},{"damage":20,"enemies":"Gremlin Leader","floor":27,"turns":10},{"damage":13,"enemies":"Cultist and Chosen","floor":28,"turns":11},{"damage":0,"enemies":"Slavers","floor":29,"turns":1},{"damage":0,"enemies":"Centurion and Healer","floor":31,"turns":9},{"damage":0,"enemies":"Champ","floor":33,"turns":5},{"damage":0,"enemies":"3 Shapes","floor":35,"turns":5},{"damage":0,"enemies":"Orb Walker","floor":36,"turns":5},{"damage":13,"enemies":"Transient","floor":37,"turns":6},{"damage":0,"enemies":"Giant Head","floor":40,"turns":4},{"damage":0,"enemies":"Jaw Worm Horde","floor":41,"turns":1}],"seed_played":"6667238663597025018","potions_obtained":[{"floor":3,"key":"SkillPotion"},{"floor":10,"key":"ColorlessPotion"},{"floor":11,"key":"Fire Potion"},{"floor":16,"key":"BlessingOfTheForge"},{"floor":19,"key":"Energy Potion"},{"floor":24,"key":"EssenceOfSteel"},{"floor":29,"key":"GhostInAJar"}],"is_trial":false,"path_per_floor":["M","?","M","?","M","R","M","R","T","M","M","M","E","M","R","B",null,"M","M","?","M","M","$","E","M","T","E","M","E","R","M","R","B",null,"M","M","M","?","$","E","M"],"character_chosen":"THE_SILENT","items_purchased":["Gremlin Horn","Medical Kit"],"campfire_rested":0,"item_purchase_floors":[23,23],"current_hp_per_floor":[51,51,49,49,52,52,29,29,39,29,34,36,21,15,15,7,60,62,55,55,16,25,25,28,15,15,6,19,20,20,31,31,42,77,88,91,79,79,79,92,92,92],"gold":280,"neow_bonus":"ONE_RARE_RELIC","is_daily":false,"chose_seed":false,"campfire_upgraded":5,"win_rate":0.0,"timestamp":1612267739,"path_taken":["M","?","M","?","M","R","M","R","T","M","M","?","E","M","R","BOSS","M","?","?","?","M","$","E","M","T","E","M","E","R","M","R","BOSS","M","M","?","?","$","E","M"],"items_purchased_type":["Relic","Relic"],"build_version":"2020-12-22","purchased_purges":2,"victory":false,"max_hp_per_floor":[60,60,60,60,61,61,62,62,72,73,74,75,76,77,77,78,78,79,80,80,81,82,82,83,84,84,85,86,87,87,88,88,89,89,90,91,92,92,92,93,93,93],"card_choices":[{"not_picked":["Flying Knee","PiercingWail"],"picked":"Dagger Throw","floor":1},{"not_picked":["Choke","Poisoned Stab"],"picked":"Well Laid Plans","floor":3},{"not_picked":["Dagger Spray","All Out Attack"],"picked":"Quick Slash","floor":5},{"not_picked":["Distraction","Well Laid Plans","Dagger Spray"],"picked":"SKIP","floor":7},{"not_picked":["Cloak And Dagger","Prepared"],"picked":"After Image","floor":10},{"not_picked":["Backflip","Backstab"],"picked":"Tactician","floor":11},{"not_picked":["Skewer","Underhanded Strike"],"picked":"Footwork","floor":12},{"not_picked":["Endless Agony","Dagger Throw"],"picked":"Dodge and Roll+1","floor":13},{"not_picked":["Concentrate+1","Outmaneuver+1"],"picked":"Noxious Fumes","floor":14},{"not_picked":["Die Die Die","Adrenaline+1"],"picked":"Venomology+1","floor":16},{"not_picked":["Bouncing Flask+1","Prepared+1","Outmaneuver+1"],"picked":"Reflex+1","floor":18},{"not_picked":["Deflect+1","Dodge and Roll+1","PiercingWail+1"],"picked":"After Image","floor":19},{"not_picked":["Deadly Poison+1","Bane","Cloak And Dagger+1"],"picked":"Backflip+1","floor":21},{"not_picked":["Tools of the Trade","Sucker Punch","Cloak And Dagger+1"],"picked":"Calculated Gamble+1","floor":22},{"not_picked":["Infinite Blades","Slice","Riddle With Holes","Backflip+1"],"picked":"SKIP","floor":24},{"not_picked":["Outmaneuver+1","Dagger Spray","Deflect+1"],"picked":"PiercingWail+1","floor":25},{"not_picked":["Underhanded Strike+1","PiercingWail+1","Dagger Throw+1"],"picked":"Backflip+1","floor":27},{"not_picked":["Bane+1","Underhanded Strike+1","Reflex+1","Well Laid Plans+1"],"picked":"SKIP","floor":28},{"not_picked":["Phantasmal Killer+1","Underhanded Strike+1","Deflect+1"],"picked":"Adrenaline+1","floor":29},{"not_picked":["Prepared+1","Choke+1","Accuracy"],"picked":"Acrobatics+1","floor":31},{"not_picked":["Wraith Form v2","Bullet Time+1","Phantasmal Killer+1"],"picked":"After Image","floor":33},{"not_picked":["Deadly Poison+1","Eviscerate+1","Quick Slash+1"],"picked":"Prepared+1","floor":35},{"not_picked":["Deadly Poison+1","Catalyst+1","Finisher+1"],"picked":"Terror+1","floor":36},{"not_picked":["Dodge and Roll+1","Acrobatics+1","Underhanded Strike+1","Deflect+1"],"picked":"SKIP","floor":37},{"not_picked":["Dodge and Roll+1","Setup+1","Choke+1"],"picked":"Blur+1","floor":40}],"player_experience":347227,"relics_obtained":[{"floor":9,"key":"Pear"},{"floor":13,"key":"Toxic Egg 2"},{"floor":17,"key":"CeramicFish"},{"floor":17,"key":"Question Card"},{"floor":24,"key":"Lizard Tail"},{"floor":26,"key":"FossilizedHelix"},{"floor":27,"key":"Molten Egg 2"},{"floor":29,"key":"Bag of Marbles"},{"floor":40,"key":"MealTicket"}],"event_choices":[{"cards_removed":["Defend_G"],"damage_healed":0,"gold_gain":0,"player_choice":"Card Removal","damage_taken":0,"max_hp_gain":0,"max_hp_loss":0,"event_name":"The Cleric","floor":2,"gold_loss":75},{"damage_healed":0,"gold_gain":0,"player_choice":"Trade","damage_taken":0,"relics_obtained":["FaceOfCleric"],"max_hp_gain":0,"max_hp_loss":0,"event_name":"FaceTrader","floor":4,"gold_loss":0},{"damage_healed":0,"gold_gain":200,"player_choice":"Gold","damage_taken":0,"max_hp_gain":0,"max_hp_loss":0,"event_name":"Wheel of Change","floor":20,"gold_loss":0},{"cards_removed":["Strike_G"],"damage_healed":0,"gold_gain":0,"player_choice":"Removed Attack","damage_taken":0,"max_hp_gain":0,"max_hp_loss":0,"event_name":"Falling","floor":38,"gold_loss":0}],"is_beta":false,"boss_relics":[{"not_picked":["Velvet Choker","Tiny House"],"picked":"Calling Bell"},{"not_picked":["Cursed Key","Busted Crown"],"picked":"Coffee Dripper"}],"items_purged_floors":[23,39],"is_endless":false,"potions_floor_spawned":[3,10,11,16,18,19,24,29,31,35],"killed_by":"Jaw Worm Horde","ascension_level":20}}