{"host":"0ntunplbxyg40l63","time":1612264079,"event":{"mods":["BaseMod","Colored Powertips","Downfall","Minty Spire (QoL Compilation)","StSLib"],"gold_per_floor":[99,114,214,214,229,229,229,229,139,202,215,247,247,247,266,266,266],"floor_reached":16,"language":"ENG","playtime":938,"items_purged":[],"score":98,"play_id":"36a11b38-38da-4ffe-a627-44283e6f5f09","local_time":"20210202110759","daily_mods":["SealedDeck","Lethality"],"is_ascension_mode":false,"campfire_choices":[{"data":"Rupture","floor":1,"key":"SMITH"},{"data":"champ:Backstep","floor":6,"key":"SMITH"},{"data":"champ:Circumvent","floor":8,"key":"SMITH"}],"circlet_count":0,"master_deck":["champ:CrookedStrike","champ:EnGarde","Hemokinesis","champ:Shatter","champ:Shatter","champ:EnGarde","champ:BerserkersShout","champ:BerserkersShout","Rupture+1","champ:Backstep+1","champ:Circumvent+1","champ:BringItOn","champ:PreciseThrust","champ:ShieldSigil","Perfected Strike","champ:Haymaker","champ:BringItOn","Feed","Regret","champ:StanceDance"],"relics":["Burning Blood","Sundial","StrikeDummy","Paper Frog","Frozen Egg 2","downfall:BrokenWingStatue","Self Forming Clay"],"acts_visited":["Exordium"],"potions_floor_usage":[12,16],"damage_taken":[{"damage":12,"enemies":"2 Louse","floor":2,"turns":3},{"damage":25,"enemies":"Small Slimes","floor":5,"turns":4},{"damage":41,"enemies":"downfall:FleeingMerchant","floor":9,"turns":4},{"damage":61,"enemies":"3 Sentries","floor":10,"turns":4},{"damage":34,"enemies":"Jaw Worm","floor":11,"turns":2},{"damage":40,"enemies":"3 Sentries","floor":12,"turns":4},{"damage":17,"enemies":"3 Louse","floor":15,"turns":3},{"damage":49,"enemies":"DF_ARCHETYPE_STREAMLINE","floor":16,"turns":8}],"seed_played":"-6942139465832908476","potions_obtained":[{"floor":11,"key":"Energy Potion"},{"floor":12,"key":"BlessingOfTheForge"}],"is_trial":true,"path_per_floor":["R","M","?","?","M","R","T","R","$","?","M","E","?","?","M","B"],"character_chosen":"IRONCLAD","items_purchased":["champ:ShieldSigil","Perfected Strike"],"campfire_rested":0,"item_purchase_floors":[9,9],"current_hp_per_floor":[80,80,80,68,74,74,74,74,69,49,41,37,37,37,44,0,0],"gold":266,"neow_bonus":"","is_daily":false,"chose_seed":false,"campfire_upgraded":3,"win_rate":0.0,"timestamp":1612264079,"path_taken":["R","M","?","?","M","R","T","R","$","?","?","E","?","?","M","BOSS"],"items_purchased_type":["Card","Card"],"build_version":"2020-12-22","purchased_purges":0,"victory":false,"max_hp_per_floor":[80,80,80,80,80,80,80,80,80,80,80,80,80,80,83,83,83],"card_choices":[{"not_picked":["True Grit","champ:BerserkersShout"],"picked":"champ:Circumvent","floor":2},{"not_picked":["Pommel Strike","Perfected Strike"],"picked":"champ:BringItOn","floor":5},{"not_picked":["champ:PerfectedStrike","Burning Pact"],"picked":"champ:PreciseThrust","floor":9},{"not_picked":["Flex","Thunderclap"],"picked":"champ:Haymaker","floor":10},{"not_picked":["Warcry","Pommel Strike"],"picked":"champ:BringItOn","floor":11},{"not_picked":["Spot Weakness","champ:Circumvent"],"picked":"Feed","floor":12},{"not_picked":["champ:Shatter","champ:Circumvent"],"picked":"champ:StanceDance","floor":15}],"player_experience":35673,"relics_obtained":[{"floor":7,"key":"StrikeDummy"},{"floor":10,"key":"Paper Frog"},{"floor":12,"key":"Frozen Egg 2"}],"event_choices":[{"damage_healed":0,"gold_gain":0,"player_choice":"Success","damage_taken":12,"relics_obtained":["Sundial"],"max_hp_gain":0,"max_hp_loss":0,"event_name":"Scrap Ooze","floor":4,"gold_loss":0},{"damage_healed":0,"gold_gain":0,"player_choice":"Box","damage_taken":0,"relics_obtained":["Self Forming Clay"],"max_hp_gain":0,"max_hp_loss":0,"event_name":"Big Fish","floor":14,"gold_loss":0,"cards_obtained":["Regret"]}],"is_beta":false,"boss_relics":[],"items_purged_floors":[],"is_endless":false,"potions_floor_spawned":[2,11,12],"killed_by":"DF_ARCHETYPE_STREAMLINE","ascension_level":0}}