{"host":"f4xk8spljo3akohx","time":1612244979,"event":{"mods":["Act Like it!","Arknights","BaseMod","Downfall","Gensokyo","GifTheSpireLib","Hallownest","Highlight Path","Marisa£®ÏF”Í°°ƒß¿Ì…≥£©","Minty Spire (QoL Compilation)","Quick Restart","StSLib","The Bug Knight"],"gold_per_floor":[109,109,63,77,93,93,118,118,118,118,146,321,396,407,407,407,407],"floor_reached":16,"language":"ZHS","playtime":281,"items_purged":[],"score":113,"play_id":"08903268-ccb8-4acf-ba3c-13ab8397b202","local_time":"20210202134939","is_ascension_mode":true,"campfire_choices":[{"data":"ats:Neurotoxin","floor":6,"key":"SMITH"},{"data":"ats:Flexible Camouflage","floor":8,"key":"SMITH"},{"data":"ats:Armor Crushing Shot","floor":10,"key":"SMITH"},{"floor":15,"key":"REST"}],"circlet_count":0,"master_deck":["ats:Strike C","ats:Strike G","ats:Strike S","ats:Strike V","ats:Armor Crushing Shot+1","ats:Defend","ats:Defend","ats:Defend","ats:Defend","ats:Emotion Absorption","ats:Neurotoxin+1","ats:Flexible Camouflage+1","ats:Consecutive Shot Auto","ats:Rapid Magazine","Doubt"],"relics":["ats:Sanity","NeowsBlessing","ats:Originium","Ginger","Matryoshka","Molten Egg 2"],"acts_visited":["Exordium"],"potions_floor_usage":[11],"damage_taken":[{"damage":0,"enemies":"2 Louse","floor":1,"turns":1},{"damage":0,"enemies":"Cultist","floor":4,"turns":1},{"damage":0,"enemies":"Jaw Worm","floor":5,"turns":1},{"damage":34,"enemies":"Gremlin Nob","floor":7,"turns":5},{"damage":21,"enemies":"3 Sentries","floor":11,"turns":4},{"damage":2,"enemies":"Blue Slaver","floor":14,"turns":2},{"damage":35,"enemies":"Slime Boss","floor":16,"turns":3}],"seed_played":"-1589832812933769027","potions_obtained":[{"floor":1,"key":"Dexterity Potion"},{"floor":5,"key":"Fire Potion"},{"floor":11,"key":"Dexterity Potion"}],"is_trial":false,"path_per_floor":["M","?","$","M","M","R","E","R","T","R","E","?","?","M","R","B"],"character_chosen":"DOCTOR_CLASS","items_purchased":["ats:Flexible Camouflage"],"campfire_rested":1,"item_purchase_floors":[3],"current_hp_per_floor":[72,72,72,72,72,72,38,38,38,38,17,17,6,4,25,0,0],"gold":407,"neow_bonus":"THREE_ENEMY_KILL","is_daily":false,"chose_seed":false,"campfire_upgraded":3,"win_rate":0.0,"timestamp":1612244979,"path_taken":["M","?","?","?","M","R","E","R","T","R","E","?","?","M","R","BOSS"],"items_purchased_type":["Card"],"build_version":"2020-12-22","purchased_purges":0,"victory":false,"max_hp_per_floor":[72,72,72,72,72,72,72,72,72,72,72,72,72,72,72,72,72],"card_choices":[{"not_picked":["ats:Very Hot Blade","ats:Mental Burst"],"picked":"ats:Neurotoxin","floor":1},{"not_picked":["ats:Collapsing Strike","ats:Counter Healing Mode"],"picked":"ats:Consecutive Shot Auto","floor":4},{"not_picked":["ats:Shell Defense","ats:Directed Diagnosis","ats:Curse Doll"],"picked":"SKIP","floor":5},{"not_picked":["ats:Healing Strengthening","ats:Song Of Battle"],"picked":"ats:Rapid Magazine","floor":7},{"not_picked":["ats:Cat Scratch+1","ats:Beaten Up","ats:Collapsing Strike+1"],"picked":"SKIP","floor":11},{"not_picked":["ats:Closed Bolt Burst Fire+1","ats:Sunburst+1","ats:LN2 Cannon+1"],"picked":"SKIP","floor":14}],"player_experience":70151,"relics_obtained":[{"floor":7,"key":"ats:Originium"},{"floor":7,"key":"Ginger"},{"floor":9,"key":"Matryoshka"},{"floor":11,"key":"ats:Originium"},{"floor":11,"key":"Molten Egg 2"}],"event_choices":[{"damage_healed":0,"gold_gain":0,"player_choice":"Bought 0 Potions","damage_taken":0,"max_hp_gain":0,"max_hp_loss":0,"event_name":"The Woman in Blue","floor":2,"gold_loss":0},{"damage_healed":0,"gold_gain":175,"player_choice":"AGREE","damage_taken":0,"max_hp_gain":0,"max_hp_loss":0,"event_name":"Liars Game","floor":12,"gold_loss":0,"cards_obtained":["Doubt"]},{"damage_healed":0,"gold_gain":75,"player_choice":"Gather Gold","damage_taken":11,"max_hp_gain":0,"max_hp_loss":0,"event_name":"World of Goop","floor":13,"gold_loss":0}],"is_beta":false,"boss_relics":[],"items_purged_floors":[],"is_endless":false,"potions_floor_spawned":[1,5,11],"killed_by":"Slime Boss","ascension_level":1}}