{"host":"04hh9gplt9wkfmr1","time":1612278822,"event":{"mods":["AchievementEnabler","BaseMod","Colored Map","KOR Keyword Fix","Minty Spire (QoL Compilation)","Rare Cards Sparkle","SuperFastMode"],"gold_per_floor":[115,115,130,130,141,169,169,197,197,227,240,240,258,278,278,355,355,369,447,14,24,38,38,68,68,68,103,202,230,230,330,330,402,402,419,429,47,47,47,47,62,62,89,103,118,171,18,34,34,34],"floor_reached":51,"language":"KOR","playtime":2445,"items_purged":["Regret","Regret"],"score":1189,"play_id":"6ec19883-0cb5-412d-b87c-fc78d13b9f64","local_time":"20210203001342","is_ascension_mode":true,"campfire_choices":[{"floor":7.0,"key":"REST"},{"floor":12.0,"key":"REST"},{"data":"Eviscerate","floor":15.0,"key":"SMITH"},{"floor":23.0,"key":"REST"},{"data":"A Thousand Cuts","floor":25.0,"key":"SMITH"},{"data":"1","floor":30.0,"key":"LIFT"},{"floor":32.0,"key":"REST"},{"data":"2","floor":40.0,"key":"LIFT"},{"data":"3","floor":49.0,"key":"LIFT"}],"circlet_count":0,"master_deck":["AscendersBane","Strike_G","Strike_G","Strike_G","Strike_G","Defend_G","Defend_G","Defend_G","Defend_G","Defend_G","Survivor+1","Neutralize","Acrobatics","Eviscerate+1","Heel Hook","PiercingWail+1","Acrobatics","Noxious Fumes","Terror","Escape Plan","A Thousand Cuts+1","Acrobatics+1","Footwork","Underhanded Strike","Underhanded Strike","PiercingWail","Doppelganger+1","Dagger Throw","Venomology+1","Prepared+1","Panache+1","Jack Of All Trades+1","Concentrate+1","Secret Technique+1","Panacea+1","Bandage Up+1","Writhe","Clumsy","PiercingWail+1","Backflip+1"],"relics":["HoveringKite","Snake Skull","Bottled Flame","Anchor","Smiling Mask","Pantograph","Cursed Key","Gremlin Horn","Ice Cream","Blood Vial","Toxic Egg 2","Du-Vu Doll","Girya","Ginger","Paper Crane","SacredBark","Bag of Marbles","CaptainsWheel","War Paint"],"acts_visited":["Exordium","TheCity","TheBeyond"],"potions_floor_usage":[50],"damage_taken":[{"damage":0.0,"enemies":"Jaw Worm","floor":1.0,"turns":6.0},{"damage":0.0,"enemies":"2 Louse","floor":3.0,"turns":3.0},{"damage":0.0,"enemies":"Cultist","floor":5.0,"turns":2.0},{"damage":29.0,"enemies":"Gremlin Nob","floor":6.0,"turns":5.0},{"damage":3.0,"enemies":"3 Sentries","floor":8.0,"turns":12.0},{"damage":11.0,"enemies":"Lagavulin","floor":10.0,"turns":6.0},{"damage":10.0,"enemies":"Red Slaver","floor":11.0,"turns":5.0},{"damage":14.0,"enemies":"Exordium Thugs","floor":13.0,"turns":4.0},{"damage":1.0,"enemies":"Large Slime","floor":14.0,"turns":5.0},{"damage":37.0,"enemies":"Slime Boss","floor":16.0,"turns":8.0},{"damage":1.0,"enemies":"Shell Parasite","floor":18.0,"turns":5.0},{"damage":3.0,"enemies":"3 Byrds","floor":21.0,"turns":4.0},{"damage":25.0,"enemies":"Centurion and Healer","floor":22.0,"turns":7.0},{"damage":1.0,"enemies":"Gremlin Leader","floor":24.0,"turns":5.0},{"damage":18.0,"enemies":"Book of Stabbing","floor":27.0,"turns":5.0},{"damage":5.0,"enemies":"Slavers","floor":29.0,"turns":5.0},{"damage":0.0,"enemies":"Colosseum Slavers","floor":31.0,"turns":4.0},{"damage":1.0,"enemies":"Colosseum Nobs","floor":31.0,"turns":4.0},{"damage":16.0,"enemies":"Automaton","floor":33.0,"turns":8.0},{"damage":22.0,"enemies":"3 Darklings","floor":35.0,"turns":5.0},{"damage":0.0,"enemies":"Orb Walker","floor":36.0,"turns":2.0},{"damage":3.0,"enemies":"Maw","floor":41.0,"turns":5.0},{"damage":8.0,"enemies":"4 Shapes","floor":44.0,"turns":3.0},{"damage":12.0,"enemies":"Jaw Worm Horde","floor":45.0,"turns":4.0},{"damage":2.0,"enemies":"2 Orb Walkers","floor":46.0,"turns":4.0},{"damage":16.0,"enemies":"Spire Growth","floor":48.0,"turns":4.0},{"damage":39,"enemies":"Time Eater","floor":50,"turns":6}],"seed_played":"2669575139168778744","potions_obtained":[{"floor":3.0,"key":"PowerPotion"},{"floor":5.0,"key":"Dexterity Potion"},{"floor":8.0,"key":"GamblersBrew"},{"floor":11.0,"key":"EntropicBrew"},{"floor":18.0,"key":"FearPotion"},{"floor":22.0,"key":"SpeedPotion"},{"floor":24.0,"key":"DistilledChaos"},{"floor":29.0,"key":"Regen Potion"},{"floor":45.0,"key":"FairyPotion"}],"is_trial":false,"path_per_floor":["M","?","M","?","M","E","R","E","T","E","M","R","M","M","R","B",null,"M","T","$","M","M","R","E","R","T","E","?","E","R","?","R","B",null,"M","M","$","?","?","R","M","?","T","M","M","?","$","M","R","B",null],"character_chosen":"THE_SILENT","items_purchased":["Ice Cream","Footwork","Underhanded Strike","Panache","Jack Of All Trades+1","Concentrate+1","War Paint"],"campfire_rested":4,"item_purchase_floors":[20,20,20,37,37,37,47],"current_hp_per_floor":[63,60,60,60,60,31,52,49,49,38,28,49,35,34,34,22,58,57,57,57,54,29,50,49,49,49,33,33,30,30,33,54,54,66,57,59,59,49,67,67,66,66,66,66,58,64,64,54,54,31],"gold":34,"neow_bonus":"BOSS_RELIC","is_daily":false,"chose_seed":false,"campfire_upgraded":2,"win_rate":0.0,"timestamp":1612278822,"path_taken":["M","?","M","?","M","E","R","E","T","E","M","R","?","M","R","BOSS","M","?","?","M","?","R","E","R","T","E","?","E","R","?","R","BOSS","M","M","$","?","?","R","M","?","T","M","?","?","?","M","R","BOSS"],"items_purchased_type":["Relic","Card","Card","Card","Card","Card","Relic"],"build_version":"2020-12-22","purchased_purges":2,"victory":true,"max_hp_per_floor":[70,70,70,70,70,70,70,70,70,70,70,70,70,70,70,70,70,70,70,70,70,70,70,70,70,70,70,70,70,70,70,70,70,70,70,70,70,70,70,70,70,70,70,70,70,70,70,70,70,70],"card_choices":[{"not_picked":["Quick Slash","Riddle With Holes"],"picked":"Acrobatics","floor":1.0},{"not_picked":["Blade Dance","Predator"],"picked":"Eviscerate","floor":3.0},{"not_picked":["Blade Dance","Underhanded Strike"],"picked":"PiercingWail","floor":5.0},{"not_picked":["Deadly Poison","Phantasmal Killer"],"picked":"Acrobatics","floor":6.0},{"not_picked":["Blade Dance","Blur"],"picked":"Noxious Fumes","floor":8.0},{"not_picked":["All Out Attack","Choke"],"picked":"Terror","floor":10.0},{"not_picked":["Flying Knee","Outmaneuver"],"picked":"Escape Plan","floor":11.0},{"not_picked":["Sucker Punch","Poisoned Stab","Backflip"],"picked":"SKIP","floor":13.0},{"not_picked":["Heel Hook","Flechettes","Dagger Spray"],"picked":"SKIP","floor":14.0},{"not_picked":["Tools of the Trade","Adrenaline"],"picked":"A Thousand Cuts","floor":16.0},{"not_picked":["Dodge and Roll+1","Sucker Punch"],"picked":"Acrobatics+1","floor":18.0},{"not_picked":["Blur","Blade Dance","Accuracy"],"picked":"SKIP","floor":21.0},{"not_picked":["Crippling Poison","Flechettes"],"picked":"Underhanded Strike","floor":22.0},{"not_picked":["Endless Agony+1","Bane"],"picked":"PiercingWail","floor":24.0},{"not_picked":["Caltrops+1","Bane","Distraction+1"],"picked":"SKIP","floor":27.0},{"not_picked":["Concentrate+1","Deadly Poison+1"],"picked":"Doppelganger+1","floor":29.0},{"not_picked":["Backflip+1","Underhanded Strike"],"picked":"Dagger Throw","floor":31.0},{"not_picked":["Bullet Time+1","Unload"],"picked":"Venomology+1","floor":33.0},{"not_picked":["Sucker Punch+1","Predator","Quick Slash"],"picked":"SKIP","floor":35.0},{"not_picked":["Backstab","Blade Dance+1"],"picked":"Prepared+1","floor":36.0},{"not_picked":["Purity+1","Magnetism"],"picked":"Secret Technique+1","floor":38.0},{"not_picked":["PanicButton+1","Forethought+1"],"picked":"Panacea+1","floor":38.0},{"not_picked":["Mayhem","Good Instincts+1"],"picked":"Bandage Up+1","floor":38.0},{"not_picked":["Accuracy","Flying Knee","Backflip+1"],"picked":"SKIP","floor":41.0},{"not_picked":["Poisoned Stab","Deflect+1"],"picked":"PiercingWail+1","floor":44.0},{"not_picked":["Slice","Deadly Poison+1","Wraith Form v2"],"picked":"SKIP","floor":45.0},{"not_picked":["Deflect+1","Endless Agony+1"],"picked":"Backflip+1","floor":48.0}],"player_experience":119337,"relics_obtained":[{"floor":6.0,"key":"Bottled Flame"},{"floor":8.0,"key":"Anchor"},{"floor":9.0,"key":"Smiling Mask"},{"floor":10.0,"key":"Pantograph"},{"floor":19.0,"key":"Gremlin Horn"},{"floor":24.0,"key":"Blood Vial"},{"floor":26.0,"key":"Toxic Egg 2"},{"floor":27.0,"key":"Du-Vu Doll"},{"floor":29.0,"key":"Girya"},{"floor":31.0,"key":"Ginger"},{"floor":31.0,"key":"Paper Crane"},{"floor":43.0,"key":"Bag of Marbles"},{"floor":46.0,"key":"CaptainsWheel"}],"event_choices":[{"damage_healed":0.0,"max_hp_gain":0.0,"max_hp_loss":0.0,"gold_gain":0.0,"event_name":"Scrap Ooze","player_choice":"Success","floor":2.0,"gold_loss":0.0,"damage_taken":3.0,"relics_obtained":["Snake Skull"]},{"damage_healed":0.0,"max_hp_gain":0.0,"max_hp_loss":0.0,"gold_gain":0.0,"cards_transformed":["Strike_G"],"event_name":"Transmorgrifier","player_choice":"Transformed","floor":4.0,"gold_loss":0.0,"damage_taken":0.0,"cards_obtained":["Heel Hook"]},{"damage_healed":0.0,"max_hp_gain":0.0,"max_hp_loss":0.0,"gold_gain":99.0,"event_name":"Nest","player_choice":"Stole From Cult","floor":28.0,"gold_loss":0.0,"damage_taken":0.0},{"damage_healed":0.0,"max_hp_gain":0.0,"max_hp_loss":0.0,"gold_gain":0.0,"event_name":"Colosseum","player_choice":"Fight","floor":31.0,"gold_loss":0.0,"damage_taken":0.0},{"damage_healed":0.0,"max_hp_gain":0.0,"max_hp_loss":0.0,"gold_gain":0.0,"event_name":"Colosseum","player_choice":"Fought Nobs","floor":31.0,"gold_loss":0.0,"damage_taken":0.0},{"damage_healed":0.0,"max_hp_gain":0.0,"max_hp_loss":0.0,"gold_gain":0.0,"event_name":"SensoryStone","player_choice":"Memory 3","floor":38.0,"gold_loss":0.0,"damage_taken":10.0},{"damage_healed":18.0,"max_hp_gain":0.0,"max_hp_loss":0.0,"gold_gain":0.0,"event_name":"Winding Halls","player_choice":"Writhe","floor":39.0,"gold_loss":0.0,"damage_taken":0.0,"cards_obtained":["Writhe"]},{"damage_healed":0.0,"max_hp_gain":0.0,"max_hp_loss":0.0,"gold_gain":0.0,"event_name":"Upgrade Shrine","player_choice":"Upgraded","floor":42.0,"gold_loss":0.0,"damage_taken":0.0,"cards_upgraded":["Panache"]},{"damage_healed":0.0,"max_hp_gain":0.0,"max_hp_loss":0.0,"gold_gain":0.0,"event_name":"Mysterious Sphere","player_choice":"Fight","floor":46.0,"gold_loss":0.0,"damage_taken":0.0}],"is_beta":false,"boss_relics":[{"not_picked":["Velvet Choker","Sozu"],"picked":"Cursed Key"},{"not_picked":["Fusion Hammer","Astrolabe"],"picked":"SacredBark"}],"items_purged_floors":[20,37],"is_endless":false,"potions_floor_spawned":[3,5,8,11,18,22,24,29,33,44,45],"ascension_level":13}}