{"host":"8is2j71l4wmybkoi","time":1612274700,"event":{"mods":["AchievementEnabler","BaseMod","Colored Map","Minty Spire (QoL Compilation)","Rare Cards Sparkle","StSLib","SuperFastMode"],"gold_per_floor":[14,14,14,38,54,77,77,97,124,164,164,205,229,229,229,324,324,345,368,368,418,101,140,140,183,195,207,237,263,22,22,22,115,115,131,31,31,50,74,74,115,139,166,205,221,96,129,129,129,129,129],"floor_reached":50,"language":"KOR","playtime":1949,"items_purged":["Unload","Strike_G+1","Parasite"],"score":1103,"play_id":"28b722ce-f07a-4b67-a463-f4801b121fe7","local_time":"20210202230500","is_ascension_mode":true,"campfire_choices":[{"data":"Prepared","floor":7.0,"key":"SMITH"},{"data":"Dagger Spray","floor":11.0,"key":"SMITH"},{"data":"Endless Agony","floor":15.0,"key":"SMITH"},{"floor":24.0,"key":"REST"},{"floor":27.0,"key":"REST"},{"data":"A Thousand Cuts","floor":32.0,"key":"SMITH"},{"floor":40,"key":"REST"},{"floor":49,"key":"RECALL"}],"circlet_count":0,"master_deck":["AscendersBane","Strike_G+1","Strike_G+1","Strike_G+1","Defend_G+1","Defend_G+1","Defend_G+1","Defend_G+1","Survivor","Neutralize","Leg Sweep","Endless Agony+1","Reflex","Prepared+1","Dagger Spray+1","Dagger Throw","Blur","Underhanded Strike+1","Corpse Explosion","Finisher+1","Infinite Blades","A Thousand Cuts+1","Crippling Poison","Calculated Gamble","Venomology","Acrobatics","Cloak And Dagger+1","Eviscerate","Accuracy+1"],"relics":["Ring of the Snake","Pocketwatch","Golden Idol","Snake Skull","Vajra","Ancient Tea Set","Black Star","White Beast Statue","Akabeko","Turnip","MawBank","Bottled Flame","Whetstone","Gremlin Horn","SacredBark","Strawberry","Ninja Scroll","Centennial Puzzle","StrikeDummy","Blood Vial","InkBottle"],"acts_visited":["Exordium","TheCity","TheBeyond"],"potions_floor_usage":[35,35,38,39,39,41,41,42,44,45,47,47,50],"damage_taken":[{"damage":0.0,"enemies":"Small Slimes","floor":1.0,"turns":3.0},{"damage":0.0,"enemies":"Jaw Worm","floor":4.0,"turns":3.0},{"damage":0.0,"enemies":"2 Louse","floor":5.0,"turns":1.0},{"damage":3.0,"enemies":"Exordium Wildlife","floor":6.0,"turns":5.0},{"damage":4.0,"enemies":"Lots of Slimes","floor":8.0,"turns":4.0},{"damage":6.0,"enemies":"Lagavulin","floor":10.0,"turns":5.0},{"damage":5.0,"enemies":"3 Sentries","floor":12.0,"turns":5.0},{"damage":0.0,"enemies":"2 Fungi Beasts","floor":13.0,"turns":2.0},{"damage":0.0,"enemies":"Slime Boss","floor":16.0,"turns":6.0},{"damage":0.0,"enemies":"Spheric Guardian","floor":18.0,"turns":3.0},{"damage":0.0,"enemies":"Chosen","floor":19.0,"turns":4.0},{"damage":36.0,"enemies":"Book of Stabbing","floor":23.0,"turns":6.0},{"damage":21.0,"enemies":"Slavers","floor":25.0,"turns":3.0},{"damage":0.0,"enemies":"Centurion and Healer","floor":28.0,"turns":2.0},{"damage":0.0,"enemies":"Sentry and Sphere","floor":29.0,"turns":3.0},{"damage":23.0,"enemies":"Collector","floor":33.0,"turns":8.0},{"damage":0,"enemies":"3 Darklings","floor":35,"turns":2},{"damage":2,"enemies":"3 Shapes","floor":38,"turns":3},{"damage":15,"enemies":"Writhing Mass","floor":39,"turns":8},{"damage":18,"enemies":"Reptomancer","floor":41,"turns":5},{"damage":0,"enemies":"3 Darklings","floor":42,"turns":1},{"damage":6,"enemies":"Nemesis","floor":44,"turns":7},{"damage":6,"enemies":"Maw","floor":45,"turns":6},{"damage":68,"enemies":"Giant Head","floor":47,"turns":7},{"damage":35,"enemies":"Time Eater","floor":50,"turns":3}],"seed_played":"-1437634065008629456","potions_obtained":[{"floor":4.0,"key":"Strength Potion"},{"floor":5.0,"key":"BlessingOfTheForge"},{"floor":10.0,"key":"Fire Potion"},{"floor":13.0,"key":"Ancient Potion"},{"floor":16.0,"key":"AttackPotion"},{"floor":18.0,"key":"Fire Potion"},{"floor":23.0,"key":"Explosive Potion"},{"floor":25.0,"key":"Ancient Potion"},{"floor":28.0,"key":"SpeedPotion"},{"floor":29.0,"key":"FairyPotion"},{"floor":33.0,"key":"Energy Potion"},{"floor":35,"key":"Energy Potion"},{"floor":39,"key":"LiquidMemories"},{"floor":41,"key":"Fruit Juice"},{"floor":42,"key":"SkillPotion"},{"floor":44,"key":"SpeedPotion"},{"floor":45,"key":"SneckoOil"},{"floor":47,"key":"Swift Potion"}],"is_trial":false,"path_per_floor":["M","?","?","M","M","M","R","M","T","E","R","E","M","?","R","B",null,"M","M","?","?","$","E","R","E","T","R","M","M","$","?","R","B",null,"M","$","?","M","M","R","E","M","T","E","M","$","E","?","R","B"],"character_chosen":"THE_SILENT","items_purchased":["White Beast Statue","Gremlin Horn"],"campfire_rested":3,"item_purchase_floors":[22,30],"current_hp_per_floor":[59,59,59,59,59,56,56,52,52,46,46,41,41,23,23,23,51,51,51,51,51,51,15,33,12,12,30,30,30,30,30,30,7,47,47,47,38,36,21,39,28,38,38,32,26,26,22,22,22,0,0],"gold":129,"neow_bonus":"ONE_RARE_RELIC","is_daily":false,"chose_seed":false,"campfire_upgraded":4,"win_rate":0.0,"timestamp":1612274700,"path_taken":["M","?","?","M","M","M","R","M","T","E","R","E","M","?","R","BOSS","M","M","?","?","?","E","R","E","T","R","M","?","$","?","R","BOSS","M","?","?","M","M","R","E","M","T","E","?","?","E","?","R","BOSS"],"items_purchased_type":["Relic","Relic"],"build_version":"2020-12-22","purchased_purges":3,"victory":false,"max_hp_per_floor":[66,66,60,60,60,60,60,60,60,60,60,60,60,60,60,60,60,60,60,60,60,60,60,60,60,60,60,60,60,60,60,60,60,60,60,60,60,60,60,60,67,77,77,77,77,74,74,74,74,74,74],"card_choices":[{"not_picked":["PiercingWail","Setup"],"picked":"Leg Sweep","floor":1.0},{"not_picked":["Distraction","Sucker Punch"],"picked":"Endless Agony","floor":4.0},{"not_picked":["Finisher","All Out Attack"],"picked":"Reflex","floor":5.0},{"not_picked":["Outmaneuver","Cloak And Dagger"],"picked":"Prepared","floor":6.0},{"not_picked":["Bane","Dodge and Roll"],"picked":"Dagger Spray","floor":8.0},{"not_picked":["Flying Knee","Predator"],"picked":"Dagger Throw","floor":10.0},{"not_picked":["Infinite Blades","Caltrops"],"picked":"Blur","floor":12.0},{"not_picked":["Backflip","Cloak And Dagger"],"picked":"Underhanded Strike","floor":13.0},{"not_picked":["Tools of the Trade","Adrenaline"],"picked":"Corpse Explosion","floor":16.0},{"not_picked":["Skewer","Bane"],"picked":"Finisher","floor":18.0},{"not_picked":["Flying Knee","Dagger Throw","Dagger Spray"],"picked":"SKIP","floor":19.0},{"not_picked":["Blur","Bane"],"picked":"Infinite Blades","floor":23.0},{"not_picked":["Underhanded Strike","Dodge and Roll"],"picked":"A Thousand Cuts","floor":25.0},{"not_picked":["Underhanded Strike","Dodge and Roll","Accuracy"],"picked":"SKIP","floor":28.0},{"not_picked":["Acrobatics","Outmaneuver"],"picked":"Crippling Poison","floor":29.0},{"not_picked":["Unload","Night Terror"],"picked":"Venomology","floor":33.0},{"not_picked":["Dagger Spray","Dodge and Roll"],"picked":"Acrobatics","floor":35},{"not_picked":["Reflex","Dodge and Roll"],"picked":"Cloak And Dagger+1","floor":38},{"not_picked":["Accuracy","Concentrate"],"picked":"Eviscerate","floor":39},{"not_picked":["Skewer","Expertise","Dagger Spray"],"picked":"SKIP","floor":41},{"not_picked":["Poisoned Stab+1","Calculated Gamble","Dash"],"picked":"SKIP","floor":42},{"not_picked":["Outmaneuver","Concentrate"],"picked":"Accuracy+1","floor":44},{"not_picked":["Sucker Punch","Dagger Throw","Choke"],"picked":"SKIP","floor":45},{"not_picked":["Setup","Dagger Spray","Sucker Punch"],"picked":"SKIP","floor":47}],"player_experience":941975,"relics_obtained":[{"floor":9.0,"key":"Snake Skull"},{"floor":10.0,"key":"Vajra"},{"floor":12.0,"key":"Ancient Tea Set"},{"floor":23.0,"key":"Akabeko"},{"floor":23.0,"key":"Turnip"},{"floor":25.0,"key":"MawBank"},{"floor":25.0,"key":"Bottled Flame"},{"floor":26.0,"key":"Whetstone"},{"floor":41,"key":"Strawberry"},{"floor":41,"key":"Ninja Scroll"},{"floor":44,"key":"Centennial Puzzle"},{"floor":44,"key":"StrikeDummy"},{"floor":47,"key":"Blood Vial"},{"floor":47,"key":"InkBottle"}],"event_choices":[{"damage_healed":0.0,"max_hp_gain":0.0,"max_hp_loss":0.0,"gold_gain":0.0,"cards_transformed":["Defend_G"],"event_name":"Living Wall","player_choice":"Change","floor":2.0,"gold_loss":0.0,"damage_taken":0.0,"cards_obtained":["Unload"]},{"damage_healed":0.0,"max_hp_gain":0.0,"max_hp_loss":6.0,"gold_gain":0.0,"event_name":"Golden Idol","player_choice":"Lose Max HP","floor":3.0,"gold_loss":0.0,"damage_taken":0.0,"relics_obtained":["Golden Idol"]},{"damage_healed":0.0,"max_hp_gain":0.0,"max_hp_loss":0.0,"gold_gain":0.0,"event_name":"Shining Light","player_choice":"Entered Light","floor":14.0,"gold_loss":0.0,"damage_taken":18.0,"cards_upgraded":["Strike_G","Defend_G"]},{"damage_healed":0.0,"max_hp_gain":0.0,"max_hp_loss":0.0,"gold_gain":0.0,"event_name":"Back to Basics","player_choice":"Simplicity","floor":20.0,"gold_loss":0.0,"damage_taken":0.0,"cards_upgraded":["Strike_G","Strike_G","Strike_G","Strike_G","Defend_G","Defend_G","Defend_G"]},{"damage_healed":0.0,"max_hp_gain":0.0,"max_hp_loss":0.0,"gold_gain":50.0,"event_name":"Nest","player_choice":"Stole From Cult","floor":21.0,"gold_loss":0.0,"damage_taken":0.0},{"damage_healed":0.0,"max_hp_gain":0.0,"max_hp_loss":0.0,"gold_gain":0.0,"cards_transformed":["Strike_G"],"event_name":"Transmorgrifier","player_choice":"Transformed","floor":31.0,"gold_loss":0.0,"damage_taken":0.0,"cards_obtained":["Calculated Gamble"]},{"damage_healed":0,"gold_gain":0,"player_choice":"Damaged","damage_taken":9,"max_hp_gain":0,"max_hp_loss":0,"event_name":"Wheel of Change","floor":37,"gold_loss":0},{"damage_healed":0,"gold_gain":0,"player_choice":"Ignored","damage_taken":0,"max_hp_gain":0,"max_hp_loss":0,"event_name":"Mysterious Sphere","floor":48,"gold_loss":0}],"is_beta":false,"boss_relics":[{"not_picked":["Pandora\u0027s Box","Philosopher\u0027s Stone"],"picked":"Black Star"},{"not_picked":["SlaversCollar","Sozu"],"picked":"SacredBark"}],"items_purged_floors":[22,36,46],"is_endless":false,"potions_floor_spawned":[4,5,10,13,16,18,23,25,28,29,33,35,38,39,41,42,44,45,47],"killed_by":"Time Eater","ascension_level":15}}