{"host":"kntpungskobv1jqb","time":1612242189,"event":{"mods":["BaseMod","Minty Spire (QoL Compilation)","Replay The Spire","StSLib","SuperFastMode"],"gold_per_floor":[118,43,43,62,62,62,89,89,89,102,102,112,22,40,40,40,40],"floor_reached":16,"language":"ZHS","playtime":380,"items_purged":[],"score":250,"play_id":"e35f6312-f521-4cdc-b564-a48d8b2166df","local_time":"20210202130309","is_ascension_mode":true,"campfire_choices":[{"data":"BasicCrystalCard","floor":6,"key":"SMITH"},{"data":"Fusion","floor":8,"key":"SMITH"},{"data":"Static Discharge","floor":11,"key":"SMITH"},{"floor":15,"key":"REST"}],"circlet_count":0,"master_deck":["AscendersBane","Strike_B","Strike_B","Strike_B","Defend_B","Defend_B","Defend_B","Defend_B","Zap","Dualcast","Leap","Static Discharge+1","Fusion+1","BasicCrystalCard+1","Cold Snap","Cold Snap","Amplify","Crystallizer","Loop"],"relics":["Cracked Core","NeowsBlessing","Replay:Antivirus Software","Pantograph"],"acts_visited":["Exordium"],"potions_floor_usage":[16,16],"damage_taken":[{"damage":0,"enemies":"2 Louse","floor":1,"turns":1},{"damage":0,"enemies":"Cultist","floor":4,"turns":1},{"damage":0,"enemies":"3 Sentries","floor":7,"turns":1},{"damage":0,"enemies":"Small Slimes","floor":10,"turns":4},{"damage":31,"enemies":"Exordium Thugs","floor":12,"turns":4},{"damage":4,"enemies":"Lots of Slimes","floor":14,"turns":5},{"damage":88,"enemies":"Fading Forest","floor":16,"turns":12}],"seed_played":"5086410202230681296","potions_obtained":[{"floor":10,"key":"Dexterity Potion"},{"floor":14,"key":"EssenceOfSteel"}],"is_trial":false,"path_per_floor":["M","$","?","M","?","R","E","R","T","M","R","M","$","M","R","B"],"character_chosen":"DEFECT","items_purchased":["Static Discharge","Crystallizer"],"campfire_rested":1,"item_purchase_floors":[2,13],"current_hp_per_floor":[64,64,64,64,64,64,64,64,64,64,64,33,33,29,50,0,0],"gold":40,"neow_bonus":"THREE_ENEMY_KILL","is_daily":false,"chose_seed":false,"campfire_upgraded":3,"win_rate":0.0,"timestamp":1612242189,"path_taken":["M","$","?","?","?","R","E","R","T","M","R","M","?","?","R","BOSS"],"items_purchased_type":["Card","Card"],"build_version":"2020-12-22","purchased_purges":0,"victory":false,"max_hp_per_floor":[71,71,71,71,71,71,71,71,71,71,71,71,71,71,71,71,71],"card_choices":[{"not_picked":["Streamline","Sweeping Beam"],"picked":"Leap","floor":1},{"not_picked":["Rebound","Chaos"],"picked":"BasicCrystalCard","floor":4},{"not_picked":["Redo","Rebound"],"picked":"Cold Snap","floor":7},{"not_picked":["Barrage","Ball Lightning"],"picked":"Cold Snap","floor":10},{"not_picked":["Genetic Algorithm","BasicCrystalCard"],"picked":"Amplify","floor":12},{"not_picked":["Heatsinks","Chill"],"picked":"Loop","floor":14}],"player_experience":530561,"relics_obtained":[{"floor":7,"key":"Replay:Antivirus Software"},{"floor":9,"key":"Pantograph"}],"event_choices":[{"damage_healed":0,"gold_gain":0,"cards_transformed":["Strike_B"],"player_choice":"Transformed","damage_taken":0,"max_hp_gain":0,"max_hp_loss":0,"event_name":"Transmorgrifier","floor":3,"gold_loss":0,"cards_obtained":["Fusion"]},{"damage_healed":0,"gold_gain":0,"player_choice":"Leave","damage_taken":0,"max_hp_gain":0,"max_hp_loss":0,"event_name":"The Cleric","floor":5,"gold_loss":0}],"is_beta":false,"boss_relics":[],"items_purged_floors":[],"is_endless":false,"potions_floor_spawned":[10,14],"killed_by":"Fading Forest","ascension_level":20}}