{"host":"m93bdsyxmbslumxy","time":1612256301,"event":{"mods":["Arknights","Bard","Bartender","BaseMod","Beaked The Cultist","CapriCore","CatGirl Mod","ChefMod","Duelist Mod","Fiend Mod","Friendly Minions","Glutton Mod","Hermit","Hubris","Hunter ??","JesterMod","Jorbs\u0027s Wanderer Trilogy","Koishi","Luminous","Mad Scientist","Marisa????????","Minty Spire (QoL Compilation)","Reliquary","Remilia??????","Shade Mod","Shop Mod","Somnambulant","StSLib","The Alterego","The Animator","The Blackbeard","The Bladedancer","The Bug Knight","The Clintock","The Construct","The Cursed","The Death Knight","The Disciple","The Dragon Tamer","The Elementalist","The Exalted","The Florist","The Forsaken","The Gatherer","The Hierophant","The Immortal","The Judge","The Jungle","The Kombatant","The Marked","The Mystic","The Necromancer","The Runesmith","The Servant 0.9.4","The Valiant","The Witch","TheBandit","TheFirefly","TheHero","TheSurvivalist","TheSwordswoman","Warlord Emblem","Yohane!","Yuri Mod","thorton"],"gold_per_floor":[117,167,180,192,1,31,41,41,65,65,84,84,104,118,118,221,221,239,67,80,80,96,96,110,210,210,210,222,222,222],"floor_reached":29,"language":"ENG","playtime":2278,"items_purged":["Strike_W","Strike_W"],"score":254,"play_id":"b06c4c01-9aa0-4fe9-bf3d-30c61b02539e","local_time":"20210202005821","is_ascension_mode":false,"campfire_choices":[{"data":"Summon_Lich","floor":8,"key":"SMITH"},{"floor":10,"key":"RECALL"},{"data":"Life_Drain","floor":12,"key":"SMITH"},{"floor":15,"key":"REST"},{"floor":23,"key":"REST"},{"data":"Summon_Vampire_Lady","floor":27,"key":"SMITH"}],"circlet_count":0,"master_deck":["Strike_W","Strike_W","Defend_W","Defend_W","Defend_W","Defend_W","Negative_Energy_Arrows","Bone_Wall","Death_Knell","Life_Drain+1","Life_Tap","Summon_Lich+1","Slay_Living","Grasp_Heart","Strike_from_Beyond","Blood_Shield","Flesh_Made_Foul","Life_Drain","Summon_Vampire_Lady+1","Negative_Energy_Shield","Summon_Undead_Army","Negative_Energy_Shield","Shame","Exploit","Summon_Death_Knight","Blood_for_Blood+1"],"relics":["Vampire_Amulet","hubris:CuriousFeather","Fiend:Scarf","theJungle:PaperFaux","Molten Egg 2"],"acts_visited":["Exordium","Exordium"],"potions_floor_usage":[16,22,22,29,29,29,29,29],"damage_taken":[{"damage":1,"enemies":"Small Slimes","floor":1,"turns":5},{"damage":1,"enemies":"2 Louse","floor":3,"turns":3},{"damage":1,"enemies":"Jaw Worm","floor":4,"turns":3},{"damage":36,"enemies":"3 Sentries","floor":6,"turns":9},{"damage":2,"enemies":"Looter","floor":7,"turns":3},{"damage":16,"enemies":"Exordium Wildlife","floor":11,"turns":5},{"damage":13,"enemies":"Exordium Thugs","floor":13,"turns":3},{"damage":20,"enemies":"Large Slime","floor":14,"turns":5},{"damage":40,"enemies":"The Guardian","floor":16,"turns":6},{"damage":21,"enemies":"theJungle:GiantWrat","floor":18,"turns":5},{"damage":9,"enemies":"Shell Parasite","floor":20,"turns":4},{"damage":74,"enemies":"theJungle:2_Flameangoes","floor":22,"turns":7},{"damage":33,"enemies":"theJungle:SlimyTreeVines","floor":24,"turns":7},{"damage":49,"enemies":"theJungle:2_Snecko_Cultists","floor":28,"turns":5},{"damage":46,"enemies":"theJungle:MamaSnecko","floor":29,"turns":5}],"seed_played":"-8987025188645175645","potions_obtained":[{"floor":1,"key":"Strength Potion"},{"floor":6,"key":"Dexterity Potion"},{"floor":7,"key":"AttackPotion"},{"floor":13,"key":"PowerPotion"},{"floor":16,"key":"ColorlessPotion"},{"floor":24,"key":"SpeedPotion"},{"floor":28,"key":"EntropicBrew"}],"is_trial":false,"path_per_floor":["M","?","M","M","$","E","M","R","T","R","M","R","M","M","R","B",null,"M","$","M","?","M","R","M","?","T","R","M","E"],"character_chosen":"NECROMANCER","items_purchased":["Summon_Lich","Slay_Living","Summon_Undead_Army"],"campfire_rested":2,"item_purchase_floors":[5,5,19],"current_hp_per_floor":[75,75,75,75,75,55,61,61,61,61,49,49,40,34,56,34,75,75,75,75,75,20,42,47,42,42,42,21,0,0],"gold":222,"neow_bonus":"","is_daily":false,"chose_seed":false,"campfire_upgraded":3,"win_rate":0.0,"timestamp":1612256301,"path_taken":["M","?","M","M","$","E","M","R","T","R","M","R","M","M","R","BOSS","M","$","M","?","M","R","M","?","T","R","M","E"],"items_purchased_type":["Card","Card","Card"],"build_version":"2020-12-22","purchased_purges":2,"victory":false,"max_hp_per_floor":[75,75,75,75,75,75,75,75,75,75,75,75,75,75,75,75,75,75,75,75,75,75,75,75,75,75,75,75,75,75],"card_choices":[{"not_picked":["Toxic_Smoke_Screen","Scare"],"picked":"Death_Knell","floor":1},{"not_picked":["Negative_Energy_Javelin","Negative_Energy_Shield"],"picked":"Life_Drain","floor":3},{"not_picked":["Death_Coil","Acid_Javelin"],"picked":"Life_Tap","floor":4},{"not_picked":["Spectral_Walk","Bone_Shift"],"picked":"Grasp_Heart","floor":6},{"not_picked":["Scare","Shackles_Of_Pain"],"picked":"Strike_from_Beyond","floor":7},{"not_picked":["Acid_Javelin","Scare"],"picked":"Blood_Shield","floor":11},{"not_picked":["Scare","Blood_Curse"],"picked":"Flesh_Made_Foul","floor":13},{"not_picked":["Negative_Energy_Sphere","Blood_Curse"],"picked":"Life_Drain","floor":14},{"not_picked":["Negative_Energy_Bomb","Grasp_Heart"],"picked":"Summon_Vampire_Lady","floor":16},{"not_picked":["Negative_Energy_Sphere","Negative_Energy_Javelin"],"picked":"Negative_Energy_Shield","floor":18},{"not_picked":["Spectral_Walk","Negative_Energy_Sphere"],"picked":"Negative_Energy_Shield","floor":20},{"not_picked":["Negative_Energy_Sphere","Death_March_Dance"],"picked":"Exploit","floor":22},{"not_picked":["Negative_Energy_Javelin+1","Life_Drain"],"picked":"Summon_Death_Knight","floor":24},{"not_picked":["Chill_Blood","Strike_from_Beyond+1"],"picked":"Blood_for_Blood+1","floor":28}],"player_experience":0,"relics_obtained":[{"floor":6,"key":"hubris:CuriousFeather"},{"floor":26,"key":"Molten Egg 2"}],"event_choices":[],"is_beta":false,"boss_relics":[{"not_picked":["hubris:HollowSoul","Silver_Glasses"],"picked":"Fiend:Scarf"}],"items_purged_floors":[5,19],"is_endless":false,"potions_floor_spawned":[1,6,7,13,16,20,24,28],"killed_by":"theJungle:MamaSnecko","ascension_level":0}}