{"host":"am0cr9xwekqmrere","time":1612294459,"event":{"mods":["AchievementEnabler","Act Like it!","BaseMod","Better Altar","Better Match","Better Note","Better Sensory Stone","Better Skull","Better Third Choice","BetterRewards","Conspire","Downfall","Hubris","Infinite Spire","Minty Spire (QoL Compilation)","Rare Cards Sparkle","Spicy Shops","StSLib","Unceasing Turn Reminder"],"gold_per_floor":[199,219,237,72,22,22,22,45,69,84,110,1,1,38,48,51,51,51],"floor_reached":16,"language":"ENG","playtime":717,"items_purged":[],"score":104,"play_id":"0c819ad1-5846-4661-94be-94efbfd5f6d3","local_time":"20210202133419","is_ascension_mode":false,"campfire_choices":[{"floor":1,"key":"RECALL"},{"data":"champ:Taunt","floor":6,"key":"SMITH"}],"circlet_count":0,"master_deck":["champ:Strike","champ:Strike","champ:Strike","champ:Strike","champ:Defend","champ:Defend","champ:Defend","champ:Defend","champ:Execute","champ:Taunt+1","champ:StanceDance","champ:RecklessLeap","champ:Improvising","conspire:SpireCoStock","champ:Shatter","champ:CrookedStrike","champ:PerfectedStrike","champ:ShieldSlam","champ:GladiatorStyle","champ:IronFortress+1","champ:StrikeOfGenius","champ:FanOfKnives"],"relics":["champ:ChampionCrown","Membership Card","Ancient Tea Set","Meat on the Bone","infinitespire:Magic Flask"],"acts_visited":["Exordium"],"potions_floor_usage":[4,12,12],"damage_taken":[{"damage":17,"enemies":"Jaw Worm","floor":2,"turns":5},{"damage":18,"enemies":"2 Louse","floor":3,"turns":4},{"damage":15,"enemies":"downfall:FleeingMerchant","floor":4,"turns":4},{"damage":15,"enemies":"Small Slimes","floor":8,"turns":3},{"damage":11,"enemies":"Exordium Wildlife","floor":9,"turns":4},{"damage":22,"enemies":"3 Louse","floor":10,"turns":4},{"damage":71,"enemies":"Lagavulin","floor":11,"turns":5},{"damage":25,"enemies":"downfall:FleeingMerchant","floor":12,"turns":4},{"damage":36,"enemies":"Large Slime","floor":14,"turns":4},{"damage":23,"enemies":"3 Louse","floor":15,"turns":5},{"damage":39,"enemies":"DF_ARCHETYPE_STREAMLINE","floor":16,"turns":3}],"seed_played":"1441147491966412321","potions_obtained":[{"floor":3,"key":"Strength Potion"},{"floor":11,"key":"ColorlessPotion"},{"floor":14,"key":"Block Potion"}],"is_trial":false,"path_per_floor":["R","M","M","$","?","R","T","M","M","M","E","$","?","M","M","B"],"character_chosen":"THE_CHAMP","items_purchased":["Membership Card","infinitespire:Magic Flask","Fruit Juice","champ:IronFortress"],"campfire_rested":0,"item_purchase_floors":[4,12,12,12],"current_hp_per_floor":[90,83,75,75,75,75,75,75,64,57,21,28,28,24,22,0,0,0],"gold":51,"neow_bonus":"HUNDRED_GOLD","is_daily":false,"chose_seed":false,"campfire_upgraded":1,"win_rate":0.0,"timestamp":1612294459,"path_taken":["R","M","M","$","?","R","T","M","M","M","E","$","?","M","M","BOSS"],"items_purchased_type":["Relic","Relic","Potion","Card"],"build_version":"2020-12-22","purchased_purges":0,"victory":false,"max_hp_per_floor":[90,90,90,90,90,90,90,90,90,90,90,95,95,95,95,95,95,95],"card_choices":[{"not_picked":["champ:AdrenalArmor","champ:EnGarde"],"picked":"champ:StanceDance","floor":2},{"not_picked":["champ:Encircle","champ:FanOfKnives"],"picked":"champ:RecklessLeap","floor":3},{"not_picked":["champ:Parry","champ:CalledShot"],"picked":"champ:Improvising","floor":4},{"not_picked":["champ:Backstep","champ:Circumvent"],"picked":"champ:Shatter","floor":8},{"not_picked":["champ:StanceDance","champ:RapidStrikes"],"picked":"champ:CrookedStrike","floor":9},{"not_picked":["champ:StanceDance","champ:DefensiveShout"],"picked":"champ:PerfectedStrike","floor":10},{"not_picked":["champ:BringItOn","champ:ViciousMockery"],"picked":"champ:ShieldSlam","floor":11},{"not_picked":["champ:TornadoPunch","champ:AdrenalArmor"],"picked":"champ:GladiatorStyle","floor":12},{"not_picked":["champ:Shatter","champ:FancyFootwork"],"picked":"champ:StrikeOfGenius","floor":14},{"not_picked":["champ:FlashCut","champ:Circumvent"],"picked":"champ:FanOfKnives","floor":15}],"player_experience":2711560,"relics_obtained":[{"floor":7,"key":"Ancient Tea Set"},{"floor":11,"key":"Meat on the Bone"}],"event_choices":[{"damage_healed":0,"gold_gain":0,"player_choice":"Invest 1","damage_taken":0,"max_hp_gain":0,"max_hp_loss":0,"event_name":"conspire:Investor","floor":5,"gold_loss":0},{"damage_healed":0,"gold_gain":0,"player_choice":"Grow","damage_taken":0,"max_hp_gain":0,"max_hp_loss":0,"event_name":"Living Wall","floor":13,"gold_loss":0,"cards_upgraded":["champ:IronFortress"]}],"is_beta":false,"boss_relics":[],"items_purged_floors":[],"is_endless":false,"potions_floor_spawned":[3,11,14],"killed_by":"DF_ARCHETYPE_STREAMLINE","ascension_level":0}}