{"host":"8is2j71l4wmybkoi","time":1612271999,"event":{"mods":["AchievementEnabler","BaseMod","Colored Map","Minty Spire (QoL Compilation)","Rare Cards Sparkle","StSLib","SuperFastMode"],"gold_per_floor":[359,371,44,44,61,61,95,95,95,95,124,124,136,153,153,228,228,241,254,254,264,281,281,301,301,350,350,350],"floor_reached":27,"language":"KOR","playtime":1224,"items_purged":["Strike_G"],"score":438,"play_id":"12dcbad8-291d-45d7-a8d3-d32c769c6487","local_time":"20210202221959","is_ascension_mode":true,"campfire_choices":[{"data":"Neutralize","floor":6,"key":"SMITH"},{"data":"Well Laid Plans","floor":8,"key":"SMITH"},{"data":"Footwork","floor":12,"key":"SMITH"},{"data":"Calculated Gamble","floor":15,"key":"SMITH"},{"data":"Concentrate","floor":23,"key":"SMITH"},{"data":"Prepared","floor":25,"key":"SMITH"}],"circlet_count":0,"master_deck":["AscendersBane","Survivor","Neutralize+1","Dagger Throw","Backflip","Poisoned Stab","Well Laid Plans+1","Heel Hook","Footwork+1","PiercingWail","Terror","Calculated Gamble+1","Die Die Die","Expertise","Burst","Caltrops","Dagger Throw","Wraith Form v2","Choke","Accuracy","Catalyst","Acrobatics","Concentrate+1","Grand Finale","Prepared+1"],"relics":["Ring of the Snake","Akabeko","Meat on the Bone","FossilizedHelix","Sundial","Pandora\u0027s Box","Lantern"],"acts_visited":["Exordium","TheCity"],"potions_floor_usage":[7,11,11,19,24,27],"damage_taken":[{"damage":7,"enemies":"Small Slimes","floor":1,"turns":5},{"damage":4,"enemies":"Cultist","floor":2,"turns":5},{"damage":1,"enemies":"Jaw Worm","floor":5,"turns":3},{"damage":10,"enemies":"Lagavulin","floor":7,"turns":5},{"damage":0,"enemies":"3 Sentries","floor":11,"turns":10},{"damage":0,"enemies":"Exordium Wildlife","floor":13,"turns":2},{"damage":0,"enemies":"2 Fungi Beasts","floor":14,"turns":4},{"damage":5,"enemies":"The Guardian","floor":16,"turns":11},{"damage":21,"enemies":"3 Byrds","floor":18,"turns":3},{"damage":10,"enemies":"Shell Parasite","floor":19,"turns":4},{"damage":0,"enemies":"Snecko","floor":21,"turns":5},{"damage":16,"enemies":"Shelled Parasite and Fungi","floor":22,"turns":5},{"damage":28,"enemies":"Sentry and Sphere","floor":24,"turns":6},{"damage":26,"enemies":"Gremlin Leader","floor":27,"turns":3}],"seed_played":"-1795678343497479441","potions_obtained":[{"floor":1,"key":"BlessingOfTheForge"},{"floor":2,"key":"GhostInAJar"},{"floor":7,"key":"Fire Potion"},{"floor":14,"key":"Dexterity Potion"},{"floor":18,"key":"Fire Potion"},{"floor":19,"key":"SpeedPotion"}],"is_trial":false,"path_per_floor":["M","M","$","?","M","R","E","R","T","?","E","R","M","M","R","B",null,"M","M","?","M","M","R","M","R","T","E"],"character_chosen":"THE_SILENT","items_purchased":["Poisoned Stab","Akabeko","Well Laid Plans"],"campfire_rested":0,"item_purchase_floors":[3,3,3],"current_hp_per_floor":[37,33,33,33,32,32,22,22,22,13,25,25,37,37,37,44,61,40,42,42,42,38,38,22,22,22,0,0],"gold":350,"neow_bonus":"TWO_FIFTY_GOLD","is_daily":false,"chose_seed":false,"campfire_upgraded":6,"win_rate":0.0,"timestamp":1612271999,"path_taken":["M","M","$","?","M","R","E","R","T","?","E","R","M","M","R","BOSS","M","M","?","M","M","R","M","R","T","E"],"items_purchased_type":["Card","Relic","Card"],"build_version":"2020-12-22","purchased_purges":1,"victory":false,"max_hp_per_floor":[66,66,66,66,66,66,66,66,66,66,66,66,66,66,66,66,66,66,66,66,66,66,66,66,66,66,66,66],"card_choices":[{"not_picked":["Escape Plan","Acrobatics"],"picked":"Dagger Throw","floor":1},{"not_picked":["Outmaneuver","Finisher"],"picked":"Backflip","floor":2},{"not_picked":["Quick Slash","Flying Knee"],"picked":"Heel Hook","floor":5},{"not_picked":["Dagger Throw","Well Laid Plans"],"picked":"Footwork","floor":7},{"not_picked":["Backflip","All Out Attack"],"picked":"PiercingWail","floor":11},{"not_picked":["Catalyst","Finisher"],"picked":"Terror","floor":13},{"not_picked":["Skewer","Poisoned Stab"],"picked":"Calculated Gamble","floor":14},{"not_picked":["Bullet Time","Unload"],"picked":"Die Die Die","floor":16},{"not_picked":["Underhanded Strike","Dodge and Roll","Masterful Stab"],"picked":"SKIP","floor":18},{"not_picked":["Masterful Stab+1","Deadly Poison"],"picked":"Acrobatics","floor":19},{"not_picked":["Acrobatics","Blade Dance"],"picked":"Concentrate","floor":21},{"not_picked":["Prepared","Backflip"],"picked":"Grand Finale","floor":22},{"not_picked":["Eviscerate","All Out Attack"],"picked":"Prepared","floor":24}],"player_experience":940094,"relics_obtained":[{"floor":7,"key":"Meat on the Bone"},{"floor":9,"key":"FossilizedHelix"},{"floor":11,"key":"Sundial"},{"floor":26,"key":"Lantern"}],"event_choices":[{"cards_removed":["Strike_G"],"damage_healed":0,"gold_gain":0,"player_choice":"Forget","damage_taken":0,"max_hp_gain":0,"max_hp_loss":0,"event_name":"Living Wall","floor":4,"gold_loss":0},{"damage_healed":0,"gold_gain":0,"player_choice":"Damaged","damage_taken":9,"max_hp_gain":0,"max_hp_loss":0,"event_name":"Wheel of Change","floor":10,"gold_loss":0},{"damage_healed":0,"gold_gain":0,"player_choice":"Ignored","damage_taken":0,"max_hp_gain":0,"max_hp_loss":0,"event_name":"The Mausoleum","floor":20,"gold_loss":0}],"is_beta":false,"boss_relics":[{"not_picked":["Tiny House","Snecko Eye"],"picked":"Pandora\u0027s Box"}],"items_purged_floors":[3],"is_endless":false,"potions_floor_spawned":[1,2,7,14,18,19],"killed_by":"Gremlin Leader","ascension_level":15}}