{"host":"xrk7zhg70ipmpx3n","time":1612238789,"event":{"mods":["BaseMod","Colored Map","Downfall","Highlight Path","Minty Spire (QoL Compilation)","StSLib"],"gold_per_floor":[114,129,129,144,159,159,159,174,174,204,204,54,69,84,84,184,184,199,199,199,214,229,229,229],"floor_reached":23,"language":"ENG","playtime":1001,"items_purged":[],"score":220,"play_id":"f18d8a0a-5e61-4612-aa18-b6703255f218","local_time":"20210202140629","daily_mods":["SealedDeck","Uncertain Future","Lethality"],"is_ascension_mode":false,"campfire_choices":[{"data":"Armaments","floor":6,"key":"SMITH"},{"data":"Impervious","floor":11,"key":"SMITH"},{"data":"Armaments","floor":15,"key":"SMITH"}],"circlet_count":0,"master_deck":["Seeing Red","Cleave","Body Slam","Shrug It Off","Armaments+1","Sword Boomerang","Twin Strike","Twin Strike","Twin Strike","Inflame","Iron Wave","Dark Embrace","Armaments+1","Pommel Strike","Impervious+1","Iron Wave","Thunderclap","Pummel","Barricade","Body Slam+1","Necronomicurse","Metallicize","Pummel"],"relics":["Burning Blood","Blue Candle","Paper Frog","Ornamental Fan","bronze:BronzeIdol","Black Star","Necronomicon"],"acts_visited":["Exordium","TheCity"],"potions_floor_usage":[22],"damage_taken":[{"damage":0,"enemies":"Cultist","floor":1,"turns":2},{"damage":10,"enemies":"Small Slimes","floor":2,"turns":2},{"damage":0,"enemies":"2 Louse","floor":4,"turns":1},{"damage":5,"enemies":"Blue Slaver","floor":5,"turns":2},{"damage":1,"enemies":"Looter","floor":8,"turns":3},{"damage":0,"enemies":"Lagavulin","floor":10,"turns":3},{"damage":3,"enemies":"Exordium Thugs","floor":13,"turns":4},{"damage":14,"enemies":"Exordium Wildlife","floor":14,"turns":2},{"damage":10,"enemies":"Slime Boss","floor":16,"turns":7},{"damage":8,"enemies":"Chosen","floor":18,"turns":5},{"damage":21,"enemies":"Shell Parasite","floor":21,"turns":4},{"damage":21,"enemies":"Snake Plant","floor":22,"turns":3},{"damage":42,"enemies":"Gremlin Leader","floor":23,"turns":3}],"seed_played":"-9070903199233054170","potions_obtained":[{"floor":1,"key":"Ancient Potion"},{"floor":5,"key":"CultistPotion"},{"floor":10,"key":"BloodPotion"}],"is_trial":false,"path_per_floor":["M","M","?","M","M","R","?","M","T","E","R","$","M","M","R","B",null,"M","?","?","M","M","E"],"character_chosen":"IRONCLAD","items_purchased":["bronze:BronzeIdol"],"campfire_rested":0,"item_purchase_floors":[12],"current_hp_per_floor":[80,76,76,80,80,80,75,80,80,80,80,80,80,72,72,68,80,78,63,47,32,34,0,0],"gold":229,"neow_bonus":"","is_daily":true,"chose_seed":false,"campfire_upgraded":3,"win_rate":0.0,"timestamp":1612238789,"path_taken":["M","?","?","M","M","R","?","M","T","E","R","$","M","M","R","BOSS","M","?","?","M","M","E"],"items_purchased_type":["Relic"],"build_version":"2020-12-22","purchased_purges":0,"victory":false,"max_hp_per_floor":[80,80,80,80,80,80,80,80,80,80,80,80,80,80,80,80,80,80,85,85,85,85,85,85],"card_choices":[{"not_picked":["Power Through","Carnage"],"picked":"Iron Wave","floor":1},{"not_picked":["Combust","Sever Soul"],"picked":"Battle Trance","floor":2},{"not_picked":["Clothesline","Ghostly Armor"],"picked":"Armaments","floor":4},{"not_picked":["Reckless Charge","Perfected Strike"],"picked":"Pommel Strike","floor":5},{"not_picked":["Pommel Strike","Heavy Blade"],"picked":"Impervious","floor":8},{"not_picked":["Combust","True Grit"],"picked":"Iron Wave","floor":10},{"not_picked":["True Grit","Heavy Blade"],"picked":"Thunderclap","floor":13},{"not_picked":["True Grit","Whirlwind"],"picked":"Pummel","floor":14},{"not_picked":["Feed","Double Tap"],"picked":"Barricade","floor":16},{"not_picked":["Wild Strike+1","Sword Boomerang"],"picked":"Body Slam+1","floor":18},{"not_picked":["Havoc","Blood for Blood"],"picked":"Metallicize","floor":21},{"not_picked":["Cleave","Battle Trance"],"picked":"Pummel","floor":22}],"player_experience":21597,"relics_obtained":[{"floor":9,"key":"Paper Frog"},{"floor":10,"key":"Ornamental Fan"},{"floor":20,"key":"Necronomicon"}],"event_choices":[{"damage_healed":0,"gold_gain":0,"cards_transformed":["Battle Trance"],"player_choice":"Change","damage_taken":0,"max_hp_gain":0,"max_hp_loss":0,"event_name":"Living Wall","floor":3,"gold_loss":0,"cards_obtained":["Dark Embrace"]},{"damage_healed":0,"gold_gain":0,"player_choice":"Shed Blood","damage_taken":20,"max_hp_gain":5,"max_hp_loss":0,"event_name":"Forgotten Altar","floor":19,"gold_loss":0},{"damage_healed":0,"gold_gain":0,"player_choice":"Obtained Book","damage_taken":16,"max_hp_gain":0,"max_hp_loss":0,"event_name":"Cursed Tome","floor":20,"gold_loss":0}],"is_beta":false,"boss_relics":[{"not_picked":["Snecko Eye","bronze:MakeshiftBattery"],"picked":"Black Star"}],"items_purged_floors":[],"is_endless":false,"potions_floor_spawned":[1,5,10,18],"killed_by":"Gremlin Leader","ascension_level":0}}