{"host":"ek3xvuouaw6vk9if","time":1612308063,"event":{"mods":["BaseMod","BetterRewards","Downfall","Minty Spire (QoL Compilation)","Permanent Neow","Quick Restart","Relic Stats","Replay The Spire","Spire Arcade","StSLib"],"gold_per_floor":[199,22,22,35,48,62,133,133,153,184,184,184,198,298,309,410,410,410,427,438,438,39,39,39,39],"floor_reached":23,"language":"ENG","playtime":1294,"items_purged":["bronze:Strike"],"score":210,"play_id":"3dd9fccb-b509-4ba7-8440-8ddf949a6a9a","local_time":"20210202182103","is_ascension_mode":true,"campfire_choices":[{"data":"bronze:Goto","floor":1.0,"key":"SMITH"},{"data":"bronze:BugBarrage","floor":11.0,"key":"SMITH"},{"data":"bronze:ShipIt","floor":18.0,"key":"SMITH"}],"circlet_count":0,"master_deck":["bronze:Strike","bronze:Strike","bronze:Defend","bronze:Defend","bronze:Defend","bronze:Defend","bronze:Replicate+1","bronze:Goto+1","bronze:Invalidate+1","bronze:ItsAFeature","bronze:BugBarrage+1","bronze:Shield","bronze:Shell","bronze:BronzeArmor","bronze:Overheat","bronze:Shield","bronze:Turbo","bronze:ShipIt+1","bronze:WhirlingStrike+1","bronze:BurnOut"],"relics":["bronze:BronzeCore","Replay:Bottled Flurry","Anchor","Nunchaku","Toy Ornithopter","Coffee Dripper","Molten Egg 2"],"acts_visited":["Exordium","TheCity"],"potions_floor_usage":[20,22,22],"damage_taken":[{"damage":0.0,"enemies":"downfall:FleeingMerchant","floor":2.0,"turns":4.0},{"damage":11.0,"enemies":"Small Slimes","floor":4.0,"turns":4.0},{"damage":0.0,"enemies":"Cultist","floor":5.0,"turns":3.0},{"damage":0.0,"enemies":"2 Louse","floor":6.0,"turns":2.0},{"damage":8.0,"enemies":"Blue Slaver","floor":9.0,"turns":4.0},{"damage":9.0,"enemies":"Replay:BlueRogue","floor":10.0,"turns":5.0},{"damage":0.0,"enemies":"3 Louse","floor":13.0,"turns":3.0},{"damage":2.0,"enemies":"downfall:LadyInBlue","floor":14.0,"turns":6.0},{"damage":1.0,"enemies":"Exordium Thugs","floor":15.0,"turns":5.0},{"damage":25.0,"enemies":"WA_ARCHETYPE_RETAIN","floor":16.0,"turns":7.0},{"damage":21.0,"enemies":"Spheric Guardian","floor":19.0,"turns":5.0},{"damage":44,"enemies":"Snake Plant","floor":20,"turns":4},{"damage":15,"enemies":"downfall:FleeingMerchant","floor":22,"turns":4},{"damage":8,"enemies":"Cultist and Chosen","floor":23,"turns":1}],"seed_played":"2435423235191823257","potions_obtained":[{"floor":6.0,"key":"EssenceOfSteel"},{"floor":13.0,"key":"AttackPotion"},{"floor":14.0,"key":"ColorlessPotion"},{"floor":14.0,"key":"SteroidPotion"},{"floor":14.0,"key":"LiquidBronze"},{"floor":14.0,"key":"EntropicBrew"},{"floor":16.0,"key":"Weak Potion"},{"floor":19.0,"key":"champ:CounterPotion"}],"is_trial":false,"path_per_floor":["R","$","?","M","M","M","T","?","M","E","R","?","M","?","M","B",null,"R","M","M","?","$","M"],"character_chosen":"THE_AUTOMATON","items_purchased":["bronze:ItsAFeature","bronze:BugBarrage","bronze:Shield","SpeedPotion","Molten Egg 2"],"campfire_rested":0,"item_purchase_floors":[2,2,2,22,22],"current_hp_per_floor":[70,70,70,59,59,59,59,59,51,42,42,24,24,22,21,21,70,70,49,10,10,5,0,0,0],"gold":39,"neow_bonus":"HUNDRED_GOLD","is_daily":false,"chose_seed":false,"campfire_upgraded":3,"win_rate":0.0,"timestamp":1612308063,"path_taken":["R","$","?","?","M","M","T","?","M","E","R","?","M","?","M","BOSS","R","M","M","?","$","M"],"items_purchased_type":["Card","Card","Card","Potion","Relic"],"build_version":"2020-12-22","purchased_purges":1,"victory":false,"max_hp_per_floor":[70,70,70,70,70,70,70,70,70,70,70,70,70,70,70,70,70,70,70,70,70,70,70,70,70],"relic_stats":{"Nunchaku":[7],"counters":[14,57],"obtain_stats":[{"Anchor":10,"Nunchaku":12,"bronze:BronzeCore":0,"Molten Egg 2":22,"Replay:Bottled Flurry":7,"Coffee Dripper":17,"Toy Ornithopter":14},{"Anchor":6,"Nunchaku":6,"bronze:BronzeCore":0,"Molten Egg 2":13,"Replay:Bottled Flurry":4,"Coffee Dripper":10,"Toy Ornithopter":8},{"Anchor":22,"Nunchaku":22,"bronze:BronzeCore":0,"Molten Egg 2":56,"Replay:Bottled Flurry":13,"Coffee Dripper":43,"Toy Ornithopter":31}],"Toy Ornithopter":40},"card_choices":[{"not_picked":["bronze:InfiniteBeams","bronze:OilSpill"],"picked":"bronze:Invalidate","floor":2.0},{"not_picked":["bronze:Branch","bronze:FollowUp","bronze:Frontload"],"picked":"SKIP","floor":4.0},{"not_picked":["bronze:CloningBeam","bronze:DelayedSlice"],"picked":"bronze:Shell","floor":5.0},{"not_picked":["bronze:Constructor","bronze:CloningBeam"],"picked":"bronze:BronzeArmor","floor":6.0},{"not_picked":["bronze:Turbo","bronze:Refactor"],"picked":"bronze:Overheat","floor":9.0},{"not_picked":["bronze:ChosenStrike","bronze:HardenedForm","bronze:ForceShield"],"picked":"SKIP","floor":10.0},{"not_picked":["bronze:Invalidate","bronze:Constructor"],"picked":"bronze:Shield","floor":13.0},{"not_picked":["bronze:Repair","bronze:ForceShield"],"picked":"bronze:Turbo","floor":14.0},{"not_picked":["bronze:WildBeam","bronze:Separator","bronze:CutThrough"],"picked":"SKIP","floor":15.0},{"not_picked":["bronze:ThunderWave","bronze:Virus"],"picked":"bronze:ShipIt","floor":16.0},{"not_picked":["bronze:BitShift","bronze:Turbo"],"picked":"bronze:WhirlingStrike+1","floor":19.0},{"not_picked":["bronze:OilSpill","bronze:Separator","bronze:Turbo"],"picked":"SKIP","floor":20},{"not_picked":["bronze:Return","bronze:Shell"],"picked":"bronze:BurnOut","floor":22}],"player_experience":745845,"relics_obtained":[{"floor":7.0,"key":"Replay:Bottled Flurry"},{"floor":10.0,"key":"Anchor"},{"floor":14.0,"key":"Toy Ornithopter"}],"event_choices":[{"cards_removed":["bronze:Strike"],"damage_healed":0.0,"max_hp_gain":0.0,"max_hp_loss":0.0,"gold_gain":0.0,"event_name":"The Cleric","player_choice":"Card Removal","floor":8.0,"gold_loss":0.0,"damage_taken":0.0},{"damage_healed":0.0,"max_hp_gain":0.0,"max_hp_loss":0.0,"gold_gain":0.0,"event_name":"Scrap Ooze","player_choice":"Success","floor":12.0,"gold_loss":0.0,"damage_taken":18.0,"relics_obtained":["Nunchaku"]}],"is_beta":false,"boss_relics":[{"not_picked":["Snecko Heart","Calling Bell"],"picked":"Coffee Dripper"}],"items_purged_floors":[22],"is_endless":false,"potions_floor_spawned":[6,13,14,15,16,19],"killed_by":"Cultist and Chosen","ascension_level":2}}