{"host":"aj7el8l5kufbk20z","time":1612235430,"event":{"mods":["AchievementEnabler","BaseMod","Colored Map","Colored Powertips","Curses Come First","Highlight Path","Minty Spire (QoL Compilation)","Permanent Neow","Poor People Problems","Quick Restart","Rare Cards Sparkle","Relic Stats","StSLib","SuperFastMode","Waifu the Spire"],"gold_per_floor":[15,15,34,34,44,666,697,697,697,697,711,741,758,365,365,469,469,479,462,520,720,737,769,680,680,704,734,734,449,449,449,449,546,546,560,610,610,627,480,513,530,542,593,438,438,438,438,488,488,488],"floor_reached":51,"language":"ZHS","playtime":3090,"items_purged":["Strike_B","Strike_B","Defend_B","Strike_B"],"score":908,"play_id":"0bbffb26-8291-4cc3-b45e-c32e7f9d37a4","local_time":"20210202111030","is_ascension_mode":true,"campfire_choices":[{"data":"Zap","floor":8,"key":"SMITH"},{"data":"Force Field","floor":15,"key":"SMITH"},{"data":"Buffer","floor":25,"key":"SMITH"},{"data":"Biased Cognition","floor":30,"key":"SMITH"},{"data":"Buffer","floor":32,"key":"SMITH"},{"data":"Capacitor","floor":45,"key":"SMITH"},{"data":"Biased Cognition","floor":47,"key":"SMITH"},{"data":"Creative AI","floor":49,"key":"SMITH"}],"circlet_count":0,"master_deck":["Zap+1","Core Surge+1","Conserve Battery","Force Field+1","Stack","Streamline+1","Stack","Buffer+1","Melter+1","Electrodynamics","Core Surge","Self Repair","Creative AI+1","Biased Cognition+1","Loop+1","Buffer+1","Biased Cognition+1","BootSequence+1","Chill+1","Madness","Madness","Defragment+1","Capacitor+1","Core Surge","Capacitor"],"relics":["FrozenCore","Oddly Smooth Stone","Lee\u0027s Waffle","Gambling Chip","Peace Pipe","Bottled Lightning","Juzu Bracelet","Lantern","Mercury Hourglass","DollysMirror","Turnip","Runic Capacitor","Whetstone","Question Card","Bag of Preparation","Ancient Tea Set","Thread and Needle","Akabeko","Orrery","Empty Cage","FossilizedHelix","Omamori","Ornamental Fan","Anchor","TungstenRod"],"acts_visited":["Exordium","TheCity","TheBeyond"],"potions_floor_usage":[7,11,12,36,48,50,50],"damage_taken":[{"damage":14,"enemies":"2 Louse","floor":1,"turns":2},{"damage":0,"enemies":"Small Slimes","floor":3,"turns":3},{"damage":1,"enemies":"Cultist","floor":5,"turns":3},{"damage":14,"enemies":"3 Sentries","floor":7,"turns":8},{"damage":10,"enemies":"Lots of Slimes","floor":11,"turns":3},{"damage":10,"enemies":"Gremlin Nob","floor":12,"turns":3},{"damage":6,"enemies":"Large Slime","floor":13,"turns":4},{"damage":17,"enemies":"The Guardian","floor":16,"turns":9},{"damage":45,"enemies":"3 Byrds","floor":18,"turns":4},{"damage":28,"enemies":"2 Thieves","floor":19,"turns":4},{"damage":24,"enemies":"Centurion and Healer","floor":22,"turns":4},{"damage":39,"enemies":"Slavers","floor":23,"turns":4},{"damage":35,"enemies":"Gremlin Leader","floor":27,"turns":6},{"damage":23,"enemies":"Champ","floor":33,"turns":9},{"damage":19,"enemies":"3 Darklings","floor":35,"turns":4},{"damage":11,"enemies":"Mind Bloom Boss Battle","floor":36,"turns":7},{"damage":0,"enemies":"3 Shapes","floor":38,"turns":4},{"damage":0,"enemies":"Giant Head","floor":40,"turns":10},{"damage":0,"enemies":"Sphere and 2 Shapes","floor":41,"turns":8},{"damage":0,"enemies":"Spire Growth","floor":42,"turns":4},{"damage":0,"enemies":"2 Orb Walkers","floor":48,"turns":6},{"damage":17,"enemies":"Time Eater","floor":50,"turns":13}],"seed_played":"8311807136419320764","potions_obtained":[{"floor":3,"key":"Explosive Potion"},{"floor":5,"key":"LiquidMemories"},{"floor":11,"key":"Fruit Juice"},{"floor":16,"key":"DistilledChaos"},{"floor":27,"key":"Dexterity Potion"},{"floor":33,"key":"Regen Potion"},{"floor":36,"key":"SteroidPotion"},{"floor":40,"key":"ColorlessPotion"},{"floor":48,"key":"FairyPotion"}],"is_trial":false,"path_per_floor":["M","?","M","$","M","$","E","R","T","?","M","E","M","$","R","B",null,"M","M","$","?","M","E","$","R","T","E","?","$","R","?","R","B",null,"M","?","?","M","$","E","M","M","T","$","R","?","R","?","R","B",null],"character_chosen":"DEFECT","items_purchased":["Oddly Smooth Stone","Lee\u0027s Waffle","Juzu Bracelet","Lantern","Mercury Hourglass","Electrodynamics","DollysMirror","Runic Capacitor","Whetstone","Question Card","Thread and Needle","Akabeko","Orrery","Omamori","Core Surge"],"campfire_rested":0,"item_purchase_floors":[6,6,14,14,20,20,20,24,24,24,29,29,29,39,44],"current_hp_per_floor":[61,61,61,61,60,82,68,68,68,68,63,53,47,47,47,30,87,80,52,52,52,28,67,67,67,67,32,32,32,32,32,32,77,87,68,72,61,68,68,75,82,87,87,87,87,87,87,87,87,77],"gold":488,"neow_bonus":"THREE_RARE_CARDS","is_daily":false,"chose_seed":false,"campfire_upgraded":8,"win_rate":0.0,"timestamp":1612235430,"path_taken":["M","?","M","$","M","$","E","R","T","?","?","E","M","$","R","BOSS","M","M","?","?","M","E","$","R","T","E","?","$","R","?","R","BOSS","M","?","?","M","$","E","M","M","T","$","R","?","R","?","R","BOSS"],"items_purchased_type":["Relic","Relic","Relic","Relic","Relic","Card","Relic","Relic","Relic","Relic","Relic","Relic","Relic","Relic","Card"],"build_version":"2020-12-22","purchased_purges":4,"victory":true,"max_hp_per_floor":[75,75,75,75,75,82,82,82,82,82,87,87,87,87,87,87,87,87,87,87,87,87,87,87,87,87,87,87,87,87,87,87,87,87,87,87,87,87,87,87,87,87,87,87,87,87,87,87,87,87],"relic_stats":{"Lee\u0027s Waffle":22,"counters":[22,121],"Juzu Bracelet":3,"Bag of Preparation":[20],"Whetstone":["Core Surge","Streamline"],"Question Card":14,"FrozenCore":[44],"Mercury Hourglass":[322],"Peace Pipe":0,"Ornamental Fan":[16],"Gambling Chip":[54],"Turnip":[7],"obtain_stats":[{"Lantern":14,"Juzu Bracelet":14,"Runic Capacitor":24,"Bag of Preparation":26,"Whetstone":24,"Ancient Tea Set":27,"Empty Cage":34,"FrozenCore":17,"DollysMirror":20,"Gambling Chip":7,"Cracked Core":0,"Lee\u0027s Waffle":6,"Oddly Smooth Stone":6,"Thread and Needle":29,"Omamori":39,"Question Card":24,"Akabeko":29,"Mercury Hourglass":20,"Peace Pipe":9,"Anchor":43,"Ornamental Fan":40,"Orrery":29,"Turnip":23,"Bottled Lightning":12,"FossilizedHelix":36,"TungstenRod":48},{"Lantern":7,"Juzu Bracelet":7,"Runic Capacitor":12,"Bag of Preparation":12,"Whetstone":12,"Ancient Tea Set":13,"Empty Cage":14,"FrozenCore":8,"DollysMirror":10,"Gambling Chip":4,"Cracked Core":0,"Lee\u0027s Waffle":3,"Oddly Smooth Stone":3,"Thread and Needle":13,"Omamori":17,"Question Card":12,"Akabeko":13,"Mercury Hourglass":10,"Peace Pipe":4,"Anchor":20,"Ornamental Fan":18,"Orrery":13,"Turnip":12,"Bottled Lightning":6,"FossilizedHelix":16,"TungstenRod":21},{"Lantern":26,"Juzu Bracelet":26,"Runic Capacitor":51,"Bag of Preparation":51,"Whetstone":51,"Ancient Tea Set":57,"Empty Cage":66,"FrozenCore":35,"DollysMirror":43,"Gambling Chip":16,"Cracked Core":0,"Lee\u0027s Waffle":8,"Oddly Smooth Stone":8,"Thread and Needle":57,"Omamori":81,"Question Card":51,"Akabeko":57,"Mercury Hourglass":43,"Peace Pipe":16,"Anchor":102,"Ornamental Fan":90,"Orrery":57,"Turnip":51,"Bottled Lightning":22,"FossilizedHelix":77,"TungstenRod":108}],"TungstenRod":1},"card_choices":[{"not_picked":["Fission","Seek"],"picked":"Core Surge","floor":0},{"not_picked":["Redo","Barrage"],"picked":"Conserve Battery","floor":1},{"not_picked":["Barrage","Coolheaded"],"picked":"Force Field","floor":3},{"not_picked":["Turbo","Ball Lightning"],"picked":"Stack","floor":5},{"not_picked":["Redo","Heatsinks"],"picked":"Streamline","floor":7},{"not_picked":["Ball Lightning","Gash"],"picked":"Stack","floor":11},{"not_picked":["Sweeping Beam","Coolheaded","Conserve Battery"],"picked":"SKIP","floor":12},{"not_picked":["Coolheaded","Compile Driver"],"picked":"Creative AI","floor":13},{"not_picked":["Multi-Cast","All For One"],"picked":"Buffer","floor":16},{"not_picked":["Barrage","Gash"],"picked":"Melter+1","floor":18},{"not_picked":["Beam Cell","Lockon","Ball Lightning"],"picked":"SKIP","floor":19},{"not_picked":["Ball Lightning","Coolheaded","Go for the Eyes+1"],"picked":"SKIP","floor":22},{"not_picked":["Fusion","Rainbow","Thunder Strike"],"picked":"SKIP","floor":23},{"not_picked":["Barrage","Ball Lightning","Go for the Eyes","Compile Driver"],"picked":"SKIP","floor":27},{"not_picked":["Loop+1","Blizzard+1","White Noise"],"picked":"Biased Cognition","floor":29},{"not_picked":["Go for the Eyes+1","Sunder","Beam Cell"],"picked":"Loop","floor":29},{"not_picked":["Leap+1","Beam Cell","Reprogram"],"picked":"Buffer","floor":29},{"not_picked":["All For One","Fission","Buffer"],"picked":"Biased Cognition","floor":33},{"not_picked":["FTL","Turbo","Sweeping Beam"],"picked":"BootSequence+1","floor":35},{"not_picked":["Streamline","Leap+1","BootSequence+1"],"picked":"Chill+1","floor":36},{"not_picked":["White Noise","Hologram","Reprogram+1"],"picked":"Defragment+1","floor":38},{"not_picked":["Melter","Streamline","Steam","BootSequence+1"],"picked":"SKIP","floor":40},{"not_picked":["Force Field","Ball Lightning+1","Streamline","Genetic Algorithm"],"picked":"SKIP","floor":41},{"not_picked":["Skim+1","Coolheaded","Force Field+1"],"picked":"Capacitor","floor":42},{"not_picked":["Cold Snap","Rebound","Storm"],"picked":"Capacitor","floor":48}],"player_experience":338631,"relics_obtained":[{"floor":7,"key":"Gambling Chip"},{"floor":9,"key":"Peace Pipe"},{"floor":12,"key":"Bottled Lightning"},{"floor":23,"key":"Turnip"},{"floor":26,"key":"Bag of Preparation"},{"floor":27,"key":"Ancient Tea Set"},{"floor":36,"key":"FossilizedHelix"},{"floor":40,"key":"Ornamental Fan"},{"floor":43,"key":"Anchor"},{"floor":48,"key":"TungstenRod"}],"event_choices":[{"cards_removed":["Strike_B"],"damage_healed":0,"gold_gain":0,"player_choice":"Forget","damage_taken":0,"max_hp_gain":0,"max_hp_loss":0,"event_name":"Living Wall","floor":2,"gold_loss":0},{"cards_removed":["Defend_B"],"damage_healed":0,"gold_gain":0,"player_choice":"Purged","damage_taken":0,"max_hp_gain":0,"max_hp_loss":0,"event_name":"Purifier","floor":10,"gold_loss":0},{"damage_healed":0,"gold_gain":200,"player_choice":"Gold","damage_taken":0,"max_hp_gain":0,"max_hp_loss":0,"event_name":"Wheel of Change","floor":21,"gold_loss":0},{"damage_healed":0,"gold_gain":0,"cards_transformed":["Dualcast","Defend_B"],"player_choice":"Became Test Subject","damage_taken":0,"max_hp_gain":0,"max_hp_loss":0,"event_name":"Drug Dealer","floor":28,"gold_loss":0,"cards_obtained":["Self Repair","Creative AI"]},{"damage_healed":0,"gold_gain":0,"player_choice":"Upgraded","damage_taken":0,"max_hp_gain":0,"max_hp_loss":0,"event_name":"Upgrade Shrine","floor":31,"gold_loss":0,"cards_upgraded":["Loop"]},{"damage_healed":0,"gold_gain":0,"player_choice":"Fight","damage_taken":0,"max_hp_gain":0,"max_hp_loss":0,"event_name":"MindBloom","floor":36,"gold_loss":0},{"damage_healed":0,"gold_gain":0,"player_choice":"Embrace Madness","damage_taken":11,"max_hp_gain":0,"max_hp_loss":0,"event_name":"Winding Halls","floor":37,"gold_loss":0,"cards_obtained":["Madness","Madness"]},{"damage_healed":0,"gold_gain":0,"player_choice":"Bought 0 Potions","damage_taken":0,"max_hp_gain":0,"max_hp_loss":0,"event_name":"The Woman in Blue","floor":46,"gold_loss":0},{"damage_healed":0,"gold_gain":0,"player_choice":"Fight","damage_taken":0,"max_hp_gain":0,"max_hp_loss":0,"event_name":"Mysterious Sphere","floor":48,"gold_loss":0}],"is_beta":false,"boss_relics":[{"not_picked":["Runic Dome","Nuclear Battery"],"picked":"FrozenCore"},{"not_picked":["SacredBark","Fusion Hammer"],"picked":"Empty Cage"}],"items_purged_floors":[6,14,20,24],"is_endless":false,"potions_floor_spawned":[3,5,11,16,27,33,36,40,41,48],"ascension_level":4}}