{"host":"j9610sde00vfp93k","time":1612250099,"event":{"mods":["AchievementEnabler","BaseMod","Minty Spire (QoL Compilation)","StSLib","SuperFastMode"],"gold_per_floor":[112,112,112,132,132,146,146,71,118,143,93,114,138,162,162,162,162],"floor_reached":16,"language":"ENG","playtime":618,"items_purged":["Strike_R"],"score":94,"play_id":"4643a770-af1c-4344-9d5c-cc692b52f10c","local_time":"20210202151459","is_ascension_mode":false,"campfire_choices":[{"data":"Bash","floor":7,"key":"SMITH"},{"floor":15,"key":"REST"}],"circlet_count":0,"master_deck":["Strike_R","Strike_R","Strike_R","Defend_R","Defend_R","Bash+1","Thunderclap","Shrug It Off"],"relics":["Burning Blood","Golden Idol","MealTicket"],"acts_visited":["Exordium"],"potions_floor_usage":[16,16],"damage_taken":[{"damage":20,"enemies":"Jaw Worm","floor":1,"turns":6},{"damage":4,"enemies":"Cultist","floor":4,"turns":4},{"damage":0,"enemies":"Small Slimes","floor":6,"turns":3},{"damage":5,"enemies":"3 Louse","floor":10,"turns":3},{"damage":30,"enemies":"Exordium Thugs","floor":12,"turns":7},{"damage":13,"enemies":"Red Slaver","floor":13,"turns":4},{"damage":2,"enemies":"Blue Slaver","floor":14,"turns":6},{"damage":48,"enemies":"Hexaghost","floor":16,"turns":11}],"seed_played":"-5506363964573334378","potions_obtained":[{"floor":6,"key":"PowerPotion"},{"floor":10,"key":"Ancient Potion"}],"is_trial":false,"path_per_floor":["M","?","?","M","T","M","R","$","T","M","?","M","M","M","R","B"],"character_chosen":"IRONCLAD","items_purchased":[],"campfire_rested":1,"item_purchase_floors":[],"current_hp_per_floor":[66,46,39,41,41,47,47,47,47,48,48,24,17,21,45,0,0],"gold":162,"neow_bonus":"TRANSFORM_CARD","is_daily":false,"chose_seed":false,"campfire_upgraded":1,"win_rate":0.0,"timestamp":1612250099,"path_taken":["M","?","?","M","?","M","R","$","T","?","?","M","M","M","R","BOSS"],"items_purchased_type":[],"build_version":"2020-12-22","purchased_purges":1,"victory":false,"max_hp_per_floor":[80,80,80,80,80,80,80,80,80,80,80,80,80,80,80,80,80],"card_choices":[{"not_picked":["Headbutt","Carnage","Cleave"],"picked":"SKIP","floor":1},{"not_picked":["Seeing Red","Wild Strike","Twin Strike"],"picked":"SKIP","floor":4},{"not_picked":["Uppercut","Cleave","Anger"],"picked":"SKIP","floor":6},{"not_picked":["Corruption","Headbutt","Rupture"],"picked":"SKIP","floor":10},{"not_picked":["Thunderclap","Sword Boomerang","Burning Pact"],"picked":"SKIP","floor":12},{"not_picked":["Warcry","Intimidate"],"picked":"Shrug It Off","floor":13},{"not_picked":["Cleave","Heavy Blade","Dual Wield"],"picked":"SKIP","floor":14}],"player_experience":183865,"relics_obtained":[{"floor":9,"key":"MealTicket"}],"event_choices":[{"damage_healed":0,"gold_gain":0,"player_choice":"Take Damage","damage_taken":20,"relics_obtained":["Golden Idol"],"max_hp_gain":0,"max_hp_loss":0,"event_name":"Golden Idol","floor":2,"gold_loss":0},{"cards_removed":["Defend_R"],"damage_healed":0,"gold_gain":0,"player_choice":"Card Removal","damage_taken":7,"max_hp_gain":0,"max_hp_loss":0,"event_name":"Golden Wing","floor":3,"gold_loss":0},{"cards_removed":["Defend_R"],"damage_healed":0,"gold_gain":0,"player_choice":"Card Removal","damage_taken":0,"max_hp_gain":0,"max_hp_loss":0,"event_name":"The Cleric","floor":11,"gold_loss":50}],"is_beta":false,"boss_relics":[],"items_purged_floors":[8],"is_endless":false,"potions_floor_spawned":[6,10],"killed_by":"Hexaghost","ascension_level":0}}