{"host":"vzugls1u57eppbds","time":1612290074,"event":{"mods":["AchievementEnabler","BaseMod","Better Third Choice","Ironclad Rager","Minty Spire (QoL Compilation)","Relic Stats","Shop Mod","StSLib"],"gold_per_floor":[12,12,12,12,28,28,67,91,138,177,195,84,98,98,98,227,227,245,245,245,265,290,290,118,156,238,238,238],"floor_reached":27,"language":"ENG","playtime":816,"items_purged":[],"score":349,"play_id":"45e2561c-4559-4d37-a7dc-128b619ada09","local_time":"20210202192114","is_ascension_mode":true,"campfire_choices":[{"data":"Entrench","floor":6,"key":"SMITH"},{"floor":15,"key":"REST"},{"data":"Evolve","floor":23,"key":"SMITH"}],"circlet_count":0,"master_deck":["Strike_R","Strike_R","Strike_R","Strike_R","Defend_R","Defend_R","Defend_R","Bash","Shockwave","Demon Form","Perfected Strike","Entrench+1","Iron Wave","Evolve+1","Iron Wave","Fire Breathing","Power Through","Offering","Fire Breathing","Cleave","Heavy Blade","Wild Strike+1"],"relics":["Burning Blood","Golden Idol","Akabeko","Lantern","PreservedInsect","Velvet Choker","Juzu Bracelet","Sundial","Mercury Hourglass"],"acts_visited":["Exordium","TheCity"],"potions_floor_usage":[16,16,25,27],"damage_taken":[{"damage":13,"enemies":"Small Slimes","floor":1,"turns":5},{"damage":9,"enemies":"Jaw Worm","floor":5,"turns":4},{"damage":20,"enemies":"Lagavulin","floor":7,"turns":7},{"damage":0,"enemies":"2 Louse","floor":8,"turns":2},{"damage":40,"enemies":"3 Sentries","floor":10,"turns":9},{"damage":0,"enemies":"Exordium Thugs","floor":11,"turns":4},{"damage":8,"enemies":"Lots of Slimes","floor":13,"turns":6},{"damage":39,"enemies":"Hexaghost","floor":16,"turns":12},{"damage":12,"enemies":"Shell Parasite","floor":18,"turns":7},{"damage":28,"enemies":"Spheric Guardian","floor":21,"turns":5},{"damage":9,"enemies":"Cultist and Chosen","floor":22,"turns":4},{"damage":31,"enemies":"Gremlin Leader","floor":25,"turns":5},{"damage":33,"enemies":"Snake Plant","floor":27,"turns":2}],"seed_played":"4285032587306919830","potions_obtained":[{"floor":5,"key":"Weak Potion"},{"floor":10,"key":"DuplicationPotion"},{"floor":13,"key":"Dexterity Potion"},{"floor":16,"key":"LiquidBronze"},{"floor":22,"key":"PowerPotion"},{"floor":25,"key":"BlessingOfTheForge"}],"is_trial":false,"path_per_floor":["M","?","$","?","M","R","E","M","T","E","M","$","M","?","R","B",null,"M","?","?","M","M","R","$","E","T","M"],"character_chosen":"IRONCLAD","items_purchased":["Fire Breathing","Power Through","Juzu Bracelet","Heavy Blade"],"campfire_rested":1,"item_purchase_floors":[12,12,24,24],"current_hp_per_floor":[65,65,65,58,55,55,41,47,47,13,19,19,17,17,41,8,62,56,80,80,58,55,55,55,30,30,0,0],"gold":238,"neow_bonus":"TRANSFORM_TWO_CARDS","is_daily":false,"chose_seed":false,"campfire_upgraded":2,"win_rate":0.0,"timestamp":1612290074,"path_taken":["M","?","$","?","M","R","E","M","T","E","?","$","M","?","R","BOSS","M","?","?","?","M","R","$","E","T","M"],"items_purchased_type":["Card","Card","Relic","Card"],"build_version":"2020-12-22","purchased_purges":0,"victory":false,"max_hp_per_floor":[80,80,80,80,80,80,80,80,80,80,80,80,80,80,80,80,80,80,80,80,80,80,80,80,80,80,80,80],"relic_stats":{"counters":[13,72],"Golden Idol":78,"Sundial":[0],"PreservedInsect":45,"Juzu Bracelet":0,"obtain_stats":[{"Lantern":9,"Golden Idol":2,"Sundial":25,"Velvet Choker":17,"PreservedInsect":10,"Juzu Bracelet":24,"Burning Blood":0,"Akabeko":7,"Mercury Hourglass":26},{"Lantern":4,"Golden Idol":1,"Sundial":12,"Velvet Choker":8,"PreservedInsect":5,"Juzu Bracelet":11,"Burning Blood":0,"Akabeko":3,"Mercury Hourglass":12},{"Lantern":18,"Golden Idol":5,"Sundial":70,"Velvet Choker":49,"PreservedInsect":27,"Juzu Bracelet":65,"Burning Blood":0,"Akabeko":16,"Mercury Hourglass":70}],"Burning Blood":72,"Mercury Hourglass":[6]},"card_choices":[{"not_picked":["Power Through","Wild Strike"],"picked":"Perfected Strike","floor":1},{"not_picked":["Whirlwind","Heavy Blade"],"picked":"Entrench","floor":5},{"not_picked":["Clash","Perfected Strike"],"picked":"Iron Wave","floor":7},{"not_picked":["Armaments","Thunderclap","Dropkick"],"picked":"SKIP","floor":8},{"not_picked":["Clash","Rupture"],"picked":"Evolve","floor":10},{"not_picked":["Bludgeon","Sever Soul"],"picked":"Iron Wave","floor":11},{"not_picked":["Flex","Clash","Armaments"],"picked":"SKIP","floor":13},{"not_picked":["Fiend Fire","Limit Break"],"picked":"Offering","floor":16},{"not_picked":["Thunderclap","True Grit"],"picked":"Fire Breathing","floor":18},{"not_picked":["Warcry","Carnage"],"picked":"Cleave","floor":21},{"not_picked":["Bloodletting","Seeing Red","Twin Strike+1"],"picked":"SKIP","floor":22},{"not_picked":["Shockwave","Juggernaut"],"picked":"Wild Strike+1","floor":25}],"player_experience":246223,"relics_obtained":[{"floor":7,"key":"Akabeko"},{"floor":9,"key":"Lantern"},{"floor":10,"key":"PreservedInsect"},{"floor":25,"key":"Sundial"},{"floor":26,"key":"Mercury Hourglass"}],"event_choices":[{"damage_healed":0,"gold_gain":0,"player_choice":"Take Wound","damage_taken":0,"relics_obtained":["Golden Idol"],"max_hp_gain":0,"max_hp_loss":0,"event_name":"Golden Idol","floor":2,"gold_loss":0,"cards_obtained":["Injury"]},{"cards_removed":["Injury"],"damage_healed":0,"gold_gain":0,"player_choice":"Card Removal","damage_taken":7,"max_hp_gain":0,"max_hp_loss":0,"event_name":"Golden Wing","floor":4,"gold_loss":0},{"damage_healed":0,"gold_gain":0,"player_choice":"Ignored","damage_taken":98,"max_hp_gain":0,"max_hp_loss":0,"event_name":"betterThird:BetterSerpent","floor":14,"gold_loss":0},{"damage_healed":26,"gold_gain":0,"player_choice":"Heal","damage_taken":0,"max_hp_gain":0,"max_hp_loss":0,"event_name":"The Library","floor":19,"gold_loss":0},{"damage_healed":0,"gold_gain":0,"player_choice":"Ignored","damage_taken":0,"max_hp_gain":0,"max_hp_loss":0,"event_name":"N\u0027loth","floor":20,"gold_loss":0}],"is_beta":false,"boss_relics":[{"not_picked":["SacredBark","Runic Dome"],"picked":"Velvet Choker"}],"items_purged_floors":[],"is_endless":false,"potions_floor_spawned":[5,10,13,16,22,25],"killed_by":"Snake Plant","ascension_level":9}}