{"host":"tgr1xoidyjfo4u0n","time":1612258906,"event":{"mods":["Act Like it!","Alarm Clock","BaseMod","CapriCore","Colored Powertips","GifTheSpireLib","Highlight Path","Minty Spire (QoL Compilation)","StSLib"],"gold_per_floor":[116,133,146,3,17,45,57,57,57,77,103,103,137,150,150,279,279,297,297,311,104,122,122,122],"floor_reached":23,"language":"ZHS","playtime":1117,"items_purged":["Defend_P","Strike_P"],"score":384,"play_id":"c9a97408-4892-4b7d-bf76-dbc9a2b83b20","local_time":"20210202174146","is_ascension_mode":true,"campfire_choices":[{"data":"ForeignInfluence","floor":8.0,"key":"SMITH"},{"data":"Meditate","floor":15.0,"key":"SMITH"}],"circlet_count":0,"master_deck":["Strike_P","Strike_P","Strike_P+1","Defend_P","Defend_P","Defend_P","Eruption+1","Vigilance","EmptyMind+1","Consecrate+1","CrushJoints","Meditate+1","Blasphemy","ForeignInfluence+1","Vengeance","Adaptation","FlurryOfBlows","MasterReality","Adaptation+1","ClearTheMind","Study","WaveOfTheHand"],"relics":["PureWater","Peace Pipe","Gremlin Horn","Pantograph","Golden Idol","Whetstone","Coffee Dripper"],"acts_visited":["Exordium","TheCity"],"potions_floor_usage":[18,23],"damage_taken":[{"damage":2.0,"enemies":"Jaw Worm","floor":1.0,"turns":5.0},{"damage":0.0,"enemies":"2 Louse","floor":2.0,"turns":1.0},{"damage":0.0,"enemies":"Cultist","floor":3.0,"turns":2.0},{"damage":8.0,"enemies":"Blue Slaver","floor":5.0,"turns":3.0},{"damage":0.0,"enemies":"Gremlin Nob","floor":6.0,"turns":2.0},{"damage":9.0,"enemies":"3 Louse","floor":7.0,"turns":3.0},{"damage":0.0,"enemies":"Exordium Thugs","floor":10.0,"turns":3.0},{"damage":7.0,"enemies":"3 Sentries","floor":11.0,"turns":4.0},{"damage":0.0,"enemies":"Gremlin Nob","floor":13.0,"turns":2.0},{"damage":12.0,"enemies":"Large Slime","floor":14.0,"turns":3.0},{"damage":36.0,"enemies":"Hexaghost","floor":16.0,"turns":6.0},{"damage":0,"enemies":"Shell Parasite","floor":18,"turns":1},{"damage":0,"enemies":"Spheric Guardian","floor":20,"turns":2},{"damage":32,"enemies":"Centurion and Healer","floor":22,"turns":4},{"damage":26,"enemies":"Gremlin Leader","floor":23,"turns":2}],"seed_played":"-4778653885109369205","potions_obtained":[{"floor":1.0,"key":"PowerPotion"},{"floor":6.0,"key":"Ambrosia"},{"floor":7.0,"key":"DuplicationPotion"},{"floor":10.0,"key":"Strength Potion"},{"floor":22,"key":"AttackPotion"}],"is_trial":false,"path_per_floor":["M","M","M","$","M","E","M","R","T","M","E","?","E","M","R","B",null,"M","?","M","$","M","E"],"character_chosen":"WATCHER","items_purchased":["Meditate","Study","WaveOfTheHand"],"campfire_rested":0,"item_purchase_floors":[4,21,21],"current_hp_per_floor":[63,63,63,63,55,55,46,46,46,46,39,39,39,27,27,16,54,54,54,54,54,22,0,0],"gold":122,"neow_bonus":"UPGRADE_CARD","is_daily":false,"chose_seed":false,"campfire_upgraded":2,"win_rate":0.0,"timestamp":1612258906,"path_taken":["M","M","M","$","M","E","M","R","T","M","E","?","E","M","R","BOSS","M","?","?","$","M","E"],"items_purchased_type":["Card","Card","Card"],"build_version":"2020-12-22","purchased_purges":2,"victory":false,"max_hp_per_floor":[72,72,72,72,72,72,72,72,72,72,72,67,67,67,67,67,67,67,67,67,67,67,67,67],"card_choices":[{"not_picked":["PathToVictory","Crescendo"],"picked":"EmptyMind","floor":1.0},{"not_picked":["Protect","EmptyBody"],"picked":"Consecrate","floor":2.0},{"not_picked":["FearNoEvil","Prostrate"],"picked":"CrushJoints","floor":3.0},{"not_picked":["Crescendo","Consecrate"],"picked":"Blasphemy","floor":5.0},{"not_picked":["FollowUp","Judgement","EmptyBody"],"picked":"SKIP","floor":6.0},{"not_picked":["WindmillStrike","Crescendo"],"picked":"ForeignInfluence","floor":7.0},{"not_picked":["Collect","Prostrate","Wireheading"],"picked":"SKIP","floor":10.0},{"not_picked":["Collect","Prostrate","Wireheading"],"picked":"SKIP","floor":10.0},{"not_picked":["FearNoEvil","DeusExMachina"],"picked":"Vengeance","floor":11.0},{"not_picked":["Halt","Prostrate"],"picked":"Adaptation","floor":13.0},{"not_picked":["InnerPeace","WindmillStrike"],"picked":"FlurryOfBlows","floor":14.0},{"not_picked":["Judgement","Brilliance"],"picked":"MasterReality","floor":16.0},{"not_picked":["ThirdEye","Vengeance+1"],"picked":"Adaptation+1","floor":18},{"not_picked":["Halt","Nirvana"],"picked":"ClearTheMind","floor":20},{"not_picked":["ReachHeaven","Halt","Collect"],"picked":"SKIP","floor":22}],"player_experience":425943,"relics_obtained":[{"floor":6.0,"key":"Peace Pipe"},{"floor":9.0,"key":"Gremlin Horn"},{"floor":11.0,"key":"Pantograph"},{"floor":13.0,"key":"Whetstone"}],"event_choices":[{"damage_healed":0.0,"max_hp_gain":0.0,"max_hp_loss":5.0,"gold_gain":0.0,"event_name":"Golden Idol","player_choice":"Lose Max HP","floor":12.0,"gold_loss":0.0,"damage_taken":0.0,"relics_obtained":["Golden Idol"]},{"damage_healed":0,"gold_gain":0,"player_choice":"Forge","damage_taken":0,"max_hp_gain":0,"max_hp_loss":0,"event_name":"Accursed Blacksmith","floor":19,"gold_loss":0,"cards_upgraded":["EmptyMind"]}],"is_beta":false,"boss_relics":[{"not_picked":["Snecko Eye","SlaversCollar"],"picked":"Coffee Dripper"}],"items_purged_floors":[4,21],"is_endless":false,"potions_floor_spawned":[1,6,7,10,13,14,22],"killed_by":"Gremlin Leader","ascension_level":9}}