{"host":"52m1o8iwwagurbjs","time":1612270607,"event":{"mods":["AchievementEnabler","BaseMod","Bestiary","Colored Powertips","GifTheSpireLib","Minty Spire (QoL Compilation)","Quick Restart","RNG Fix","Relic Stats","StSLib"],"gold_per_floor":[119,138,152,227,187,216,229,242,269,27,54,70,70,84,84,181,181,195,195,195,205,216,246,144,179,179,194,194,228,246,262,262,365,365,381,399,399,448,127,161,161,161,229,229,229,229],"floor_reached":45,"language":"ENG","playtime":1824,"items_purged":["Strike_G","Strike_G"],"score":569,"play_id":"f155dc2d-fd82-4dc0-a28f-7aa57fb767b4","local_time":"20210202075647","is_ascension_mode":true,"campfire_choices":[{"floor":13.0,"key":"REST"},{"data":"Footwork","floor":15.0,"key":"SMITH"},{"data":"After Image","floor":28.0,"key":"SMITH"},{"data":"Burst","floor":32.0,"key":"SMITH"},{"floor":42,"key":"RECALL"},{"data":"Tools of the Trade","floor":44,"key":"SMITH"}],"circlet_count":0,"master_deck":["Strike_G","Defend_G","Defend_G","Defend_G","Defend_G","Defend_G","Survivor","Neutralize","Slice","Sucker Punch","Quick Slash","Acrobatics","Blade Dance","Endless Agony","Footwork+1","Prepared","Backflip","Phantasmal Killer","After Image+1","Blade Dance","Dagger Spray+1","Blade Dance+1","Caltrops","Burst+1","Tools of the Trade+1","Well Laid Plans+1","Tactician","PanicButton","Blur"],"relics":["Ring of the Snake","Oddly Smooth Stone","Paper Crane","Regal Pillow","Membership Card","Meat on the Bone","WristBlade","Smiling Mask","Boot","Pocketwatch","Bottled Lightning","Empty Cage","ClockworkSouvenir","Calipers","Bag of Preparation","Bottled Tornado"],"acts_visited":["Exordium","TheCity","TheBeyond"],"potions_floor_usage":[40,41],"damage_taken":[{"damage":0.0,"enemies":"2 Louse","floor":1.0,"turns":3.0},{"damage":0.0,"enemies":"Small Slimes","floor":2.0,"turns":3.0},{"damage":2.0,"enemies":"Jaw Worm","floor":3.0,"turns":3.0},{"damage":37.0,"enemies":"Lagavulin","floor":6.0,"turns":7.0},{"damage":12.0,"enemies":"Lots of Slimes","floor":7.0,"turns":4.0},{"damage":1.0,"enemies":"Blue Slaver","floor":8.0,"turns":4.0},{"damage":0.0,"enemies":"Gremlin Nob","floor":11.0,"turns":2.0},{"damage":0.0,"enemies":"Large Slime","floor":12.0,"turns":4.0},{"damage":0.0,"enemies":"3 Louse","floor":14.0,"turns":4.0},{"damage":21.0,"enemies":"Hexaghost","floor":16.0,"turns":12.0},{"damage":9.0,"enemies":"2 Thieves","floor":18.0,"turns":3.0},{"damage":1.0,"enemies":"3 Byrds","floor":21.0,"turns":6.0},{"damage":3.0,"enemies":"3 Cultists","floor":22.0,"turns":5.0},{"damage":12.0,"enemies":"Book of Stabbing","floor":23.0,"turns":4.0},{"damage":30.0,"enemies":"Slavers","floor":25.0,"turns":6.0},{"damage":0.0,"enemies":"Chosen and Byrds","floor":27.0,"turns":2.0},{"damage":15.0,"enemies":"Gremlin Leader","floor":29.0,"turns":5.0},{"damage":1.0,"enemies":"Snecko","floor":30.0,"turns":3.0},{"damage":5.0,"enemies":"Centurion and Healer","floor":31.0,"turns":3.0},{"damage":41.0,"enemies":"Champ","floor":33.0,"turns":11.0},{"damage":3.0,"enemies":"3 Shapes","floor":35.0,"turns":3.0},{"damage":0.0,"enemies":"Orb Walker","floor":36.0,"turns":4.0},{"damage":33,"enemies":"Giant Head","floor":40,"turns":9},{"damage":0,"enemies":"4 Shapes","floor":41,"turns":1},{"damage":5,"enemies":"3 Darklings","floor":45,"turns":2}],"seed_played":"4135557412961594203","potions_obtained":[{"floor":5.0,"key":"AttackPotion"},{"floor":5.0,"key":"Regen Potion"},{"floor":5.0,"key":"FairyPotion"},{"floor":7.0,"key":"Fire Potion"},{"floor":8.0,"key":"AttackPotion"},{"floor":11.0,"key":"SkillPotion"},{"floor":12.0,"key":"PowerPotion"},{"floor":14.0,"key":"DuplicationPotion"},{"floor":16.0,"key":"DuplicationPotion"},{"floor":18.0,"key":"BlessingOfTheForge"},{"floor":22.0,"key":"Swift Potion"},{"floor":30.0,"key":"Block Potion"},{"floor":36.0,"key":"Explosive Potion"},{"floor":40,"key":"Dexterity Potion"}],"is_trial":false,"path_per_floor":["M","M","M","?","?","E","M","M","T","$","E","M","R","M","R","B",null,"M","?","?","M","M","E","$","E","T","M","R","E","M","M","R","B",null,"M","M","?","T","$","E","M","R","T","R","M"],"character_chosen":"THE_SILENT","items_purchased":["Footwork","Membership Card","Prepared","EntropicBrew","ClockworkSouvenir","Calipers","PanicButton"],"campfire_rested":1,"item_purchase_floors":[10,10,10,24,39,39,39],"current_hp_per_floor":[70,70,68,57,57,20,8,7,7,7,7,19,55,55,55,46,70,61,61,61,60,57,45,45,27,27,39,39,36,47,42,42,13,70,67,67,66,66,66,45,45,45,45,45,40,40],"gold":229,"neow_bonus":"RANDOM_COMMON_RELIC","is_daily":false,"chose_seed":false,"campfire_upgraded":4,"win_rate":0.0,"timestamp":1612270607,"path_taken":["M","M","M","?","?","E","M","M","T","$","E","M","R","M","R","BOSS","BOSS","M","?","?","?","M","E","$","E","T","M","R","E","M","M","R","BOSS","M","M","?","?","?","E","M","R","T","R","M"],"items_purchased_type":["Card","Relic","Card","Potion","Relic","Relic","Card"],"build_version":"2020-12-22","purchased_purges":2,"victory":false,"max_hp_per_floor":[70,70,70,70,70,70,70,70,70,70,70,70,70,70,70,70,70,70,70,70,70,70,70,70,70,70,70,70,70,70,70,70,70,70,70,70,66,66,66,66,66,66,66,66,66,66],"relic_stats":{"Regal Pillow":15,"counters":[25,113],"Bag of Preparation":[4],"Smiling Mask":-12,"Boot":[7],"obtain_stats":[{"Regal Pillow":9,"Calipers":39,"Oddly Smooth Stone":0,"Bag of Preparation":40,"Paper Crane":6,"Bottled Tornado":43,"Smiling Mask":23,"Boot":25,"Empty Cage":34,"ClockworkSouvenir":39,"WristBlade":17,"Membership Card":10,"Bottled Lightning":29,"Ring of the Snake":0,"Meat on the Bone":11,"Pocketwatch":26},{"Regal Pillow":6,"Calipers":22,"Oddly Smooth Stone":0,"Bag of Preparation":23,"Paper Crane":4,"Bottled Tornado":24,"Smiling Mask":14,"Boot":15,"Empty Cage":20,"ClockworkSouvenir":22,"WristBlade":10,"Membership Card":6,"Bottled Lightning":17,"Ring of the Snake":0,"Meat on the Bone":7,"Pocketwatch":15},{"Regal Pillow":24,"Calipers":101,"Oddly Smooth Stone":0,"Bag of Preparation":110,"Paper Crane":16,"Bottled Tornado":111,"Smiling Mask":64,"Boot":70,"Empty Cage":94,"ClockworkSouvenir":101,"WristBlade":46,"Membership Card":24,"Bottled Lightning":77,"Ring of the Snake":0,"Meat on the Bone":26,"Pocketwatch":70}],"Ring of the Snake":[55],"Meat on the Bone":96,"Pocketwatch":[10]},"card_choices":[{"not_picked":["Cloak And Dagger","Quick Slash"],"picked":"Slice","floor":1.0},{"not_picked":["Bane","Expertise"],"picked":"Sucker Punch","floor":2.0},{"not_picked":["Flying Knee","Dodge and Roll"],"picked":"Quick Slash","floor":3.0},{"not_picked":["Cloak And Dagger","Flying Knee"],"picked":"Acrobatics","floor":6.0},{"not_picked":["Phantasmal Killer","Accuracy"],"picked":"Blade Dance","floor":7.0},{"not_picked":["Catalyst","Dodge and Roll"],"picked":"Endless Agony","floor":8.0},{"not_picked":["Poisoned Stab","Dagger Spray"],"picked":"Backflip","floor":11.0},{"not_picked":["Outmaneuver","Dagger Throw"],"picked":"Phantasmal Killer","floor":12.0},{"not_picked":["Skewer","Slice","Dagger Spray"],"picked":"SKIP","floor":14.0},{"not_picked":["Venomology","Glass Knife"],"picked":"After Image","floor":16.0},{"not_picked":["Underhanded Strike","Bane+1","Concentrate+1"],"picked":"SKIP","floor":18.0},{"not_picked":["Reflex+1","Noxious Fumes"],"picked":"Blade Dance","floor":21.0},{"not_picked":["Choke","Sucker Punch+1","Prepared"],"picked":"SKIP","floor":22.0},{"not_picked":["Prepared","Quick Slash"],"picked":"Dagger Spray+1","floor":23.0},{"not_picked":["Outmaneuver+1","Deadly Poison"],"picked":"Blade Dance+1","floor":25.0},{"not_picked":["Quick Slash","Escape Plan","Bouncing Flask"],"picked":"SKIP","floor":27.0},{"not_picked":["Noxious Fumes+1","Endless Agony"],"picked":"Caltrops","floor":29.0},{"not_picked":["Dagger Spray+1","Underhanded Strike+1","All Out Attack"],"picked":"SKIP","floor":30.0},{"not_picked":["Poisoned Stab","Quick Slash"],"picked":"Burst","floor":31.0},{"not_picked":["Corpse Explosion","Malaise"],"picked":"Tools of the Trade","floor":33.0},{"not_picked":["Deflect","Calculated Gamble+1"],"picked":"Well Laid Plans+1","floor":35.0},{"not_picked":["Flechettes+1","Catalyst+1"],"picked":"Tactician","floor":36.0},{"not_picked":["Finisher","Flechettes+1"],"picked":"Blur","floor":40}],"player_experience":1281154,"relics_obtained":[{"floor":6.0,"key":"Paper Crane"},{"floor":9.0,"key":"Regal Pillow"},{"floor":11.0,"key":"Meat on the Bone"},{"floor":23.0,"key":"Smiling Mask"},{"floor":25.0,"key":"Boot"},{"floor":26.0,"key":"Pocketwatch"},{"floor":29.0,"key":"Bottled Lightning"},{"floor":40,"key":"Bag of Preparation"},{"floor":43,"key":"Bottled Tornado"}],"event_choices":[{"damage_healed":0.0,"max_hp_gain":0.0,"max_hp_loss":0.0,"gold_gain":75.0,"event_name":"World of Goop","player_choice":"Gather Gold","floor":4.0,"gold_loss":0.0,"damage_taken":11.0},{"damage_healed":0.0,"max_hp_gain":0.0,"max_hp_loss":0.0,"gold_gain":0.0,"event_name":"The Woman in Blue","player_choice":"Bought 3 Potions","floor":5.0,"gold_loss":0.0,"damage_taken":0.0},{"damage_healed":0.0,"max_hp_gain":0.0,"max_hp_loss":0.0,"gold_gain":0.0,"event_name":"Cursed Tome","player_choice":"Ignored","floor":19.0,"gold_loss":0.0,"damage_taken":0.0},{"damage_healed":0.0,"max_hp_gain":0.0,"max_hp_loss":0.0,"gold_gain":0.0,"event_name":"NoteForYourself","player_choice":"Ignored","floor":20.0,"gold_loss":0.0,"damage_taken":0.0},{"damage_healed":0.0,"max_hp_gain":0.0,"max_hp_loss":4.0,"gold_gain":0.0,"event_name":"Winding Halls","player_choice":"Max HP","floor":37.0,"gold_loss":0.0,"damage_taken":0.0}],"is_beta":false,"boss_relics":[{"not_picked":["Runic Dome","Sozu"],"picked":"WristBlade"},{"not_picked":["Calling Bell","Philosopher\u0027s Stone"],"picked":"Empty Cage"}],"items_purged_floors":[24,39],"is_endless":false,"potions_floor_spawned":[7,8,11,12,14,16,18,21,22,30,36,40],"killed_by":"3 Darklings","ascension_level":1}}