{"host":"8xi53560pl5zaoq2","time":1612291120,"event":{"mods":["BaseMod","Bestiary","Colored Map","Highlight Path","Minty Spire (QoL Compilation)","StSLib","Synergy Search"],"gold_per_floor":[112,132,146,156,156,188,188,208,232,18,32,43,71,91,91,166,166,182,202,218,228,64,116,116,116,116],"floor_reached":25,"language":"ENG","playtime":1447,"items_purged":["Strike_B"],"score":430,"play_id":"167888de-5db1-48f6-96d4-dc13d8e4eb3e","local_time":"20210202113840","is_ascension_mode":true,"campfire_choices":[{"data":"Zap","floor":7.0,"key":"SMITH"},{"data":"Rainbow","floor":15.0,"key":"SMITH"},{"data":"Defragment","floor":24,"key":"SMITH"}],"circlet_count":0,"master_deck":["AscendersBane","Strike_B","Strike_B","Strike_B","Defend_B","Defend_B","Defend_B","Defend_B","Zap","Dualcast","Self Repair","Chill","Sweeping Beam","Conserve Battery","Zap+1","Core Surge","Rainbow+1","Coolheaded","White Noise","Leap","Seek","Static Discharge","Force Field","Defragment+1","Force Field"],"relics":["Cracked Core","Lantern","Vajra","Lee\u0027s Waffle","Toy Ornithopter","Velvet Choker","PreservedInsect"],"acts_visited":["Exordium","TheCity"],"potions_floor_usage":[23],"damage_taken":[{"damage":3.0,"enemies":"2 Louse","floor":1.0,"turns":2.0},{"damage":1.0,"enemies":"Cultist","floor":2.0,"turns":3.0},{"damage":9.0,"enemies":"Small Slimes","floor":3.0,"turns":4.0},{"damage":10.0,"enemies":"Blue Slaver","floor":4.0,"turns":5.0},{"damage":23.0,"enemies":"Gremlin Nob","floor":6.0,"turns":4.0},{"damage":9.0,"enemies":"Red Slaver","floor":8.0,"turns":3.0},{"damage":4.0,"enemies":"Exordium Thugs","floor":11.0,"turns":3.0},{"damage":1.0,"enemies":"Exordium Wildlife","floor":12.0,"turns":3.0},{"damage":10.0,"enemies":"3 Sentries","floor":13.0,"turns":4.0},{"damage":10.0,"enemies":"Lots of Slimes","floor":14.0,"turns":2.0},{"damage":78.0,"enemies":"Slime Boss","floor":16.0,"turns":13.0},{"damage":15.0,"enemies":"2 Thieves","floor":18.0,"turns":4.0},{"damage":7.0,"enemies":"Spheric Guardian","floor":19.0,"turns":3.0},{"damage":0.0,"enemies":"Chosen and Byrds","floor":20.0,"turns":4.0},{"damage":22.0,"enemies":"Centurion and Healer","floor":21.0,"turns":10.0},{"damage":21,"enemies":"Gremlin Leader","floor":23,"turns":8},{"damage":44,"enemies":"Cultist and Chosen","floor":25,"turns":4}],"seed_played":"2639235443555301635","potions_obtained":[{"floor":3.0,"key":"BlessingOfTheForge"},{"floor":4.0,"key":"SteroidPotion"},{"floor":6.0,"key":"Explosive Potion"},{"floor":19.0,"key":"SteroidPotion"},{"floor":21.0,"key":"ColorlessPotion"},{"floor":23,"key":"Fire Potion"}],"is_trial":false,"path_per_floor":["M","M","M","M","?","E","R","M","T","$","M","M","E","M","R","B",null,"M","M","M","M","$","E","R","M"],"character_chosen":"DEFECT","items_purchased":["Lee\u0027s Waffle","Coolheaded","Defragment"],"campfire_rested":0,"item_purchase_floors":[10,10,22],"current_hp_per_floor":[68,74,72,69,69,53,53,51,51,85,81,85,82,79,79,8,66,58,58,65,50,50,41,41,0,0],"gold":116,"neow_bonus":"TEN_PERCENT_HP_BONUS","is_daily":false,"chose_seed":false,"campfire_upgraded":3,"win_rate":0.0,"timestamp":1612291120,"path_taken":["M","M","M","M","?","E","R","M","T","$","?","M","E","M","R","BOSS","M","?","M","M","$","E","R","M"],"items_purchased_type":["Relic","Card","Card"],"build_version":"2020-12-22","purchased_purges":1,"victory":false,"max_hp_per_floor":[78,78,78,78,78,78,78,78,78,85,85,85,85,85,85,85,85,85,85,85,85,85,85,85,85,85],"card_choices":[{"not_picked":["Coolheaded","Heatsinks"],"picked":"Self Repair","floor":1.0},{"not_picked":["Streamline","Redo"],"picked":"Chill","floor":2.0},{"not_picked":["Darkness","Streamline"],"picked":"Sweeping Beam","floor":3.0},{"not_picked":["Cold Snap","Rebound"],"picked":"Conserve Battery","floor":4.0},{"not_picked":["Stack","Rebound","Conserve Battery"],"picked":"SKIP","floor":6.0},{"not_picked":["Sweeping Beam","Skim"],"picked":"Rainbow","floor":8.0},{"not_picked":["Skim","Turbo","Go for the Eyes"],"picked":"SKIP","floor":11.0},{"not_picked":["Steam","Rip and Tear","Turbo"],"picked":"SKIP","floor":12.0},{"not_picked":["Lockon","Recycle"],"picked":"White Noise","floor":13.0},{"not_picked":["Go for the Eyes","Compile Driver"],"picked":"Leap","floor":14.0},{"not_picked":["Thunder Strike","Amplify"],"picked":"Seek","floor":16.0},{"not_picked":["Compile Driver","Steam"],"picked":"Static Discharge","floor":18.0},{"not_picked":["Redo","Sweeping Beam","Barrage"],"picked":"SKIP","floor":19.0},{"not_picked":["Hologram","Go for the Eyes","Turbo"],"picked":"SKIP","floor":20.0},{"not_picked":["Lockon","Sweeping Beam"],"picked":"Force Field","floor":21.0},{"not_picked":["Barrage","Reprogram"],"picked":"Force Field","floor":23}],"player_experience":1317873,"relics_obtained":[{"floor":6.0,"key":"Lantern"},{"floor":9.0,"key":"Vajra"},{"floor":13.0,"key":"Toy Ornithopter"},{"floor":23,"key":"PreservedInsect"}],"event_choices":[{"damage_healed":0.0,"max_hp_gain":0.0,"max_hp_loss":0.0,"gold_gain":0.0,"event_name":"Match and Keep!","player_choice":"2 cards matched","floor":5.0,"gold_loss":0.0,"damage_taken":0.0,"cards_obtained":["Zap","Core Surge"]}],"is_beta":false,"boss_relics":[{"not_picked":["Runic Pyramid","Black Star"],"picked":"Velvet Choker"}],"items_purged_floors":[22],"is_endless":false,"potions_floor_spawned":[3,4,6,19,21,23],"killed_by":"Cultist and Chosen","ascension_level":16}}