{"host":"89frlrzg3lfsymiq","time":1612298883,"event":{"mods":["2.2 Compatiblity","AchievementEnabler","Aspiration","BaseMod","Better Altar","Better Match","Better Note","Better Sensory Stone","Better Skull","Better Third Choice","Conspire","Downfall","GifTheSpireLib","Halation","Highlight Path","Hubris","Minty Spire (QoL Compilation)","Permanent Neow","Quick Restart","StSLib","The Blue Laboratory","The Cursed","The Jungle","The Necromancer","The Runesmith"],"gold_per_floor":[113,125,142,142,159,184,153,153,153,3,3,32,32,47,47,147,147,147],"floor_reached":17,"language":"ENG","playtime":639,"items_purged":[],"score":217,"play_id":"34adf31d-aefc-469d-a326-d81d0a1494d3","local_time":"20210202154803","daily_mods":["Hoarder","DeadlyEvents"],"is_ascension_mode":false,"campfire_choices":[{"floor":8,"key":"REST"},{"data":"Hello World","floor":15,"key":"SMITH"}],"circlet_count":0,"master_deck":["Strike_B","Strike_B","Strike_B","Strike_B","Defend_B","Defend_B","Defend_B","Defend_B","Zap","Dualcast","Gash","Gash","Gash","Redo","Redo","Redo","Redo","Redo","Redo","Conserve Battery","Conserve Battery","Conserve Battery","conspire:SharedLibrary","conspire:SharedLibrary","conspire:SharedLibrary","Hello World+1","Hello World","Hello World","Gash","Gash","Gash","Reboot","Reboot","Reboot"],"relics":["Cracked Core","hubris:Icosahedron","hexamod:BolsterEngine","hexamod:CandleOfCauterizing","hubris:BallOfYels","halation:RedSoulGem","halation:BlackBeret","Nuclear Battery"],"acts_visited":["Exordium","theJungle:Jungle"],"potions_floor_usage":[16],"damage_taken":[{"damage":0,"enemies":"Small Slimes","floor":1,"turns":2},{"damage":11,"enemies":"2 Louse","floor":2,"turns":3},{"damage":6,"enemies":"Jaw Worm","floor":3,"turns":2},{"damage":17,"enemies":"Exordium Thugs","floor":5,"turns":5},{"damage":35,"enemies":"3 Sentries","floor":6,"turns":6},{"damage":0,"enemies":"Large Slime","floor":7,"turns":4},{"damage":36,"enemies":"Gremlin Nob","floor":12,"turns":5},{"damage":18,"enemies":"Blue Slaver","floor":14,"turns":3},{"damage":40,"enemies":"Hexaghost","floor":16,"turns":7}],"seed_played":"2412398813007545417","potions_obtained":[{"floor":5,"key":"SteroidPotion"},{"floor":6,"key":"blueLaboratory:EnragingPotion"},{"floor":7,"key":"blueLaboratory:BottleOfVodka"},{"floor":12,"key":"blueLaboratory:ForbiddenFruitJuice"},{"floor":16,"key":"blueLaboratory:FruitPunch"}],"is_trial":true,"path_per_floor":["M","M","M","?","M","E","M","R","T","$","?","E","$","M","R","B",null],"character_chosen":"DEFECT","items_purchased":["hubris:BallOfYels"],"campfire_rested":1,"item_purchase_floors":[10],"current_hp_per_floor":[75,64,58,58,41,6,6,28,28,28,28,39,39,21,21,35,65,65],"gold":147,"neow_bonus":"","is_daily":false,"chose_seed":false,"campfire_upgraded":1,"win_rate":0.0,"timestamp":1612298883,"path_taken":["M","M","M","?","M","E","M","R","T","$","?","E","?","M","R","BOSS"],"items_purchased_type":["Relic"],"build_version":"2020-12-22","purchased_purges":0,"victory":false,"max_hp_per_floor":[75,75,75,75,75,75,75,75,75,75,75,75,75,75,75,65,65,65],"card_choices":[{"not_picked":["Compile Driver","Glacier"],"picked":"Gash","floor":1},{"not_picked":["Compile Driver","hubris:Ukulele","Turbo"],"picked":"SKIP","floor":2},{"not_picked":["Undo","Compile Driver"],"picked":"Redo","floor":3},{"not_picked":["Storm","Ball Lightning"],"picked":"Redo","floor":5},{"not_picked":["FTL","Coolheaded"],"picked":"Conserve Battery","floor":6},{"not_picked":["Steam","Conserve Battery"],"picked":"conspire:SharedLibrary","floor":7},{"not_picked":["Reinforced Body","Conserve Battery"],"picked":"Hello World","floor":12},{"not_picked":["Melter","Hologram"],"picked":"Gash","floor":14},{"not_picked":["Meteor Strike","Fission"],"picked":"Reboot","floor":16}],"player_experience":220004,"relics_obtained":[{"floor":6,"key":"hexamod:BolsterEngine"},{"floor":9,"key":"hexamod:CandleOfCauterizing"},{"floor":12,"key":"halation:BlackBeret"}],"event_choices":[],"is_beta":false,"boss_relics":[{"not_picked":["aspiration:Stellarator","Runic Dome"],"picked":"Nuclear Battery"}],"items_purged_floors":[],"is_endless":false,"potions_floor_spawned":[5,6,7,12,16],"ascension_level":0}}