{"host":"gf8hyl7jhl0is674","time":1612227490,"event":{"mods":["2.2 Compatiblity","Act Like it!","Aspiration","BaseMod","CapriCore","Chen","Colored Map","Gensokyo","Hallownest","Jorbs\u0027s Wanderer Trilogy","Koishi","Marisa????????","Minty Spire (QoL Compilation)","Onozuka Komachi Mod","Permanent Neow","Reimu??????","StSLib","The Administrix","The Blue Laboratory","The Immortal","The Jungle","The Servant 0.9.4","Waifu the Spire","Yakumo Yukari mod"],"gold_per_floor":[361,361,380,380,394,424,424,436,436,211,211,230,245,265,265,367,367,378,36,49,49,49,49,49,49,49],"floor_reached":24,"language":"ENG","playtime":2045,"items_purged":["Hallownest:curseDreamersLament","MokouMod:Strike"],"score":198,"play_id":"0480d1f2-aefc-4582-9769-32d42b4da5a6","local_time":"20210201175810","is_ascension_mode":false,"campfire_choices":[{"data":"MokouMod:Sear","floor":7,"key":"SMITH"},{"floor":11,"key":"REST"},{"data":"MokouMod:PhoenixForm","floor":15,"key":"SMITH"},{"floor":23,"key":"REST"}],"circlet_count":0,"master_deck":["MokouMod:Strike","MokouMod:Defend","MokouMod:Defend","MokouMod:Defend","MokouMod:Defend","MokouMod:HeatSpark","MokouMod:Sear+1","MokouMod:BlazingComet","MokouMod:ScorchedEarth","MokouMod:BurningDraft","MokouMod:FlamingFireTalons","MokouMod:RetainTemperature","MokouMod:PhoenixForm+1","MokouMod:Geothermal","MokouMod:HeatCyclone+1","Shame"],"relics":["MokouMod:PhoenixFeather","Hallownest:TeacherSealRelic","Bottled Tornado","CrazyTorch:ReiMu","Sling","SacredBark","Kunai","theJungle:SpiritDisease","theJungle:PaperFaux"],"acts_visited":["Hallownest:Greenpath","Hallownest:Greenpath"],"potions_floor_usage":[13,16,16,16],"damage_taken":[{"damage":2,"enemies":"Hallownest:2_Baldur","floor":1,"turns":4},{"damage":7,"enemies":"Hallownest:monsterHuskGuard","floor":3,"turns":3},{"damage":7,"enemies":"Hallownest:2_Tiktiks_and_1_Crawlid","floor":5,"turns":4},{"damage":23,"enemies":"Hallownest:eliteMossKnight","floor":6,"turns":11},{"damage":11,"enemies":"Hallownest:Wandering_and_Horned","floor":8,"turns":4},{"damage":14,"enemies":"Hallownest:2_Tiktiks_1_Baldur_1_Crawlid","floor":12,"turns":4},{"damage":0,"enemies":"Hallownest:monsterMossCharger","floor":13,"turns":2},{"damage":1,"enemies":"Hallownest:MossCreep_and_Mosskin","floor":14,"turns":4},{"damage":73,"enemies":"Hallownest:BossHornet","floor":16,"turns":9},{"damage":29,"enemies":"theJungle:5_Spyders","floor":18,"turns":9},{"damage":25,"enemies":"theJungle:MUSHROOMGANG","floor":20,"turns":5},{"damage":37,"enemies":"theJungle:JungleHuntersEncounter","floor":24,"turns":4}],"seed_played":"2775685638834978169","potions_obtained":[{"floor":5,"key":"blueLaboratory:FrostheartPotion"},{"floor":12,"key":"LiquidBronze"},{"floor":13,"key":"Block Potion"},{"floor":20,"key":"GamblersBrew"}],"is_trial":false,"path_per_floor":["M","?","M","?","M","E","R","M","T","$","R","M","M","M","R","B",null,"M","$","M","?","?","R","M"],"character_chosen":"MKU","items_purchased":["Sling","Kunai"],"campfire_rested":2,"item_purchase_floors":[10,19],"current_hp_per_floor":[66,66,59,59,52,29,29,18,18,18,38,24,29,28,28,9,68,39,39,14,14,14,34,17,17,17],"gold":49,"neow_bonus":"TWO_FIFTY_GOLD","is_daily":false,"chose_seed":false,"campfire_upgraded":2,"win_rate":0.0,"timestamp":1612227490,"path_taken":["M","?","M","?","M","E","R","M","T","$","R","M","M","?","R","BOSS","M","$","M","?","?","R","M"],"items_purchased_type":["Relic","Relic"],"build_version":"2020-12-22","purchased_purges":2,"victory":false,"max_hp_per_floor":[68,68,68,68,68,68,68,68,68,68,68,68,68,68,68,68,68,68,68,68,68,68,68,68,68,68],"card_choices":[{"not_picked":["MokouMod:HeatTransfer","MokouMod:EternalBurstReactor"],"picked":"MokouMod:Sear","floor":1},{"not_picked":["MokouMod:Sear","MokouMod:ScorchingColumn"],"picked":"MokouMod:BlazingComet","floor":3},{"not_picked":["MokouMod:Cataclysm","MokouMod:SearingShot"],"picked":"MokouMod:ScorchedEarth","floor":5},{"not_picked":["MokouMod:PhoenixFeathers","MokouMod:IllusoryBattlefield"],"picked":"MokouMod:BurningDraft","floor":6},{"not_picked":["MokouMod:IgnitionBarrier","MokouMod:CrimsonArmoury"],"picked":"MokouMod:FlamingFireTalons","floor":8},{"not_picked":["MokouMod:Firecracker","MokouMod:BlazingComet","MokouMod:IgneousBlow"],"picked":"SKIP","floor":12},{"not_picked":["MokouMod:FlickeringFlame","MokouMod:IgneousBlow"],"picked":"MokouMod:RetainTemperature","floor":13},{"not_picked":["MokouMod:RetainTemperature","MokouMod:Overheat"],"picked":"MokouMod:PhoenixForm","floor":14},{"not_picked":["MokouMod:PhoenixForm","MokouMod:Rekindle"],"picked":"MokouMod:Geothermal","floor":16},{"not_picked":["MokouMod:UncontrollableSolarReaction","MokouMod:InfernalWave"],"picked":"MokouMod:HeatCyclone+1","floor":18},{"not_picked":["MokouMod:UncontrollableSolarReaction+1","MokouMod:FusionFlare","MokouMod:IcarusDive+1"],"picked":"SKIP","floor":20}],"player_experience":395335,"relics_obtained":[{"floor":6,"key":"Bottled Tornado"},{"floor":9,"key":"CrazyTorch:ReiMu"}],"event_choices":[],"is_beta":false,"boss_relics":[{"not_picked":["Velvet Choker","Cursed Key"],"picked":"SacredBark"}],"items_purged_floors":[10,19],"is_endless":false,"potions_floor_spawned":[5,12,13,14,20],"killed_by":"theJungle:JungleHuntersEncounter","ascension_level":0}}