{"host":"kmq7aw60w430zvtx","time":1612279805,"event":{"mods":["BaseMod","Downfall","GifTheSpireLib","Hermit","Hubris","Minty Spire (QoL Compilation)","Reliquary","Replay The Spire","StSLib","The Construct","The Cursed","The Hierophant","The Jungle","The Necromancer","The Runesmith"],"gold_per_floor":[110,110,121,136,148,148,180,180,180,55,83,138,138,8,8,103,103,120,130,130,229,229,229,229],"floor_reached":23,"language":"ENG","playtime":993,"items_purged":["Strike_G"],"score":279,"play_id":"db8577f2-84ff-4c95-9a59-6298125a7ebf","local_time":"20210202163005","is_ascension_mode":true,"campfire_choices":[{"floor":6,"key":"RECALL"},{"floor":8,"key":"REST"}],"circlet_count":0,"master_deck":["Strike_G","Strike_G","Strike_G","Strike_G","Defend_G","Defend_G","Defend_G","Defend_G","Defend_G","Survivor","Neutralize","Madness","ReplayTheSpireMod:Scrap Shanks","Slice","ReplayTheSpireMod:Speed Training","Slice","Phantasmal Killer+1","Hidden Blade","Cloak And Dagger","Blade Dance","Slice","PiercingWail","ReplayTheSpireMod:Scrap Shanks","Glass Knife","Underhanded Strike+1"],"relics":["Ring of the Snake","Replay:Bottled Flurry","ReplayTheSpireMod:Ninjato","Blue Doll","Toy Ornithopter","reliquary:RedCape"],"acts_visited":["Exordium","TheCity"],"potions_floor_usage":[3,7,11,22],"damage_taken":[{"damage":0,"enemies":"2 Louse","floor":1,"turns":6},{"damage":2,"enemies":"Jaw Worm","floor":3,"turns":6},{"damage":6,"enemies":"Small Slimes","floor":4,"turns":4},{"damage":0,"enemies":"Looter","floor":5,"turns":4},{"damage":25,"enemies":"3 Sentries","floor":7,"turns":9},{"damage":15,"enemies":"Lagavulin","floor":11,"turns":3},{"damage":18,"enemies":"3 Sentries","floor":12,"turns":10},{"damage":45,"enemies":"Fading Forest","floor":16,"turns":11},{"damage":1,"enemies":"3 Byrds","floor":18,"turns":4},{"damage":5,"enemies":"Spheric Guardian","floor":19,"turns":3},{"damage":0,"enemies":"Centurion and Healer","floor":22,"turns":1},{"damage":53,"enemies":"Slavers","floor":23,"turns":4}],"seed_played":"4626721593877758275","potions_obtained":[{"floor":1,"key":"Energy Potion"},{"floor":4,"key":"Strength Potion"},{"floor":5,"key":"hexamod:SoulburnPotion"},{"floor":19,"key":"SmokeBomb"}],"is_trial":false,"path_per_floor":["M","?","M","M","M","R","E","R","T","$","E","?","?","$","R","B",null,"M","M","?","?","M","E"],"character_chosen":"THE_SILENT","items_purchased":["Hidden Blade","Slice","PiercingWail","ReplayTheSpireMod:Scrap Shanks"],"campfire_rested":1,"item_purchase_floors":[10,14,14,14],"current_hp_per_floor":[63,63,61,55,55,55,30,51,51,51,36,18,18,18,39,2,53,52,47,47,47,52,0,0],"gold":229,"neow_bonus":"RANDOM_COLORLESS","is_daily":false,"chose_seed":false,"campfire_upgraded":0,"win_rate":0.0,"timestamp":1612279805,"path_taken":["M","?","M","M","M","R","E","R","T","$","E","?","?","?","R","BOSS","M","M","?","?","M","E"],"items_purchased_type":["Card","Card","Card","Card"],"build_version":"2020-12-22","purchased_purges":1,"victory":false,"max_hp_per_floor":[70,70,70,70,70,70,70,70,70,70,70,70,70,70,70,70,70,70,70,70,70,70,70,70],"card_choices":[{"not_picked":["Replay:BasicMightCard","Forethought"],"picked":"Madness","floor":0},{"not_picked":["Poisoned Stab","Slice"],"picked":"ReplayTheSpireMod:Scrap Shanks","floor":1},{"not_picked":["Outmaneuver","Underhanded Strike"],"picked":"Slice","floor":3},{"not_picked":["Deadly Poison","Flying Knee"],"picked":"ReplayTheSpireMod:Speed Training","floor":4},{"not_picked":["Escape Plan","Hidden Blade"],"picked":"Slice","floor":5},{"not_picked":["ReplayTheSpireMod:Exploit Weakness","Sucker Punch"],"picked":"Phantasmal Killer","floor":7},{"not_picked":["Underhanded Strike","Bane"],"picked":"Cloak And Dagger","floor":11},{"not_picked":["Blur","Dodge and Roll"],"picked":"Blade Dance","floor":12},{"not_picked":["Phantasmal Killer","Doppelganger"],"picked":"Glass Knife","floor":16},{"not_picked":["Calculated Gamble","Concentrate","PiercingWail"],"picked":"SKIP","floor":18},{"not_picked":["Dodge and Roll","Bane"],"picked":"Underhanded Strike+1","floor":19}],"player_experience":328133,"relics_obtained":[{"floor":7,"key":"Replay:Bottled Flurry"},{"floor":9,"key":"ReplayTheSpireMod:Ninjato"},{"floor":11,"key":"Blue Doll"},{"floor":12,"key":"Toy Ornithopter"}],"event_choices":[{"damage_healed":0,"gold_gain":0,"player_choice":"Searched \u00271\u0027 times","damage_taken":0,"max_hp_gain":0,"max_hp_loss":0,"event_name":"Dead Adventurer","floor":12,"gold_loss":0},{"damage_healed":0,"gold_gain":0,"player_choice":"Ignored","damage_taken":0,"max_hp_gain":0,"max_hp_loss":0,"event_name":"Shining Light","floor":13,"gold_loss":0},{"damage_healed":0,"gold_gain":99,"player_choice":"Stole From Cult","damage_taken":0,"max_hp_gain":0,"max_hp_loss":0,"event_name":"Nest","floor":21,"gold_loss":0}],"is_beta":false,"boss_relics":[{"not_picked":["hubris:ScarierMask","Replay:Wanted Poster"],"picked":"reliquary:RedCape"}],"items_purged_floors":[10],"is_endless":false,"potions_floor_spawned":[1,4,5,19,22],"killed_by":"Slavers","ascension_level":8}}