{"host":"by8i6f8xc0ywpsd5","time":1612247064,"event":{"mods":["BaseMod","Colored Map","Minty Spire (QoL Compilation)","Relic Stats"],"gold_per_floor":[369,383,0,13,23,56,56,86,86,86,86,102,120,131,131,131,131],"floor_reached":16,"language":"ENG","playtime":677,"items_purged":["Strike_R"],"score":228,"play_id":"faae1374-8607-4834-8682-f76264fee553","local_time":"20210202082424","is_ascension_mode":true,"campfire_choices":[{"data":"Combust","floor":7,"key":"SMITH"},{"data":"Perfected Strike","floor":10,"key":"SMITH"},{"data":"Blood for Blood","floor":15,"key":"SMITH"}],"circlet_count":0,"master_deck":["AscendersBane","Strike_R","Strike_R","Strike_R","Strike_R","Defend_R","Defend_R","Defend_R","Bash","Seeing Red","Perfected Strike+1","Corruption","Shockwave","Headbutt","Havoc","Combust+1","Flame Barrier","Burning Pact","Rupture","Iron Wave","Blood for Blood+1"],"relics":["Burning Blood","Bag of Marbles","Ornamental Fan"],"acts_visited":["Exordium"],"potions_floor_usage":[4,6,8],"damage_taken":[{"damage":10,"enemies":"2 Louse","floor":1,"turns":2},{"damage":1,"enemies":"Cultist","floor":2,"turns":3},{"damage":0,"enemies":"Jaw Worm","floor":4,"turns":2},{"damage":9,"enemies":"Blue Slaver","floor":5,"turns":4},{"damage":11,"enemies":"Lagavulin","floor":6,"turns":5},{"damage":8,"enemies":"3 Sentries","floor":8,"turns":4},{"damage":25,"enemies":"Lots of Slimes","floor":12,"turns":3},{"damage":26,"enemies":"Large Slime","floor":13,"turns":5},{"damage":21,"enemies":"Exordium Wildlife","floor":14,"turns":6},{"damage":15,"enemies":"Hexaghost","floor":16,"turns":7}],"seed_played":"4645457679171600295","potions_obtained":[{"floor":1,"key":"Block Potion"},{"floor":2,"key":"Regen Potion"},{"floor":5,"key":"SneckoOil"},{"floor":8,"key":"SmokeBomb"},{"floor":14,"key":"Explosive Potion"}],"is_trial":false,"path_per_floor":["M","M","$","M","M","E","R","E","T","R","?","M","M","M","R","B"],"character_chosen":"IRONCLAD","items_purchased":["Corruption","Shockwave","Headbutt","Havoc"],"campfire_rested":0,"item_purchase_floors":[3,3,3,3],"current_hp_per_floor":[46,51,51,57,54,63,63,61,61,61,61,42,22,7,7,0,0],"gold":131,"neow_bonus":"TWO_FIFTY_GOLD","is_daily":false,"chose_seed":false,"campfire_upgraded":3,"win_rate":0.0,"timestamp":1612247064,"path_taken":["M","M","$","M","M","E","R","E","T","R","?","M","M","M","R","BOSS"],"items_purchased_type":["Card","Card","Card","Card"],"build_version":"2020-12-22","purchased_purges":1,"victory":false,"max_hp_per_floor":[75,75,75,75,75,75,75,75,75,75,75,75,75,75,75,75,75],"relic_stats":{"counters":[10,41],"Ornamental Fan":[4],"obtain_stats":[{"Ornamental Fan":9,"Bag of Marbles":6,"Burning Blood":0},{"Ornamental Fan":6,"Bag of Marbles":5,"Burning Blood":0},{"Ornamental Fan":20,"Bag of Marbles":16,"Burning Blood":0}],"Burning Blood":54},"card_choices":[{"not_picked":["Dual Wield","Body Slam"],"picked":"Seeing Red","floor":1},{"not_picked":["Armaments","Warcry"],"picked":"Perfected Strike","floor":2},{"not_picked":["Burning Pact","Flex"],"picked":"Combust","floor":4},{"not_picked":["Clothesline","Heavy Blade"],"picked":"Flame Barrier","floor":5},{"not_picked":["Wild Strike","Sever Soul","Combust"],"picked":"SKIP","floor":6},{"not_picked":["Uppercut","Clash"],"picked":"Burning Pact","floor":8},{"not_picked":["Spot Weakness","Iron Wave"],"picked":"Rupture","floor":12},{"not_picked":["Flex","Body Slam"],"picked":"Iron Wave","floor":13},{"not_picked":["True Grit","Dropkick"],"picked":"Blood for Blood","floor":14}],"player_experience":1714964,"relics_obtained":[{"floor":6,"key":"Bag of Marbles"},{"floor":9,"key":"Ornamental Fan"}],"event_choices":[{"cards_removed":["Defend_R"],"damage_healed":0,"gold_gain":0,"player_choice":"Purged","damage_taken":0,"max_hp_gain":0,"max_hp_loss":0,"event_name":"Purifier","floor":11,"gold_loss":0}],"is_beta":false,"boss_relics":[],"items_purged_floors":[3],"is_endless":false,"potions_floor_spawned":[1,2,5,8,14],"killed_by":"Hexaghost","ascension_level":20}}