{"host":"ekyl8r8j8fco3zlk","time":1612280906,"event":{"mods":["Act Like it!","Arknights","BaseMod","CapriCore","Decade(王小明)","Dota2Spire","Friendly Minions","Gensokyo","Marisa（F雨　魔理沙）","Minty Spire (QoL Compilation)","READ ME - Guardian Mod","Rare Cards Sparkle","Reimu（博丽灵梦）","StSLib","The Alterego","The Immortal","The Jungle","The Senshi","TheWitcher","Waifu the Spire","WarShipGirlsR/战舰少女R mod","Yakumo Yukari mod","【遗物卡牌】REMEMod"],"gold_per_floor":[117,117,192,217,231,266,266,266,266],"floor_reached":8,"language":"ZHS","playtime":304,"items_purged":[],"score":56,"play_id":"4d9d1a58-a537-47bf-89a4-c193072d00c9","local_time":"20210202234826","is_ascension_mode":false,"campfire_choices":[{"floor":7,"key":"REST"}],"circlet_count":0,"master_deck":["ats:Strike C","ats:Strike G","ats:Strike S","ats:Strike V","ats:Armor Crushing Shot","ats:Defend","ats:Defend","ats:Defend","ats:Emotion Absorption","alterego_mod:Valentines","ats:Sunburst","ats:Guardian Obelisk","ats:Powerful Strike","ats:Guard Mode"],"relics":["ats:Sanity","REME_ComplimentaryCards","Golden Idol","ats:Originium","ats:Industrial Water Cannon"],"acts_visited":["Exordium"],"potions_floor_usage":[6],"damage_taken":[{"damage":1,"enemies":"2 Louse","floor":1,"turns":5},{"damage":7,"enemies":"Small Slimes","floor":4,"turns":3},{"damage":20,"enemies":"Jaw Worm","floor":5,"turns":5},{"damage":31,"enemies":"3 Sentries","floor":6,"turns":7},{"damage":52,"enemies":"Gremlin Nob","floor":8,"turns":5}],"seed_played":"1024301682294595453","potions_obtained":[{"floor":4,"key":"AttackPotion"}],"is_trial":false,"path_per_floor":["M","?","?","M","M","E","R","E"],"character_chosen":"DOCTOR_CLASS","items_purchased":[],"campfire_rested":1,"item_purchase_floors":[],"current_hp_per_floor":[72,54,43,50,37,13,34,0,0],"gold":266,"neow_bonus":"REMOVE_CARD","is_daily":false,"chose_seed":false,"campfire_upgraded":0,"win_rate":0.0,"timestamp":1612280906,"path_taken":["M","?","?","M","M","E","R","E"],"items_purchased_type":[],"build_version":"2020-12-22","purchased_purges":0,"victory":false,"max_hp_per_floor":[72,72,72,72,72,72,72,72,72],"card_choices":[{"not_picked":["ats:Counter Healing Mode","ats:Ignite"],"picked":"ats:Sunburst","floor":1},{"not_picked":["ats:Hammer On","ats:Counter Healing Mode"],"picked":"ats:Guardian Obelisk","floor":4},{"not_picked":["ats:Curse Doll","ats:Absolute Focus"],"picked":"ats:Powerful Strike","floor":5},{"not_picked":["ats:Flame Of Heaven","ats:Collapsing Strike"],"picked":"ats:Guard Mode","floor":6}],"player_experience":590215,"relics_obtained":[{"floor":6,"key":"ats:Originium"},{"floor":6,"key":"ats:Industrial Water Cannon"}],"event_choices":[{"damage_healed":0,"gold_gain":0,"player_choice":"Take Damage","damage_taken":18,"relics_obtained":["Golden Idol"],"max_hp_gain":0,"max_hp_loss":0,"event_name":"Golden Idol","floor":2,"gold_loss":0},{"damage_healed":0,"gold_gain":75,"player_choice":"Gather Gold","damage_taken":11,"max_hp_gain":0,"max_hp_loss":0,"event_name":"World of Goop","floor":3,"gold_loss":0}],"is_beta":false,"boss_relics":[],"items_purged_floors":[],"is_endless":false,"potions_floor_spawned":[4],"killed_by":"Gremlin Nob","ascension_level":0}}