{"host":"y0avvqzsetgmdwfn","time":1612259175,"event":{"mods":["AchievementEnabler","BaseMod","Better Third Choice","Downfall","Minty Spire (QoL Compilation)","Red Circlet Mod","Reliquary","Replay The Spire","Spicy Shops","StSLib"],"gold_per_floor":[99,119,131,131,146,146,146,159,187,1,1,36,36,62,81,184,184,84,100,110,122,222,257,257,268,268,268,268,302,302,336,346,447,447,447,447,459,459,475,508,533,548,582,382,414,490,490,509,526,526,526,526],"floor_reached":50,"language":"ENG","playtime":3811,"items_purged":["Shame"],"score":768,"play_id":"c313e102-fec7-4c55-8dee-8496923fc354","local_time":"20210202174615","is_ascension_mode":true,"campfire_choices":[{"floor":1.0,"key":"DIG"},{"floor":13.0,"key":"REST"},{"data":"1","floor":18.0,"key":"LIFT"},{"floor":30.0,"key":"REST"},{"floor":35.0,"key":"RECALL"},{"floor":44,"key":"REST"},{"data":"2","floor":47,"key":"LIFT"}],"circlet_count":0,"master_deck":["bronze:Replicate","bronze:Goto+1","bronze:Separator","bronze:GetLatest+1","bronze:HardenedForm","bronze:Backtrace","bronze:FineTuning","bronze:Allocate","bronze:BitShift","bronze:TinkerersToolbox","bronze:Return","bronze:DecaBeam","bronze:FunctionCard","Pot Of Greed","Pot Of Greed","bronze:Frontload","bronze:Invalidate","RitualDagger+1","Bite","Bite","Bite","Bite","Bite","Pot Of Greed","bronze:Shell","bronze:BitShift+1","bronze:BitShift+1","bronze:Verify","bronze:ClassDefault+1","bronze:Refactor+1","bronze:Philosophize+1","bronze:Overheat","Pot Of Greed","expansioncontent:InvincibleStrength","expansioncontent:YouAreMine","expansioncontent:PrepareCrush","bronze:OilSpill+1","bronze:CloningBeam+1","bronze:BronzeArmor","bronze:Repair+1","bronze:InfiniteLoop+1","bronze:FollowUp+1","bronze:InfiniteBeams+1"],"relics":["reliquary:KinkedSpring","bronze:CableSpool","Quantum Egg","Counterbalance","White Beast Statue","ReplayTheSpireMod:Ring of Collecting","War Paint","Girya","reliquary:WritOfMandamus","downfall:HeartBlessingGreen","Grinning Jar","Ring of Hypnosis","Garlic","Juzu Bracelet","reliquary:Knoch","Astrolabe","Ring of Misfortune","The Courier","reliquary:FerryPass","Calipers","downfall:HeartBlessingBlue","downfall:HeartBlessingRed","Golden Egg","Bottled Flame"],"acts_visited":["Exordium","TheCity","TheBeyond"],"potions_floor_usage":[40,42,45,45,45,45,48,48,50],"damage_taken":[{"damage":8.0,"enemies":"Jaw Worm","floor":2.0,"turns":4.0},{"damage":1.0,"enemies":"Cultist","floor":3.0,"turns":4.0},{"damage":2.0,"enemies":"Small Slimes","floor":5.0,"turns":2.0},{"damage":0.0,"enemies":"3 Louse","floor":8.0,"turns":2.0},{"damage":34.0,"enemies":"Gremlin Nob","floor":9.0,"turns":4.0},{"damage":10.0,"enemies":"downfall:FleeingMerchant","floor":10.0,"turns":4.0},{"damage":14.0,"enemies":"Lagavulin","floor":12.0,"turns":3.0},{"damage":5.0,"enemies":"3 Sentries","floor":14.0,"turns":4.0},{"damage":4.0,"enemies":"2 Fungi Beasts","floor":15.0,"turns":2.0},{"damage":9.0,"enemies":"WA_ARCHETYPE_RETAIN","floor":16.0,"turns":5.0},{"damage":0.0,"enemies":"3 Byrds","floor":19.0,"turns":2.0},{"damage":0.0,"enemies":"Spheric Guardian","floor":20.0,"turns":1.0},{"damage":17.0,"enemies":"Centurion and Healer","floor":21.0,"turns":3.0},{"damage":55.0,"enemies":"Centurion and Healer","floor":22.0,"turns":8.0},{"damage":1.0,"enemies":"Gremlin Leader","floor":23.0,"turns":7.0},{"damage":2.0,"enemies":"3 Cultists","floor":25.0,"turns":4.0},{"damage":0.0,"enemies":"Book of Stabbing","floor":29.0,"turns":3.0},{"damage":0.0,"enemies":"Gremlin Leader","floor":31.0,"turns":7.0},{"damage":0.0,"enemies":"Snecko","floor":32.0,"turns":2.0},{"damage":47.0,"enemies":"IC_MUSHROOM_ARCHETYPE","floor":33.0,"turns":5.0},{"damage":0.0,"enemies":"Orb Walker","floor":37.0,"turns":1.0},{"damage":10.0,"enemies":"3 Shapes","floor":39.0,"turns":6.0},{"damage":17,"enemies":"Nemesis","floor":40,"turns":9},{"damage":2,"enemies":"3 Darklings","floor":42,"turns":2},{"damage":27,"enemies":"R_Hoarder","floor":43,"turns":7},{"damage":3,"enemies":"Giant Head","floor":45,"turns":5},{"damage":24,"enemies":"Transient","floor":48,"turns":5},{"damage":15,"enemies":"Spire Growth","floor":49,"turns":3},{"damage":47,"enemies":"SI_POISON_ARCHETYPE","floor":50,"turns":7}],"seed_played":"2800095366472708157","potions_obtained":[{"floor":3.0,"key":"SkillPotion"},{"floor":12.0,"key":"Swift Potion"},{"floor":14.0,"key":"Cursed Concoction"},{"floor":15.0,"key":"PowerPotion"},{"floor":16.0,"key":"Regen Potion"},{"floor":19.0,"key":"champ:CounterPotion"},{"floor":20.0,"key":"SteroidPotion"},{"floor":21.0,"key":"Weak Potion"},{"floor":22.0,"key":"Swift Potion"},{"floor":23.0,"key":"EntropicBrew"},{"floor":26.0,"key":"CultistPotion"},{"floor":29.0,"key":"ColorlessPotion"},{"floor":31.0,"key":"champ:CounterPotion"},{"floor":32.0,"key":"BlessingOfTheForge"},{"floor":33.0,"key":"Swift Potion"},{"floor":37.0,"key":"sneckomod:MuddlingPotion"},{"floor":39.0,"key":"EntropicBrew"},{"floor":40,"key":"Adrenaline Potion"},{"floor":42,"key":"FearPotion"},{"floor":43,"key":"EssenceOfSteel"},{"floor":45,"key":"SpeedPotion"},{"floor":48,"key":"bronze:FreeFunctionsPotion"},{"floor":49,"key":"Milkshake"}],"is_trial":false,"path_per_floor":["R","M","M","?","M","?","T","M","E","$","?","E","R","E","M","B",null,"R","M","M","M","?","E","T","M","?","?","?","E","R","E","M","B",null,"R","?","M","?","M","E","T","M","E","R","E","T","R","M","M","B"],"character_chosen":"THE_AUTOMATON","items_purchased":["White Beast Statue"],"campfire_rested":3,"item_purchase_floors":[10],"current_hp_per_floor":[70,62,61,61,59,59,59,59,25,15,15,1,22,17,13,4,70,70,70,70,53,13,12,12,10,10,10,10,14,28,40,44,10,49,49,49,49,39,35,32,32,32,15,42,55,55,55,35,26,0,0,0],"gold":526,"neow_bonus":"BOSS_RELIC","is_daily":false,"chose_seed":false,"campfire_upgraded":0,"win_rate":0.0,"timestamp":1612259175,"path_taken":["R","M","M","?","M","?","T","?","E","?","?","E","R","E","M","BOSS","R","M","M","M","?","E","T","M","?","?","?","E","R","E","M","BOSS","R","?","M","?","M","E","T","M","E","R","E","?","R","M","M","BOSS"],"items_purchased_type":["Relic"],"build_version":"2020-12-22","purchased_purges":1,"victory":false,"max_hp_per_floor":[70,70,70,70,70,70,70,70,70,70,70,70,70,70,70,70,70,70,70,70,70,70,70,70,70,70,49,49,49,49,49,49,49,49,49,49,49,49,49,49,49,49,49,59,59,59,59,59,59,59,59,59],"card_choices":[{"not_picked":["bronze:DelayedGuard","bronze:Shield"],"picked":"bronze:Separator","floor":2.0},{"not_picked":["bronze:DelayedGuard","bronze:Turbo"],"picked":"bronze:ChosenStrike","floor":3.0},{"not_picked":["bronze:Iterate","bronze:Invalidate"],"picked":"bronze:Flail","floor":5.0},{"not_picked":["bronze:Constructor","bronze:FineTuning"],"picked":"bronze:GetLatest","floor":8.0},{"not_picked":["bronze:Branch","bronze:Shell"],"picked":"bronze:HardenedForm","floor":9.0},{"not_picked":["bronze:Return","bronze:Flail"],"picked":"bronze:Backtrace","floor":10.0},{"not_picked":["bronze:ForLoop","bronze:Allocate","bronze:Invalidate"],"picked":"SKIP","floor":12.0},{"not_picked":["bronze:Philosophize","bronze:ChosenStrike"],"picked":"bronze:FineTuning","floor":14.0},{"not_picked":["bronze:WildBeam","bronze:Invalidate"],"picked":"bronze:Allocate","floor":15.0},{"not_picked":["bronze:Format","bronze:ShipIt"],"picked":"bronze:Hardcode","floor":16.0},{"not_picked":["bronze:WildBeam+1","bronze:CutThrough","bronze:Shield"],"picked":"SKIP","floor":19.0},{"not_picked":["bronze:FineTuning","bronze:Iterate"],"picked":"bronze:BitShift","floor":20.0},{"not_picked":["bronze:OilSpill","bronze:Shield"],"picked":"bronze:TinkerersToolbox","floor":21.0},{"not_picked":["bronze:Repulsor+1","bronze:WildBeam"],"picked":"bronze:Return","floor":22.0},{"not_picked":[],"picked":"bronze:DecaBeam","floor":22.0},{"not_picked":[],"picked":"bronze:DonuBeam","floor":22.0},{"not_picked":["bronze:Separator","bronze:Iterate+1"],"picked":"bronze:Frontload","floor":23.0},{"not_picked":["bronze:WildBeam","bronze:CutThrough"],"picked":"bronze:Invalidate","floor":25.0},{"not_picked":["bronze:Philosophize","bronze:DigitalCarnage"],"picked":"bronze:Shell","floor":29.0},{"not_picked":["bronze:WildBeam+1","bronze:Optimize"],"picked":"bronze:BitShift+1","floor":31.0},{"not_picked":["bronze:DelayedSlice+1","bronze:OilSpill"],"picked":"bronze:BitShift+1","floor":32.0},{"not_picked":["bronze:AlphaBuild","bronze:FindAndReplace"],"picked":"bronze:Verify","floor":33.0},{"not_picked":["bronze:ChildClass+1","bronze:InfiniteBeams+1"],"picked":"bronze:Overheat","floor":37.0},{"not_picked":["expansioncontent:Hexaburn","expansioncontent:PolyBeam"],"picked":"expansioncontent:InvincibleStrength","floor":38.0},{"not_picked":["expansioncontent:PolyBeam","expansioncontent:GuardianWhirl"],"picked":"expansioncontent:YouAreMine","floor":38.0},{"not_picked":["expansioncontent:YouAreMine","expansioncontent:GuardianWhirl"],"picked":"expansioncontent:PrepareCrush","floor":38.0},{"not_picked":["bronze:ChildClass+1","bronze:Invalidate+1"],"picked":"bronze:OilSpill+1","floor":39.0},{"not_picked":["bronze:DigitalCarnage+1","bronze:BitShift"],"picked":"bronze:CloningBeam+1","floor":40},{"not_picked":["bronze:WhirlingStrike+1","bronze:DelayedSlice"],"picked":"bronze:BronzeArmor","floor":42},{"not_picked":["bronze:FineTuning","bronze:Shield+1"],"picked":"bronze:Repair+1","floor":43},{"not_picked":["bronze:Frontload","bronze:Invalidate+1"],"picked":"bronze:InfiniteLoop","floor":45},{"not_picked":["bronze:DelayedGuard","bronze:CutThrough"],"picked":"bronze:FollowUp+1","floor":48},{"not_picked":["bronze:Backtrace","bronze:Shield+1"],"picked":"bronze:InfiniteBeams+1","floor":49}],"player_experience":2026406,"relics_obtained":[{"floor":1.0,"key":"bronze:CableSpool"},{"floor":7.0,"key":"Quantum Egg"},{"floor":9.0,"key":"Counterbalance"},{"floor":11.0,"key":"ReplayTheSpireMod:Ring of Collecting"},{"floor":12.0,"key":"War Paint"},{"floor":14.0,"key":"Girya"},{"floor":23.0,"key":"Grinning Jar"},{"floor":24.0,"key":"Ring of Hypnosis"},{"floor":24.0,"key":"Garlic"},{"floor":29.0,"key":"Juzu Bracelet"},{"floor":31.0,"key":"reliquary:Knoch"},{"floor":36.0,"key":"Ring of Misfortune"},{"floor":40,"key":"The Courier"},{"floor":41,"key":"reliquary:FerryPass"},{"floor":43,"key":"Calipers"},{"floor":45,"key":"Golden Egg"},{"floor":46,"key":"Bottled Flame"}],"event_choices":[{"damage_healed":0.0,"max_hp_gain":0.0,"max_hp_loss":21.0,"gold_gain":0.0,"event_name":"Vampires","player_choice":"Became a vampire","floor":27.0,"gold_loss":0.0,"damage_taken":0.0,"cards_obtained":["Bite","Bite","Bite","Bite","Bite"]}],"is_beta":false,"boss_relics":[{"not_picked":["Replay:Drink Me","Tiny House"],"picked":"reliquary:WritOfMandamus"},{"not_picked":["Empty Cage","Kintsugi"],"picked":"Astrolabe"}],"items_purged_floors":[10],"is_endless":false,"potions_floor_spawned":[3,12,14,15,16,19,20,21,22,23,25,29,31,32,33,37,39,40,42,43,45,48,49],"killed_by":"SI_POISON_ARCHETYPE","ascension_level":1}}