{"host":"erjc6dqs793djrmy","time":1612237803,"event":{"mods":["BaseMod","Minty Spire (QoL Compilation)","StSLib","The Animator"],"gold_per_floor":[112,112,144,158,172,172,172],"floor_reached":6,"language":"ENG","playtime":392,"items_purged":[],"score":59,"play_id":"0f7197a6-69d5-4c96-99c2-800c2a267890","local_time":"20210201225003","is_ascension_mode":true,"campfire_choices":[],"circlet_count":0,"master_deck":["AscendersBane","animator:Strike_GATE","animator:Defend_GATE","animator:Strike","animator:Strike","animator:Defend","animator:Defend","animator:Defend","animator:TukaLunaMarceau","animator:Kuribayashi","animator:YachiyoNanami","animator:Arpeggio","animator:Arpeggio","animator:Tyuule"],"relics":["animator:LivingPicture","animator:TheMissingPiece","animator:PurgingStone","NeowsBlessing"],"acts_visited":["Exordium"],"potions_floor_usage":[5,6],"damage_taken":[{"damage":0,"enemies":"Small Slimes","floor":1,"turns":1},{"damage":0,"enemies":"Jaw Worm","floor":3,"turns":1},{"damage":0,"enemies":"2 Louse","floor":4,"turns":1},{"damage":10,"enemies":"Red Slaver","floor":5,"turns":4},{"damage":77,"enemies":"Gremlin Nob","floor":6,"turns":4}],"seed_played":"-6703454268642279235","potions_obtained":[{"floor":4,"key":"ColorlessPotion"},{"floor":5,"key":"Swift Potion"}],"is_trial":false,"path_per_floor":["M","?","M","M","M","E"],"character_chosen":"THE_ANIMATOR","items_purchased":[],"campfire_rested":0,"item_purchase_floors":[],"current_hp_per_floor":[59,52,52,52,43,0,0],"gold":172,"neow_bonus":"THREE_ENEMY_KILL","is_daily":false,"chose_seed":false,"campfire_upgraded":0,"win_rate":0.0,"timestamp":1612237803,"path_taken":["M","?","M","M","M","E"],"items_purchased_type":[],"build_version":"2020-12-22","purchased_purges":0,"victory":false,"max_hp_per_floor":[66,66,66,66,67,67,67],"card_choices":[{"not_picked":["animator:DolaCouronne","animator:Layla"],"picked":"animator:YachiyoNanami","floor":1},{"not_picked":["animator:Cocytus","animator:PandorasActor"],"picked":"animator:Arpeggio","floor":3},{"not_picked":["animator:SuzuneAmano","animator:ChaikaBohdan"],"picked":"animator:Arpeggio","floor":4},{"not_picked":["animator:Kuribayashi","animator:TukaLunaMarceau"],"picked":"animator:Tyuule","floor":5}],"player_experience":368838,"relics_obtained":[],"event_choices":[{"cards_removed":["animator:Strike"],"damage_healed":0,"gold_gain":0,"player_choice":"Card Removal","damage_taken":7,"max_hp_gain":0,"max_hp_loss":0,"event_name":"Golden Wing","floor":2,"gold_loss":0}],"is_beta":false,"boss_relics":[],"items_purged_floors":[],"is_endless":false,"potions_floor_spawned":[4,5],"killed_by":"Gremlin Nob","ascension_level":11}}