{"host":"a00pwxwvvpsg0jw6","time":1612305267,"event":{"mods":["AchievementEnabler","BaseMod","Minty Spire (QoL Compilation)","Replay The Spire","StSLib"],"gold_per_floor":[2000,2000,2000,1180,1180,1210,1210,1238,1286,1303,1335,469,502,512,512,611,611,629,629,629,645,645,678,678,2132,2132,2132,2152,2152,2163,2214,2214,2314,2314,2334,2350,1902,1902,1902,1902,1935,1935,2003,1383,1431,1431,1431,1456,1456,1456],"floor_reached":51,"language":"ENG","playtime":2595,"items_purged":["Strike_R","Strike_R","Strike_R","CommonCold","Defend_R"],"score":1246,"play_id":"364dc246-5ff2-453d-93b5-5c374d5db612","local_time":"20210202163427","is_ascension_mode":true,"campfire_choices":[{"data":"Corruption","floor":15,"key":"SMITH"},{"data":"1","floor":24,"key":"LIFT"},{"data":"2","floor":27,"key":"LIFT"},{"data":"3","floor":32,"key":"LIFT"},{"data":"RitualDagger","floor":40,"key":"SMITH"},{"data":"Flex","floor":42,"key":"SMITH"},{"data":"Inflame","floor":47,"key":"SMITH"},{"data":"Pommel Strike","floor":49,"key":"SMITH"}],"circlet_count":0,"master_deck":["Defend_R+1","Defend_R+1","Defend_R","Clash","Survivor","Neutralize+1","Flex+1","ReplayTheSpireMod:Stacked+1","Inflame+1","Thunderclap","Pommel Strike+1","Twin Strike","Shrug It Off+1","Armaments+1","Metallicize","Armaments+1","Offering+1","Rampage+1","RitualDagger+1","Thunderclap+1","Shrug It Off+1","Demon Form+1","Enlightenment+1","Flex+1","Twin Strike","Twin Strike+1","Bloodletting+1","Madness+1","Madness+1","Flex+1","Demonic Infusion+1","Flex+1","Blind+1"],"relics":["Burning Blood","Replay:Kaleidoscope","Medical Kit","PreservedInsect","InkBottle","Pen Nib","Toxic Egg 2","Oddly Smooth Stone","Bottled Lightning","Blue Doll","StoneCalendar","Lee\u0027s Waffle","MealTicket","Empty Cage","Divine Protection","ReplayTheSpireMod:Ring of Exchange","ReplayTheSpireMod:Ring of Challenge","Girya","King of Hearts","Guide Book","Replay:Bottled Flurry","HornCleat","MutagenicStrength","ReplayTheSpireMod:Lightbulb","Ring of Chaos","Happy Flower","Replay:Baseball","ReplayTheSpireMod:Shallot","Paper Frog","Question Card","Another Sword","Calipers"],"acts_visited":["Exordium","TheCity","TheBeyond"],"potions_floor_usage":[11],"damage_taken":[{"damage":9,"enemies":"Jaw Worm","floor":1,"turns":4},{"damage":10,"enemies":"3 Sentries","floor":6,"turns":5},{"damage":23,"enemies":"Lagavulin","floor":8,"turns":7},{"damage":0,"enemies":"Small Slimes","floor":10,"turns":3},{"damage":9,"enemies":"3 Sentries","floor":11,"turns":4},{"damage":7,"enemies":"Lagavulin","floor":13,"turns":5},{"damage":0,"enemies":"Cultist","floor":14,"turns":3},{"damage":13,"enemies":"Fading Forest","floor":16,"turns":11},{"damage":14,"enemies":"Shell Parasite","floor":18,"turns":4},{"damage":0,"enemies":"Chosen","floor":21,"turns":5},{"damage":6,"enemies":"Slavers","floor":23,"turns":5},{"damage":19,"enemies":"Snake Plant","floor":28,"turns":3},{"damage":11,"enemies":"Centurion and Healer","floor":30,"turns":4},{"damage":4,"enemies":"Pondfish","floor":33,"turns":7},{"damage":3,"enemies":"3 Shapes","floor":35,"turns":3},{"damage":0,"enemies":"Orb Walker","floor":36,"turns":5},{"damage":1,"enemies":"Giant Head","floor":41,"turns":4},{"damage":23,"enemies":"2 Orb Walkers","floor":45,"turns":3},{"damage":0,"enemies":"R_Hoarder","floor":48,"turns":2},{"damage":33,"enemies":"Donu and Deca","floor":50,"turns":7}],"seed_played":"319246445399394617","potions_obtained":[{"floor":10,"key":"AttackPotion"},{"floor":13,"key":"Adrenaline Potion"},{"floor":18,"key":"Explosive Potion"}],"is_trial":false,"path_per_floor":["M","?","?","$","?","E","?","E","T","M","E","$","E","M","R","B",null,"M","?","T","M","?","E","R","$","T","R","M","?","M","T","R","B",null,"M","M","$","?","?","R","E","R","T","$","?","?","R","E","R","B",null],"character_chosen":"IRONCLAD","items_purchased":["Medical Kit","PreservedInsect","InkBottle","Flex","ReplayTheSpireMod:Stacked","Inflame","Shrug It Off+1","Armaments+1","Metallicize","Blue Doll","StoneCalendar","Lee\u0027s Waffle","Shrug It Off+1","Demon Form","King of Hearts","Guide Book","Enlightenment+1","Replay:Bottled Flurry","Adrenaline Potion","Adrenaline Potion","Happy Flower","Replay:Baseball","Question Card","Flex+1","Demonic Infusion+1"],"campfire_rested":0,"item_purchase_floors":[4,4,4,4,4,4,12,12,12,12,12,12,25,25,25,25,25,25,25,25,37,37,44,44,44],"current_hp_per_floor":[77,65,65,65,65,61,45,28,28,34,31,87,86,87,87,87,87,79,73,73,79,79,79,79,87,87,87,74,74,69,69,69,71,87,87,87,87,87,76,76,81,81,81,87,70,70,70,76,76,49],"gold":1456,"neow_bonus":"ONE_RANDOM_RARE_CARD","is_daily":false,"chose_seed":false,"campfire_upgraded":5,"win_rate":0.0,"timestamp":1612305267,"path_taken":["M","?","?","$","?","E","?","E","T","M","E","$","E","M","R","BOSS","M","?","?","?","?","E","R","$","T","R","M","?","M","?","R","BOSS","M","M","$","?","?","R","E","R","T","$","?","?","R","E","R","BOSS"],"items_purchased_type":["Relic","Relic","Relic","Card","Card","Card","Card","Card","Card","Relic","Relic","Relic","Card","Card","Relic","Relic","Card","Relic","Potion","Potion","Relic","Relic","Relic","Card","Card"],"build_version":"2020-12-22","purchased_purges":5,"victory":true,"max_hp_per_floor":[80,80,80,80,80,80,80,80,80,80,80,87,87,87,87,87,87,87,87,87,87,87,87,87,87,87,87,87,87,87,87,87,87,87,87,87,87,87,87,87,87,87,87,87,87,87,87,87,87,87],"card_choices":[{"not_picked":["Ghostly Armor","Searing Blow"],"picked":"Clash","floor":1},{"not_picked":["Dropkick","Perfected Strike"],"picked":"Thunderclap","floor":6},{"not_picked":["Clothesline","Uppercut"],"picked":"Pommel Strike","floor":8},{"not_picked":["ReplayTheSpireMod:Strike From Hell","Searing Blow"],"picked":"Twin Strike","floor":10},{"not_picked":["Juggernaut","Second Wind+1","Dropkick"],"picked":"SKIP","floor":11},{"not_picked":["Uppercut","Entrench+1"],"picked":"Armaments+1","floor":13},{"not_picked":["Body Slam","True Grit+1","Headbutt"],"picked":"SKIP","floor":14},{"not_picked":["Brutality","Eclipse+1"],"picked":"Offering+1","floor":16},{"not_picked":["Flex+1","Twin Strike"],"picked":"Rampage+1","floor":18},{"not_picked":["Headbutt","ReplayTheSpireMod:Stacked+1"],"picked":"Thunderclap+1","floor":21},{"not_picked":["Hemogenesis","Perfected Strike+1","Warcry+1"],"picked":"SKIP","floor":23},{"not_picked":["ReplayTheSpireMod:Strike From Hell","Shrug It Off+1"],"picked":"Flex+1","floor":28},{"not_picked":["Defy Death+1","Whirlwind"],"picked":"Twin Strike","floor":30},{"not_picked":["ReplayTheSpireMod:Muscle Training+1","Dual Wield+1"],"picked":"Twin Strike+1","floor":35},{"not_picked":["ReplayTheSpireMod:Limb From Limb+1","Inflame"],"picked":"Bloodletting+1","floor":36},{"not_picked":["Searing Blow","Seeing Red+1","Anger"],"picked":"SKIP","floor":41},{"not_picked":["Cleave+1","Armaments+1","Searing Blow+1"],"picked":"Flex+1","floor":45},{"not_picked":["Flash of Steel","Impatience+1","Mind Blast"],"picked":"Blind+1","floor":46},{"not_picked":["Seeing Red+1","Replay:Undeath\u0027s Touch+1","Iron Wave","Feel No Pain"],"picked":"SKIP","floor":48}],"player_experience":3907,"relics_obtained":[{"floor":6,"key":"Pen Nib"},{"floor":8,"key":"Toxic Egg 2"},{"floor":9,"key":"Oddly Smooth Stone"},{"floor":11,"key":"Bottled Lightning"},{"floor":13,"key":"MealTicket"},{"floor":20,"key":"Divine Protection"},{"floor":22,"key":"ReplayTheSpireMod:Ring of Exchange"},{"floor":22,"key":"ReplayTheSpireMod:Ring of Challenge"},{"floor":23,"key":"Girya"},{"floor":26,"key":"HornCleat"},{"floor":31,"key":"ReplayTheSpireMod:Lightbulb"},{"floor":41,"key":"ReplayTheSpireMod:Shallot"},{"floor":43,"key":"Paper Frog"},{"floor":45,"key":"Another Sword"},{"floor":48,"key":"Calipers"}],"event_choices":[{"damage_healed":0,"gold_gain":0,"player_choice":"Success","damage_taken":12,"relics_obtained":["Replay:Kaleidoscope"],"max_hp_gain":0,"max_hp_loss":0,"event_name":"Scrap Ooze","floor":2,"gold_loss":0},{"damage_healed":0,"gold_gain":0,"player_choice":"Entered Light","damage_taken":16,"max_hp_gain":0,"max_hp_loss":0,"event_name":"Shining Light","floor":7,"gold_loss":0,"cards_upgraded":["Neutralize","Defend_R"]},{"damage_healed":0,"gold_gain":0,"player_choice":"Joined the Cult","damage_taken":6,"max_hp_gain":0,"max_hp_loss":0,"event_name":"Nest","floor":19,"gold_loss":0,"cards_obtained":["RitualDagger"]},{"damage_healed":0,"gold_gain":0,"player_choice":"Inject Mutagens","damage_taken":0,"relics_obtained":["MutagenicStrength"],"max_hp_gain":0,"max_hp_loss":0,"event_name":"Drug Dealer","floor":29,"gold_loss":0},{"cards_removed":["Corruption"],"damage_healed":0,"gold_gain":0,"player_choice":"Removed Power","damage_taken":0,"max_hp_gain":0,"max_hp_loss":0,"event_name":"Falling","floor":38,"gold_loss":0},{"damage_healed":0,"gold_gain":0,"player_choice":"Embrace Madness","damage_taken":11,"max_hp_gain":0,"max_hp_loss":0,"event_name":"Winding Halls","floor":39,"gold_loss":0,"cards_obtained":["Madness","Madness"]},{"damage_healed":0,"gold_gain":0,"player_choice":"Fight","damage_taken":0,"max_hp_gain":0,"max_hp_loss":0,"event_name":"Mysterious Sphere","floor":45,"gold_loss":0},{"damage_healed":0,"gold_gain":0,"player_choice":"Memory 1","damage_taken":0,"max_hp_gain":0,"max_hp_loss":0,"event_name":"SensoryStone","floor":46,"gold_loss":0}],"is_beta":false,"boss_relics":[{"not_picked":["Snecko Heart","Calling Bell"],"picked":"Empty Cage"},{"not_picked":["Replay:Ancient Bell","Replay:Wanted Poster"],"picked":"Ring of Chaos"}],"items_purged_floors":[4,12,25,37,44],"is_endless":false,"potions_floor_spawned":[10,13,18,28,33,41,48],"ascension_level":1}}