{"host":"sz8c8ni79nvzjmmg","time":1612283154,"event":{"mods":["AchievementEnabler","BaseMod","DeckTracker","Keyboard Shortcuts","Minty Spire (QoL Compilation)","SuperFastMode"],"gold_per_floor":[109,129,129,129,36,79,97,130,155,155,170,183,183,207,207,303,303,318,318,331,331,331],"floor_reached":21,"language":"KOR","playtime":786,"items_purged":["Strike_B"],"score":382,"play_id":"fda0a714-712f-49f7-a3c3-df59aa816e28","local_time":"20210203012554","is_ascension_mode":true,"campfire_choices":[{"floor":10,"key":"REST"},{"floor":13,"key":"REST"},{"data":"Loop","floor":15,"key":"SMITH"}],"circlet_count":0,"master_deck":["AscendersBane","Strike_B","Strike_B","Strike_B","Defend_B","Defend_B","Defend_B","Defend_B+1","Zap","Dualcast","Streamline","Coolheaded+1","Lockon","Ball Lightning","Loop+1","Compile Driver","Leap","Turbo","Core Surge","Cold Snap"],"relics":["Cracked Core","Girya","Smiling Mask","Golden Idol","Regal Pillow","White Beast Statue","War Paint","SlaversCollar"],"acts_visited":["Exordium","TheCity"],"potions_floor_usage":[6,16,16,16,16,20],"damage_taken":[{"damage":4,"enemies":"Jaw Worm","floor":1,"turns":4},{"damage":12,"enemies":"Small Slimes","floor":2,"turns":3},{"damage":6,"enemies":"Gremlin Nob","floor":6,"turns":3},{"damage":3,"enemies":"2 Louse","floor":7,"turns":3},{"damage":12,"enemies":"Lagavulin","floor":8,"turns":7},{"damage":28,"enemies":"Exordium Thugs","floor":11,"turns":4},{"damage":0,"enemies":"Large Slime","floor":12,"turns":3},{"damage":14,"enemies":"Blue Slaver","floor":14,"turns":3},{"damage":17,"enemies":"The Guardian","floor":16,"turns":12},{"damage":25,"enemies":"Shell Parasite","floor":18,"turns":5},{"damage":0,"enemies":"Chosen","floor":20,"turns":5},{"damage":28,"enemies":"Centurion and Healer","floor":21,"turns":6}],"seed_played":"7719435549110796101","potions_obtained":[{"floor":2,"key":"AttackPotion"},{"floor":7,"key":"Ancient Potion"},{"floor":11,"key":"EntropicBrew"},{"floor":12,"key":"Swift Potion"},{"floor":16,"key":"Fire Potion"},{"floor":18,"key":"DistilledChaos"},{"floor":20,"key":"Strength Potion"}],"is_trial":false,"path_per_floor":["M","M","?","?","$","E","M","E","T","R","M","M","R","M","R","B",null,"M","?","M","M"],"character_chosen":"DEFECT","items_purchased":["Lockon"],"campfire_rested":2,"item_purchase_floors":[5],"current_hp_per_floor":[60,48,22,22,22,16,13,1,1,33,5,5,37,23,23,21,49,24,24,24,0,0],"gold":331,"neow_bonus":"ONE_RARE_RELIC","is_daily":false,"chose_seed":false,"campfire_upgraded":1,"win_rate":0.0,"timestamp":1612283154,"path_taken":["M","M","?","?","$","E","M","E","T","R","M","M","R","M","R","BOSS","M","?","M","M"],"items_purchased_type":["Card"],"build_version":"2020-12-22","purchased_purges":1,"victory":false,"max_hp_per_floor":[64,64,64,58,58,58,58,58,58,58,58,58,58,58,58,58,58,58,58,58,58,58],"card_choices":[{"not_picked":["Beam Cell","Cold Snap"],"picked":"Streamline","floor":1},{"not_picked":["Compile Driver","Steam"],"picked":"Coolheaded","floor":2},{"not_picked":["Barrage","Loop"],"picked":"Ball Lightning","floor":6},{"not_picked":["Reprogram","Hello World"],"picked":"Loop","floor":7},{"not_picked":["Turbo","Sweeping Beam"],"picked":"Compile Driver","floor":8},{"not_picked":["Gash","Amplify"],"picked":"Leap","floor":11},{"not_picked":["Ball Lightning","Blizzard"],"picked":"Turbo","floor":12},{"not_picked":["Leap","Barrage","Steam"],"picked":"SKIP","floor":14},{"not_picked":["Machine Learning","All For One"],"picked":"Core Surge","floor":16},{"not_picked":["Ball Lightning","Sweeping Beam"],"picked":"Cold Snap","floor":18},{"not_picked":["Compile Driver","Turbo","Redo"],"picked":"SKIP","floor":20}],"player_experience":1241303,"relics_obtained":[{"floor":6,"key":"Regal Pillow"},{"floor":8,"key":"White Beast Statue"},{"floor":9,"key":"War Paint"}],"event_choices":[{"damage_healed":0,"gold_gain":0,"player_choice":"Success","damage_taken":26,"relics_obtained":["Smiling Mask"],"max_hp_gain":0,"max_hp_loss":0,"event_name":"Scrap Ooze","floor":3,"gold_loss":0},{"damage_healed":0,"gold_gain":0,"player_choice":"Lose Max HP","damage_taken":0,"relics_obtained":["Golden Idol"],"max_hp_gain":0,"max_hp_loss":6,"event_name":"Golden Idol","floor":4,"gold_loss":0},{"damage_healed":0,"gold_gain":0,"player_choice":"Ignored","damage_taken":0,"max_hp_gain":0,"max_hp_loss":0,"event_name":"Ghosts","floor":19,"gold_loss":0}],"is_beta":false,"boss_relics":[{"not_picked":["Busted Crown","Tiny House"],"picked":"SlaversCollar"}],"items_purged_floors":[5],"is_endless":false,"potions_floor_spawned":[2,7,11,12,14,16,18,20],"killed_by":"Centurion and Healer","ascension_level":20}}