{"host":"k919bq8mkuzdqhzi","time":1612308606,"event":{"mods":["AchievementEnabler","BaseMod","Colored Map","Colored Powertips","DeckTracker","Minty Spire (QoL Compilation)","Relic Sorter","SuperFastMode"],"gold_per_floor":[115,115,6,6,24,24,56,10,10,10,23,23,23,35,35,136,136,76,8,8,8,8,8,8,8,8,8,8,8,8,8,8,8,8,8,8,8,8,8,8,8,8,8,8,8,8,8,0,0,0],"floor_reached":51,"language":"ENG","playtime":2212,"items_purged":["Strike_R"],"score":749,"play_id":"5a348207-d7a1-4ae0-a5cc-6a868cb4ed62","local_time":"20210202183006","is_ascension_mode":false,"campfire_choices":[{"data":"Body Slam","floor":6,"key":"SMITH"},{"data":"Armaments","floor":13,"key":"SMITH"},{"floor":15,"key":"REST"},{"data":"Whirlwind","floor":23,"key":"SMITH"},{"data":"Demon Form","floor":29,"key":"SMITH"},{"floor":32,"key":"REST"},{"data":"Barricade","floor":40,"key":"SMITH"},{"data":"Entrench","floor":42,"key":"SMITH"},{"data":"Shockwave","floor":45,"key":"SMITH"},{"data":"Spot Weakness","floor":49,"key":"SMITH"}],"circlet_count":0,"master_deck":["Strike_R","Strike_R","Strike_R","Defend_R+1","Defend_R","Defend_R","Defend_R","Bash+1","Body Slam+1","Spot Weakness+1","Metallicize","Shockwave+1","Headbutt","Armaments+1","Shrug It Off","Clothesline","Demon Form+1","Perfected Strike+1","Whirlwind+1","Thunderclap+1","Entrench+1","Ghostly Armor","Bludgeon","Barricade+1","Cleave+1"],"relics":["Burning Blood","Centennial Puzzle","HornCleat","Lizard Tail","Ectoplasm","Vajra","MutagenicStrength","Mark of Pain","Bronze Scales","Red Mask"],"acts_visited":["Exordium","TheCity","TheBeyond"],"potions_floor_usage":[16,25,33,50,50],"damage_taken":[{"damage":6,"enemies":"Jaw Worm","floor":1,"turns":4},{"damage":13,"enemies":"Cultist","floor":5,"turns":5},{"damage":33,"enemies":"3 Sentries","floor":7,"turns":10},{"damage":0,"enemies":"2 Louse","floor":11,"turns":3},{"damage":1,"enemies":"2 Fungi Beasts","floor":14,"turns":4},{"damage":36,"enemies":"Slime Boss","floor":16,"turns":10},{"damage":3,"enemies":"2 Thieves","floor":18,"turns":4},{"damage":12,"enemies":"Chosen","floor":20,"turns":4},{"damage":28,"enemies":"3 Cultists","floor":22,"turns":5},{"damage":14,"enemies":"Centurion and Healer","floor":24,"turns":6},{"damage":23,"enemies":"Snake Plant","floor":25,"turns":4},{"damage":5,"enemies":"Cultist and Chosen","floor":27,"turns":6},{"damage":54,"enemies":"Champ","floor":33,"turns":8},{"damage":0,"enemies":"Orb Walker","floor":35,"turns":2},{"damage":2,"enemies":"3 Darklings","floor":36,"turns":3},{"damage":22,"enemies":"Spire Growth","floor":38,"turns":4},{"damage":0,"enemies":"Maw","floor":41,"turns":6},{"damage":9,"enemies":"Transient","floor":44,"turns":5},{"damage":0,"enemies":"3 Darklings","floor":46,"turns":1},{"damage":0,"enemies":"Maw","floor":47,"turns":8},{"damage":63,"enemies":"Donu and Deca","floor":50,"turns":5}],"seed_played":"1433344315556674299","potions_obtained":[{"floor":1,"key":"LiquidBronze"},{"floor":20,"key":"BloodPotion"},{"floor":22,"key":"BloodPotion"},{"floor":27,"key":"DuplicationPotion"},{"floor":35,"key":"SteroidPotion"},{"floor":41,"key":"ElixirPotion"},{"floor":46,"key":"Explosive Potion"}],"is_trial":false,"path_per_floor":["M","?","$","?","M","R","E","$","T","?","M","?","R","M","R","B",null,"M","$","M","?","M","R","M","M","T","M","?","R","$","$","R","B",null,"M","M","?","M","?","R","M","R","T","M","R","M","M","?","R","B",null],"character_chosen":"IRONCLAD","items_purchased":["Metallicize","Armaments","Whirlwind"],"campfire_rested":2,"item_purchase_floors":[3,8,19],"current_hp_per_floor":[80,73,73,73,66,66,39,39,39,36,42,26,26,31,55,25,80,80,80,74,74,52,52,44,43,43,44,44,44,44,44,68,36,80,80,80,72,56,56,56,62,62,62,59,59,65,71,71,71,14],"gold":0,"neow_bonus":"THREE_CARDS","is_daily":false,"chose_seed":false,"campfire_upgraded":8,"win_rate":0.0,"timestamp":1612308606,"path_taken":["M","?","?","?","?","R","E","?","T","?","M","?","R","M","R","BOSS","M","$","M","?","M","R","M","M","T","M","?","R","?","$","R","BOSS","M","M","?","?","?","R","M","R","T","M","R","M","M","?","R","BOSS"],"items_purchased_type":["Card","Card","Card"],"build_version":"2020-12-22","purchased_purges":1,"victory":true,"max_hp_per_floor":[80,80,80,80,80,80,80,80,80,80,80,80,80,80,80,80,80,80,80,80,80,80,80,80,80,80,80,80,80,80,80,80,80,80,80,80,80,80,80,80,80,80,80,80,80,80,80,80,80,80],"card_choices":[{"not_picked":["Iron Wave","Wild Strike"],"picked":"Body Slam","floor":0},{"not_picked":["Pommel Strike","Heavy Blade"],"picked":"Spot Weakness","floor":1},{"not_picked":["Iron Wave","Sword Boomerang"],"picked":"Shockwave","floor":5},{"not_picked":["Sever Soul","Cleave"],"picked":"Headbutt","floor":7},{"not_picked":["Thunderclap","True Grit"],"picked":"Shrug It Off","floor":11},{"not_picked":["Reckless Charge","Brutality"],"picked":"Clothesline","floor":14},{"not_picked":["Fiend Fire","Brutality"],"picked":"Demon Form","floor":16},{"not_picked":["Dark Embrace","Twin Strike"],"picked":"Perfected Strike+1","floor":18},{"not_picked":["Sword Boomerang","Warcry+1"],"picked":"Thunderclap+1","floor":20},{"not_picked":["Blood for Blood","Hemokinesis","Headbutt"],"picked":"SKIP","floor":22},{"not_picked":["Power Through+1","Flex"],"picked":"Entrench","floor":24},{"not_picked":["Anger","Thunderclap+1"],"picked":"Ghostly Armor","floor":25},{"not_picked":["Pummel","Flex"],"picked":"Bludgeon","floor":27},{"not_picked":["Impervious","Corruption"],"picked":"Barricade","floor":33},{"not_picked":["Flame Barrier+1","Rampage"],"picked":"Cleave+1","floor":35},{"not_picked":["Armaments+1","Reckless Charge+1","Wild Strike"],"picked":"SKIP","floor":36},{"not_picked":["Clothesline+1","Body Slam","Rage"],"picked":"SKIP","floor":38},{"not_picked":["Headbutt","Seeing Red","Sentinel+1"],"picked":"SKIP","floor":41},{"not_picked":["Twin Strike","Thunderclap+1","Body Slam"],"picked":"SKIP","floor":44},{"not_picked":["Blood for Blood","Dual Wield","Sword Boomerang+1"],"picked":"SKIP","floor":46},{"not_picked":["Thunderclap","Shrug It Off+1","Clothesline+1"],"picked":"SKIP","floor":47}],"player_experience":59770,"relics_obtained":[{"floor":7,"key":"Centennial Puzzle"},{"floor":9,"key":"HornCleat"},{"floor":26,"key":"Vajra"},{"floor":43,"key":"Bronze Scales"}],"event_choices":[{"cards_removed":["Strike_R"],"damage_healed":0,"gold_gain":0,"player_choice":"Card Removal","damage_taken":7,"max_hp_gain":0,"max_hp_loss":0,"event_name":"Golden Wing","floor":2,"gold_loss":0},{"damage_healed":0,"gold_gain":0,"player_choice":"Ignored","damage_taken":0,"max_hp_gain":0,"max_hp_loss":0,"event_name":"Liars Game","floor":4,"gold_loss":0},{"damage_healed":0,"gold_gain":0,"player_choice":"Success","damage_taken":3,"relics_obtained":["Lizard Tail"],"max_hp_gain":0,"max_hp_loss":0,"event_name":"Scrap Ooze","floor":10,"gold_loss":0},{"damage_healed":0,"gold_gain":0,"player_choice":"Entered Light","damage_taken":16,"max_hp_gain":0,"max_hp_loss":0,"event_name":"Shining Light","floor":12,"gold_loss":0,"cards_upgraded":["Defend_R","Bash"]},{"damage_healed":0,"gold_gain":0,"player_choice":"Inject Mutagens","damage_taken":0,"relics_obtained":["MutagenicStrength"],"max_hp_gain":0,"max_hp_loss":0,"event_name":"Drug Dealer","floor":28,"gold_loss":0},{"damage_healed":0,"gold_gain":0,"player_choice":"Damaged","damage_taken":8,"max_hp_gain":0,"max_hp_loss":0,"event_name":"Wheel of Change","floor":37,"gold_loss":0},{"damage_healed":0,"gold_gain":0,"player_choice":"Memory 1","damage_taken":0,"max_hp_gain":0,"max_hp_loss":0,"event_name":"SensoryStone","floor":39,"gold_loss":0},{"damage_healed":0,"gold_gain":0,"player_choice":"Paid","damage_taken":0,"relics_obtained":["Red Mask"],"max_hp_gain":0,"max_hp_loss":0,"event_name":"Tomb of Lord Red Mask","floor":48,"gold_loss":8}],"is_beta":false,"boss_relics":[{"not_picked":["Coffee Dripper","Tiny House"],"picked":"Ectoplasm"},{"not_picked":["Empty Cage","Black Star"],"picked":"Mark of Pain"}],"items_purged_floors":[3],"is_endless":false,"potions_floor_spawned":[1,20,22,27,35,41,46,47],"ascension_level":0}}