{"host":"p8bnstsjdxjza4jm","time":1612284322,"event":{"mods":["BaseMod","Colored Powertips","Marisa£¨Ùöéë¡¡Øª×âÞÞ£©","Minty Spire (QoL Compilation)","Quick Restart","StSLib"],"gold_per_floor":[116,41,41,41,54,54,87,99,126,126,154,167,181,196,196,196,196],"floor_reached":16,"language":"KOR","playtime":638,"items_purged":["Defend_R"],"score":127,"play_id":"0fd0ce43-9e76-48f1-bebe-7298c2e53bee","local_time":"20210203014522","is_ascension_mode":false,"campfire_choices":[{"data":"Reckless Charge","floor":6,"key":"SMITH"},{"data":"Power Through","floor":15,"key":"SMITH"}],"circlet_count":0,"master_deck":["Strike_R","Strike_R","Strike_R","Strike_R","Strike_R","Defend_R","Defend_R","Defend_R","Bash","Power Through+1","Reckless Charge+1"],"relics":["Burning Blood","NeowsBlessing","Juzu Bracelet","Nunchaku","Matryoshka","Odd Mushroom"],"acts_visited":["Exordium"],"potions_floor_usage":[8,11,11,16],"damage_taken":[{"damage":0,"enemies":"2 Louse","floor":1,"turns":1},{"damage":0,"enemies":"Small Slimes","floor":5,"turns":1},{"damage":0,"enemies":"3 Sentries","floor":7,"turns":1},{"damage":0,"enemies":"Jaw Worm","floor":8,"turns":1},{"damage":14,"enemies":"The Mushroom Lair","floor":11,"turns":5},{"damage":0,"enemies":"3 Louse","floor":12,"turns":3},{"damage":26,"enemies":"Exordium Thugs","floor":13,"turns":7},{"damage":4,"enemies":"Blue Slaver","floor":14,"turns":3},{"damage":64,"enemies":"Hexaghost","floor":16,"turns":9}],"seed_played":"-371529563766334757","potions_obtained":[{"floor":1,"key":"SkillPotion"},{"floor":5,"key":"EssenceOfSteel"},{"floor":8,"key":"Regen Potion"},{"floor":13,"key":"SteroidPotion"}],"is_trial":false,"path_per_floor":["M","$","?","?","M","R","E","M","T","?","?","M","M","M","R","B"],"character_chosen":"IRONCLAD","items_purchased":[],"campfire_rested":0,"item_purchase_floors":[],"current_hp_per_floor":[80,80,80,85,85,85,85,85,85,67,73,79,59,61,61,0,0],"gold":196,"neow_bonus":"THREE_ENEMY_KILL","is_daily":false,"chose_seed":false,"campfire_upgraded":2,"win_rate":0.0,"timestamp":1612284322,"path_taken":["M","$","?","?","M","R","E","M","T","?","?","M","M","M","R","BOSS"],"items_purchased_type":[],"build_version":"2020-12-22","purchased_purges":1,"victory":false,"max_hp_per_floor":[80,80,80,85,85,85,85,85,85,85,85,85,85,85,85,85,85],"card_choices":[{"not_picked":["Sever Soul","Second Wind"],"picked":"Power Through","floor":1},{"not_picked":["Thunderclap","Armaments"],"picked":"Reckless Charge","floor":5},{"not_picked":["Flex","Rampage","Seeing Red"],"picked":"SKIP","floor":7},{"not_picked":["Armaments","Sword Boomerang","Blood for Blood"],"picked":"SKIP","floor":8},{"not_picked":["Havoc","Flex","Intimidate"],"picked":"SKIP","floor":12},{"not_picked":["True Grit","Blood for Blood","Sword Boomerang"],"picked":"SKIP","floor":13},{"not_picked":["Twin Strike","Bludgeon","Seeing Red"],"picked":"SKIP","floor":14}],"player_experience":73621,"relics_obtained":[{"floor":7,"key":"Juzu Bracelet"},{"floor":9,"key":"Nunchaku"},{"floor":11,"key":"Odd Mushroom"}],"event_choices":[{"damage_healed":0,"gold_gain":0,"player_choice":"Leave","damage_taken":0,"max_hp_gain":0,"max_hp_loss":0,"event_name":"The Cleric","floor":3,"gold_loss":0},{"damage_healed":0,"gold_gain":0,"player_choice":"Donut","damage_taken":0,"max_hp_gain":5,"max_hp_loss":0,"event_name":"Big Fish","floor":4,"gold_loss":0},{"damage_healed":0,"gold_gain":0,"player_choice":"Success","damage_taken":18,"relics_obtained":["Matryoshka"],"max_hp_gain":0,"max_hp_loss":0,"event_name":"Scrap Ooze","floor":10,"gold_loss":0},{"damage_healed":0,"gold_gain":0,"player_choice":"Fought Mushrooms","damage_taken":0,"max_hp_gain":0,"max_hp_loss":0,"event_name":"Mushrooms","floor":11,"gold_loss":0}],"is_beta":false,"boss_relics":[],"items_purged_floors":[2],"is_endless":false,"potions_floor_spawned":[1,5,8,13],"killed_by":"Hexaghost","ascension_level":0}}