{"host":"wghdsg8ym2wc7ov9","time":1612246368,"event":{"mods":["A Penny For Your Troubles","AchievementEnabler","Astrologer","BaseMod","Beaked The Cultist","Better Altar","Better Note","ChefMod","Colored Map","Evolution","Fox Events","Hermit","Highlight Path","Jorbs\u0027s Wanderer Trilogy","KinomotoSakuraMod(????)","Minty Spire (QoL Compilation)","Random Character Button","Relic Stats","SIMod","Shop Mod","StSLib","The Blackbeard","The Bladedancer","The Construct","The Cursed","The Death Knight","The Gatherer","The Hierophant","The Marked","The Mystic","The Necromancer","The Runesmith","The Senshi","The Servant 0.9.4","Weighted Paths"],"gold_per_floor":[110,110,110,126,144,144,179,179,179,179,205,193,193,227,227,185,185],"floor_reached":16,"language":"ENG","playtime":1459,"items_purged":[],"score":127,"play_id":"084b5704-df56-45f3-a719-8ae45dc1ca9b","local_time":"20210201221248","is_ascension_mode":false,"campfire_choices":[{"data":"hierophant:ChurchCoffers","floor":6,"key":"SMITH"},{"data":"hierophant:Smite","floor":8,"key":"SMITH"},{"data":"hierophant:Sermon","floor":10,"key":"SMITH"},{"data":"hierophant:MorningPrayer","floor":13,"key":"SMITH"},{"floor":15,"key":"REST"}],"circlet_count":0,"master_deck":["hierophant:Strike_Hierophant","hierophant:Strike_Hierophant","hierophant:Strike_Hierophant","hierophant:Punish+1","hierophant:Defend_Hierophant","hierophant:Defend_Hierophant","hierophant:Defend_Hierophant","hierophant:Defend_Hierophant","hierophant:ChurchCoffers+1","hierophant:AuricBeam","hierophant:Smite+1","hierophant:Doubloon","hierophant:CursedGold","hierophant:MorningPrayer+1","hierophant:Sermon+1","hierophant:Encroach","hierophant:Doubloon","hierophant:Remorse","hierophant:Encroach"],"relics":["hierophant:PropheticMaskRelic","EVO:Axolotl","Du-Vu Doll","Lizard Tail"],"acts_visited":["Exordium"],"potions_floor_usage":[6,7],"damage_taken":[{"damage":0,"enemies":"2 Louse","floor":1,"turns":1},{"damage":6,"enemies":"Jaw Worm","floor":4,"turns":3},{"damage":0,"enemies":"Cultist","floor":5,"turns":2},{"damage":17,"enemies":"Lagavulin","floor":7,"turns":6},{"damage":10,"enemies":"Large Slime","floor":11,"turns":4},{"damage":0,"enemies":"Looter","floor":12,"turns":3},{"damage":6,"enemies":"Exordium Wildlife","floor":14,"turns":2},{"damage":129,"enemies":"Hexaghost","floor":16,"turns":18}],"seed_played":"-6192853537319001017","potions_obtained":[{"floor":5,"key":"Fruit Juice"},{"floor":7,"key":"Fruit Juice"},{"floor":12,"key":"Ancient Potion"}],"is_trial":false,"path_per_floor":["M","?","?","M","M","R","E","R","T","R","M","M","R","M","R","B"],"character_chosen":"HIEROPHANT","items_purchased":[],"campfire_rested":1,"item_purchase_floors":[],"current_hp_per_floor":[75,80,80,74,74,79,67,67,67,67,57,57,57,51,78,0,0],"gold":185,"neow_bonus":"TRANSFORM_CARD","is_daily":false,"chose_seed":false,"campfire_upgraded":4,"win_rate":0.0,"timestamp":1612246368,"path_taken":["M","?","?","M","M","R","E","R","T","R","M","M","R","?","R","BOSS"],"items_purchased_type":[],"build_version":"2020-12-22","purchased_purges":0,"victory":false,"max_hp_per_floor":[75,80,80,80,80,85,90,90,90,90,90,90,90,90,90,90,90],"relic_stats":{"Lizard Tail":45,"counters":[8,39],"obtain_stats":[{"Du-Vu Doll":7,"Lizard Tail":9,"hierophant:PropheticMaskRelic":0,"EVO:Axolotl":0},{"Du-Vu Doll":4,"Lizard Tail":4,"hierophant:PropheticMaskRelic":0,"EVO:Axolotl":0},{"Du-Vu Doll":12,"Lizard Tail":12,"hierophant:PropheticMaskRelic":0,"EVO:Axolotl":0}]},"card_choices":[{"not_picked":["hierophant:HammerAndAnvil","hierophant:FlamingChariot"],"picked":"hierophant:Smite","floor":1},{"not_picked":["hierophant:MorningPrayer","hierophant:Smite"],"picked":"hierophant:CursedGold","floor":4},{"not_picked":["hierophant:Purify","hierophant:HammerAndAnvil"],"picked":"hierophant:MorningPrayer","floor":5},{"not_picked":["hierophant:FlamingChariot","hierophant:Shelter"],"picked":"hierophant:Sermon","floor":7},{"not_picked":["hierophant:HolyVerse","hierophant:FlamingChariot"],"picked":"hierophant:Encroach","floor":11},{"not_picked":["hierophant:Embezzle","hierophant:CursedGold"],"picked":"hierophant:Remorse","floor":12},{"not_picked":["hierophant:Blessing","hierophant:SealAway"],"picked":"hierophant:Encroach","floor":14}],"player_experience":866538,"relics_obtained":[{"floor":7,"key":"Du-Vu Doll"},{"floor":9,"key":"Lizard Tail"}],"event_choices":[{"damage_healed":0,"gold_gain":0,"player_choice":"Donut","damage_taken":0,"max_hp_gain":5,"max_hp_loss":0,"event_name":"Big Fish","floor":2,"gold_loss":0},{"damage_healed":0,"gold_gain":0,"player_choice":"Forge","damage_taken":0,"max_hp_gain":0,"max_hp_loss":0,"event_name":"Accursed Blacksmith","floor":3,"gold_loss":0,"cards_upgraded":["hierophant:Punish"]}],"is_beta":false,"boss_relics":[],"items_purged_floors":[],"is_endless":false,"potions_floor_spawned":[5,7,12],"killed_by":"Hexaghost","ascension_level":0}}