{"host":"j7koecyuyeg298fi","time":1612303786,"event":{"mods":["BaseMod","Minty Spire (QoL Compilation)"],"gold_per_floor":[112,124,142,162,180,180,191,191,244,244,262,262,262,262,262,362,362,374,374,385,385,402,402,417,436,436,455,455,474,507,507,507],"floor_reached":31,"language":"ENG","playtime":2590,"items_purged":[],"score":303,"play_id":"0f62ea02-b2ba-4152-ad92-d452d2e902d6","local_time":"20210203000946","daily_mods":["Draft","Colorless Cards","Heirloom"],"is_ascension_mode":false,"campfire_choices":[{"data":"Footwork","floor":6,"key":"SMITH"},{"data":"Setup","floor":8,"key":"SMITH"},{"data":"Die Die Die","floor":10,"key":"SMITH"},{"data":"Outmaneuver","floor":12,"key":"SMITH"},{"data":"Deflect","floor":15,"key":"SMITH"},{"data":"Sadistic Nature","floor":23,"key":"SMITH"}],"circlet_count":0,"master_deck":["Deflect+1","Backflip","Poisoned Stab","PiercingWail","Dodge and Roll","Dagger Spray","Poisoned Stab","Outmaneuver+1","Bane","Cloak And Dagger+1","Finesse","Footwork+1","Flying Knee","Setup+1","Backflip","Catalyst","Choke","Die Die Die+1","Riddle With Holes","Sadistic Nature+1","Dodge and Roll","Backflip+1","Metamorphosis","Flash of Steel","Dramatic Entrance","Noxious Fumes"],"relics":["Ring of the Snake","Mango","Akabeko","PreservedInsect","Empty Cage","Singing Bowl","Shuriken","MutagenicStrength","Centennial Puzzle"],"acts_visited":["Exordium","TheCity"],"potions_floor_usage":[16,16,16,30,30,30],"damage_taken":[{"damage":0,"enemies":"Cultist","floor":1,"turns":3},{"damage":0,"enemies":"Jaw Worm","floor":2,"turns":5},{"damage":5,"enemies":"2 Louse","floor":3,"turns":2},{"damage":7,"enemies":"Blue Slaver","floor":4,"turns":4},{"damage":1,"enemies":"Red Slaver","floor":5,"turns":5},{"damage":2,"enemies":"Large Slime","floor":7,"turns":7},{"damage":0,"enemies":"3 Louse","floor":11,"turns":1},{"damage":17,"enemies":"The Guardian","floor":16,"turns":5},{"damage":0,"enemies":"Chosen","floor":18,"turns":3},{"damage":5,"enemies":"Shell Parasite","floor":20,"turns":2},{"damage":25,"enemies":"Sentry and Sphere","floor":22,"turns":6},{"damage":10,"enemies":"Chosen and Byrds","floor":24,"turns":4},{"damage":22,"enemies":"3 Cultists","floor":25,"turns":4},{"damage":14,"enemies":"Shelled Parasite and Fungi","floor":27,"turns":4},{"damage":8,"enemies":"Cultist and Chosen","floor":29,"turns":7},{"damage":0,"enemies":"Slavers","floor":30,"turns":1},{"damage":8,"enemies":"Snake Plant","floor":31,"turns":1}],"seed_played":"-8913164803499518128","potions_obtained":[{"floor":1,"key":"Weak Potion"},{"floor":2,"key":"SkillPotion"},{"floor":5,"key":"FearPotion"},{"floor":16,"key":"FearPotion"},{"floor":20,"key":"LiquidBronze"},{"floor":22,"key":"Strength Potion"},{"floor":29,"key":"BlessingOfTheForge"}],"is_trial":true,"path_per_floor":["M","M","M","M","M","R","M","R","T","R","M","R","?","?","R","B",null,"M","?","M","?","M","R","M","M","T","M","?","M","E","M"],"character_chosen":"THE_SILENT","items_purchased":[],"campfire_rested":0,"item_purchase_floors":[],"current_hp_per_floor":[84,84,79,72,71,71,69,69,69,69,69,69,52,45,45,28,84,84,84,79,79,54,54,44,22,22,10,10,2,2,0,0],"gold":507,"neow_bonus":"","is_daily":false,"chose_seed":false,"campfire_upgraded":6,"win_rate":0.0,"timestamp":1612303786,"path_taken":["M","M","M","M","M","R","M","R","T","R","?","R","?","?","R","BOSS","M","?","M","?","?","R","M","M","T","M","?","M","E","M"],"items_purchased_type":[],"build_version":"2020-12-22","purchased_purges":0,"victory":false,"max_hp_per_floor":[84,84,84,84,84,84,84,84,84,84,84,84,84,84,84,84,84,84,84,84,84,84,84,84,84,84,86,86,86,86,86,86],"card_choices":[{"not_picked":["Heel Hook","Expertise"],"picked":"Deflect","floor":0},{"not_picked":["Quick Slash","Tactician"],"picked":"Backflip","floor":0},{"not_picked":["Good Instincts","Flechettes"],"picked":"Poisoned Stab","floor":0},{"not_picked":["Slice","Flechettes"],"picked":"Dagger Throw","floor":0},{"not_picked":["Mind Blast","Flechettes"],"picked":"PiercingWail","floor":0},{"not_picked":["Dagger Throw","Underhanded Strike"],"picked":"Dodge and Roll","floor":0},{"not_picked":["Purity","Dash"],"picked":"Dagger Spray","floor":0},{"not_picked":["Dagger Throw","Slice"],"picked":"Poisoned Stab","floor":0},{"not_picked":["Panacea","Trip"],"picked":"Outmaneuver","floor":0},{"not_picked":["Slice","Underhanded Strike"],"picked":"Bane","floor":0},{"not_picked":["Prepared","Masterful Stab"],"picked":"Endless Agony","floor":0},{"not_picked":["Flying Knee","Quick Slash"],"picked":"Cloak And Dagger","floor":0},{"not_picked":["Blade Dance","Deflect"],"picked":"Finesse","floor":0},{"not_picked":["Flying Knee","Poisoned Stab"],"picked":"Footwork","floor":0},{"not_picked":["Terror","PiercingWail"],"picked":"Flying Knee","floor":0},{"not_picked":["Underhanded Strike","Dagger Spray"],"picked":"Setup","floor":1},{"not_picked":["Flash of Steel","Dagger Throw"],"picked":"Backflip","floor":2},{"not_picked":["Backflip","Quick Slash"],"picked":"Catalyst","floor":3},{"not_picked":["Impatience","Caltrops"],"picked":"Choke","floor":4},{"not_picked":["Dagger Spray","Deep Breath","Endless Agony"],"picked":"SKIP","floor":5},{"not_picked":["Eviscerate","Panacea"],"picked":"Die Die Die","floor":7},{"not_picked":["Quick Slash","Underhanded Strike"],"picked":"Riddle With Holes","floor":11},{"not_picked":["Burst","Night Terror"],"picked":"Sadistic Nature","floor":16},{"not_picked":["Blade Dance","Flying Knee","Bane"],"picked":"SKIP","floor":18},{"not_picked":["Endless Agony+1","Outmaneuver"],"picked":"Dodge and Roll","floor":20},{"not_picked":["Acrobatics","Dodge and Roll+1"],"picked":"Backflip+1","floor":22},{"not_picked":["Outmaneuver","PiercingWail+1"],"picked":"Metamorphosis","floor":24},{"not_picked":["Setup+1","Dagger Throw"],"picked":"Flash of Steel","floor":25},{"not_picked":["Prepared","Slice","Flying Knee+1"],"picked":"Singing Bowl","floor":27},{"not_picked":["Blade Dance+1","Cloak And Dagger"],"picked":"Dramatic Entrance","floor":29},{"not_picked":["Quick Slash+1","Caltrops"],"picked":"Noxious Fumes","floor":30}],"player_experience":219446,"relics_obtained":[{"floor":9,"key":"Akabeko"},{"floor":26,"key":"Shuriken"},{"floor":30,"key":"Centennial Puzzle"}],"event_choices":[{"damage_healed":0,"gold_gain":0,"player_choice":"Entered Light","damage_taken":17,"max_hp_gain":0,"max_hp_loss":0,"event_name":"Shining Light","floor":13,"gold_loss":0,"cards_upgraded":["Endless Agony","Cloak And Dagger"]},{"damage_healed":0,"gold_gain":0,"player_choice":"Success","damage_taken":7,"relics_obtained":["PreservedInsect"],"max_hp_gain":0,"max_hp_loss":0,"event_name":"Scrap Ooze","floor":14,"gold_loss":0},{"damage_healed":0,"gold_gain":0,"player_choice":"Ignored","damage_taken":0,"max_hp_gain":0,"max_hp_loss":0,"event_name":"Vampires","floor":19,"gold_loss":0},{"damage_healed":0,"gold_gain":0,"player_choice":"Gave Potion","damage_taken":0,"relics_obtained":["Singing Bowl"],"max_hp_gain":0,"max_hp_loss":0,"event_name":"WeMeetAgain","floor":21,"gold_loss":0},{"damage_healed":0,"gold_gain":0,"player_choice":"Inject Mutagens","damage_taken":0,"relics_obtained":["MutagenicStrength"],"max_hp_gain":0,"max_hp_loss":0,"event_name":"Drug Dealer","floor":28,"gold_loss":0}],"is_beta":false,"boss_relics":[{"not_picked":["Snecko Eye","Astrolabe"],"picked":"Empty Cage"}],"items_purged_floors":[],"is_endless":false,"potions_floor_spawned":[1,2,5,16,20,22,29],"killed_by":"Snake Plant","ascension_level":0}}