{"host":"18wi9kpcl4eah7pe","time":1612249384,"event":{"mods":["BaseMod","Colored Powertips","Downfall","Minty Spire (QoL Compilation)","StSLib"],"gold_per_floor":[99,99,99,99,199,217,217,228,246,146,178,20,31,31,46,46,46,46],"floor_reached":16,"language":"ENG","playtime":543,"items_purged":[],"score":125,"play_id":"f38ec7c7-6ef5-4139-b201-0c868d4d1a80","local_time":"20210202010304","is_ascension_mode":true,"campfire_choices":[{"floor":1.0,"key":"RECALL"},{"floor":10.0,"key":"REST"}],"circlet_count":0,"master_deck":["bronze:Strike","bronze:Strike+1","bronze:Strike","bronze:Strike","bronze:Defend","bronze:Defend","bronze:Defend","bronze:Defend","bronze:Replicate","bronze:Goto+1","bronze:WhirlingStrike","bronze:Fortify","bronze:Verify","bronze:Branch","bronze:DelayedGuard","bronze:FollowUp+1","bronze:BuggyMess","bronze:Repulsor","bronze:Frontload","downfall:Malfunctioning","bronze:BronzeOrb"],"relics":["bronze:BronzeCore","downfall:HeartsMalice","Question Card","downfall:HeartBlessingRed","Bronze Scales","Sling"],"acts_visited":["Exordium"],"potions_floor_usage":[15,16,16],"damage_taken":[{"damage":0.0,"enemies":"Cultist","floor":2.0,"turns":1.0},{"damage":0.0,"enemies":"Jaw Worm","floor":3.0,"turns":1.0},{"damage":0.0,"enemies":"2 Louse","floor":4.0,"turns":1.0},{"damage":19.0,"enemies":"2 Fungi Beasts","floor":6.0,"turns":3.0},{"damage":20.0,"enemies":"Exordium Thugs","floor":8.0,"turns":5.0},{"damage":8.0,"enemies":"3 Louse","floor":9.0,"turns":4.0},{"damage":18.0,"enemies":"Gremlin Nob","floor":11.0,"turns":5.0},{"damage":0.0,"enemies":"downfall:FleeingMerchant","floor":12.0,"turns":4.0},{"damage":5.0,"enemies":"Red Slaver","floor":13.0,"turns":3.0},{"damage":2,"enemies":"2 Fungi Beasts","floor":15,"turns":3},{"damage":32,"enemies":"WA_ARCHETYPE_RETAIN","floor":16,"turns":4}],"seed_played":"-4505548858204735687","potions_obtained":[{"floor":8.0,"key":"hexamod:SoulburnPotion"},{"floor":11.0,"key":"Ancient Potion"},{"floor":13.0,"key":"Swift Potion"},{"floor":15,"key":"AttackPotion"}],"is_trial":false,"path_per_floor":["R","M","M","M","?","M","T","M","M","R","E","$","M","?","M","B"],"character_chosen":"THE_AUTOMATON","items_purchased":["Sling"],"campfire_rested":1,"item_purchase_floors":[12],"current_hp_per_floor":[70,70,70,70,70,51,51,31,23,44,26,26,21,21,19,0,0,0],"gold":46,"neow_bonus":"THREE_ENEMY_KILL","is_daily":false,"chose_seed":false,"campfire_upgraded":0,"win_rate":0.0,"timestamp":1612249384,"path_taken":["R","M","M","?","?","M","T","M","M","R","E","$","M","?","M","BOSS"],"items_purchased_type":["Relic"],"build_version":"2020-12-22","purchased_purges":0,"victory":false,"max_hp_per_floor":[70,70,70,70,70,70,70,70,70,70,70,70,70,70,70,70,70,70],"card_choices":[{"not_picked":["bronze:Deprecate","bronze:ForLoop"],"picked":"bronze:WhirlingStrike","floor":2.0},{"not_picked":["bronze:Frontload","bronze:BuggyMess"],"picked":"bronze:Fortify","floor":3.0},{"not_picked":["bronze:ForLoop","bronze:MaxOutput"],"picked":"bronze:Verify","floor":4.0},{"not_picked":["bronze:DigitalCarnage","bronze:Turbo"],"picked":"bronze:Branch","floor":6.0},{"not_picked":["bronze:Shield","bronze:InfiniteBeams","bronze:Invalidate"],"picked":"bronze:DelayedGuard","floor":8.0},{"not_picked":["bronze:Overload","bronze:NullPointer","bronze:BronzeArmor"],"picked":"bronze:FollowUp","floor":9.0},{"not_picked":["bronze:Shell","bronze:Shield","bronze:InfiniteBeams"],"picked":"bronze:BuggyMess","floor":11.0},{"not_picked":["bronze:TinkerersToolbox","bronze:FineTuning","bronze:CutThrough"],"picked":"bronze:Repulsor","floor":12.0},{"not_picked":["bronze:DelayedSlice","bronze:CloningBeam","bronze:Safeguard"],"picked":"bronze:Frontload","floor":13.0},{"not_picked":["bronze:BitShift","bronze:Branch","bronze:Iterate"],"picked":"bronze:BronzeOrb","floor":15}],"player_experience":984114,"relics_obtained":[{"floor":7.0,"key":"Question Card"},{"floor":11.0,"key":"Bronze Scales"}],"event_choices":[],"is_beta":false,"boss_relics":[],"items_purged_floors":[],"is_endless":false,"potions_floor_spawned":[8,11,13,15],"killed_by":"WA_ARCHETYPE_RETAIN","ascension_level":5}}