{"host":"11728qvdvolffudn","time":1612282478,"event":{"mods":["BaseMod","Block Reminder","Colored Powertips","Curses Come First","Custom Start","Displayed Cursed Tome","Filter the Spire","Highlight Path","Minty Spire (QoL Compilation)","Permanent Neow","Quick Restart","Rare Cards Sparkle","Relic Stats","StSLib","Weighted Paths"],"gold_per_floor":[117,67,80,92,92,92,110,110,110,110,123,142,67,97,97,195,195,214,226,246,256,181,181,181,181],"floor_reached":24,"language":"ENG","playtime":2991,"items_purged":["Regret"],"score":220,"play_id":"419db7b4-cff9-49ca-a91f-2e690b1e554b","local_time":"20210202161438","is_ascension_mode":true,"campfire_choices":[{"data":"Flex","floor":6,"key":"SMITH"},{"data":"Iron Wave","floor":8,"key":"SMITH"},{"data":"Cleave","floor":10,"key":"SMITH"},{"data":"Pummel","floor":15,"key":"SMITH"},{"data":"Iron Wave","floor":23,"key":"SMITH"}],"circlet_count":0,"master_deck":["Strike_R","Strike_R","Strike_R","Defend_R","Defend_R","Defend_R","Defend_R","Bash","Flex+1","Cleave+1","Iron Wave+1","Pummel+1","Flex+1","Shrug It Off+1","Iron Wave+1"],"relics":["Burning Blood","Mango","Pocketwatch","Toxic Egg 2","Centennial Puzzle","Philosopher\u0027s Stone"],"acts_visited":["Exordium","TheCity"],"potions_floor_usage":[14,16,16,21],"damage_taken":[{"damage":2.0,"enemies":"2 Louse","floor":1.0,"turns":2.0},{"damage":10,"enemies":"Small Slimes","floor":3,"turns":5},{"damage":3,"enemies":"Jaw Worm","floor":4,"turns":5},{"damage":4,"enemies":"2 Fungi Beasts","floor":7,"turns":3},{"damage":0,"enemies":"Lots of Slimes","floor":11,"turns":1},{"damage":7,"enemies":"Gremlin Gang","floor":12,"turns":3},{"damage":6,"enemies":"3 Sentries","floor":14,"turns":4},{"damage":44,"enemies":"Hexaghost","floor":16,"turns":8},{"damage":14,"enemies":"2 Thieves","floor":18,"turns":3},{"damage":18,"enemies":"Shell Parasite","floor":19,"turns":4},{"damage":33,"enemies":"Centurion and Healer","floor":20,"turns":5},{"damage":31,"enemies":"Shelled Parasite and Fungi","floor":21,"turns":5},{"damage":27,"enemies":"Book of Stabbing","floor":24,"turns":5}],"seed_played":"-5486422853772458881","potions_obtained":[{"floor":3,"key":"SpeedPotion"},{"floor":7,"key":"SteroidPotion"},{"floor":12,"key":"FearPotion"},{"floor":18,"key":"Energy Potion"},{"floor":21,"key":"PowerPotion"}],"is_trial":false,"path_per_floor":["M","?","M","M","?","R","M","R","T","R","M","M","$","E","R","B",null,"M","M","M","M","?","R","E"],"character_chosen":"IRONCLAD","items_purchased":[],"campfire_rested":0,"item_purchase_floors":[],"current_hp_per_floor":[74,74,70,73,73,73,75,75,75,75,81,80,80,80,80,42,94,86,74,47,22,22,22,0,0],"gold":181,"neow_bonus":"ONE_RARE_RELIC","is_daily":false,"chose_seed":false,"campfire_upgraded":5,"win_rate":0.0,"timestamp":1612282478,"path_taken":["M","?","M","M","?","R","M","R","T","R","M","M","$","E","R","BOSS","M","M","M","M","?","R","E"],"items_purchased_type":[],"build_version":"2020-12-22","purchased_purges":1,"victory":false,"max_hp_per_floor":[94,94,94,94,94,94,94,94,94,94,94,94,94,94,94,94,94,94,94,94,94,94,94,94,94],"relic_stats":{"Centennial Puzzle":[18],"counters":[13,53],"obtain_stats":[{"Centennial Puzzle":14,"Mango":0,"Philosopher\u0027s Stone":17,"Toxic Egg 2":9,"Burning Blood":0,"Pocketwatch":5},{"Centennial Puzzle":7,"Mango":0,"Philosopher\u0027s Stone":8,"Toxic Egg 2":4,"Burning Blood":0,"Pocketwatch":3},{"Centennial Puzzle":23,"Mango":0,"Philosopher\u0027s Stone":31,"Toxic Egg 2":15,"Burning Blood":0,"Pocketwatch":12}],"Burning Blood":72,"Pocketwatch":[38]},"card_choices":[{"not_picked":["Iron Wave","Anger"],"picked":"Flex","floor":1},{"not_picked":["Armaments","Thunderclap"],"picked":"Cleave","floor":3},{"not_picked":["Flame Barrier","Pommel Strike","Blood for Blood"],"picked":"SKIP","floor":4},{"not_picked":["Bloodletting","Sever Soul"],"picked":"Iron Wave","floor":7},{"not_picked":["Shrug It Off+1","Rampage"],"picked":"Pummel","floor":11},{"not_picked":["Clothesline","Havoc+1","Juggernaut"],"picked":"SKIP","floor":12},{"not_picked":["Anger","Hemokinesis","Twin Strike"],"picked":"SKIP","floor":14},{"not_picked":["True Grit+1","Entrench+1","Anger"],"picked":"SKIP","floor":18},{"not_picked":["Burning Pact+1","Twin Strike+1"],"picked":"Flex+1","floor":19},{"not_picked":["Wild Strike","True Grit+1"],"picked":"Shrug It Off+1","floor":20},{"not_picked":["Intimidate+1","Armaments+1"],"picked":"Iron Wave","floor":21}],"player_experience":171709,"relics_obtained":[{"floor":9,"key":"Toxic Egg 2"},{"floor":14,"key":"Centennial Puzzle"}],"event_choices":[{"cards_removed":["Strike_R"],"damage_healed":0,"gold_gain":0,"player_choice":"Card Removal","damage_taken":0,"max_hp_gain":0,"max_hp_loss":0,"event_name":"The Cleric","floor":2,"gold_loss":50},{"damage_healed":0,"gold_gain":0,"player_choice":"Box","damage_taken":0,"relics_obtained":["Pocketwatch"],"max_hp_gain":0,"max_hp_loss":0,"event_name":"Big Fish","floor":5,"gold_loss":0,"cards_obtained":["Regret"]},{"cards_removed":["Strike_R"],"damage_healed":0,"gold_gain":0,"player_choice":"Gave Gold","damage_taken":0,"max_hp_gain":0,"max_hp_loss":0,"event_name":"Beggar","floor":22,"gold_loss":75}],"is_beta":false,"boss_relics":[{"not_picked":["Snecko Eye","Empty Cage"],"picked":"Philosopher\u0027s Stone"}],"items_purged_floors":[13],"is_endless":false,"potions_floor_spawned":[3,7,12,18,21],"killed_by":"Book of Stabbing","ascension_level":2}}