{"host":"ji1fk25fd1ga4ji1","time":1612277498,"event":{"mods":["2.2 Compatiblity","BaseMod","Colored Map","DeckTracker","Minty Spire (QoL Compilation)","Permanent Neow","Quick Restart","StSLib","SuperFastMode"],"gold_per_floor":[114,39,55,55,69,69,128,141,141,141,154,168,168,182,182,283,283,293,193,193,193,207,207,221,221,248,274,293,293,307,321,321,416,416,426,426,301,301,151,151,181,141,213,245,245,260,260,310,310,310,310,310,20,46,46],"floor_reached":56,"language":"KOR","playtime":1318,"items_purged":["Strike_R","Strike_R","Strike_R","Strike_R"],"score":1441,"play_id":"2d0b5809-64de-4eec-8603-ea8c9f0f74cf","local_time":"20210202235138","is_ascension_mode":true,"campfire_choices":[{"data":"Feed","floor":6.0,"key":"SMITH"},{"data":"Body Slam","floor":13.0,"key":"SMITH"},{"data":"Barricade","floor":15.0,"key":"SMITH"},{"data":"Offering","floor":23.0,"key":"SMITH"},{"floor":25.0,"key":"RECALL"},{"data":"Disarm","floor":29.0,"key":"SMITH"},{"data":"Body Slam","floor":32.0,"key":"SMITH"},{"data":"Shrug It Off","floor":40.0,"key":"SMITH"},{"data":"Shrug It Off","floor":45.0,"key":"SMITH"},{"data":"Shrug It Off","floor":49.0,"key":"SMITH"},{"data":"Shrug It Off","floor":52.0,"key":"SMITH"}],"circlet_count":0,"master_deck":["Strike_R+1","Defend_R","Defend_R","Defend_R","Defend_R","Bash+1","Barricade+1","Cleave","Feed+1","Disarm+1","Body Slam+1","Shrug It Off+1","Shrug It Off+1","Offering+1","Feel No Pain+1","Shrug It Off+1","Shrug It Off+1","Body Slam+1","Shrug It Off+1","Shrug It Off"],"relics":["Black Blood","Regal Pillow","Potion Belt","Matryoshka","Mark of Pain","Happy Flower","Whetstone","Centennial Puzzle","Shuriken","Nunchaku","Pantograph","Pen Nib","Pocketwatch","Bottled Tornado","Red Skull"],"acts_visited":["Exordium","TheCity","TheBeyond","TheEnding"],"potions_floor_usage":[55,55,55,55,55,55,55,55,55],"damage_taken":[{"damage":6.0,"enemies":"2 Louse","floor":1.0,"turns":3.0},{"damage":3.0,"enemies":"Jaw Worm","floor":3.0,"turns":5.0},{"damage":1.0,"enemies":"Cultist","floor":5.0,"turns":3.0},{"damage":34.0,"enemies":"3 Sentries","floor":7.0,"turns":11.0},{"damage":6.0,"enemies":"2 Fungi Beasts","floor":8.0,"turns":4.0},{"damage":25.0,"enemies":"Large Slime","floor":11.0,"turns":6.0},{"damage":12.0,"enemies":"Blue Slaver","floor":12.0,"turns":3.0},{"damage":5.0,"enemies":"Gremlin Gang","floor":14.0,"turns":3.0},{"damage":26.0,"enemies":"The Guardian","floor":16.0,"turns":16.0},{"damage":6.0,"enemies":"Spheric Guardian","floor":18.0,"turns":6.0},{"damage":6.0,"enemies":"Chosen","floor":22.0,"turns":5.0},{"damage":8.0,"enemies":"Snake Plant","floor":24.0,"turns":6.0},{"damage":8.0,"enemies":"Book of Stabbing","floor":27.0,"turns":10.0},{"damage":18.0,"enemies":"Shelled Parasite and Fungi","floor":28.0,"turns":8.0},{"damage":11.0,"enemies":"Chosen and Byrds","floor":30.0,"turns":12.0},{"damage":6.0,"enemies":"Snake Plant","floor":31.0,"turns":4.0},{"damage":6.0,"enemies":"Champ","floor":33.0,"turns":7.0},{"damage":10.0,"enemies":"3 Darklings","floor":35.0,"turns":8.0},{"damage":6.0,"enemies":"Reptomancer","floor":41.0,"turns":11.0},{"damage":6.0,"enemies":"Nemesis","floor":44.0,"turns":7.0},{"damage":6.0,"enemies":"3 Shapes","floor":46.0,"turns":3.0},{"damage":34.0,"enemies":"Mind Bloom Boss Battle","floor":48.0,"turns":5.0},{"damage":11.0,"enemies":"Time Eater","floor":50.0,"turns":9.0},{"damage":12.0,"enemies":"Shield and Spear","floor":54.0,"turns":9.0},{"damage":26,"enemies":"The Heart","floor":55,"turns":9}],"seed_played":"-4461904386581982978","potions_obtained":[{"floor":5.0,"key":"Ancient Potion"},{"floor":7.0,"key":"Regen Potion"},{"floor":8.0,"key":"BlessingOfTheForge"},{"floor":16.0,"key":"BlessingOfTheForge"},{"floor":18.0,"key":"PowerPotion"},{"floor":30.0,"key":"BlessingOfTheForge"},{"floor":31.0,"key":"Regen Potion"},{"floor":42.0,"key":"EntropicBrew"},{"floor":42.0,"key":"DuplicationPotion"}],"is_trial":false,"path_per_floor":["M","$","M","?","M","R","?","M","T","?","M","M","R","M","R","B",null,"M","$","?","?","M","R","M","R","T","E","M","R","M","M","R","B",null,"M","?","$","?","$","R","E","?","T","E","R","M","?","?","R","B",null,"R","$","E","B",null],"character_chosen":"IRONCLAD","items_purchased":["Bottled Tornado","Shrug It Off"],"campfire_rested":0,"item_purchase_floors":[53,53],"current_hp_per_floor":[80,80,80,62,67,67,43,47,47,52,37,35,35,40,40,24,109,109,109,87,87,91,91,93,93,93,91,83,83,82,86,86,86,134,134,134,134,134,134,134,134,134,134,138,138,142,142,124,124,146,146,146,146,150,150],"gold":46,"neow_bonus":"ONE_RANDOM_RARE_CARD","is_daily":false,"chose_seed":false,"campfire_upgraded":10,"win_rate":0.0,"timestamp":1612277498,"path_taken":["M","$","M","?","M","R","?","M","T","?","M","M","R","M","R","BOSS","M","$","?","?","?","R","M","R","T","E","M","R","M","M","R","BOSS","M","?","$","?","$","R","E","?","T","E","R","?","?","?","R","BOSS","R","$","E","BOSS"],"items_purchased_type":["Relic","Card"],"build_version":"2020-12-22","purchased_purges":4,"victory":true,"max_hp_per_floor":[80,80,80,80,80,80,84,88,88,93,97,101,101,105,105,109,109,109,109,114,114,118,118,122,122,122,122,126,126,130,134,134,134,134,134,134,134,134,134,134,134,134,134,138,138,142,142,146,146,146,146,146,146,150,150],"card_choices":[{"not_picked":["Thunderclap","Clothesline"],"picked":"Cleave","floor":1.0},{"not_picked":["Anger","Flex","Cleave"],"picked":"SKIP","floor":3.0},{"not_picked":["Cleave","Inflame"],"picked":"Feed","floor":5.0},{"not_picked":["Shrug It Off","Feel No Pain"],"picked":"Disarm","floor":7.0},{"not_picked":["Warcry","Wild Strike"],"picked":"Body Slam","floor":8.0},{"not_picked":["Clash","Flex"],"picked":"Shrug It Off","floor":11.0},{"not_picked":["Perfected Strike","Clothesline","Rage"],"picked":"SKIP","floor":12.0},{"not_picked":["Perfected Strike","Warcry"],"picked":"Shrug It Off","floor":14.0},{"not_picked":["Demon Form","Feed"],"picked":"Offering","floor":16.0},{"not_picked":["Flame Barrier","Reckless Charge","Havoc"],"picked":"SKIP","floor":18.0},{"not_picked":["Burning Pact+1","Pommel Strike"],"picked":"Feel No Pain+1","floor":22.0},{"not_picked":["Inflame","Clash+1","Bloodletting+1"],"picked":"SKIP","floor":24.0},{"not_picked":["Twin Strike","Dropkick"],"picked":"Shrug It Off+1","floor":27.0},{"not_picked":["Spot Weakness","Dual Wield+1"],"picked":"Shrug It Off","floor":28.0},{"not_picked":["Cleave","Fire Breathing"],"picked":"Body Slam","floor":30.0},{"not_picked":["Uppercut","Shrug It Off","Reckless Charge"],"picked":"SKIP","floor":31.0},{"not_picked":["Cleave+1","Clash","Dark Embrace"],"picked":"SKIP","floor":35.0},{"not_picked":["Havoc","Intimidate+1","Heavy Blade+1"],"picked":"SKIP","floor":41.0},{"not_picked":["Barricade","Clash+1","Rupture"],"picked":"SKIP","floor":44.0},{"not_picked":["Spot Weakness","Havoc+1","Seeing Red+1"],"picked":"SKIP","floor":46.0},{"not_picked":["Flex+1","Searing Blow"],"picked":"Shrug It Off","floor":48.0},{"not_picked":["Exhume","Iron Wave","Twin Strike"],"picked":"SKIP","floor":54.0}],"player_experience":488881,"relics_obtained":[{"floor":7.0,"key":"Potion Belt"},{"floor":9.0,"key":"Matryoshka"},{"floor":26.0,"key":"Whetstone"},{"floor":27.0,"key":"Centennial Puzzle"},{"floor":41.0,"key":"Shuriken"},{"floor":43.0,"key":"Nunchaku"},{"floor":43.0,"key":"Pantograph"},{"floor":44.0,"key":"Pen Nib"},{"floor":48.0,"key":"Pocketwatch"},{"floor":54.0,"key":"Red Skull"}],"event_choices":[{"damage_healed":0.0,"max_hp_gain":0.0,"max_hp_loss":0.0,"gold_gain":0.0,"event_name":"Scrap Ooze","player_choice":"Success","floor":4.0,"gold_loss":0.0,"damage_taken":18.0,"relics_obtained":["Regal Pillow"]},{"damage_healed":0.0,"max_hp_gain":0.0,"max_hp_loss":0.0,"gold_gain":30.0,"event_name":"Dead Adventurer","player_choice":"Searched \u00272\u0027 times","floor":7.0,"gold_loss":0.0,"damage_taken":0.0},{"damage_healed":0.0,"max_hp_gain":5.0,"max_hp_loss":0.0,"gold_gain":0.0,"event_name":"Big Fish","player_choice":"Donut","floor":10.0,"gold_loss":0.0,"damage_taken":0.0},{"damage_healed":0.0,"max_hp_gain":5.0,"max_hp_loss":0.0,"gold_gain":0.0,"event_name":"Forgotten Altar","player_choice":"Shed Blood","floor":20.0,"gold_loss":0.0,"damage_taken":27.0},{"damage_healed":0.0,"max_hp_gain":0.0,"max_hp_loss":0.0,"gold_gain":0.0,"event_name":"WeMeetAgain","player_choice":"Gave Potion","floor":21.0,"gold_loss":0.0,"damage_taken":0.0,"relics_obtained":["Happy Flower"]},{"damage_healed":0.0,"max_hp_gain":0.0,"max_hp_loss":0.0,"gold_gain":0.0,"event_name":"Mysterious Sphere","player_choice":"Ignored","floor":36.0,"gold_loss":0.0,"damage_taken":0.0},{"damage_healed":0.0,"max_hp_gain":0.0,"max_hp_loss":0.0,"gold_gain":0.0,"event_name":"SensoryStone","player_choice":"Memory 1","floor":38.0,"gold_loss":0.0,"damage_taken":0.0},{"damage_healed":0.0,"max_hp_gain":0.0,"max_hp_loss":0.0,"gold_gain":0.0,"event_name":"The Woman in Blue","player_choice":"Bought 3 Potions","floor":42.0,"gold_loss":0.0,"damage_taken":0.0},{"damage_healed":0.0,"max_hp_gain":0.0,"max_hp_loss":0.0,"gold_gain":0.0,"event_name":"Tomb of Lord Red Mask","player_choice":"Ignored","floor":47.0,"gold_loss":0.0,"damage_taken":0.0},{"damage_healed":0.0,"max_hp_gain":0.0,"max_hp_loss":0.0,"gold_gain":0.0,"event_name":"MindBloom","player_choice":"Fight","floor":48.0,"gold_loss":0.0,"damage_taken":0.0}],"is_beta":false,"boss_relics":[{"not_picked":["SacredBark","Velvet Choker"],"picked":"Mark of Pain"},{"not_picked":["Fusion Hammer","Philosopher\u0027s Stone"],"picked":"Black Blood"}],"items_purged_floors":[2,19,37,39],"is_endless":false,"potions_floor_spawned":[5,7,8,16,18,30,31,46,54],"ascension_level":1}}