{"host":"2wp95sdfrgw3k439","time":1612230345,"event":{"mods":["BaseMod","Better Altar","Better Skull","Better Third Choice","Curses Come First","Minty Spire (QoL Compilation)","Permanent Neow","StSLib"],"gold_per_floor":[109,129,147,147,166,166,193,193,219,247,17,17,42,69,69,170,170,186,186,186,186,186,186,196,223,223,256,268,278,288,203,203,301,301,317,317,329,343,77,112,130,130,130,130,157,174,207,257,257,257,257],"floor_reached":50,"language":"ENG","playtime":2404,"items_purged":["Strike_R"],"score":961,"play_id":"a1618621-ec0f-439d-9040-72da3a1bbb41","local_time":"20210201184545","is_ascension_mode":true,"campfire_choices":[{"data":"Pommel Strike","floor":6,"key":"SMITH"},{"data":"Berserk","floor":8,"key":"SMITH"},{"floor":15,"key":"REST"},{"floor":23,"key":"REST"},{"floor":32,"key":"REST"},{"data":"Limit Break","floor":49,"key":"SMITH"}],"circlet_count":0,"master_deck":["Strike_R","Strike_R","Strike_R","Defend_R","Defend_R","Defend_R","Defend_R","Bash","Flame Barrier+1","Metallicize","Bloodletting","Pommel Strike+1","Berserk+1","Whirlwind","Pummel","Spot Weakness","Limit Break+1","Flex+1","Reaper","Pain","Heavy Blade+1","Shrug It Off+1","Exhume","Pummel+1","Apotheosis","Inflame","Uppercut+1","Normality"],"relics":["Burning Blood","Magic Flower","Omamori","Vajra","Red Skull","PreservedInsect","Odd Mushroom","Paper Frog","Cursed Key","Nilry\u0027s Codex","MealTicket","InkBottle","Orichalcum","Torii","Akabeko","Darkstone Periapt","Busted Crown","Frozen Egg 2","HornCleat","Bag of Preparation","Dream Catcher","Incense Burner"],"acts_visited":["Exordium","TheCity","TheBeyond"],"potions_floor_usage":[3,7,10,13,16,25,25,28,33,38,41,50,50],"damage_taken":[{"damage":2,"enemies":"2 Louse","floor":1,"turns":4},{"damage":2,"enemies":"Cultist","floor":2,"turns":5},{"damage":2,"enemies":"Jaw Worm","floor":3,"turns":4},{"damage":10,"enemies":"3 Louse","floor":5,"turns":4},{"damage":11,"enemies":"3 Sentries","floor":7,"turns":11},{"damage":26,"enemies":"Gremlin Nob","floor":10,"turns":4},{"damage":24,"enemies":"The Mushroom Lair","floor":13,"turns":5},{"damage":3,"enemies":"Lagavulin","floor":14,"turns":3},{"damage":35,"enemies":"Hexaghost","floor":16,"turns":7},{"damage":17,"enemies":"Shell Parasite","floor":18,"turns":5},{"damage":11,"enemies":"Spheric Guardian","floor":24,"turns":3},{"damage":12,"enemies":"Book of Stabbing","floor":25,"turns":4},{"damage":27,"enemies":"Gremlin Leader","floor":27,"turns":3},{"damage":6,"enemies":"3 Cultists","floor":28,"turns":2},{"damage":28,"enemies":"Snecko","floor":29,"turns":3},{"damage":7,"enemies":"Centurion and Healer","floor":30,"turns":4},{"damage":78,"enemies":"Collector","floor":33,"turns":11},{"damage":15,"enemies":"Orb Walker","floor":35,"turns":3},{"damage":14,"enemies":"3 Shapes","floor":37,"turns":2},{"damage":13,"enemies":"Jaw Worm Horde","floor":38,"turns":4},{"damage":3,"enemies":"Giant Head","floor":40,"turns":4},{"damage":21,"enemies":"Transient","floor":41,"turns":5},{"damage":11,"enemies":"Nemesis","floor":45,"turns":3},{"damage":18,"enemies":"3 Darklings","floor":46,"turns":6},{"damage":24,"enemies":"Reptomancer","floor":47,"turns":3},{"damage":16,"enemies":"Mind Bloom Boss Battle","floor":48,"turns":4},{"damage":106,"enemies":"Time Eater","floor":50,"turns":8}],"seed_played":"-7537881519660703942","potions_obtained":[{"floor":1,"key":"BlessingOfTheForge"},{"floor":2,"key":"Energy Potion"},{"floor":7,"key":"PowerPotion"},{"floor":10,"key":"Swift Potion"},{"floor":14,"key":"ColorlessPotion"},{"floor":18,"key":"BlessingOfTheForge"},{"floor":24,"key":"Weak Potion"},{"floor":27,"key":"AttackPotion"},{"floor":29,"key":"Block Potion"},{"floor":37,"key":"Fire Potion"},{"floor":40,"key":"Weak Potion"},{"floor":41,"key":"BloodPotion"},{"floor":47,"key":"SteroidPotion"}],"is_trial":false,"path_per_floor":["M","M","M","?","M","R","E","R","T","E","$","?","?","E","R","B",null,"M","?","?","?","T","R","M","E","T","E","M","M","M","?","R","B",null,"M","?","M","M","$","E","M","?","T","?","E","M","E","?","R","B"],"character_chosen":"IRONCLAD","items_purchased":["PreservedInsect","Apotheosis","Inflame"],"campfire_rested":3,"item_purchase_floors":[11,39,39],"current_hp_per_floor":[72,72,72,72,71,71,69,69,69,52,52,52,37,43,64,38,64,56,56,40,40,40,61,59,56,56,38,41,40,42,42,63,27,61,66,66,61,71,72,72,72,72,78,74,72,63,48,74,74,0,0],"gold":257,"neow_bonus":"ONE_RARE_RELIC","is_daily":false,"chose_seed":false,"campfire_upgraded":3,"win_rate":0.0,"timestamp":1612230345,"path_taken":["M","M","M","?","?","R","E","R","T","E","?","?","?","E","R","BOSS","M","?","?","?","?","R","M","E","T","E","M","M","M","?","R","BOSS","M","?","M","M","$","E","M","?","T","?","E","M","E","?","R","BOSS"],"items_purchased_type":["Relic","Card","Card"],"build_version":"2020-12-22","purchased_purges":1,"victory":false,"max_hp_per_floor":[72,72,72,72,72,72,72,72,72,72,72,72,72,72,72,72,72,72,72,72,72,72,72,72,72,72,72,72,72,72,72,72,72,72,72,72,72,72,72,72,72,72,78,74,74,74,74,74,74,74,74],"card_choices":[{"not_picked":["Warcry","Wild Strike"],"picked":"Flame Barrier","floor":1},{"not_picked":["Havoc","Dual Wield"],"picked":"Metallicize","floor":2},{"not_picked":["Twin Strike","Iron Wave"],"picked":"Bloodletting","floor":3},{"not_picked":["Sword Boomerang","Carnage"],"picked":"Pommel Strike","floor":5},{"not_picked":["Heavy Blade","Shockwave"],"picked":"Berserk","floor":7},{"not_picked":["Power Through","Dark Embrace"],"picked":"Whirlwind","floor":10},{"not_picked":["Ghostly Armor","Anger"],"picked":"Pummel","floor":13},{"not_picked":["Thunderclap","Clothesline"],"picked":"Spot Weakness","floor":14},{"not_picked":["Fiend Fire","Barricade"],"picked":"Limit Break","floor":16},{"not_picked":["Iron Wave","Perfected Strike"],"picked":"Flex+1","floor":18},{"not_picked":["Twin Strike","Cleave"],"picked":"Havoc+1","floor":24},{"not_picked":["Flex","Rage"],"picked":"Reaper","floor":25},{"not_picked":["Iron Wave","Entrench+1"],"picked":"Heavy Blade+1","floor":27},{"not_picked":["Shrug It Off","Warcry","Clash"],"picked":"SKIP","floor":28},{"not_picked":["Berserk","Anger"],"picked":"Shrug It Off+1","floor":29},{"not_picked":["Wild Strike","Clash","Thunderclap"],"picked":"SKIP","floor":30},{"not_picked":["Brutality","Berserk"],"picked":"Exhume","floor":33},{"not_picked":["Reckless Charge+1"],"picked":"SKIP","floor":35},{"not_picked":[],"picked":"Pummel+1","floor":37},{"not_picked":["Warcry"],"picked":"SKIP","floor":38},{"not_picked":[],"picked":"Uppercut+1","floor":40},{"not_picked":["Perfected Strike+1"],"picked":"SKIP","floor":41},{"not_picked":["Power Through+1"],"picked":"SKIP","floor":45},{"not_picked":["Warcry+1"],"picked":"SKIP","floor":46},{"not_picked":["Body Slam"],"picked":"SKIP","floor":47}],"player_experience":532045,"relics_obtained":[{"floor":7,"key":"Omamori"},{"floor":9,"key":"Vajra"},{"floor":10,"key":"Red Skull"},{"floor":13,"key":"Odd Mushroom"},{"floor":14,"key":"Paper Frog"},{"floor":20,"key":"Nilry\u0027s Codex"},{"floor":22,"key":"InkBottle"},{"floor":25,"key":"Orichalcum"},{"floor":26,"key":"Torii"},{"floor":27,"key":"Akabeko"},{"floor":40,"key":"Frozen Egg 2"},{"floor":43,"key":"HornCleat"},{"floor":45,"key":"Bag of Preparation"},{"floor":47,"key":"Dream Catcher"},{"floor":48,"key":"Incense Burner"}],"event_choices":[{"damage_healed":0,"gold_gain":0,"player_choice":"Upgraded","damage_taken":0,"max_hp_gain":0,"max_hp_loss":0,"event_name":"Upgrade Shrine","floor":4,"gold_loss":0,"cards_upgraded":["Flame Barrier"]},{"cards_removed":["Strike_R"],"damage_healed":0,"gold_gain":0,"player_choice":"Forget","damage_taken":0,"max_hp_gain":0,"max_hp_loss":0,"event_name":"Living Wall","floor":12,"gold_loss":0},{"damage_healed":0,"gold_gain":0,"player_choice":"Fought Mushrooms","damage_taken":0,"max_hp_gain":0,"max_hp_loss":0,"event_name":"Mushrooms","floor":13,"gold_loss":0},{"damage_healed":0,"gold_gain":0,"player_choice":"Ignored","damage_taken":0,"max_hp_gain":0,"max_hp_loss":0,"event_name":"Ghosts","floor":19,"gold_loss":0},{"damage_healed":0,"gold_gain":0,"player_choice":"Obtained Book","damage_taken":16,"max_hp_gain":0,"max_hp_loss":0,"event_name":"Cursed Tome","floor":20,"gold_loss":0},{"damage_healed":0,"gold_gain":0,"player_choice":"Opened","damage_taken":0,"relics_obtained":["MealTicket"],"max_hp_gain":0,"max_hp_loss":0,"event_name":"The Mausoleum","floor":21,"gold_loss":0,"cards_obtained":["Writhe"]},{"damage_healed":0,"gold_gain":0,"player_choice":"Obtained Relic","damage_taken":0,"relics_obtained":["Darkstone Periapt"],"max_hp_gain":0,"max_hp_loss":0,"event_name":"Addict","floor":31,"gold_loss":85},{"damage_healed":0,"gold_gain":0,"player_choice":"Ignored","damage_taken":0,"max_hp_gain":0,"max_hp_loss":0,"event_name":"Tomb of Lord Red Mask","floor":36,"gold_loss":0},{"cards_removed":["Havoc"],"damage_healed":0,"gold_gain":0,"player_choice":"Removed Skill","damage_taken":0,"max_hp_gain":0,"max_hp_loss":0,"event_name":"Falling","floor":42,"gold_loss":0},{"damage_healed":0,"gold_gain":0,"player_choice":"Max HP","damage_taken":0,"max_hp_gain":0,"max_hp_loss":4,"event_name":"Winding Halls","floor":44,"gold_loss":0},{"damage_healed":0,"gold_gain":0,"player_choice":"Fight","damage_taken":0,"max_hp_gain":0,"max_hp_loss":0,"event_name":"MindBloom","floor":48,"gold_loss":0}],"is_beta":false,"boss_relics":[{"not_picked":["Fusion Hammer","Astrolabe"],"picked":"Cursed Key"},{"not_picked":["SlaversCollar","Philosopher\u0027s Stone"],"picked":"Busted Crown"}],"items_purged_floors":[11],"is_endless":false,"potions_floor_spawned":[1,2,7,10,14,18,24,27,29,37,40,41,47],"killed_by":"Time Eater","ascension_level":9}}