{"host":"sav7uxregyirlf69","time":1612256015,"event":{"mods":["AchievementEnabler","BaseMod","Colored Map","DeckTracker","Keyboard Shortcuts","Minty Spire (QoL Compilation)","READ ME - Guardian Mod","StSLib","SuperFastMode"],"gold_per_floor":[115,190,200,200,210,240,240,260,285,296,296,365,365,237,237,309,309,321,54,104,104,74,74,74],"floor_reached":23,"language":"KOR","playtime":321,"items_purged":["Pain","Strike_G"],"score":374,"play_id":"b5a76b14-dc35-442e-84ea-1677d252f47a","local_time":"20210202175335","is_ascension_mode":true,"campfire_choices":[{"floor":7,"key":"REST"},{"floor":11,"key":"REST"},{"data":"Deadly Poison","floor":15,"key":"SMITH"}],"circlet_count":0,"master_deck":["AscendersBane","Strike_G","Strike_G","Defend_G","Defend_G","Defend_G","Defend_G","Defend_G","Survivor","Neutralize+1","Crippling Poison","Reflex","Footwork","Noxious Fumes","Deadly Poison+1","Adrenaline","Blade Dance"],"relics":["Ring of the Snake","WarpedTongs","Ancient Tea Set","Odd Mushroom","Regal Pillow","Matryoshka","Empty Cage","ClockworkSouvenir"],"acts_visited":["Exordium","TheCity"],"potions_floor_usage":[6,16],"damage_taken":[{"damage":1,"enemies":"Small Slimes","floor":1,"turns":4},{"damage":0,"enemies":"Cultist","floor":3,"turns":4},{"damage":11,"enemies":"Jaw Worm","floor":5,"turns":4},{"damage":30,"enemies":"Gremlin Nob","floor":6,"turns":5},{"damage":17,"enemies":"The Mushroom Lair","floor":8,"turns":5},{"damage":5,"enemies":"Blue Slaver","floor":10,"turns":6},{"damage":29,"enemies":"The Guardian","floor":16,"turns":11},{"damage":18,"enemies":"Chosen","floor":18,"turns":6},{"damage":14,"enemies":"2 Thieves","floor":22,"turns":5},{"damage":20,"enemies":"Slavers","floor":23,"turns":2}],"seed_played":"-4928333636096180772","potions_obtained":[{"floor":1,"key":"Swift Potion"},{"floor":3,"key":"BlessingOfTheForge"}],"is_trial":false,"path_per_floor":["M","?","M","?","M","E","R","?","T","M","R","T","?","$","R","B",null,"M","$","?","?","M","E"],"character_chosen":"THE_SILENT","items_purchased":["PowerPotion","ClockworkSouvenir"],"campfire_rested":2,"item_purchase_floors":[14,19],"current_hp_per_floor":[58,47,47,47,36,6,25,8,8,3,37,37,37,37,37,8,52,34,34,34,34,20,0,0],"gold":74,"neow_bonus":"UPGRADE_CARD","is_daily":false,"chose_seed":false,"campfire_upgraded":1,"win_rate":0.0,"timestamp":1612256015,"path_taken":["M","?","M","?","?","E","R","?","T","M","R","?","?","?","R","BOSS","M","$","?","?","M","E"],"items_purchased_type":["Potion","Relic"],"build_version":"2020-12-22","purchased_purges":2,"victory":false,"max_hp_per_floor":[66,66,66,66,66,66,66,66,66,66,66,66,66,66,66,66,66,66,66,66,66,66,66,66],"card_choices":[{"not_picked":["PiercingWail","Slice"],"picked":"Crippling Poison","floor":1},{"not_picked":["Deflect","Eviscerate"],"picked":"Reflex","floor":3},{"not_picked":["Catalyst","Expertise"],"picked":"Footwork","floor":5},{"not_picked":["Deflect","Finisher"],"picked":"Noxious Fumes","floor":6},{"not_picked":["Slice","Sucker Punch"],"picked":"Deadly Poison","floor":8},{"not_picked":["Flying Knee","Poisoned Stab","Deflect"],"picked":"SKIP","floor":10},{"not_picked":["Bullet Time","Venomology"],"picked":"Adrenaline","floor":16},{"not_picked":["Masterful Stab","Dodge and Roll","Leg Sweep"],"picked":"SKIP","floor":18},{"not_picked":["Outmaneuver","Predator+1"],"picked":"Blade Dance","floor":22}],"player_experience":1462327,"relics_obtained":[{"floor":6,"key":"Ancient Tea Set"},{"floor":8,"key":"Odd Mushroom"},{"floor":9,"key":"Regal Pillow"},{"floor":12,"key":"Matryoshka"}],"event_choices":[{"damage_healed":0,"gold_gain":75,"player_choice":"Gather Gold","damage_taken":11,"max_hp_gain":0,"max_hp_loss":0,"event_name":"World of Goop","floor":2,"gold_loss":0},{"damage_healed":0,"gold_gain":0,"player_choice":"Rummage","damage_taken":0,"relics_obtained":["WarpedTongs"],"max_hp_gain":0,"max_hp_loss":0,"event_name":"Accursed Blacksmith","floor":4,"gold_loss":0,"cards_obtained":["Pain"]},{"damage_healed":0,"gold_gain":0,"player_choice":"Fought Mushrooms","damage_taken":0,"max_hp_gain":0,"max_hp_loss":0,"event_name":"Mushrooms","floor":8,"gold_loss":0},{"damage_healed":0,"gold_gain":0,"player_choice":"Ignored","damage_taken":0,"max_hp_gain":0,"max_hp_loss":0,"event_name":"Liars Game","floor":13,"gold_loss":0},{"damage_healed":0,"gold_gain":50,"player_choice":"Stole From Cult","damage_taken":0,"max_hp_gain":0,"max_hp_loss":0,"event_name":"Nest","floor":20,"gold_loss":0},{"damage_healed":0,"gold_gain":0,"player_choice":"Ignored","damage_taken":0,"max_hp_gain":0,"max_hp_loss":0,"event_name":"The Mausoleum","floor":21,"gold_loss":0}],"is_beta":false,"boss_relics":[{"not_picked":["Calling Bell","Velvet Choker"],"picked":"Empty Cage"}],"items_purged_floors":[14,19],"is_endless":false,"potions_floor_spawned":[1,3,5],"killed_by":"Slavers","ascension_level":20}}