{"host":"r10yh36zs2k9z1sa","time":1612259969,"event":{"mods":["AchievementEnabler","Act Like it!","Aspiration","Astrologer","BaseMod","Colored Map","Conspire","Decade(¤ý¤p©ú)","Gensokyo","Hermit","Highlight Path","KinomotoSakuraMod(¤ì¤§¥»?)","Koishi","Marisa¡]Ãú«B¡@Å]²z¨F¡^","Minty Spire (QoL Compilation)","Permanent Neow","Quick Restart","Reimu¡]³Õ???¡^","Remilia¡]Á¢¦Ì²ú?¡^","StSLib","SuperFastMode","The Administrix","The Blackbeard","The Bug Knight","The Cursed","The Gatherer","The Mystic","The Saiyan","The Senshi","The Servant 0.9.4","Youmu¡]»î¾z§¯?¡^","Yuri Mod","Yuyuko"],"gold_per_floor":[112,62,62,62,73,104,29,39,39,59,359,7,7,17,17,120,120,135,145,145,158,176,204,154,187,187,201,230,230,230,230,230,348,348,359,375,375,375,416,463,493,508,508,166,202,241,476,486,486,486],"floor_reached":51,"language":"ZHS","playtime":3540,"items_purged":["Regret"],"score":981,"play_id":"1b06871a-157e-4ca5-a538-018ebd15839e","local_time":"20210202175929","is_ascension_mode":false,"campfire_choices":[{"floor":15,"key":"REST"},{"data":"conspire:Banana","floor":30,"key":"SMITH"},{"data":"TheCursedMod:CleanUpWorkshop","floor":32,"key":"SMITH"},{"data":"TheCursedMod:Neurasthenia","floor":49,"key":"SMITH"}],"circlet_count":0,"master_deck":["TheCursedMod:Strike_TheCursed","TheCursedMod:Strike_TheCursed","TheCursedMod:Strike_TheCursed","TheCursedMod:Strike_TheCursed","TheCursedMod:Defend_TheCursed","TheCursedMod:Defend_TheCursed","TheCursedMod:Defend_TheCursed","TheCursedMod:CursedWand","TheCursedMod:Dregs","conspire:Banana+1","TheCursedMod:TroublousMinions","TheCursedMod:CursedBlade","TheCursedMod:DemonSword","TheCursedMod:SoulCrush","TheCursedMod:FleshFromBone","TheCursedMod:FleshFromBone","TheCursedMod:LuckyCharm","TheCursedMod:SpitefulStrike","TheCursedMod:StunningStrike","TheCursedMod:CursedShiv+1","TheCursedMod:CircleOfBlood+1","Pride","TheCursedMod:CursedBlade","TheCursedMod:ReleasedStrength","conspire:SpireCoStock","TheCursedMod:SpitefulPlan","Shame","TheCursedMod:Neurasthenia+1","TheCursedMod:RapidMovement+1","TheCursedMod:SurpriseAttack","TheCursedMod:SoulReap","TheCursedMod:AntiAging+1","TheCursedMod:CursedBlade+1","TheCursedMod:CursedShiv+1","TheCursedMod:CursedArmor+1","TheCursedMod:SpitefulPlan","TheCursedMod:NeowsMight+1","TheCursedMod:CursedBlade+1"],"relics":["TheCursedMod:BlackMagic101","aspiration:HatOfInfinitePower","theSenshi:SailorFukuRelic","HollowMod:PaleOreRelic","Old Coin","Anchor","aspiration:PoetsPen_weak","GreatHeart","Happy Flower","ScarletDevilRocket","Mango","TheCursedMod:FourLeafCloverCharm","Toxic Egg 2","aspiration:FetidBarrel","Medical Kit","White Beast Statue","Dream Catcher","Oddly Smooth Stone","Dead Branch"],"acts_visited":["Exordium","TheCity","TheCity"],"potions_floor_usage":[16,33,40,40,42,47,50,50,50],"damage_taken":[{"damage":0,"enemies":"Small Slimes","floor":1,"turns":4},{"damage":4,"enemies":"2 Louse","floor":5,"turns":3},{"damage":63,"enemies":"HollowMod:MossKnight","floor":6,"turns":12},{"damage":0,"enemies":"Jaw Worm","floor":8,"turns":3},{"damage":1,"enemies":"conspire:2 RoseBushes","floor":10,"turns":3},{"damage":0,"enemies":"Exordium Wildlife","floor":14,"turns":4},{"damage":27,"enemies":"Hexaghost","floor":16,"turns":11},{"damage":6,"enemies":"Shell Parasite","floor":18,"turns":3},{"damage":0,"enemies":"conspire:FuzzyDice","floor":19,"turns":4},{"damage":22,"enemies":"Snake Plant","floor":21,"turns":4},{"damage":0,"enemies":"Cultist and Chosen","floor":22,"turns":4},{"damage":0,"enemies":"conspire:Head Lice","floor":23,"turns":8},{"damage":9,"enemies":"3 Cultists","floor":25,"turns":4},{"damage":0,"enemies":"Snecko","floor":27,"turns":4},{"damage":0,"enemies":"Gremlin Leader","floor":28,"turns":4},{"damage":11,"enemies":"Champ","floor":33,"turns":9},{"damage":23,"enemies":"Gensokyo:AncientGuardian","floor":35,"turns":5},{"damage":19,"enemies":"Gensokyo:3_Boulders","floor":36,"turns":7},{"damage":35,"enemies":"Gensokyo:AtlasGolem","floor":39,"turns":7},{"damage":42,"enemies":"Gensokyo:Kasen","floor":40,"turns":7},{"damage":17,"enemies":"Gensokyo:4_Bats","floor":41,"turns":5},{"damage":2,"enemies":"Gensokyo:Dusk_and_Dawn","floor":42,"turns":4},{"damage":15,"enemies":"Gensokyo:Doremy","floor":45,"turns":5},{"damage":28,"enemies":"Gensokyo:SeedOfUnknown","floor":46,"turns":7},{"damage":22,"enemies":"Gensokyo:Marisa","floor":47,"turns":7},{"damage":0,"enemies":"Gensokyo:3_Boulders","floor":48,"turns":3},{"damage":0,"enemies":"Gensokyo:Shinki","floor":50,"turns":8}],"seed_played":"1208471897105272628","potions_obtained":[{"floor":1,"key":"Energy Potion"},{"floor":8,"key":"AttackPotion"},{"floor":10,"key":"SteroidPotion"},{"floor":18,"key":"Regen Potion"},{"floor":21,"key":"GamblersBrew"},{"floor":27,"key":"LiquidBronze"},{"floor":36,"key":"BlessingOfTheForge"},{"floor":40,"key":"AttackPotion"},{"floor":45,"key":"DuplicationPotion"},{"floor":46,"key":"DuplicationPotion"},{"floor":47,"key":"Strength Potion"},{"floor":48,"key":"PowerPotion"}],"is_trial":false,"path_per_floor":["M","?","?","$","M","E","$","M","T","M","?","$","$","M","R","B",null,"M","M","?","M","M","E","?","M","T","M","E","$","R","?","R","B",null,"M","M","?","?","M","E","M","M","T","COS","E","M","E","M","R","B",null],"character_chosen":"THE_CURSED","items_purchased":["TheCursedMod:SoulCrush","TheCursedMod:LuckyCharm","TheCursedMod:SpitefulStrike","Anchor"],"campfire_rested":1,"item_purchase_floors":[7,12,12,12],"current_hp_per_floor":[76,76,76,76,73,11,11,12,12,12,12,12,12,13,37,11,82,77,78,78,73,86,87,87,88,88,89,90,90,90,104,104,95,106,85,80,80,91,58,68,71,80,80,80,81,58,58,78,78,91],"gold":486,"neow_bonus":"RANDOM_COLORLESS","is_daily":false,"chose_seed":false,"campfire_upgraded":3,"win_rate":0.0,"timestamp":1612259969,"path_taken":["M","?","?","?","M","E","?","M","T","?","?","?","$","M","R","BOSS","M","M","?","M","M","E","?","M","T","M","E","$","R","?","R","BOSS","M","M","?","?","M","E","M","M","T","COS","E","?","E","M","R","BOSS"],"items_purchased_type":["Card","Card","Card","Relic"],"build_version":"2020-12-22","purchased_purges":1,"victory":true,"max_hp_per_floor":[76,76,76,76,77,78,78,79,79,80,80,80,80,81,81,82,82,83,84,84,85,86,87,87,88,88,89,90,90,90,104,104,106,106,108,110,110,110,112,114,117,120,120,120,123,128,133,138,138,140],"card_choices":[{"not_picked":["Mind Blast","Flash of Steel"],"picked":"conspire:Banana","floor":0},{"not_picked":["TheCursedMod:Stretching","TheCursedMod:SmokeScreen"],"picked":"TheCursedMod:TroublousMinions","floor":1},{"not_picked":["TheCursedMod:CursedMace","TheCursedMod:SpitefulStrike"],"picked":"TheCursedMod:CursedBlade","floor":5},{"not_picked":["TheCursedMod:Evocation","TheCursedMod:CircleOfWindfury"],"picked":"TheCursedMod:DemonSword","floor":6},{"not_picked":["TheCursedMod:FuryStrike","TheCursedMod:CursedArmor"],"picked":"TheCursedMod:FleshFromBone","floor":8},{"not_picked":["TheCursedMod:Torture","TheCursedMod:SmokeScreen"],"picked":"TheCursedMod:FleshFromBone","floor":10},{"not_picked":["TheCursedMod:RapidMovement","TheCursedMod:SmokeScreen","TheCursedMod:Torture"],"picked":"SKIP","floor":14},{"not_picked":["TheCursedMod:DemonSword","TheCursedMod:Neurasthenia"],"picked":"TheCursedMod:StunningStrike","floor":16},{"not_picked":["TheCursedMod:SpitefulPray+1","TheCursedMod:SurpriseAttack"],"picked":"TheCursedMod:CursedShiv+1","floor":18},{"not_picked":["TheCursedMod:BlessingInDisguise","TheCursedMod:SmokeScreen"],"picked":"TheCursedMod:CircleOfBlood+1","floor":19},{"not_picked":["TheCursedMod:ManaBullet","TheCursedMod:CursedMace"],"picked":"TheCursedMod:CursedBlade","floor":21},{"not_picked":["TheCursedMod:CircleOfCorruption","TheCursedMod:VitalStrike+1"],"picked":"TheCursedMod:ReleasedStrength","floor":22},{"not_picked":["TheCursedMod:Stretching","TheCursedMod:TacticalStrike","TheCursedMod:CircleOfCorruption"],"picked":"SKIP","floor":23},{"not_picked":["TheCursedMod:FuryStrike","TheCursedMod:Stretching","TheCursedMod:Hemoplague"],"picked":"SKIP","floor":25},{"not_picked":["TheCursedMod:CursedShiv","TheCursedMod:CircleOfFlame"],"picked":"TheCursedMod:SpitefulPlan","floor":27},{"not_picked":["TheCursedMod:RapidMovement","TheCursedMod:Torture","TheCursedMod:DemonicPact"],"picked":"SKIP","floor":28},{"not_picked":["TheCursedMod:ManaCirculation","TheCursedMod:CollectTribute"],"picked":"TheCursedMod:Neurasthenia","floor":33},{"not_picked":["TheCursedMod:EmpowerCircles+1","TheCursedMod:SpreadPlague+1"],"picked":"TheCursedMod:RapidMovement+1","floor":35},{"not_picked":["TheCursedMod:CircleOfFocus+1","TheCursedMod:FleshFromBone"],"picked":"TheCursedMod:SurpriseAttack","floor":36},{"not_picked":["TheCursedMod:CursedBoomerang+1","TheCursedMod:TacticalStrike"],"picked":"TheCursedMod:SoulReap","floor":39},{"not_picked":["TheCursedMod:TacticalStrike+1","TheCursedMod:PrepareRite+1"],"picked":"TheCursedMod:AntiAging+1","floor":40},{"not_picked":["TheCursedMod:FleshFromBone+1","TheCursedMod:CircleOfWindfury+1"],"picked":"TheCursedMod:CursedBlade+1","floor":41},{"not_picked":["TheCursedMod:RavingStaff+1","TheCursedMod:CursedAmulet+1"],"picked":"TheCursedMod:CursedShiv+1","floor":42},{"not_picked":["TheCursedMod:AbyssShockwave+1","TheCursedMod:FuryStrike"],"picked":"TheCursedMod:CursedArmor+1","floor":45},{"not_picked":["TheCursedMod:CircleOfBlood+1","TheCursedMod:SpitefulStrike"],"picked":"TheCursedMod:SpitefulPlan","floor":46},{"not_picked":["TheCursedMod:DemonicPact","TheCursedMod:CircleOfAbyss"],"picked":"TheCursedMod:NeowsMight","floor":47},{"not_picked":["TheCursedMod:Obscuration+1","TheCursedMod:CursedRelics","TheCursedMod:CursedMace+1"],"picked":"SKIP","floor":47},{"not_picked":["TheCursedMod:CircleOfFlame+1","TheCursedMod:VitalStrike"],"picked":"TheCursedMod:CursedBlade+1","floor":48}],"player_experience":409669,"relics_obtained":[{"floor":6,"key":"theSenshi:SailorFukuRelic"},{"floor":9,"key":"HollowMod:PaleOreRelic"},{"floor":23,"key":"Happy Flower"},{"floor":28,"key":"ScarletDevilRocket"},{"floor":40,"key":"Toxic Egg 2"},{"floor":43,"key":"aspiration:FetidBarrel"},{"floor":45,"key":"White Beast Statue"},{"floor":47,"key":"Oddly Smooth Stone"}],"event_choices":[{"cards_removed":["TheCursedMod:Defend_TheCursed"],"damage_healed":0,"gold_gain":0,"player_choice":"Card Removal","damage_taken":0,"max_hp_gain":0,"max_hp_loss":0,"event_name":"The Cleric","floor":2,"gold_loss":50},{"damage_healed":0,"gold_gain":0,"player_choice":"Box","damage_taken":0,"relics_obtained":["aspiration:HatOfInfinitePower"],"max_hp_gain":0,"max_hp_loss":0,"event_name":"Big Fish","floor":3,"gold_loss":0,"cards_obtained":["Regret"]},{"damage_healed":0,"gold_gain":0,"player_choice":"Gave Potion","damage_taken":0,"relics_obtained":["Old Coin"],"max_hp_gain":0,"max_hp_loss":0,"event_name":"WeMeetAgain","floor":11,"gold_loss":0},{"damage_healed":0,"gold_gain":0,"player_choice":"Invest 1","damage_taken":0,"max_hp_gain":0,"max_hp_loss":0,"event_name":"conspire:Investor","floor":24,"gold_loss":0},{"damage_healed":0,"gold_gain":0,"player_choice":"Stole Relic","damage_taken":0,"relics_obtained":["Mango"],"max_hp_gain":0,"max_hp_loss":0,"event_name":"Addict","floor":31,"gold_loss":0,"cards_obtained":["Shame"]}],"is_beta":false,"boss_relics":[{"not_picked":["aspiration:SecretTechniqueScroll","Snecko Eye"],"picked":"aspiration:PoetsPen_weak"},{"not_picked":["Runic Pyramid","conspire:SeveredTorchhead"],"picked":"TheCursedMod:FourLeafCloverCharm"}],"items_purged_floors":[12],"is_endless":false,"potions_floor_spawned":[1,8,10,18,21,27,36,40,45,46,47,48],"ascension_level":0}}