{"host":"knspyp6dy614fx6e","time":1612254960,"event":{"mods":["ATMod(°¢èªMod)","Aspiration","BaseMod","Better Altar","Better Skull","Better Third Choice","Card Filter","DeckTracker","Dota2Spire","Energized Spire","Jedi Mod","Minty Spire (QoL Compilation)","Quick Restart","Relic Filter Mod","Relic Stats","Reliquary","Shop Mod","Spicy Shops","StSLib","TestMod","Waifu the Spire","¡¾ÒÅÎï¿¨ÅÆ¡¿REMEMod"],"gold_per_floor":[113,113,38,48,48,75,75,75,75,91,105,135,135,153,153,232,232,251,251,262,16,36,75,75,100,126,126,32,45,79,90,90,161,161,187,197,217,217,217,250,250,300,326,367,367,82,82,101,101,101,101],"floor_reached":50,"language":"ZHS","playtime":1719,"items_purged":["Strike_R","Strike_R"],"score":1436,"play_id":"2184bb25-ef53-483c-af53-015fe8b6e0ed","local_time":"20210202163600","is_ascension_mode":true,"campfire_choices":[{"data":"Whirlwind","floor":7.0,"key":"SMITH"},{"data":"Armaments","floor":13.0,"key":"SMITH"},{"data":"REME_Cut","floor":15.0,"key":"SMITH"},{"data":"Offering","floor":24.0,"key":"SMITH"},{"floor":32.0,"key":"REST"},{"floor":41,"key":"REST"},{"floor":45,"key":"REST"},{"floor":49,"key":"RECALL"}],"circlet_count":0,"master_deck":["AscendersBane","Defend_R","Defend_R","Defend_R","Defend_R","Bash","Uppercut","Whirlwind+1","Rage","Headbutt","Flex","True Grit","Armaments+1","REME_Cut+1","Offering+1","Seeing Red","Double Tap","Body Slam+1","Shockwave","Fiend Fire","Bandage Up","Deep Breath","REME_WheelOfFate"],"relics":["Burning Blood","AT_ATBox","testmod-TestBox","REME_ComplimentaryCards","NeowsBlessing","aspiration:HatOfInfinitePower","jedi:heavyjacket","aspiration:Lifesprig","Philosopher\u0027s Stone","aspiration:RitualStick","Happy Flower","testmod-IndustrialRevolution","Dota2Spire:Vanguard","jedi:paperlyon","MealTicket","Bird Faced Urn","reliquary:Crutches","jedi:cryingmask","MerchantsRug"],"acts_visited":["Exordium","TheCity","TheBeyond"],"potions_floor_usage":[37,40],"damage_taken":[{"damage":0.0,"enemies":"2 Louse","floor":1.0,"turns":1.0},{"damage":0.0,"enemies":"Jaw Worm","floor":4.0,"turns":1.0},{"damage":0.0,"enemies":"3 Sentries","floor":6.0,"turns":1.0},{"damage":0.0,"enemies":"Cultist","floor":10.0,"turns":2.0},{"damage":0.0,"enemies":"Large Slime","floor":11.0,"turns":5.0},{"damage":2.0,"enemies":"Gremlin Nob","floor":12.0,"turns":3.0},{"damage":0.0,"enemies":"2 Fungi Beasts","floor":14.0,"turns":3.0},{"damage":0.0,"enemies":"Slime Boss","floor":16.0,"turns":5.0},{"damage":6.0,"enemies":"2 Thieves","floor":18.0,"turns":1.0},{"damage":13.0,"enemies":"Chosen","floor":20.0,"turns":4.0},{"damage":18.0,"enemies":"Snake Plant","floor":22.0,"turns":3.0},{"damage":13.0,"enemies":"Book of Stabbing","floor":23.0,"turns":3.0},{"damage":6.0,"enemies":"Gremlin Leader","floor":25.0,"turns":3.0},{"damage":18.0,"enemies":"Centurion and Healer","floor":29.0,"turns":3.0},{"damage":15.0,"enemies":"Book of Stabbing","floor":30.0,"turns":2.0},{"damage":6.0,"enemies":"3 Cultists","floor":31.0,"turns":3.0},{"damage":6.0,"enemies":"Automaton","floor":33.0,"turns":4.0},{"damage":23.0,"enemies":"Orb Walker","floor":35.0,"turns":4.0},{"damage":21.0,"enemies":"3 Shapes","floor":36.0,"turns":3.0},{"damage":0,"enemies":"Jaw Worm Horde","floor":37,"turns":2},{"damage":35,"enemies":"Nemesis","floor":40,"turns":3},{"damage":6,"enemies":"2 Orb Walkers","floor":42,"turns":1},{"damage":37,"enemies":"Giant Head","floor":44,"turns":6},{"damage":18,"enemies":"Maw","floor":48,"turns":6},{"damage":65,"enemies":"Time Eater","floor":50,"turns":6}],"seed_played":"-4788650505277903002","potions_obtained":[{"floor":11.0,"key":"Dota2Spire:HealingSalve"},{"floor":14.0,"key":"Strength Potion"},{"floor":16.0,"key":"SteroidPotion"},{"floor":18.0,"key":"DuplicationPotion"},{"floor":31.0,"key":"AttackPotion"},{"floor":35.0,"key":"testmod-TestPotion"},{"floor":36.0,"key":"jedi:wingpotion"},{"floor":40,"key":"REME_GoldPotion"},{"floor":44,"key":"ElixirPotion"}],"is_trial":false,"path_per_floor":["M","?","?","M","T","E","R","?","T","M","M","E","R","M","R","B",null,"M","?","M","$","M","E","R","E","T","?","?","M","E","M","R","B",null,"M","M","M","?","?","E","R","?","T","E","R","$","?","M","R","B"],"character_chosen":"IRONCLAD","items_purchased":["Happy Flower","Double Tap","MerchantsRug","SteroidPotion"],"campfire_rested":3,"item_purchase_floors":[21,21,46,46],"current_hp_per_floor":[74,74,74,75,75,75,75,75,82,82,82,82,82,82,82,82,82,82,61,54,54,42,35,35,35,35,35,35,23,14,14,38,38,71,54,39,45,45,45,16,39,39,39,10,33,48,38,32,32,0,0],"gold":101,"neow_bonus":"THREE_ENEMY_KILL","is_daily":false,"chose_seed":false,"campfire_upgraded":4,"win_rate":0.0,"timestamp":1612254960,"path_taken":["M","?","?","?","?","E","R","?","T","?","M","E","R","M","R","BOSS","M","?","M","$","M","E","R","E","T","?","?","M","E","M","R","BOSS","M","M","?","?","?","E","R","?","T","E","R","$","?","M","R","BOSS"],"items_purchased_type":["Relic","Card","Relic","Potion"],"build_version":"2020-12-22","purchased_purges":2,"victory":false,"max_hp_per_floor":[75,75,75,75,75,75,75,75,82,82,82,82,82,82,82,82,82,82,82,82,82,82,82,82,82,82,82,82,82,82,82,82,82,82,82,82,82,78,78,78,78,78,78,78,78,78,78,78,78,78,78],"relic_stats":{"Happy Flower":[17],"counters":[25,78],"Bird Faced Urn":[6],"MealTicket":15,"obtain_stats":[{"Potion Belt":25,"MerchantsRug":46,"aspiration:Lifesprig":12,"AT_ATBox":0,"testmod-TestBox":0,"NeowsBlessing":0,"Happy Flower":21,"CeramicFish":23,"Dota2Spire:Vanguard":30,"testmod-IndustrialRevolution":28,"Burning Blood":0,"aspiration:RitualStick":19,"reliquary:Crutches":43,"jedi:heavyjacket":6,"jedi:paperlyon":34,"Strawberry":9,"Bird Faced Urn":42,"Philosopher\u0027s Stone":17,"MealTicket":40,"jedi:cryingmask":44,"aspiration:HatOfInfinitePower":5,"REME_ComplimentaryCards":0},{"Potion Belt":13,"MerchantsRug":23,"aspiration:Lifesprig":6,"AT_ATBox":0,"testmod-TestBox":0,"NeowsBlessing":0,"Happy Flower":10,"CeramicFish":12,"Dota2Spire:Vanguard":15,"testmod-IndustrialRevolution":13,"Burning Blood":0,"aspiration:RitualStick":9,"reliquary:Crutches":22,"jedi:heavyjacket":3,"jedi:paperlyon":17,"Strawberry":3,"Bird Faced Urn":22,"Philosopher\u0027s Stone":8,"MealTicket":21,"jedi:cryingmask":23,"aspiration:HatOfInfinitePower":2,"REME_ComplimentaryCards":0},{"Potion Belt":35,"MerchantsRug":66,"aspiration:Lifesprig":13,"AT_ATBox":0,"testmod-TestBox":0,"NeowsBlessing":0,"Happy Flower":26,"CeramicFish":32,"Dota2Spire:Vanguard":40,"testmod-IndustrialRevolution":35,"Burning Blood":0,"aspiration:RitualStick":22,"reliquary:Crutches":60,"jedi:heavyjacket":3,"jedi:paperlyon":47,"Strawberry":3,"Bird Faced Urn":60,"Philosopher\u0027s Stone":21,"MealTicket":59,"jedi:cryingmask":66,"aspiration:HatOfInfinitePower":2,"REME_ComplimentaryCards":0}],"Burning Blood":105,"aspiration:RitualStick":[14]},"card_choices":[{"not_picked":["Armaments","Twin Strike"],"picked":"Uppercut","floor":1.0},{"not_picked":["Shrug It Off","Seeing Red"],"picked":"Rage","floor":4.0},{"not_picked":["Rage","Burning Pact"],"picked":"Headbutt","floor":6.0},{"not_picked":["Dark Embrace","Clash"],"picked":"True Grit","floor":10.0},{"not_picked":["Clash","Heavy Blade"],"picked":"Armaments","floor":11.0},{"not_picked":["Dark Embrace","Corruption"],"picked":"REME_Cut","floor":12.0},{"not_picked":["True Grit","REME_Cut","Sword Boomerang"],"picked":"SKIP","floor":14.0},{"not_picked":["Exhume","jedi:strikingstrike"],"picked":"Offering","floor":16.0},{"not_picked":["Clash","Uppercut"],"picked":"Seeing Red","floor":18.0},{"not_picked":["Iron Wave","Uppercut","Fire Breathing"],"picked":"SKIP","floor":20.0},{"not_picked":["Perfected Strike","Iron Wave","Reckless Charge+1"],"picked":"SKIP","floor":22.0},{"not_picked":["Demon Form","Iron Wave"],"picked":"Body Slam+1","floor":23.0},{"not_picked":["Whirlwind","Fire Breathing","Body Slam"],"picked":"SKIP","floor":25.0},{"not_picked":["Iron Wave","True Grit","Whirlwind"],"picked":"SKIP","floor":29.0},{"not_picked":["Sentinel","Feel No Pain","Brutality"],"picked":"SKIP","floor":30.0},{"not_picked":["Havoc","Flex","Headbutt"],"picked":"SKIP","floor":31.0},{"not_picked":["Twin Strike+1","Uppercut"],"picked":"Shockwave","floor":35.0},{"not_picked":["Iron Wave","Flex","Heavy Blade+1"],"picked":"SKIP","floor":36.0},{"not_picked":["Cleave","Wild Strike","Sword Boomerang"],"picked":"SKIP","floor":37},{"not_picked":["Berserk","Limit Break","Power Through"],"picked":"SKIP","floor":40},{"not_picked":["Flex+1","Clothesline+1"],"picked":"Fiend Fire","floor":44},{"not_picked":["Flash of Steel","Metamorphosis"],"picked":"Bandage Up","floor":47},{"not_picked":["Swift Strike","PanicButton"],"picked":"Deep Breath","floor":47},{"not_picked":["Secret Weapon","Bandage Up"],"picked":"REME_WheelOfFate","floor":47},{"not_picked":["Flame Barrier","Headbutt","Dark Embrace"],"picked":"SKIP","floor":48},{"not_picked":["Flame Barrier","Headbutt","Dark Embrace"],"picked":"SKIP","floor":48}],"player_experience":304897,"relics_obtained":[{"floor":5.0,"key":"aspiration:HatOfInfinitePower"},{"floor":6.0,"key":"jedi:heavyjacket"},{"floor":9.0,"key":"Strawberry"},{"floor":12.0,"key":"aspiration:Lifesprig"},{"floor":23.0,"key":"CeramicFish"},{"floor":25.0,"key":"Potion Belt"},{"floor":30.0,"key":"Dota2Spire:Vanguard"},{"floor":40,"key":"MealTicket"},{"floor":42,"key":"Bird Faced Urn"},{"floor":43,"key":"reliquary:Crutches"},{"floor":44,"key":"jedi:cryingmask"}],"event_choices":[{"damage_healed":0.0,"max_hp_gain":0.0,"max_hp_loss":0.0,"gold_gain":0.0,"cards_transformed":["Strike_R"],"event_name":"Living Wall","player_choice":"Change","floor":2.0,"gold_loss":0.0,"damage_taken":0.0,"cards_obtained":["Whirlwind"]},{"cards_removed":["Strike_R"],"damage_healed":0.0,"max_hp_gain":0.0,"max_hp_loss":0.0,"gold_gain":0.0,"event_name":"The Cleric","player_choice":"Card Removal","floor":3.0,"gold_loss":75.0,"damage_taken":0.0},{"damage_healed":0.0,"max_hp_gain":0.0,"max_hp_loss":0.0,"gold_gain":0.0,"cards_transformed":["Strike_R"],"event_name":"Transmorgrifier","player_choice":"Transformed","floor":8.0,"gold_loss":0.0,"damage_taken":0.0,"cards_obtained":["Flex"]},{"damage_healed":0.0,"max_hp_gain":0.0,"max_hp_loss":0.0,"gold_gain":0.0,"event_name":"Vampires","player_choice":"Ignored","floor":27.0,"gold_loss":0.0,"damage_taken":0.0},{"damage_healed":0.0,"max_hp_gain":0.0,"max_hp_loss":0.0,"gold_gain":0.0,"event_name":"WeMeetAgain","player_choice":"Paid Gold","floor":28.0,"gold_loss":94.0,"damage_taken":0.0,"relics_obtained":["testmod-IndustrialRevolution"]},{"damage_healed":0,"gold_gain":0,"player_choice":"Max HP","damage_taken":0,"max_hp_gain":0,"max_hp_loss":4,"event_name":"Winding Halls","floor":38,"gold_loss":0},{"damage_healed":0,"gold_gain":0,"player_choice":"Ignored","damage_taken":0,"max_hp_gain":0,"max_hp_loss":0,"event_name":"Tomb of Lord Red Mask","floor":39,"gold_loss":0},{"damage_healed":0,"gold_gain":0,"player_choice":"Fight","damage_taken":0,"max_hp_gain":0,"max_hp_loss":0,"event_name":"Mysterious Sphere","floor":42,"gold_loss":0},{"damage_healed":0,"gold_gain":0,"player_choice":"Memory 3","damage_taken":10,"max_hp_gain":0,"max_hp_loss":0,"event_name":"SensoryStone","floor":47,"gold_loss":0}],"is_beta":false,"boss_relics":[{"not_picked":["Calling Bell","Empty Cage"],"picked":"Philosopher\u0027s Stone"},{"not_picked":["Coffee Dripper","REME_DuelDisc"],"picked":"jedi:paperlyon"}],"items_purged_floors":[46,46],"is_endless":false,"potions_floor_spawned":[11,14,16,18,20,31,35,36,40,44],"killed_by":"Time Eater","ascension_level":20}}