{"host":"dscols65uipasqd2","time":1612250092,"event":{"mods":["2.2 Compatiblity","AchievementEnabler","Aspiration","BaseMod","Colored Powertips","Downfall","Energized Spire","GifTheSpireLib","Hermit","Hubris","Infinite Spire","JesterMod","Jorbs\u0027s Wanderer Trilogy","Magitek Elite","Marisa????????","Minty Spire (QoL Compilation)","Rare Cards Sparkle","Replay The Spire","StSLib","Stuff the Spire","The Cursed","The Disciple","The Hierophant","The Judge","The Jungle","TheFirefly"],"gold_per_floor":[99,99,99,199,199,199,627,627,652,675,575,575,575,13,27,22,52,162,162,162,186,218,244,244,122,203,203,103,147,170,205,205,234,262,365,365,265,294,317,342,342,383,383,383,383,409,409,443,469,525,558,574,574,614,45,45,62,75],"floor_reached":59,"language":"ENG","playtime":3188,"items_purged":["ReplayTheSpireMod:Splinters"],"score":1759,"play_id":"b87d5cb5-69a7-45ae-aa88-bd3f172bb639","local_time":"20210202021452","is_ascension_mode":true,"campfire_choices":[{"floor":1,"key":"RECALL"},{"floor":11,"key":"REST"},{"data":"sneckomod:CheapStock","floor":20,"key":"SMITH"},{"floor":28,"key":"REST"},{"floor":32,"key":"REST"},{"floor":44,"key":"REST"},{"floor":47,"key":"REST"},{"floor":56,"key":"REST"}],"circlet_count":0,"master_deck":["sneckomod:Strike","sneckomod:Strike","sneckomod:Strike","sneckomod:Defend","sneckomod:Defend","sneckomod:Defend","sneckomod:TailWhip","sneckomod:SnekBite","sneckomod:Unknown","sneckomod:Unknown","sneckomod:SerpentIdol","sneckomod:UnknownUncommonSkill","sneckomod:Unknown1Cost","Injury","sneckomod:UnknownDexterity","sneckomod:ImprovisedAttack","sneckomod:WideSting","Apotheosis+1","sneckomod:CheapStock+1","sneckomod:UnknownBlock","sneckomod:UnknownBlock","sneckomod:QuickMove","sneckomod:UnknownUncommonPower","sneckomod:UnknownDraw","SwitchThreat","sneckomod:Restock","sneckomod:SoulRoll+1","Go for the Eyes","sneckomod:SoulCleanse+1","StuffTheSpire:CelestialWarden","Doubt","CurseOfTheBell","Doom and Gloom+1","sneckomod:PureSnecko","sneckomod:UnknownStrike+1","Defragment","sneckomod:DefensiveFlair+1","Turbo+1","sneckomod:UnknownCommonAttack+1","sneckomod:UnknownBlock+1","Ball Lightning+1","Conserve Battery","sneckomod:UnknownCommonSkill+1","Defragment","All For One","sneckomod:UnknownDexterity","WordoMod:Petrified","sneckomod:UnknownClassHEXA_GHOST_PURPLE+1","Cold Snap+1","sneckomod:UnknownDexterity+1","sneckomod:WideSting+1","Compile Driver+1","Ball Lightning+1","aspiration:Polymerization+1","StuffTheSpire:GnomedCurse","Tempest+1","sneckomod:UnknownUncommonSkill+1","stsjorbsmod:Procrastination","Static Discharge+1","ReplayUltimateDefense","Lockon","sneckomod:MixItUp","Recycle","Genetic Algorithm","FIFO Queue","StuffTheSpire:FreeRealEstate","ReplayTheSpireMod:IOU"],"relics":["StuffTheSpire:OccultApparatus","downfall:HeartsMalice","ReplayTheSpireMod:Ring of Collecting","Ring of Searing","Ring of Greed","Letter Opener","Old Coin","Replay:Bandana","downfall:HeartBlessingRed","Replay:Baseball","Lee\u0027s Waffle","aspiration:DefectSkillbook","Ring of Misfortune","Replay:Bottled Steam","Calling Bell","Replay:Wax Seal","StuffTheSpire:Rhapsscallions","infinitespire:CursedDice","downfall:HeartBlessingBlue","Replay:Mystery Machine","Anchor","Golden_Hairpin","downfall:HeartBlessingGreen","Prayer Wheel","hubris:TinFlute","hubris:Icosahedron","Mango","sneckomod:ConfusingCodex","Thread and Needle","BargainBundle"],"acts_visited":[],"potions_floor_usage":[16,18,22,30,35,35,50,52,57,57,57],"damage_taken":[{"damage":0,"enemies":"Cultist","floor":2,"turns":1},{"damage":0,"enemies":"Small Slimes","floor":6,"turns":1},{"damage":0,"enemies":"2 Louse","floor":8,"turns":1},{"damage":14,"enemies":"Exordium Wildlife","floor":9,"turns":2},{"damage":15,"enemies":"Lots of Slimes","floor":10,"turns":3},{"damage":30,"enemies":"downfall:FleeingMerchant","floor":14,"turns":4},{"damage":32,"enemies":"Exordium Thugs","floor":15,"turns":4},{"damage":10,"enemies":"downfall:FleeingMerchant","floor":16,"turns":4},{"damage":33,"enemies":"Exordium Wildlife","floor":17,"turns":4},{"damage":40,"enemies":"DF_ARCHETYPE_STREAMLINE","floor":18,"turns":9},{"damage":42,"enemies":"Shell Parasite","floor":21,"turns":4},{"damage":10,"enemies":"Chosen","floor":22,"turns":3},{"damage":10,"enemies":"Sentry and Sphere","floor":23,"turns":1},{"damage":19,"enemies":"Slavers","floor":29,"turns":4},{"damage":19,"enemies":"Shelled Parasite and Fungi","floor":30,"turns":4},{"damage":9,"enemies":"Chosen and Byrds","floor":31,"turns":4},{"damage":1,"enemies":"Nightmare","floor":33,"turns":7},{"damage":0,"enemies":"Snake Plant","floor":34,"turns":4},{"damage":8,"enemies":"IC_MUSHROOM_ARCHETYPE","floor":35,"turns":5},{"damage":7,"enemies":"Orb Walker","floor":38,"turns":3},{"damage":15,"enemies":"3 Darklings","floor":39,"turns":4},{"damage":5,"enemies":"Transient","floor":40,"turns":5},{"damage":37,"enemies":"4 Shapes","floor":42,"turns":4},{"damage":8,"enemies":"Spire Growth","floor":46,"turns":3},{"damage":23,"enemies":"Jaw Worm Horde","floor":48,"turns":4},{"damage":43,"enemies":"Writhing Mass","floor":49,"turns":4},{"damage":4,"enemies":"Nemesis","floor":50,"turns":3},{"damage":23,"enemies":"4 Shapes","floor":51,"turns":3},{"damage":51,"enemies":"SI_POISON_ARCHETYPE","floor":52,"turns":6},{"damage":64,"enemies":"downfall:CharBossMerchant","floor":54,"turns":5},{"damage":39,"enemies":"downfall:NeowBoss","floor":57,"turns":11},{"damage":246,"enemies":"downfall:NeowBossFinal","floor":58,"turns":10}],"seed_played":"8927587301545901282","potions_obtained":[{"floor":15,"key":"sneckomod:DiceRollPotion"},{"floor":17,"key":"sneckomod:OffclassReductionPotion"},{"floor":18,"key":"SpeedPotion"},{"floor":21,"key":"Energy Potion"},{"floor":29,"key":"Explosive Potion"},{"floor":33,"key":"Weak Potion"},{"floor":34,"key":"Block Potion"},{"floor":35,"key":"FairyPotion"},{"floor":35,"key":"FearPotion"},{"floor":38,"key":"Toxic Potion"},{"floor":39,"key":"champ:CounterPotion"},{"floor":42,"key":"hexamod:SoulburnPotion"},{"floor":51,"key":"SteroidPotion"},{"floor":54,"key":"LiquidBronze"}],"is_trial":false,"path_per_floor":["R","M","?","?","?","M","T","M","M","M","R","PTL","PTL","$","M","$","M","B",null,"R","M","M","M","?","?","T","AVR","R","E","M","M","R","NM","M","B",null,"R","M","M","M","?","M","T","R","?","M","R","M","M","E","M","B",null,"E","$","R","B","B",null],"character_chosen":"THE_SNECKO","items_purchased":["Replay:Baseball","Apotheosis","Lee\u0027s Waffle","sneckomod:CheapStock","sneckomod:UnknownBlock","Thread and Needle","BargainBundle","AttackPotion","EssenceOfSteel","ReplayUltimateDefense","Lockon","sneckomod:MixItUp","Recycle","Genetic Algorithm","FIFO Queue","StuffTheSpire:FreeRealEstate"],"campfire_rested":6,"item_purchase_floors":[14,14,14,14,14,55,55,55,55,55,55,55,55,55,55,55],"current_hp_per_floor":[90,90,90,90,90,90,90,90,76,61,88,88,88,97,79,69,43,3,97,97,55,49,39,39,39,39,40,82,63,44,35,67,66,66,58,108,108,101,86,85,85,48,48,80,80,72,104,81,38,49,33,36,123,94,94,123,91,51],"gold":75,"neow_bonus":"THREE_ENEMY_KILL","is_daily":false,"chose_seed":false,"campfire_upgraded":1,"win_rate":0.0,"timestamp":1612250092,"path_taken":["R","M","?","?","?","M","T","M","M","?","R","PTL","PTL","$","?","?","M","BOSS","R","M","?","M","?","?","T","AVR","R","E","M","?","R","NM","M","BOSS","R","M","M","M","?","M","T","R","?","?","R","M","M","E","M","BOSS","E","$","R","BOSS","BOSS"],"items_purchased_type":["Relic","Card","Relic","Card","Card","Relic","Relic","Potion","Potion","Card","Card","Card","Card","Card","Card","Card"],"build_version":"2020-12-22","purchased_purges":1,"victory":true,"max_hp_per_floor":[90,90,90,90,90,90,90,90,90,90,90,90,90,97,97,97,97,97,97,97,97,97,97,97,97,97,98,108,108,108,108,108,108,108,108,108,108,108,108,108,108,108,108,108,108,108,108,108,108,123,123,123,123,123,123,123,123,123],"card_choices":[{"not_picked":["sneckomod:MixItUp","sneckomod:UnknownDraw"],"picked":"sneckomod:SerpentIdol","floor":2},{"not_picked":["sneckomod:IronFang","sneckomod:SoulRoll"],"picked":"sneckomod:UnknownUncommonSkill","floor":6},{"not_picked":["sneckomod:UnknownUncommonSkill","sneckomod:DangerNoodle"],"picked":"sneckomod:Unknown1Cost","floor":8},{"not_picked":["sneckomod:DiceCrush","sneckomod:SnekBeam"],"picked":"sneckomod:UnknownDexterity","floor":9},{"not_picked":["sneckomod:UnknownUncommonPower","sneckomod:UnknownDexterity"],"picked":"sneckomod:ImprovisedAttack","floor":10},{"not_picked":["sneckomod:UnknownDexterity","sneckomod:UnknownColorless"],"picked":"sneckomod:WideSting","floor":14},{"not_picked":["sneckomod:UnknownDraw","sneckomod:WideSting"],"picked":"sneckomod:QuickMove","floor":15},{"not_picked":["sneckomod:TrashToTreasure","sneckomod:WideSting"],"picked":"sneckomod:UnknownUncommonPower","floor":16},{"not_picked":["sneckomod:DiceBlock","sneckomod:SoulRoll"],"picked":"sneckomod:UnknownDraw","floor":17},{"not_picked":["sneckomod:UnlimitedRolls","sneckomod:Unknown3Cost"],"picked":"sneckomod:Restock","floor":18},{"not_picked":["sneckomod:Nope","sneckomod:DiceCrush","aspiration:Polymerization"],"picked":"sneckomod:SoulRoll+1","floor":21},{"not_picked":["Rebound","sneckomod:UnknownExhaust","sneckomod:UnknownDraw"],"picked":"Go for the Eyes","floor":22},{"not_picked":["sneckomod:UnknownCommonSkill","sneckomod:ImprovisedGuard","StuffTheSpire:Plugnplay"],"picked":"sneckomod:SoulCleanse+1","floor":23},{"not_picked":["Gash","sneckomod:UnknownClassCULL_RED_COLOR","sneckomod:ImprovisedGuard"],"picked":"Doom and Gloom+1","floor":29},{"not_picked":["Barrage","Go for the Eyes","sneckomod:UnknownClassHEXA_GHOST_PURPLE"],"picked":"sneckomod:PureSnecko","floor":30},{"not_picked":["sneckomod:UnknownCommonAttack","sneckomod:UnendingSupply","Force Field"],"picked":"sneckomod:UnknownStrike+1","floor":31},{"not_picked":["sneckomod:GlitteringGambit","Steam","sneckomod:UnknownCommonAttack"],"picked":"Defragment","floor":33},{"not_picked":["ReplayTheSpireMod:System Scan+1","sneckomod:UnknownStrike","Stack"],"picked":"sneckomod:DefensiveFlair+1","floor":34},{"not_picked":["hubris:Prefetch","hubris:SpecializedCircuitry","StuffTheSpire:ForEach"],"picked":"ReplayTheSpireMod:Fabricate Wheel","floor":35},{"not_picked":["Panic Button","Stack+1","sneckomod:DiceCrush+1"],"picked":"Turbo+1","floor":38},{"not_picked":["StuffTheSpire:LoadUp+1","Stack+1","sneckomod:DiceBlock+1"],"picked":"sneckomod:UnknownCommonAttack+1","floor":38},{"not_picked":["hubris:Prefetch","sneckomod:QuickBite+1","StuffTheSpire:LoadUp+1"],"picked":"sneckomod:UnknownBlock+1","floor":39},{"not_picked":["sneckomod:IronFang+1","Streamline+1","sneckomod:UnendingSupply+1"],"picked":"Ball Lightning+1","floor":39},{"not_picked":["sneckomod:UnknownBlock","sneckomod:TrashToTreasure","sneckomod:RainOfDice"],"picked":"Conserve Battery","floor":40},{"not_picked":["Sweeping Beam+1","StuffTheSpire:LoadUp","sneckomod:CheapStock"],"picked":"sneckomod:UnknownCommonSkill+1","floor":40},{"not_picked":["StuffTheSpire:NuclearReactor","Force Field+1","BasicCrystalCard"],"picked":"All For One","floor":42},{"not_picked":["Conserve Battery+1","Barrage","sneckomod:Rotation"],"picked":"sneckomod:UnknownDexterity","floor":42},{"not_picked":["Go for the Eyes","Stack+1","BasicCrystalCard+1"],"picked":"sneckomod:UnknownClassHEXA_GHOST_PURPLE+1","floor":46},{"not_picked":["sneckomod:SoulRoll+1","sneckomod:UnknownRarePower","StuffTheSpire:LoadUp+1"],"picked":"Cold Snap+1","floor":46},{"not_picked":["Leap","sneckomod:SnakeSap","Blizzard+1"],"picked":"sneckomod:UnknownDexterity+1","floor":48},{"not_picked":["StuffTheSpire:LoadUp","sneckomod:UnknownWeak","sneckomod:PureSnecko"],"picked":"sneckomod:WideSting+1","floor":48},{"not_picked":["StuffTheSpire:LoadUp","Steam+1","Barrage"],"picked":"Compile Driver+1","floor":49},{"not_picked":["ReplayTheSpireMod:Repulse+1","sneckomod:DefensiveFlair","StuffTheSpire:Rend"],"picked":"Ball Lightning+1","floor":49},{"not_picked":["Redo+1","Fission","sneckomod:UnknownExhaust"],"picked":"aspiration:Polymerization+1","floor":50},{"not_picked":["aspiration:Polymerization","hubris:Ukulele+1","sneckomod:UnknownCommonSkill+1"],"picked":"Tempest+1","floor":51},{"not_picked":["sneckomod:SoulRoll+1","Leap+1","sneckomod:Unknown1Cost"],"picked":"sneckomod:UnknownUncommonSkill+1","floor":51},{"not_picked":["Heatsinks","Ball Lightning+1","Steam Power"],"picked":"Static Discharge+1","floor":54}],"player_experience":548154,"relics_obtained":[{"floor":3,"key":"ReplayTheSpireMod:Ring of Collecting"},{"floor":3,"key":"Ring of Searing"},{"floor":7,"key":"Ring of Greed"},{"floor":7,"key":"Letter Opener"},{"floor":7,"key":"Old Coin"},{"floor":7,"key":"Replay:Bandana"},{"floor":26,"key":"Ring of Misfortune"},{"floor":27,"key":"Replay:Wax Seal"},{"floor":27,"key":"StuffTheSpire:Rhapsscallions"},{"floor":27,"key":"infinitespire:CursedDice"},{"floor":29,"key":"Replay:Mystery Machine"},{"floor":33,"key":"Anchor"},{"floor":43,"key":"hubris:TinFlute"},{"floor":50,"key":"Mango"},{"floor":54,"key":"sneckomod:ConfusingCodex"}],"event_choices":[],"is_beta":false,"boss_relics":[{"not_picked":["Cursed Key","Velvet Choker"],"picked":"aspiration:DefectSkillbook"},{"not_picked":["Tiny House","Replay:Drink Me"],"picked":"Golden_Hairpin"}],"items_purged_floors":[55],"is_endless":false,"potions_floor_spawned":[15,17,18,21,29,33,34,35,38,39,40,42,48,51,54],"ascension_level":3}}