{"host":"pgm1p3lvdjflie30","time":1612242594,"event":{"mods":["ATMod(阿瑾Mod)","AchievementEnabler","Aspiration","BaseMod","Colored Map","Colored Powertips","Conspire","Dark Map","Dota2Spire","Energized Spire","Highlight Path","Mari Mod (Legacy)","Mari\u0027s V1 Patch","Minty Spire (QoL Compilation)","MostiFishMod","Quarter Circle Forward PUNCH!","Quick Restart","Replay The Spire","Spicy Shops","StSLib","TestMod","The Cursed","The Hierophant","The IronCluck","The Jungle","【?物卡牌】REMEMod","篝火指南"],"gold_per_floor":[118,130,130,149,149,149,149,149,149,149,175,202,202,221,221,332,332,360,394,394,425,454,454,364,391,438,838,884,884,915,956,956,1077,1077,1104,1298,1298,1348,1430,1430,1430,1464,1464,1502,1546,84,156,197,197,178,178,178,33,88,69],"floor_reached":56,"language":"ZHS","playtime":3003,"items_purged":["Regret","conspire:Blindness"],"score":1282,"play_id":"5c98075e-75bd-496d-af48-fd442d8bb687","local_time":"20210202130954","is_ascension_mode":false,"campfire_choices":[{"floor":6,"key":"RECALL"},{"data":"hierophant:DisplayOfPower","floor":8,"key":"SMITH"},{"data":"hierophant:Remorse","floor":10,"key":"SMITH"},{"data":"hierophant:Punish","floor":13,"key":"SMITH"},{"data":"hierophant:FieryStrike","floor":15,"key":"SMITH"},{"data":"hierophant:Remorse","floor":29,"key":"SMITH"},{"data":"Limit Break","floor":40,"key":"SMITH"},{"floor":49,"key":"DIG"},{"data":"AT_DrawKnifeCut","floor":52,"key":"SMITH"}],"circlet_count":0,"master_deck":["hierophant:Strike_Hierophant","hierophant:Strike_Hierophant","hierophant:Strike_Hierophant","hierophant:Strike_Hierophant","hierophant:Punish+1","hierophant:Defend_Hierophant+1","hierophant:ChurchCoffers","A Thousand Cuts","AT_FamilyPortrait+1","hierophant:Doubloon+1","hierophant:Remorse+1","hierophant:Chorus+1","hierophant:DisplayOfPower+1","hierophant:MintersHammer","hierophant:FieryStrike+1","hierophant:Batter","hierophant:Doubloon","hierophant:Remorse+1","hierophant:Sermon","hierophant:MorningPrayer","hierophant:HolyVerse+1","hierophant:Chorus","hierophant:Kindle","hierophant:FlamingChariot","hierophant:Invocation","AT_DrawKnifeCut+1","hierophant:Smite+1","hierophant:SealAway+1","Madness","Madness","Limit Break+1","hierophant:Doubloon","hierophant:Remorse","hierophant:AuricBeam","hierophant:Zeal+1","hierophant:HolyVerse+1","hierophant:SolarFlare"],"relics":["hierophant:PropheticMaskRelic","AT_ATBox","REME_ComplimentaryCards","DaveBox","testmod-TestBox","PatriotShield","testmod-HeartOfDaVinci","SynthV:TestCard","testmod-LifeArmor","conspire:SpecialSausage","Lantern","DataDisk","Regal Pillow","Electric Blood","Ring of Greed","Ring of Peace","Tiny Chest","The Courier","Self Forming Clay","HollowDreamFlower","Quantum Egg","qcfpunch:Black_Training_Shirt","Bronze Scales","REME_HourglassOfDeath","Toolbox","qcfpunch:Not_Strongest_Fighting_Style_Guidebook","AT_DeathDance","AT_BellDemon","Snack Pack","Bottled Lightning","conspire:Flyswatter","Blue Candle","testmod-Brilliant","Replay:Rubber Ducky"],"acts_visited":["Exordium","TheCity","TheBeyond","TheEnding"],"potions_floor_usage":[16,25,25,31,33,50,50,55,55],"damage_taken":[{"damage":0,"enemies":"Jaw Worm","floor":1,"turns":1},{"damage":0,"enemies":"Small Slimes","floor":2,"turns":1},{"damage":0,"enemies":"2 Louse","floor":4,"turns":1},{"damage":0,"enemies":"Blue Slaver","floor":12,"turns":1},{"damage":6,"enemies":"Lots of Slimes","floor":14,"turns":4},{"damage":15,"enemies":"The Guardian","floor":16,"turns":5},{"damage":0,"enemies":"2 Thieves","floor":18,"turns":2},{"damage":2,"enemies":"conspire:FuzzyDice","floor":19,"turns":2},{"damage":5,"enemies":"Chosen and Byrds","floor":21,"turns":3},{"damage":0,"enemies":"Snecko","floor":22,"turns":2},{"damage":0,"enemies":"Cultist and Chosen","floor":25,"turns":3},{"damage":0,"enemies":"Shelled Parasite and Fungi","floor":30,"turns":2},{"damage":8,"enemies":"Replay:Snechameleon","floor":31,"turns":2},{"damage":8,"enemies":"Champ","floor":33,"turns":5},{"damage":7,"enemies":"3 Shapes","floor":35,"turns":1},{"damage":8,"enemies":"3 Darklings","floor":42,"turns":4},{"damage":7,"enemies":"Jaw Worm Horde","floor":44,"turns":4},{"damage":21,"enemies":"Maw","floor":45,"turns":6},{"damage":5,"enemies":"3 Darklings","floor":48,"turns":2},{"damage":36,"enemies":"Awakened One","floor":50,"turns":7},{"damage":9,"enemies":"Shield and Spear","floor":54,"turns":3},{"damage":26,"enemies":"The Heart","floor":55,"turns":6}],"seed_played":"-2496311788645100975","potions_obtained":[{"floor":4,"key":"SmokeBomb"},{"floor":12,"key":"Adrenaline Potion"},{"floor":14,"key":"Dota2Spire:HealingSalve"},{"floor":18,"key":"AttackPotion"},{"floor":25,"key":"AttackPotion"},{"floor":31,"key":"PowerPotion"},{"floor":45,"key":"Languid Potion"},{"floor":48,"key":"BlessingOfTheForge"},{"floor":54,"key":"Explosive Potion"}],"is_trial":false,"path_per_floor":["M","M","?","M","?","R","?","R","T","R","T","M","R","M","R","B",null,"M","M","?","M","M","?","?","M","T","?","T","R","M","E","R_BF","B",null,"M","?","?","?","T","R","?","M","T","M","M","$","T","M","R_BF","B",null,"R","$","E","B",null],"character_chosen":"HIEROPHANT","items_purchased":["Quantum Egg","qcfpunch:Black_Training_Shirt","Bronze Scales","REME_HourglassOfDeath","Toolbox","qcfpunch:Not_Strongest_Fighting_Style_Guidebook","AT_DeathDance","AT_BellDemon","Snack Pack","testmod-Brilliant","BlessingOfTheForge"],"campfire_rested":0,"item_purchase_floors":[46,46,46,46,46,46,46,46,46,53,53],"current_hp_per_floor":[75,75,68,68,68,68,68,68,68,68,68,68,68,62,62,47,75,75,73,73,68,68,68,68,74,74,74,74,74,74,66,75,67,75,68,68,59,59,59,59,59,51,51,48,31,31,31,34,34,14,75,75,75,74,65],"gold":69,"neow_bonus":"THREE_ENEMY_KILL","is_daily":false,"chose_seed":false,"campfire_upgraded":7,"win_rate":0.0,"timestamp":1612242594,"path_taken":["M","M","?","M","?","R","?","R","T","R","?","M","R","M","R","BOSS","M","M","?","?","M","?","?","?","T","?","?","R","M","E","R_BF","BOSS","M","?","?","?","?","R","?","M","T","?","M","$","?","M","R_BF","BOSS","R","$","E","BOSS"],"items_purchased_type":["Relic","Relic","Relic","Relic","Relic","Relic","Relic","Relic","Relic","Relic","Potion"],"build_version":"2020-12-22","purchased_purges":2,"victory":true,"max_hp_per_floor":[75,75,75,75,75,75,75,75,75,75,75,75,75,75,75,75,75,75,75,75,75,75,75,75,75,75,75,75,75,75,75,75,75,75,75,75,75,75,75,75,75,75,75,75,75,75,75,75,75,75,75,75,75,75,75],"card_choices":[{"not_picked":["hierophant:RecallFunds","hierophant:Dazzle"],"picked":"hierophant:Remorse","floor":1},{"not_picked":["hierophant:CursedGold","hierophant:Doubloon","hierophant:Repentance","hierophant:ConvertCurrency"],"picked":"hierophant:Chorus","floor":2},{"not_picked":["hierophant:HammerAndAnvil","hierophant:RustyCrate","hierophant:FieryStrike","hierophant:MorningPrayer"],"picked":"hierophant:DisplayOfPower","floor":4},{"not_picked":["hierophant:EyeForCoin","hierophant:ConvertCurrency","hierophant:RustyCrate","hierophant:Zeal"],"picked":"hierophant:MintersHammer","floor":12},{"not_picked":["hierophant:TollTheBells","hierophant:Exaltation","hierophant:Patience","hierophant:PassingBell"],"picked":"hierophant:FieryStrike","floor":14},{"not_picked":["hierophant:Levitation","hierophant:DeathKnell","hierophant:BulkyChest","hierophant:MintersHammer"],"picked":"hierophant:Batter","floor":16},{"not_picked":["hierophant:Doubloon+1","hierophant:Shelter","hierophant:Martyrdom","hierophant:Smite"],"picked":"hierophant:Remorse","floor":18},{"not_picked":["hierophant:Glossolalia","hierophant:Rebuild+1","hierophant:OrnateBuckler","hierophant:Exaltation"],"picked":"hierophant:Sermon","floor":19},{"not_picked":["hierophant:Empathy","hierophant:Upheaval","hierophant:Prophecy+1","hierophant:Encroach"],"picked":"hierophant:MorningPrayer","floor":21},{"not_picked":["hierophant:AuricShield","hierophant:Bribe+1","hierophant:DisplayOfPower","hierophant:Sermon+1"],"picked":"hierophant:HolyVerse+1","floor":22},{"not_picked":["hierophant:AuricBeam+1","hierophant:Purify","hierophant:ArchangelShield","hierophant:Repentance+1"],"picked":"hierophant:Chorus","floor":25},{"not_picked":["hierophant:MirrorShield+1","hierophant:MorningPrayer+1","hierophant:HammerAndAnvil","hierophant:FlamingChariot"],"picked":"hierophant:Kindle","floor":30},{"not_picked":["hierophant:Doomsaying","hierophant:Purify","hierophant:OrnateBuckler","hierophant:MirrorShield+1"],"picked":"hierophant:FlamingChariot","floor":31},{"not_picked":["hierophant:DivineIntervention","hierophant:Batter","hierophant:WrathOfGod","hierophant:DeathKnell"],"picked":"hierophant:Invocation","floor":33},{"not_picked":["hierophant:Repentance+1","hierophant:HammerAndAnvil","hierophant:Shelter","hierophant:AuricShield"],"picked":"hierophant:Smite+1","floor":35},{"not_picked":["hierophant:Mercenaries","hierophant:AuricBeam+1","hierophant:MorningPrayer","hierophant:PassingBell"],"picked":"hierophant:SealAway+1","floor":36},{"not_picked":["hierophant:TollTheBells+1","hierophant:Shelter+1","hierophant:Sermon+1","hierophant:RepressedViolence+1"],"picked":"hierophant:Remorse","floor":42},{"not_picked":["hierophant:DisplayOfPower+1","hierophant:Mercenaries+1","hierophant:CursedGold+1","hierophant:Encroach"],"picked":"hierophant:AuricBeam","floor":44},{"not_picked":["hierophant:Bribe+1","hierophant:MorningPrayer+1","hierophant:OrnateJavelin","hierophant:ConvertCurrency+1"],"picked":"hierophant:Zeal+1","floor":45},{"not_picked":["hierophant:Upheaval","hierophant:HammerAndAnvil+1","hierophant:Mercenaries","hierophant:MirrorShield"],"picked":"hierophant:HolyVerse+1","floor":48},{"not_picked":["hierophant:Glossolalia","hierophant:HammerAndAnvil","hierophant:Exaltation+1","hierophant:Endure"],"picked":"hierophant:SolarFlare","floor":54}],"player_experience":238996,"relics_obtained":[{"floor":1,"key":"SynthV:TestCard"},{"floor":11,"key":"testmod-LifeArmor"},{"floor":26,"key":"Lantern"},{"floor":28,"key":"DataDisk"},{"floor":31,"key":"Regal Pillow"},{"floor":38,"key":"Ring of Greed"},{"floor":38,"key":"Ring of Peace"},{"floor":38,"key":"Tiny Chest"},{"floor":38,"key":"The Courier"},{"floor":39,"key":"Self Forming Clay"},{"floor":43,"key":"HollowDreamFlower"},{"floor":47,"key":"Bottled Lightning"},{"floor":48,"key":"conspire:Flyswatter"},{"floor":49,"key":"Blue Candle"},{"floor":54,"key":"Replay:Rubber Ducky"}],"event_choices":[{"cards_removed":["hierophant:Defend_Hierophant"],"damage_healed":0,"gold_gain":0,"player_choice":"Card Removal","damage_taken":7,"max_hp_gain":0,"max_hp_loss":0,"event_name":"Golden Wing","floor":3,"gold_loss":0},{"damage_healed":0,"gold_gain":0,"player_choice":"Leave","damage_taken":0,"max_hp_gain":0,"max_hp_loss":0,"event_name":"conspire:Investor","floor":5,"gold_loss":0},{"cards_removed":["hierophant:Defend_Hierophant"],"damage_healed":0,"gold_gain":0,"player_choice":"Card Removal","damage_taken":0,"max_hp_gain":0,"max_hp_loss":0,"event_name":"Wheel of Change","floor":20,"gold_loss":0},{"damage_healed":0,"gold_gain":0,"player_choice":"Ignored","damage_taken":0,"max_hp_gain":0,"max_hp_loss":0,"event_name":"?自己的盒子","floor":23,"gold_loss":0},{"cards_removed":["hierophant:Defend_Hierophant"],"damage_healed":0,"gold_gain":0,"player_choice":"Upgrade and Remove","damage_taken":0,"max_hp_gain":0,"max_hp_loss":0,"event_name":"Designer","floor":24,"gold_loss":90,"cards_upgraded":["hierophant:Defend_Hierophant"]},{"damage_healed":0,"gold_gain":400,"player_choice":"Sell","damage_taken":0,"max_hp_gain":0,"max_hp_loss":0,"event_name":"恩洛斯的?子","floor":27,"relics_lost":["NeowsBlessing"],"gold_loss":0},{"damage_healed":0,"gold_gain":0,"player_choice":"Embrace Madness","damage_taken":9,"max_hp_gain":0,"max_hp_loss":0,"event_name":"Winding Halls","floor":37,"gold_loss":0,"cards_obtained":["Madness","Madness"]},{"cards_removed":["Sickly"],"damage_healed":0,"gold_gain":0,"player_choice":"Removed Curses","damage_taken":0,"max_hp_gain":0,"max_hp_loss":0,"event_name":"Fountain of Cleansing","floor":41,"gold_loss":0}],"is_beta":false,"boss_relics":[{"not_picked":["Nuclear Battery","Astrolabe"],"picked":"conspire:SpecialSausage"},{"not_picked":["OneHitWonderSystem","RhineFirstAidKit"],"picked":"Electric Blood"}],"items_purged_floors":[46,53],"is_endless":false,"potions_floor_spawned":[4,12,14,18,21,25,31,45,48,54],"ascension_level":0}}