{"host":"l2dnabsh5e0fsksb","time":1612243169,"event":{"mods":["2.2 Compatiblity","BaseMod","Downfall","Minty Spire (QoL Compilation)","Quick Restart","StSLib"],"gold_per_floor":[99,99,99,374,374,404,404,170,184,210,10,0,28,39,57,135,135,135,154,168,3,3,3,3,3,16,27,54,54,67,84,101,176,176,176,191,208,208,228,260,260,293,293,311,323,356,356,356,356,356],"floor_reached":48,"language":"ENG","playtime":2167,"items_purged":["Regret"],"score":1007,"play_id":"23fe7fe0-cf35-485a-84a6-f06648b9791b","local_time":"20210202154929","is_ascension_mode":true,"campfire_choices":[{"floor":1.0,"key":"RECALL"},{"floor":11.0,"key":"REST"},{"data":"bronze:HardenedForm","floor":18.0,"key":"SMITH"},{"data":"bronze:Repulsor","floor":23.0,"key":"SMITH"},{"data":"bronze:Library","floor":35.0,"key":"SMITH"}],"circlet_count":0,"master_deck":["AscendersBane","bronze:Strike","bronze:Strike+1","bronze:Strike","bronze:Defend","bronze:Defend","bronze:Defend","bronze:Defend","bronze:Replicate","bronze:OilSpill","bronze:Deprecate","bronze:Constructor","bronze:Repulsor+1","bronze:Terminator","bronze:Optimize","bronze:BuggyMess","bronze:Iterate+1","bronze:Terminator","bronze:HardenedForm+1","bronze:ChosenStrike","bronze:DelayedGuard","bronze:DelayedGuard","bronze:Separator","bronze:OilSpill","bronze:Boost","bronze:Library+1","bronze:Repair","bronze:ChildClass","bronze:Invalidate+1","bronze:ChildClass","bronze:DelayedGuard","bronze:Boost","bronze:Goto"],"relics":["bronze:BronzeCore","downfall:HeartsMalice","Blood Vial","Ornamental Fan","ClockworkSouvenir","Pocketwatch","downfall:HeartBlessingRed","downfall:HeartBlessingGreen","Bottled Tornado","Cursed Key","Membership Card","sneckomod:BabySnecko","Gremlin Horn","Empty Cage","Lantern","Thread and Needle","Red Mask","downfall:RedIOUUpgrade","The Courier"],"acts_visited":["Exordium","TheCity","TheBeyond"],"potions_floor_usage":[37],"damage_taken":[{"damage":0.0,"enemies":"Small Slimes","floor":2.0,"turns":1.0},{"damage":0.0,"enemies":"Cultist","floor":3.0,"turns":1.0},{"damage":0.0,"enemies":"Jaw Worm","floor":5.0,"turns":1.0},{"damage":21.0,"enemies":"Lagavulin","floor":6.0,"turns":6.0},{"damage":4.0,"enemies":"downfall:FleeingMerchant","floor":8.0,"turns":4.0},{"damage":7.0,"enemies":"Lots of Slimes","floor":9.0,"turns":4.0},{"damage":11.0,"enemies":"Gremlin Nob","floor":10.0,"turns":5.0},{"damage":0.0,"enemies":"downfall:FleeingMerchant","floor":12.0,"turns":4.0},{"damage":11.0,"enemies":"Lagavulin","floor":13.0,"turns":5.0},{"damage":1.0,"enemies":"2 Fungi Beasts","floor":14.0,"turns":3.0},{"damage":5.0,"enemies":"Large Slime","floor":15.0,"turns":5.0},{"damage":50.0,"enemies":"IC_STATUS_ARCHETYPE","floor":16.0,"turns":9.0},{"damage":10.0,"enemies":"Spheric Guardian","floor":19.0,"turns":4.0},{"damage":5.0,"enemies":"Shell Parasite","floor":20.0,"turns":4.0},{"damage":0.0,"enemies":"downfall:FleeingMerchant","floor":21.0,"turns":4.0},{"damage":8.0,"enemies":"Chosen and Byrds","floor":26.0,"turns":4.0},{"damage":6.0,"enemies":"Centurion and Healer","floor":27.0,"turns":6.0},{"damage":9.0,"enemies":"Gremlin Leader","floor":28.0,"turns":6.0},{"damage":0.0,"enemies":"Snecko","floor":30.0,"turns":3.0},{"damage":11.0,"enemies":"Shelled Parasite and Fungi","floor":31.0,"turns":3.0},{"damage":0.0,"enemies":"3 Cultists","floor":32.0,"turns":5.0},{"damage":19.0,"enemies":"DF_ARCHETYPE_CLAW","floor":33.0,"turns":9.0},{"damage":3.0,"enemies":"Orb Walker","floor":36.0,"turns":2.0},{"damage":5,"enemies":"3 Darklings","floor":37,"turns":5},{"damage":9,"enemies":"4 Shapes","floor":39,"turns":5},{"damage":5,"enemies":"Reptomancer","floor":40,"turns":4},{"damage":0,"enemies":"Nemesis","floor":42,"turns":5},{"damage":0,"enemies":"Sphere and 2 Shapes","floor":44,"turns":4},{"damage":25,"enemies":"Jaw Worm Horde","floor":45,"turns":3},{"damage":0,"enemies":"Giant Head","floor":46,"turns":7},{"damage":69,"enemies":"Reptomancer","floor":48,"turns":2}],"seed_played":"4958468935394925486","potions_obtained":[{"floor":6.0,"key":"sneckomod:MuddlingPotion"},{"floor":10.0,"key":"SmokeBomb"},{"floor":13.0,"key":"FairyPotion"},{"floor":14.0,"key":"Fire Potion"},{"floor":16.0,"key":"Weak Potion"},{"floor":19.0,"key":"bronze:FreeFunctionsPotion"},{"floor":27.0,"key":"Ancient Potion"},{"floor":32.0,"key":"LiquidMemories"},{"floor":36.0,"key":"Guardian:BlockOnCardUsePotion"},{"floor":44,"key":"Strength Potion"}],"is_trial":false,"path_per_floor":["R","M","M","?","M","E","T","$","M","E","R","$","E","M","M","B",null,"R","M","M","$","?","R","T","?","M","M","E","?","M","M","M","B",null,"R","M","M","?","M","E","T","E","?","M","M","E","?","E"],"character_chosen":"THE_AUTOMATON","items_purchased":["ClockworkSouvenir","Membership Card"],"campfire_rested":1,"item_purchase_floors":[8,21],"current_hp_per_floor":[63,63,63,63,63,42,42,40,35,26,47,49,40,41,38,16,57,57,49,46,48,48,48,48,48,42,38,31,31,33,24,26,9,55,55,54,58,58,58,62,62,70,70,70,52,61,61,0,0,0],"gold":356,"neow_bonus":"THREE_ENEMY_KILL","is_daily":false,"chose_seed":false,"campfire_upgraded":3,"win_rate":0.0,"timestamp":1612243169,"path_taken":["R","M","M","?","?","E","T","$","M","E","R","?","E","M","M","BOSS","R","?","M","?","?","R","T","?","M","M","E","?","M","M","M","BOSS","R","M","M","?","?","E","T","E","?","M","M","E","?","E"],"items_purchased_type":["Relic","Relic"],"build_version":"2020-12-22","purchased_purges":1,"victory":false,"max_hp_per_floor":[70,70,70,70,70,70,70,70,70,70,70,70,70,70,70,70,70,70,70,70,70,70,70,70,70,70,70,70,70,70,70,70,70,70,70,70,70,70,70,70,70,70,70,70,70,70,70,70,70,70],"card_choices":[{"not_picked":["bronze:Deprecate","bronze:Return"],"picked":"bronze:OilSpill","floor":2.0},{"not_picked":["bronze:Allocate","bronze:CutThrough"],"picked":"bronze:Deprecate","floor":3.0},{"not_picked":["bronze:DelayedGuard","bronze:Deprecate"],"picked":"bronze:Constructor","floor":5.0},{"not_picked":["bronze:Backtrace","bronze:ThunderWave"],"picked":"bronze:BronzeOrb","floor":6.0},{"not_picked":["bronze:Allocate","bronze:CutThrough"],"picked":"bronze:Repulsor","floor":8.0},{"not_picked":["bronze:DelayedSlice","bronze:Allocate"],"picked":"bronze:Terminator","floor":9.0},{"not_picked":["bronze:Allocate","bronze:Terminator"],"picked":"bronze:Optimize","floor":10.0},{"not_picked":["bronze:DigitalCarnage","bronze:Terminator","bronze:Overheat"],"picked":"SKIP","floor":12.0},{"not_picked":["bronze:Safeguard","bronze:GetLatest"],"picked":"bronze:BuggyMess","floor":13.0},{"not_picked":["bronze:WhirlingStrike","bronze:Branch"],"picked":"bronze:Iterate","floor":14.0},{"not_picked":["bronze:Constructor","bronze:Branch"],"picked":"bronze:Terminator","floor":15.0},{"not_picked":["bronze:ThunderWave","bronze:AlphaBuild"],"picked":"bronze:HardenedForm","floor":16.0},{"not_picked":["bronze:WildBeam","bronze:DelayedSlice"],"picked":"bronze:ChosenStrike","floor":19.0},{"not_picked":["bronze:Branch","bronze:BronzeArmor"],"picked":"bronze:DelayedGuard","floor":20.0},{"not_picked":["bronze:Refactor","bronze:Invalidate"],"picked":"bronze:DelayedGuard","floor":21.0},{"not_picked":["bronze:BugBarrage","bronze:TinkerersToolbox","bronze:Invalidate"],"picked":"SKIP","floor":26.0},{"not_picked":["bronze:CloningBeam+1","bronze:Overheat","bronze:CutThrough"],"picked":"SKIP","floor":27.0},{"not_picked":["bronze:SpaghettiCode","bronze:Return+1"],"picked":"bronze:Separator","floor":28.0},{"not_picked":["bronze:Deprecate","bronze:Shield","bronze:Separator"],"picked":"SKIP","floor":30.0},{"not_picked":["bronze:DigitalCarnage","bronze:CutThrough"],"picked":"bronze:OilSpill","floor":31.0},{"not_picked":["bronze:WhirlingStrike","bronze:AlphaBuild"],"picked":"bronze:Boost","floor":32.0},{"not_picked":["bronze:BurnOut","bronze:Format"],"picked":"bronze:Library","floor":33.0},{"not_picked":["bronze:Flail","bronze:Constructor"],"picked":"bronze:Repair","floor":36.0},{"not_picked":["bronze:Refactor","bronze:Deprecate","bronze:Frontload"],"picked":"SKIP","floor":37},{"not_picked":["bronze:BugBarrage","bronze:Turbo"],"picked":"bronze:ChildClass","floor":39},{"not_picked":["bronze:Deprecate","bronze:Refactor","bronze:Virus"],"picked":"SKIP","floor":40},{"not_picked":["bronze:Refactor","bronze:WildBeam"],"picked":"bronze:Invalidate+1","floor":42},{"not_picked":["bronze:Repulsor+1","bronze:Frontload"],"picked":"bronze:ChildClass","floor":44},{"not_picked":["bronze:Safeguard","bronze:Refactor"],"picked":"bronze:DelayedGuard","floor":45},{"not_picked":["bronze:BitShift","bronze:CutThrough"],"picked":"bronze:Boost","floor":46}],"player_experience":1891509,"relics_obtained":[{"floor":6.0,"key":"Blood Vial"},{"floor":7.0,"key":"Ornamental Fan"},{"floor":10.0,"key":"Pocketwatch"},{"floor":13.0,"key":"Bottled Tornado"},{"floor":24.0,"key":"Gremlin Horn"},{"floor":28.0,"key":"Whetstone"},{"floor":40,"key":"Lantern"},{"floor":42,"key":"Thread and Needle"},{"floor":46,"key":"The Courier"}],"event_choices":[{"cards_removed":["bronze:Strike"],"damage_healed":0,"gold_gain":0,"player_choice":"Offered Basic","damage_taken":0,"max_hp_gain":0,"max_hp_loss":0,"event_name":"Bonfire Elementals","floor":38,"gold_loss":0}],"is_beta":false,"boss_relics":[{"not_picked":["SacredBark","Astrolabe"],"picked":"Cursed Key"},{"not_picked":["Runic Pyramid","Runic Dome"],"picked":"Empty Cage"}],"items_purged_floors":[8],"is_endless":false,"potions_floor_spawned":[6,10,13,14,16,19,20,27,30,32,36,44],"killed_by":"Reptomancer","ascension_level":13}}