{"host":"eketvm4dld8igxnv","time":1612253672,"event":{"mods":["BaseMod","Better Skull","Better Third Choice","Downfall","Googly Eyes","Minty Spire (QoL Compilation)","StSLib"],"gold_per_floor":[99,99,31,31,16,16,16,16,30,42,142,592,57,82,99,195,195,95,113,113,133,133,144,144,144,161,161,176,76,86,86,96,195,195,95,108,23,42,55,89,89,89,106,106,120,120,120,120,130,130,130,164,12,12,12,12,12,12],"floor_reached":56,"language":"ENG","playtime":5594,"items_purged":["downfall:Icky","downfall:Malfunctioning"],"score":777,"play_id":"68fb78bb-33c0-46a3-a3ab-40f0577f9c74","local_time":"20210202031432","is_ascension_mode":false,"campfire_choices":[{"floor":1,"key":"RECALL"},{"data":"Guardian:PrimingBeam","floor":6,"key":"SMITH"},{"floor":8,"key":"DIG"},{"data":"Guardian:SentryBeam","floor":18,"key":"SMITH"},{"floor":29,"key":"DIG"},{"data":"Guardian:BaubleBeam","floor":35,"key":"SMITH"},{"data":"Guardian:BronzeArmor","floor":42,"key":"SMITH"},{"floor":54,"key":"REST"}],"circlet_count":0,"master_deck":["Guardian:Defend_Guardian","Guardian:Defend_Guardian","Guardian:CurlUp","Guardian:TwinSlam","Guardian:PrimingBeam+1","Guardian:TemporalShield","Guardian:Orbwalk","Guardian:BronzeArmor+1","Guardian:DonusPower+1","Guardian:SentryBeam+1","downfall:Icky","Guardian:Planning","Guardian:TemporalStrike","Guardian:ConstructionForm+1","Guardian:Harden","Guardian:BaubleBeam+1","Guardian:WalkerClaw+1","Slimebound:Tackle+1","Slimebound:Tackle+1","Slimebound:Tackle+1","Guardian:Reroute+1","downfall:Malfunctioning","Guardian:FloatingOrbs+1","Clumsy","Guardian:BodySlam+1","Guardian:SpikerProtocol+1","Guardian:BronzeOrb+1","Guardian:TimeSifter+1","Guardian:Recover+1","Guardian:Reroute","Guardian:PolyBeam","Guardian:BronzeOrb+1","Guardian:Orbwalk","downfall:Icky","Guardian:FloatingOrbs+1","Guardian:CrystalBeam","Guardian:DecasProtection","Guardian:WalkerClaw+1"],"relics":["Guardian:ModeShifter","downfall:HeartsMalice","Shovel","Anchor","Tiny Chest","Eternal Feather","Sundial","Cursed Key","downfall:HeartBlessingRed","Meat on the Bone","downfall:HeartBlessingGreen","Guardian:PickAxe","MealTicket","Astrolabe","downfall:HeartBlessingBlue","HornCleat","Bottled Flame","Bottled Lightning","Pear"],"acts_visited":["Exordium","TheCity","TheBeyond","TheEnding"],"potions_floor_usage":[16,23,32,49,50,55],"damage_taken":[{"damage":0,"enemies":"Jaw Worm","floor":2,"turns":1},{"damage":0,"enemies":"downfall:FleeingMerchant","floor":3,"turns":1},{"damage":0,"enemies":"Small Slimes","floor":4,"turns":1},{"damage":0,"enemies":"downfall:FleeingMerchant","floor":5,"turns":4},{"damage":0,"enemies":"2 Louse","floor":9,"turns":4},{"damage":18,"enemies":"Lots of Slimes","floor":10,"turns":5},{"damage":0,"enemies":"downfall:FleeingMerchant","floor":13,"turns":4},{"damage":12,"enemies":"3 Sentries","floor":14,"turns":9},{"damage":0,"enemies":"Red Slaver","floor":15,"turns":3},{"damage":15,"enemies":"IC_STATUS_ARCHETYPE","floor":16,"turns":11},{"damage":0,"enemies":"Chosen","floor":19,"turns":5},{"damage":15,"enemies":"Shell Parasite","floor":21,"turns":3},{"damage":10,"enemies":"Centurion and Healer","floor":23,"turns":4},{"damage":13,"enemies":"Snake Plant","floor":26,"turns":3},{"damage":2,"enemies":"Snecko","floor":28,"turns":4},{"damage":6,"enemies":"Cultist and Chosen","floor":30,"turns":4},{"damage":0,"enemies":"Chosen and Byrds","floor":32,"turns":4},{"damage":30,"enemies":"WA_ARCHETYPE_CALM","floor":33,"turns":8},{"damage":19,"enemies":"3 Shapes","floor":36,"turns":5},{"damage":13,"enemies":"downfall:FleeingMerchant","floor":37,"turns":4},{"damage":14,"enemies":"3 Darklings","floor":38,"turns":5},{"damage":3,"enemies":"Transient","floor":39,"turns":5},{"damage":7,"enemies":"Giant Head","floor":40,"turns":7},{"damage":14,"enemies":"Jaw Worm Horde","floor":43,"turns":4},{"damage":0,"enemies":"4 Shapes","floor":45,"turns":3},{"damage":12,"enemies":"Maw","floor":49,"turns":6},{"damage":0,"enemies":"SI_POISON_ARCHETYPE","floor":50,"turns":8},{"damage":84,"enemies":"downfall:CharBossMerchant","floor":52,"turns":8},{"damage":4,"enemies":"downfall:NeowBoss","floor":55,"turns":16},{"damage":145,"enemies":"downfall:NeowBossFinal","floor":56,"turns":11}],"seed_played":"318998178300194328","potions_obtained":[{"floor":10,"key":"FairyPotion"},{"floor":14,"key":"SneckoOil"},{"floor":15,"key":"Weak Potion"},{"floor":19,"key":"BlessingOfTheForge"},{"floor":23,"key":"Slimebound:ThreeZeroPotion"},{"floor":30,"key":"Ancient Potion"},{"floor":32,"key":"SmokeBomb"},{"floor":38,"key":"EntropicBrew"},{"floor":39,"key":"SteroidPotion"},{"floor":43,"key":"AttackPotion"},{"floor":45,"key":"Fruit Juice"}],"is_trial":false,"path_per_floor":["R","M","$","M","$","R","T","R","M","M","?","?","$","E","M","B",null,"R","M","?","M","?","M","T","?","M","T","M","R","M","?","M","B",null,"R","M","$","M","M","E","T","R","M","R","M","T","?","?","M","B",null,"E","$","R","B","B"],"character_chosen":"GUARDIAN","items_purchased":["Guardian:Orbwalk","Tiny Chest","Eternal Feather","Guardian:TemporalStrike","Guardian:PolyBeam","AttackPotion"],"campfire_rested":1,"item_purchase_floors":[3,13,13,13,37,53],"current_hp_per_floor":[80,80,80,80,80,80,80,80,80,62,62,62,62,50,50,35,80,80,80,80,65,65,55,55,55,42,42,52,67,61,61,61,43,80,90,71,73,59,56,49,49,70,56,77,77,77,77,77,70,70,95,33,48,100,96,0,0,0],"gold":12,"neow_bonus":"THREE_ENEMY_KILL","is_daily":false,"chose_seed":false,"campfire_upgraded":4,"win_rate":0.0,"timestamp":1612253672,"path_taken":["R","M","$","M","$","R","T","R","M","M","?","?","$","E","M","BOSS","R","M","?","M","?","M","T","?","M","?","?","R","M","?","M","BOSS","R","M","$","M","M","E","T","R","M","R","?","?","?","?","M","BOSS","E","$","R","BOSS","BOSS"],"items_purchased_type":["Card","Relic","Relic","Card","Card","Potion"],"build_version":"2020-12-22","purchased_purges":2,"victory":false,"max_hp_per_floor":[80,80,80,80,80,80,80,80,80,80,80,80,80,80,80,80,80,80,80,80,80,80,80,80,80,80,80,80,80,80,80,80,80,80,90,90,90,90,90,90,90,90,90,90,90,90,90,90,95,95,95,105,105,105,105,105,105,105],"card_choices":[{"not_picked":["Guardian:WalkerClaw","Guardian:Emergency"],"picked":"Guardian:PrimingBeam","floor":2},{"not_picked":["Guardian:Gem_Lightblue","Guardian:Repulse"],"picked":"Guardian:TemporalShield","floor":3},{"not_picked":["Guardian:Recover","Guardian:Gem_Purple"],"picked":"Guardian:Gem_Green","floor":4},{"not_picked":["Guardian:GatlingBeam","Guardian:CrystalBeam"],"picked":"Guardian:BronzeArmor","floor":5},{"not_picked":["Guardian:TimeBomb","Guardian:ChargeCore"],"picked":"Guardian:DonusPower","floor":9},{"not_picked":["Guardian:Gem_White","Guardian:Gem_Red"],"picked":"Guardian:SentryBeam","floor":10},{"not_picked":["Guardian:ShieldCharger","Guardian:VentSteam"],"picked":"Guardian:Planning","floor":13},{"not_picked":["Guardian:PiercingHide","Guardian:Clone"],"picked":"Guardian:ConstructionForm","floor":14},{"not_picked":["Guardian:Incinerate","Guardian:Preprogram"],"picked":"Guardian:Harden","floor":15},{"not_picked":["Guardian:TimeSifter","Guardian:ExploitGems"],"picked":"Guardian:BaubleBeam","floor":16},{"not_picked":["Guardian:Reroute","Guardian:PiercingHide"],"picked":"Guardian:WalkerClaw+1","floor":19},{"not_picked":["Guardian:GuardianWhirl+1","Guardian:Recover"],"picked":"Guardian:Reroute+1","floor":21},{"not_picked":["Guardian:CrystalBeam","Guardian:Clone"],"picked":"Guardian:Gem_Cyan","floor":23},{"not_picked":["Guardian:TemporalShield","Guardian:VentSteam"],"picked":"Guardian:FloatingOrbs+1","floor":26},{"not_picked":["Guardian:SentryBeam","Guardian:TemporalStrike"],"picked":"Guardian:BodySlam+1","floor":28},{"not_picked":["Guardian:Repulse","Guardian:CrystalBeam"],"picked":"Guardian:SpikerProtocol+1","floor":30},{"not_picked":["Guardian:RefractedBeam","Guardian:TemporalStrike"],"picked":"Guardian:TimeBomb+1","floor":32},{"not_picked":["Guardian:AncientConstruct","Guardian:SphericShield"],"picked":"Guardian:Gem_Synthetic","floor":33},{"not_picked":["Guardian:Incinerate+1","Guardian:VentSteam"],"picked":"Guardian:Recover+1","floor":36},{"not_picked":["Guardian:Gem_Lightblue","Guardian:VentSteam"],"picked":"Guardian:Reroute","floor":37},{"not_picked":["Guardian:Gem_Lightblue","Guardian:GuardianWhirl"],"picked":"Guardian:BronzeOrb+1","floor":38},{"not_picked":["Guardian:Gem_Purple","Guardian:Gem_Lightblue"],"picked":"Guardian:Orbwalk","floor":39},{"not_picked":["Guardian:TimeBomb+1","Guardian:Clone+1"],"picked":"Guardian:Gem_Red","floor":40},{"not_picked":["Guardian:Reroute+1","Guardian:WalkerClaw+1"],"picked":"Guardian:FloatingOrbs+1","floor":43},{"not_picked":["Guardian:TimeSifter","Guardian:ChargeCore"],"picked":"Guardian:CrystalBeam","floor":45},{"not_picked":["Guardian:VentSteam","Guardian:Gem_Fragmented"],"picked":"Guardian:DecasProtection","floor":49},{"not_picked":["Guardian:PrimingBeam","Guardian:Suspension"],"picked":"Guardian:WalkerClaw+1","floor":52}],"player_experience":297978,"relics_obtained":[{"floor":7,"key":"Shovel"},{"floor":8,"key":"Anchor"},{"floor":14,"key":"Sundial"},{"floor":27,"key":"Meat on the Bone"},{"floor":29,"key":"Guardian:PickAxe"},{"floor":31,"key":"MealTicket"},{"floor":40,"key":"HornCleat"},{"floor":41,"key":"Bottled Flame"},{"floor":46,"key":"Bottled Lightning"},{"floor":52,"key":"Pear"}],"event_choices":[{"damage_healed":0,"gold_gain":0,"player_choice":"Relic","damage_taken":0,"max_hp_gain":0,"max_hp_loss":0,"event_name":"Wheel of Change","floor":31,"gold_loss":0}],"is_beta":false,"boss_relics":[{"not_picked":["Snecko Eye","bronze:MakeshiftBattery"],"picked":"Cursed Key"},{"not_picked":["SacredBark","Sozu"],"picked":"Astrolabe"}],"items_purged_floors":[13,53],"is_endless":false,"potions_floor_spawned":[10,14,15,19,23,30,32,36,38,39,43,45],"killed_by":"downfall:NeowBossFinal","ascension_level":0}}