{"host":"0k696jvpnlqjk4gh","time":1612275725,"event":{"mods":["AchievementEnabler","BaseMod","Colored Map","Colored Powertips","Minty Spire (QoL Compilation)","Quick Restart"],"gold_per_floor":[111,111,111,111,135,171,171,207,207,230,249,249,265,283,283,414,414,427,427,440,461,461,461,495,521,521,544,560,560,475,489,489,610,610,633,658,658,220,235,235,275,295,320,320,320,320,320,63,102,102,102],"floor_reached":50,"language":"ENG","playtime":2350,"items_purged":[],"score":737,"play_id":"bbdde449-de56-4887-a153-7b61f3336cfe","local_time":"20210202142205","is_ascension_mode":true,"campfire_choices":[{"data":"Armaments","floor":7,"key":"SMITH"},{"floor":15,"key":"RECALL"},{"floor":23,"key":"REST"},{"floor":29,"key":"REST"},{"data":"Fire Breathing","floor":32,"key":"SMITH"},{"floor":40,"key":"REST"},{"data":"Limit Break","floor":47,"key":"SMITH"}],"circlet_count":0,"master_deck":["Bash","Armaments+1","Injury","Anger","Hemokinesis","Reaper","Cleave","Reaper","Anger","Fire Breathing+1","Demon Form+1","Pummel","Rampage","Dual Wield","Bloodletting","Reaper","Necronomicurse","Infernal Blade","Inflame+1","Limit Break+1","Infernal Blade+1","Heavy Blade+1","Madness","Madness","Metallicize+1","Parasite","Decay","Demon Form"],"relics":["Burning Blood","NeowsBlessing","Golden Idol","CultistMask","The Courier","Strawberry","Anchor","Bag of Marbles","Pandora\u0027s Box","Necronomicon","Orichalcum","Meat on the Bone","Lantern","Cursed Key","Molten Egg 2","Bronze Scales","Oddly Smooth Stone","Letter Opener","Bag of Preparation","OrangePellets","Shuriken"],"acts_visited":["Exordium","TheCity","TheBeyond","TheEnding"],"potions_floor_usage":[16,16,20,21,31,33,33,35,42,49,49,49],"damage_taken":[{"damage":0,"enemies":"Small Slimes","floor":1,"turns":1},{"damage":0,"enemies":"2 Louse","floor":5,"turns":1},{"damage":0,"enemies":"Lagavulin","floor":6,"turns":1},{"damage":25,"enemies":"Gremlin Nob","floor":8,"turns":5},{"damage":5,"enemies":"Cultist","floor":10,"turns":4},{"damage":22,"enemies":"Exordium Thugs","floor":11,"turns":5},{"damage":6,"enemies":"2 Fungi Beasts","floor":13,"turns":4},{"damage":0,"enemies":"Lots of Slimes","floor":14,"turns":4},{"damage":82,"enemies":"The Guardian","floor":16,"turns":16},{"damage":30,"enemies":"Spheric Guardian","floor":18,"turns":4},{"damage":11,"enemies":"Shell Parasite","floor":20,"turns":4},{"damage":31,"enemies":"3 Cultists","floor":21,"turns":4},{"damage":49,"enemies":"Gremlin Leader","floor":24,"turns":6},{"damage":38,"enemies":"Snake Plant","floor":27,"turns":5},{"damage":31,"enemies":"Chosen and Byrds","floor":28,"turns":5},{"damage":21,"enemies":"Snecko","floor":31,"turns":4},{"damage":27,"enemies":"Champ","floor":33,"turns":8},{"damage":51,"enemies":"3 Darklings","floor":35,"turns":4},{"damage":15,"enemies":"Orb Walker","floor":36,"turns":3},{"damage":55,"enemies":"Jaw Worm Horde","floor":39,"turns":4},{"damage":92,"enemies":"Reptomancer","floor":41,"turns":7},{"damage":7,"enemies":"Writhing Mass","floor":42,"turns":3},{"damage":73,"enemies":"Time Eater","floor":45,"turns":6},{"damage":63,"enemies":"Shield and Spear","floor":49,"turns":6},{"damage":60,"enemies":"The Heart","floor":50,"turns":3}],"seed_played":"-7058688592557267560","potions_obtained":[{"floor":5,"key":"Strength Potion"},{"floor":8,"key":"SkillPotion"},{"floor":11,"key":"Regen Potion"},{"floor":16,"key":"ColorlessPotion"},{"floor":20,"key":"PowerPotion"},{"floor":21,"key":"LiquidMemories"},{"floor":27,"key":"GamblersBrew"},{"floor":31,"key":"Block Potion"},{"floor":41,"key":"SteroidPotion"}],"is_trial":false,"path_per_floor":["M","?","?","?","M","E","R","E","T","M","M","T","M","M","R","B",null,"M","?","M","M","?","R","E","T","T","M","M","R","?","M","R","B",null,"M","M","?","$","M","R","E","M","T","?","B",null,"R","$","E","B"],"character_chosen":"IRONCLAD","items_purchased":["Molten Egg 2","Bronze Scales","Oddly Smooth Stone","OrangePellets","PowerPotion","Block Potion","LiquidBronze"],"campfire_rested":3,"item_purchase_floors":[38,38,38,48,48,48,48],"current_hp_per_floor":[80,64,64,64,70,76,76,64,64,65,57,57,65,79,79,22,87,63,63,58,48,32,58,47,47,47,39,52,78,78,81,81,87,87,87,87,76,76,50,76,27,49,49,49,52,87,87,87,56,0,0],"gold":102,"neow_bonus":"THREE_ENEMY_KILL","is_daily":false,"chose_seed":false,"campfire_upgraded":3,"win_rate":0.0,"timestamp":1612275725,"path_taken":["M","?","?","?","?","E","R","E","T","M","M","?","?","M","R","BOSS","M","?","?","M","?","R","E","?","T","M","M","R","?","M","R","BOSS","M","M","?","$","M","R","E","M","T","?","BOSS","R","$","E","BOSS"],"items_purchased_type":["Relic","Relic","Relic","Relic","Potion","Potion","Potion"],"build_version":"2020-12-22","purchased_purges":0,"victory":false,"max_hp_per_floor":[80,80,80,80,80,80,80,87,87,87,87,87,87,87,87,87,87,87,87,87,87,87,87,87,87,87,87,87,87,87,87,87,87,87,87,87,87,87,87,87,87,87,87,87,87,87,87,87,87,87,87],"card_choices":[{"not_picked":["Havoc","Infernal Blade"],"picked":"Armaments","floor":1},{"not_picked":["Shrug It Off","Sentinel","Feel No Pain"],"picked":"SKIP","floor":5},{"not_picked":["Seeing Red","Clash"],"picked":"Anger","floor":6},{"not_picked":["Heavy Blade","Clothesline"],"picked":"Hemokinesis","floor":8},{"not_picked":["Evolve","Intimidate"],"picked":"Reaper","floor":10},{"not_picked":["Flame Barrier","Burning Pact","Searing Blow"],"picked":"SKIP","floor":11},{"not_picked":["Combust","Blood for Blood","Sever Soul"],"picked":"SKIP","floor":13},{"not_picked":["Body Slam","Pommel Strike"],"picked":"Cleave","floor":14},{"not_picked":["Reckless Charge","Sentinel+1","Body Slam"],"picked":"SKIP","floor":18},{"not_picked":["Clash+1","Perfected Strike","Entrench"],"picked":"SKIP","floor":20},{"not_picked":["Body Slam","Warcry+1","Perfected Strike"],"picked":"SKIP","floor":21},{"not_picked":["Armaments","Seeing Red"],"picked":"Infernal Blade","floor":24},{"not_picked":["Body Slam+1","Battle Trance","True Grit+1"],"picked":"SKIP","floor":27},{"not_picked":["Clash","Fire Breathing","True Grit"],"picked":"SKIP","floor":28},{"not_picked":["Armaments","Carnage+1"],"picked":"Inflame+1","floor":31},{"not_picked":["Corruption","Brutality"],"picked":"Limit Break","floor":33},{"not_picked":["Cleave+1","Havoc+1"],"picked":"Infernal Blade+1","floor":35},{"not_picked":["Perfected Strike+1","Sword Boomerang+1"],"picked":"Heavy Blade+1","floor":36},{"not_picked":["Heavy Blade+1","Warcry","Reckless Charge+1"],"picked":"SKIP","floor":39},{"not_picked":["Combust","Cleave+1"],"picked":"Metallicize+1","floor":41},{"not_picked":["Body Slam+1","Uppercut+1","Second Wind"],"picked":"SKIP","floor":42},{"not_picked":["Havoc","Cleave+1"],"picked":"Demon Form","floor":49}],"player_experience":100193,"relics_obtained":[{"floor":6,"key":"The Courier"},{"floor":8,"key":"Strawberry"},{"floor":9,"key":"Anchor"},{"floor":12,"key":"Bag of Marbles"},{"floor":22,"key":"Necronomicon"},{"floor":24,"key":"Orichalcum"},{"floor":26,"key":"Meat on the Bone"},{"floor":41,"key":"Letter Opener"},{"floor":43,"key":"Bag of Preparation"},{"floor":49,"key":"Shuriken"}],"event_choices":[{"damage_healed":0,"gold_gain":0,"player_choice":"Entered Light","damage_taken":16,"max_hp_gain":0,"max_hp_loss":0,"event_name":"Shining Light","floor":2,"gold_loss":0,"cards_upgraded":["Strike_R","Defend_R"]},{"damage_healed":0,"gold_gain":0,"player_choice":"Take Wound","damage_taken":0,"relics_obtained":["Golden Idol"],"max_hp_gain":0,"max_hp_loss":0,"event_name":"Golden Idol","floor":3,"gold_loss":0,"cards_obtained":["Injury"]},{"damage_healed":0,"gold_gain":0,"player_choice":"Trade","damage_taken":0,"relics_obtained":["CultistMask"],"max_hp_gain":0,"max_hp_loss":0,"event_name":"FaceTrader","floor":4,"gold_loss":0},{"damage_healed":0,"gold_gain":0,"player_choice":"Upgraded","damage_taken":0,"max_hp_gain":0,"max_hp_loss":0,"event_name":"Upgrade Shrine","floor":19,"gold_loss":0,"cards_upgraded":["Demon Form"]},{"damage_healed":0,"gold_gain":0,"player_choice":"Obtained Book","damage_taken":16,"max_hp_gain":0,"max_hp_loss":0,"event_name":"Cursed Tome","floor":22,"gold_loss":0},{"damage_healed":0,"gold_gain":0,"player_choice":"Obtained Relic","damage_taken":0,"relics_obtained":["Lantern"],"max_hp_gain":0,"max_hp_loss":0,"event_name":"Addict","floor":30,"gold_loss":85},{"damage_healed":0,"gold_gain":0,"player_choice":"Embrace Madness","damage_taken":11,"max_hp_gain":0,"max_hp_loss":0,"event_name":"Winding Halls","floor":37,"gold_loss":0,"cards_obtained":["Madness","Madness"]},{"damage_healed":0,"gold_gain":0,"player_choice":"Took Portal","damage_taken":0,"max_hp_gain":0,"max_hp_loss":0,"event_name":"SecretPortal","floor":44,"gold_loss":0}],"is_beta":false,"boss_relics":[{"not_picked":["SacredBark","Velvet Choker"],"picked":"Pandora\u0027s Box"},{"not_picked":["Sozu","Snecko Eye"],"picked":"Cursed Key"}],"items_purged_floors":[],"is_endless":false,"potions_floor_spawned":[5,8,11,13,16,20,21,27,31,41],"killed_by":"The Heart","ascension_level":1}}