{"host":"0tiuc76yumknr6qf","time":1612306524,"event":{"mods":["Aspiration","BaseMod","Bestiary","Colored Map","DeckTracker","Highlight Path","Minty Spire (QoL Compilation)","StSLib"],"gold_per_floor":[117,137,153,165,185,185,211,211,211,239,239,259,286,286,286,286,286],"floor_reached":16,"language":"ENG","playtime":646,"items_purged":[],"score":224,"play_id":"8ac6deee-13af-465b-8523-8fcb2ea4a988","local_time":"20210202165524","is_ascension_mode":true,"campfire_choices":[{"data":"Poisoned Stab","floor":6,"key":"SMITH"},{"data":"After Image","floor":8,"key":"SMITH"},{"data":"Catalyst","floor":11,"key":"SMITH"},{"floor":15,"key":"REST"}],"circlet_count":0,"master_deck":["AscendersBane","Strike_G","Strike_G+1","Strike_G+1","Strike_G","Strike_G","Defend_G","Defend_G","Defend_G","Defend_G","Defend_G","Survivor","Neutralize","Poisoned Stab+1","Catalyst+1","Deadly Poison","After Image+1","Acrobatics","Dash","Distraction","Crippling Poison+1","Backflip"],"relics":["Ring of the Snake","Whetstone","Ornamental Fan","The Courier","Dream Catcher"],"acts_visited":["Exordium"],"potions_floor_usage":[7,16,16],"damage_taken":[{"damage":0,"enemies":"Cultist","floor":1,"turns":4},{"damage":0,"enemies":"Small Slimes","floor":2,"turns":3},{"damage":7,"enemies":"Jaw Worm","floor":3,"turns":5},{"damage":4,"enemies":"Blue Slaver","floor":4,"turns":4},{"damage":4,"enemies":"Looter","floor":5,"turns":5},{"damage":19,"enemies":"3 Sentries","floor":7,"turns":8},{"damage":10,"enemies":"Lagavulin","floor":10,"turns":5},{"damage":8,"enemies":"Exordium Wildlife","floor":12,"turns":4},{"damage":35,"enemies":"Slime Boss","floor":16,"turns":10}],"seed_played":"4409393283131873917","potions_obtained":[{"floor":1,"key":"SpeedPotion"},{"floor":5,"key":"PowerPotion"},{"floor":10,"key":"SpeedPotion"}],"is_trial":false,"path_per_floor":["M","M","M","M","M","R","E","R","T","E","R","M","T","?","R","B"],"character_chosen":"THE_SILENT","items_purchased":[],"campfire_rested":1,"item_purchase_floors":[],"current_hp_per_floor":[65,65,58,54,50,50,31,31,31,21,21,13,13,13,34,0,0],"gold":286,"neow_bonus":"TEN_PERCENT_HP_BONUS","is_daily":false,"chose_seed":false,"campfire_upgraded":3,"win_rate":0.0,"timestamp":1612306524,"path_taken":["M","M","M","?","M","R","E","R","T","E","R","M","?","?","R","BOSS"],"items_purchased_type":[],"build_version":"2020-12-22","purchased_purges":0,"victory":false,"max_hp_per_floor":[72,72,72,72,72,72,72,72,72,72,72,72,72,72,72,72,72],"card_choices":[{"not_picked":["Slice","Cloak And Dagger"],"picked":"Poisoned Stab","floor":1},{"not_picked":["Backflip","Cloak And Dagger"],"picked":"Catalyst","floor":2},{"not_picked":["Dodge and Roll","Flying Knee"],"picked":"Deadly Poison","floor":3},{"not_picked":["Setup","Tactician"],"picked":"After Image","floor":4},{"not_picked":["Poisoned Stab","Blade Dance"],"picked":"Acrobatics","floor":5},{"not_picked":["Acrobatics","Poisoned Stab"],"picked":"Dash","floor":7},{"not_picked":["Choke","Deadly Poison"],"picked":"Distraction","floor":10},{"not_picked":["Deflect","Quick Slash"],"picked":"Crippling Poison","floor":12},{"not_picked":["Sucker Punch","Prepared"],"picked":"Backflip","floor":15}],"player_experience":1917944,"relics_obtained":[{"floor":7,"key":"Whetstone"},{"floor":9,"key":"Ornamental Fan"},{"floor":10,"key":"The Courier"},{"floor":13,"key":"Dream Catcher"}],"event_choices":[{"damage_healed":0,"gold_gain":0,"player_choice":"Grow","damage_taken":0,"max_hp_gain":0,"max_hp_loss":0,"event_name":"Living Wall","floor":14,"gold_loss":0,"cards_upgraded":["Crippling Poison"]}],"is_beta":false,"boss_relics":[],"items_purged_floors":[],"is_endless":false,"potions_floor_spawned":[1,5,10,12],"killed_by":"Slime Boss","ascension_level":20}}