{"host":"dlre6nluqh4zuhws","time":1612253150,"event":{"mods":["BaseMod","Minty Spire (QoL Compilation)","Replay The Spire","StSLib"],"gold_per_floor":[112,112,123,134,19,47,47,60,60,60,78,134,163,153,153,254,254,254,195,2,2,2,2,2,2,2,2,2,2,2,2,2],"floor_reached":31,"language":"ENG","playtime":1901,"items_purged":["Pain"],"score":314,"play_id":"bd782734-0d2d-4692-b8ac-f54ff3d591f1","local_time":"20210202150550","is_ascension_mode":true,"campfire_choices":[{"data":"Leg Sweep","floor":7,"key":"SMITH"},{"data":"Crippling Poison","floor":10,"key":"SMITH"},{"floor":15,"key":"REST"},{"data":"Catalyst","floor":23,"key":"SMITH"}],"circlet_count":0,"master_deck":["Strike_G","Strike_G","Strike_G","Strike_G","Strike_G","Defend_G","Defend_G","Defend_G","Defend_G","Defend_G","Survivor","Neutralize","Predator","Hidden Blade","Deadly Poison","Bane","Poisoned Stab","Leg Sweep+1","Crippling Poison+1","ReplayTheSpireMod:Tripwire","Poisoned Stab","Accuracy+1","Infinite Blades+1","Storm of Steel","Catalyst+1","Fluid Movement+1","Leg Sweep","Infinite Blades+1","Poisoned Stab+1","Blur"],"relics":["Ring of the Snake","NeowsBlessing","WarpedTongs","Frozen Egg 2","Question Card","Replay:Mystery Machine","Centennial Puzzle","Ectoplasm","InkBottle","Paper Crane","CaptainsWheel","Molten Egg 2","Nloth\u0027s Gift","Tiny Chest"],"acts_visited":["Exordium","TheCity"],"potions_floor_usage":[6,16,16,16,22,25,27],"damage_taken":[{"damage":0,"enemies":"Cultist","floor":1,"turns":1},{"damage":0,"enemies":"Jaw Worm","floor":3,"turns":1},{"damage":0,"enemies":"2 Louse","floor":4,"turns":1},{"damage":7,"enemies":"Gremlin Nob","floor":6,"turns":3},{"damage":3,"enemies":"Red Slaver","floor":8,"turns":3},{"damage":11,"enemies":"Looter","floor":11,"turns":2},{"damage":15,"enemies":"Lagavulin Event","floor":12,"turns":6},{"damage":23,"enemies":"3 Sentries","floor":13,"turns":9},{"damage":6,"enemies":"Exordium Thugs","floor":14,"turns":4},{"damage":17,"enemies":"The Guardian","floor":16,"turns":7},{"damage":6,"enemies":"Shell Parasite","floor":18,"turns":2},{"damage":2,"enemies":"3 Byrds","floor":21,"turns":6},{"damage":0,"enemies":"Centurion and Healer","floor":22,"turns":5},{"damage":7,"enemies":"Snecko","floor":24,"turns":4},{"damage":29,"enemies":"Slavers","floor":25,"turns":6},{"damage":5,"enemies":"Colosseum Slavers","floor":27,"turns":3},{"damage":0,"enemies":"Colosseum Nobs","floor":27,"turns":5},{"damage":12,"enemies":"Book of Stabbing","floor":30,"turns":5},{"damage":10,"enemies":"Sentry and Sphere","floor":31,"turns":2}],"seed_played":"-4923010502130802689","potions_obtained":[{"floor":1,"key":"LifebloodPotion"},{"floor":3,"key":"LiquidMemories"},{"floor":12,"key":"GhostInAJar"},{"floor":13,"key":"SkillPotion"},{"floor":21,"key":"SneckoOil"},{"floor":22,"key":"CunningPotion"},{"floor":30,"key":"Languid Potion"}],"is_trial":false,"path_per_floor":["M","?","M","M","$","E","R","M","T","R","M","?","E","M","R","B",null,"M","?","$","M","M","R","M","E","T","?","$","?","E","M"],"character_chosen":"THE_SILENT","items_purchased":["Deadly Poison","Bane","Poisoned Stab","Fluid Movement+1","Fire Potion"],"campfire_rested":1,"item_purchase_floors":[5,5,5,20,20],"current_hp_per_floor":[70,70,70,70,70,63,63,60,60,60,49,34,11,5,26,9,70,64,64,64,62,62,62,55,26,26,21,21,21,9,0,0],"gold":2,"neow_bonus":"THREE_ENEMY_KILL","is_daily":false,"chose_seed":false,"campfire_upgraded":3,"win_rate":0.0,"timestamp":1612253150,"path_taken":["M","?","?","M","$","E","R","M","T","R","M","?","E","M","R","BOSS","M","?","$","M","M","R","?","E","T","?","?","?","E","?"],"items_purchased_type":["Card","Card","Card","Card","Potion"],"build_version":"2020-12-13","purchased_purges":1,"victory":false,"max_hp_per_floor":[70,70,70,70,70,70,70,70,70,70,70,70,70,70,70,70,70,70,70,70,70,70,70,70,70,70,70,70,70,70,70,70],"card_choices":[{"not_picked":["Flying Knee","Riddle With Holes"],"picked":"Predator","floor":1},{"not_picked":["ReplayTheSpireMod:Scrap Shanks","Masterful Stab","Acrobatics"],"picked":"SKIP","floor":3},{"not_picked":["Flying Knee","Expertise"],"picked":"Hidden Blade","floor":4},{"not_picked":["Flechettes","Cloak And Dagger"],"picked":"Leg Sweep","floor":6},{"not_picked":["Dagger Throw","Toxin Wave"],"picked":"Crippling Poison","floor":8},{"not_picked":["Poisoned Stab","Outmaneuver","Finisher"],"picked":"ReplayTheSpireMod:Tripwire","floor":11},{"not_picked":["Dagger Throw","Acrobatics","Quick Slash"],"picked":"Poisoned Stab","floor":12},{"not_picked":["Hidden Blade","Calculated Gamble","A Thousand Cuts+1"],"picked":"Accuracy+1","floor":13},{"not_picked":["Dagger Throw","Flying Knee","Blade Dance"],"picked":"Infinite Blades+1","floor":14},{"not_picked":["A Thousand Cuts+1","Phantasmal Killer","Unload"],"picked":"Storm of Steel","floor":16},{"not_picked":["Dagger Spray","PiercingWail","Underhanded Strike+1"],"picked":"Catalyst","floor":18},{"not_picked":["Underhanded Strike","Distraction","Masterful Stab"],"picked":"Leg Sweep","floor":21},{"not_picked":["Dodge and Roll","Slice","Dagger Throw"],"picked":"Infinite Blades+1","floor":22},{"not_picked":["Outmaneuver","Dagger Spray+1","Cloak And Dagger"],"picked":"Poisoned Stab+1","floor":24},{"not_picked":["Dagger Spray","Unload","Poisoned Stab","Deadly Poison"],"picked":"SKIP","floor":25},{"not_picked":["Deadly Poison+1","Endless Agony+1","Bullet Time"],"picked":"Blur","floor":30}],"player_experience":42547,"relics_obtained":[{"floor":6,"key":"Frozen Egg 2"},{"floor":9,"key":"Question Card"},{"floor":13,"key":"Centennial Puzzle"},{"floor":25,"key":"InkBottle"},{"floor":26,"key":"Paper Crane"},{"floor":27,"key":"CaptainsWheel"},{"floor":27,"key":"Molten Egg 2"},{"floor":30,"key":"Tiny Chest"}],"event_choices":[{"damage_healed":0,"gold_gain":0,"player_choice":"Rummage","damage_taken":0,"relics_obtained":["WarpedTongs"],"max_hp_gain":0,"max_hp_loss":0,"event_name":"Accursed Blacksmith","floor":2,"gold_loss":0,"cards_obtained":["Pain"]},{"damage_healed":0,"gold_gain":0,"player_choice":"Searched \u00272\u0027 times","damage_taken":0,"relics_obtained":["Replay:Mystery Machine"],"max_hp_gain":0,"max_hp_loss":0,"event_name":"Dead Adventurer","floor":12,"gold_loss":0},{"damage_healed":0,"gold_gain":0,"player_choice":"Paid Gold","damage_taken":0,"relics_obtained":["Replay:Bandana"],"max_hp_gain":0,"max_hp_loss":0,"event_name":"WeMeetAgain","floor":19,"gold_loss":59},{"damage_healed":0,"gold_gain":0,"player_choice":"Fight","damage_taken":0,"max_hp_gain":0,"max_hp_loss":0,"event_name":"Colosseum","floor":27,"gold_loss":0},{"damage_healed":0,"gold_gain":0,"player_choice":"Fought Nobs","damage_taken":0,"max_hp_gain":0,"max_hp_loss":0,"event_name":"Colosseum","floor":27,"gold_loss":0},{"damage_healed":0,"gold_gain":0,"player_choice":"Traded Relic","damage_taken":0,"relics_obtained":["Nloth\u0027s Gift"],"max_hp_gain":0,"max_hp_loss":0,"event_name":"N\u0027loth","floor":29,"relics_lost":["Replay:Bandana"],"gold_loss":0}],"is_beta":false,"boss_relics":[{"not_picked":["Coffee Dripper","Painkiller Herb"],"picked":"Ectoplasm"}],"items_purged_floors":[20],"is_endless":false,"potions_floor_spawned":[1,3,12,13,21,22,30],"killed_by":"Sentry and Sphere","ascension_level":2}}