{"host":"eebsr5bfap1y39p2","time":1612241728,"event":{"mods":["AchievementEnabler","BaseMod","Colored Map","Minty Spire (QoL Compilation)","StSLib","SuperFastMode"],"gold_per_floor":[113,42,55,5,5,5,5,21,44,77,91,102,102,120,120,216,216,236,254,454,454,454],"floor_reached":21,"language":"KOR","playtime":490,"items_purged":[],"score":253,"play_id":"6086ec2c-3d0c-4260-b58f-c416c3623083","local_time":"20210201235528","is_ascension_mode":true,"campfire_choices":[{"data":"Eruption","floor":6.0,"key":"SMITH"},{"floor":13.0,"key":"REST"},{"data":"Adaptation","floor":15.0,"key":"SMITH"}],"circlet_count":0,"master_deck":["Strike_P","Strike_P","Strike_P","Defend_P","Defend_P","Eruption+1","Vigilance","Adaptation+1","Scrawl","FlurryOfBlows"],"relics":["PureWater","NeowsBlessing","Lantern","Gambling Chip","Empty Cage"],"acts_visited":["Exordium","TheCity"],"potions_floor_usage":[],"damage_taken":[{"damage":0.0,"enemies":"2 Louse","floor":1.0,"turns":1.0},{"damage":0.0,"enemies":"Jaw Worm","floor":3.0,"turns":1.0},{"damage":0.0,"enemies":"Small Slimes","floor":8.0,"turns":1.0},{"damage":12.0,"enemies":"Gremlin Nob","floor":10.0,"turns":3.0},{"damage":9.0,"enemies":"Gremlin Gang","floor":11.0,"turns":3.0},{"damage":14.0,"enemies":"Exordium Thugs","floor":12.0,"turns":3.0},{"damage":6.0,"enemies":"Red Slaver","floor":14.0,"turns":4.0},{"damage":34.0,"enemies":"Slime Boss","floor":16.0,"turns":8.0},{"damage":50,"enemies":"2 Thieves","floor":18,"turns":3},{"damage":0,"enemies":"Chosen","floor":19,"turns":3},{"damage":20,"enemies":"Snecko","floor":21,"turns":2}],"seed_played":"-7856024537884397132","potions_obtained":[{"floor":1.0,"key":"Weak Potion"},{"floor":3.0,"key":"GamblersBrew"},{"floor":11.0,"key":"BlessingOfTheForge"},{"floor":18,"key":"Strength Potion"},{"floor":19,"key":"LiquidMemories"}],"is_trial":false,"path_per_floor":["M","$","M","?","?","R","?","M","T","E","M","M","R","M","R","B",null,"M","M","?","M"],"character_chosen":"WATCHER","items_purchased":["Adaptation"],"campfire_rested":1,"item_purchase_floors":[2],"current_hp_per_floor":[65,65,65,65,58,58,58,58,58,46,37,23,44,38,38,4,55,5,5,5,0,0],"gold":454,"neow_bonus":"THREE_ENEMY_KILL","is_daily":false,"chose_seed":false,"campfire_upgraded":2,"win_rate":0.0,"timestamp":1612241728,"path_taken":["M","$","M","?","?","R","?","?","T","E","M","M","R","M","R","BOSS","M","M","?","M"],"items_purchased_type":["Card"],"build_version":"2020-12-22","purchased_purges":0,"victory":false,"max_hp_per_floor":[72,72,72,72,72,72,72,72,72,72,72,72,72,72,72,72,72,72,72,72,72,72],"card_choices":[{"not_picked":["Nirvana","WindmillStrike","LikeWater"],"picked":"SKIP","floor":1.0},{"not_picked":["FlyingSleeves","Study","Collect"],"picked":"SKIP","floor":3.0},{"not_picked":["Vengeance","FlyingSleeves","Perseverance"],"picked":"SKIP","floor":8.0},{"not_picked":["Worship","Halt","CarveReality"],"picked":"SKIP","floor":10.0},{"not_picked":["JustLucky","CrushJoints","EmptyBody"],"picked":"SKIP","floor":11.0},{"not_picked":["Wallop","Halt","Evaluate"],"picked":"SKIP","floor":12.0},{"not_picked":["Prostrate","Wireheading","BattleHymn"],"picked":"SKIP","floor":14.0},{"not_picked":["Brilliance","Blasphemy"],"picked":"Scrawl","floor":16.0},{"not_picked":["Weave","Worship"],"picked":"FlurryOfBlows","floor":18},{"not_picked":["SignatureMove","Prostrate","ForeignInfluence"],"picked":"SKIP","floor":19}],"player_experience":392904,"relics_obtained":[{"floor":9.0,"key":"Lantern"},{"floor":10.0,"key":"Gambling Chip"}],"event_choices":[{"cards_removed":["Defend_P"],"damage_healed":0.0,"max_hp_gain":0.0,"max_hp_loss":0.0,"gold_gain":0.0,"event_name":"The Cleric","player_choice":"Card Removal","floor":4.0,"gold_loss":50.0,"damage_taken":0.0},{"cards_removed":["Strike_P"],"damage_healed":0.0,"max_hp_gain":0.0,"max_hp_loss":0.0,"gold_gain":0.0,"event_name":"Golden Wing","player_choice":"Card Removal","floor":5.0,"gold_loss":0.0,"damage_taken":7.0},{"damage_healed":0.0,"max_hp_gain":0.0,"max_hp_loss":0.0,"gold_gain":0.0,"event_name":"Wheel of Change","player_choice":"Cursed","floor":7.0,"gold_loss":0.0,"damage_taken":0.0,"cards_obtained":["Decay"]},{"damage_healed":0,"gold_gain":250,"player_choice":"Bet on Owner","damage_taken":0,"max_hp_gain":0,"max_hp_loss":0,"event_name":"The Joust","floor":20,"gold_loss":50}],"is_beta":false,"boss_relics":[{"not_picked":["Coffee Dripper","Runic Dome"],"picked":"Empty Cage"}],"items_purged_floors":[],"is_endless":false,"potions_floor_spawned":[1,3,11,18,19],"killed_by":"Snecko","ascension_level":8}}