{"host":"ooy9sn8qgs7oliwr","time":1612270481,"event":{"mods":["ATMod(阿瑾Mod)","Act Like it!","BaseMod","BetterRewards","Minty Spire (QoL Compilation)","Pale of the Ancients","Reliquary","Remilia_Scarlet Moed（蕾米莉亚・斯卡雷特）3.3.5","Replay The Spire","RumiaBox-露米娅的神秘盒子","StSLib","The Alterego","The Jungle","Warlord Emblem","Yakumo Yukari mod","【遗物卡牌】REMEMod"],"gold_per_floor":[13,32,58,58,58,69,102,20,20,36,48,48,74,94,94,189,189,207,207,147,73,73,73,73,99,99,125,125,135,145,178,178,273,273,289,289,137,147,158,193,193,213,295,295,329,172,172,172,204,215,215,215,215,215,215,215,215],"floor_reached":56,"language":"ZHS","playtime":2592,"items_purged":[],"score":853,"play_id":"3150bf06-b001-4239-9f8a-1feba280ea72","local_time":"20210202205441","is_ascension_mode":false,"campfire_choices":[{"data":"WarlordEmblem:EvilSee","floor":12,"key":"SMITH"},{"data":"WarlordEmblem:GhostStrike","floor":15,"key":"SMITH"},{"data":"WarlordEmblem:Annihilation","floor":23,"key":"SMITH"},{"data":"Immolate","floor":28,"key":"SMITH"},{"data":"WarlordEmblem:Infect","floor":32,"key":"SMITH"},{"data":"WarlordEmblem:DeathWither","floor":41,"key":"SMITH"},{"floor":51,"key":"RECALL"},{"data":"REME_MawOfCthun","floor":54,"key":"SMITH"}],"circlet_count":0,"master_deck":["WarlordEmblem:RuneStrike","WarlordEmblem:RuneStrike","WarlordEmblem:RuneStrike","WarlordEmblem:RuneStrike","WarlordEmblem:Defend_DK","WarlordEmblem:Defend_DK","WarlordEmblem:Defend_DK","WarlordEmblem:Defend_DK","WarlordEmblem:RuneDefend","WarlordEmblem:RuneHeavyStrike","Immolate+1","WarlordEmblem:UndeadWill+1","WarlordEmblem:Withstand","WarlordEmblem:BloodMask","WarlordEmblem:BloodStrike","WarlordEmblem:EvilSee+1","WarlordEmblem:UltimateCold","WarlordEmblem:GhostStrike+1","WarlordEmblem:FrozenChain+1","WarlordEmblem:Annihilation+1","WarlordEmblem:BlackCommand","Necronomicurse","WarlordEmblem:RuneDiffer+1","WarlordEmblem:Execute+1","WarlordEmblem:Infect+1","WarlordEmblem:DeathWither+1","WarlordEmblem:VoidDefend+1","Parasite","WarlordEmblem:EvilEager","Master of Strategy+1","AT_TearsDenial","REME_MawOfCthun+1","WarlordEmblem:RuneRegen+1"],"relics":["WarlordEmblem:RuneSword","WarlordEmblem:BloodRealm","AT_ATBox","REME_ComplimentaryCards","AT_Manta","reliquary:Knoch","reliquary:FeatherDuster","AT_DeathDance","HornCleat","WarlordEmblem:IceDragon","Replay:Bottled Snecko","Necronomicon","HornCleat","WarlordEmblem:IceRealm","Thread and Needle","reliquary:ExpiredCoupon","reliquary:Craggleroot","Replay:Baseball","Strawberry","Replay:Mystery Machine","reliquary:Buckler"],"acts_visited":["Exordium","TheCity","TheBeyond","TheEnding"],"potions_floor_usage":[30,56,56],"damage_taken":[{"damage":0,"enemies":"Cultist","floor":1,"turns":3},{"damage":3,"enemies":"Small Slimes","floor":2,"turns":3},{"damage":0,"enemies":"2 Louse","floor":6,"turns":1},{"damage":30,"enemies":"Gremlin Nob","floor":7,"turns":6},{"damage":2,"enemies":"Blue Slaver","floor":10,"turns":5},{"damage":3,"enemies":"Looter","floor":11,"turns":3},{"damage":41,"enemies":"Lagavulin","floor":13,"turns":7},{"damage":12,"enemies":"Red Slaver","floor":14,"turns":2},{"damage":55,"enemies":"The Guardian","floor":16,"turns":10},{"damage":0,"enemies":"3 Byrds","floor":18,"turns":5},{"damage":12,"enemies":"Replay:Snechameleon","floor":25,"turns":5},{"damage":0,"enemies":"Gremlin Leader","floor":27,"turns":5},{"damage":0,"enemies":"Spheric Guardian","floor":29,"turns":2},{"damage":0,"enemies":"Cultist and Chosen","floor":30,"turns":4},{"damage":16,"enemies":"Slavers","floor":31,"turns":4},{"damage":29,"enemies":"Pondfish","floor":33,"turns":9},{"damage":0,"enemies":"Orb Walker","floor":35,"turns":2},{"damage":19,"enemies":"3 Shapes","floor":38,"turns":4},{"damage":27,"enemies":"Spire Growth","floor":39,"turns":5},{"damage":31,"enemies":"Reptomancer","floor":40,"turns":4},{"damage":14,"enemies":"Writhing Mass","floor":42,"turns":5},{"damage":0,"enemies":"R_Hoarder","floor":45,"turns":8},{"damage":6,"enemies":"Nemesis","floor":49,"turns":5},{"damage":0,"enemies":"Maw","floor":50,"turns":4},{"damage":92,"enemies":"Replay:Hell Engine","floor":52,"turns":9},{"damage":134,"enemies":"Shield and Spear","floor":56,"turns":9}],"seed_played":"8413738645685943611","potions_obtained":[{"floor":2,"key":"Energy Potion"},{"floor":10,"key":"DistilledChaos"},{"floor":14,"key":"WarlordEmblem:ReserveRunePotion"},{"floor":31,"key":"WarlordEmblem:DKPoisonPotion"}],"is_trial":false,"path_per_floor":["M","M","T","?","?","M","E","$","T","M","M","R","E","M","R","B",null,"M","?","?","$","?","R","?","E","T","E","R","M","M","E","R","B",null,"M","?","$","M","M","E","R","M","T","?","E","$","PTL","PTL","E","M","R","B",null,"R","$","E"],"character_chosen":"DeathKnight","items_purchased":["WarlordEmblem:BloodStrike","WarlordEmblem:BlackCommand","Replay:Baseball","reliquary:Buckler"],"campfire_rested":0,"item_purchase_floors":[8,21,37,46],"current_hp_per_floor":[80,80,80,80,80,80,59,59,59,80,80,80,61,65,65,50,80,80,80,80,80,80,80,64,71,71,80,80,80,80,80,80,72,80,80,80,80,65,75,61,61,87,87,77,87,87,87,87,86,87,87,40,87,87,87,0,0],"gold":215,"neow_bonus":"ONE_RARE_RELIC","is_daily":false,"chose_seed":false,"campfire_upgraded":7,"win_rate":0.0,"timestamp":1612270481,"path_taken":["M","M","?","?","?","M","E","$","T","?","M","R","E","M","R","BOSS","M","?","?","$","?","R","?","E","T","E","R","M","M","E","R","BOSS","M","?","$","M","M","E","R","M","T","?","E","$","PTL","PTL","E","M","R","BOSS","R","$","E"],"items_purchased_type":["Card","Card","Relic","Relic"],"build_version":"2020-12-22","purchased_purges":0,"victory":false,"max_hp_per_floor":[80,80,80,80,80,80,80,80,80,80,80,80,80,80,80,80,80,80,80,80,80,80,80,80,80,80,80,80,80,80,80,80,80,80,80,80,80,80,80,87,87,87,87,87,87,87,87,87,87,87,87,87,87,87,87,87,87],"card_choices":[{"not_picked":["WarlordEmblem:WillOfTheNecropolis","WarlordEmblem:WinterHorn"],"picked":"WarlordEmblem:UndeadWill","floor":1},{"not_picked":["WarlordEmblem:EvilPower","WarlordEmblem:WillOfTheNecropolis","WarlordEmblem:DeathStrike"],"picked":"SKIP","floor":2},{"not_picked":["WarlordEmblem:FrostbiteStrike","WarlordEmblem:RuneRegen"],"picked":"WarlordEmblem:Withstand","floor":6},{"not_picked":["WarlordEmblem:CurseStrike","WarlordEmblem:CurseBlade"],"picked":"WarlordEmblem:BloodMask","floor":7},{"not_picked":["WarlordEmblem:RuneBlade","WarlordEmblem:FrozenDeath","WarlordEmblem:RuneMelter"],"picked":"SKIP","floor":10},{"not_picked":["WarlordEmblem:BodyStrike","WarlordEmblem:FrostbiteStrike"],"picked":"WarlordEmblem:EvilSee","floor":11},{"not_picked":["WarlordEmblem:RuneBlade","WarlordEmblem:VoidStrike"],"picked":"WarlordEmblem:UltimateCold","floor":13},{"not_picked":["WarlordEmblem:WindStrike","WarlordEmblem:RuneRecover"],"picked":"WarlordEmblem:GhostStrike","floor":14},{"not_picked":["WarlordEmblem:AntiMagicShield","WarlordEmblem:BodyStrike"],"picked":"WarlordEmblem:FrozenChain+1","floor":18},{"not_picked":["WarlordEmblem:NoLightShield","WarlordEmblem:LichBody+1","WarlordEmblem:BloodBoiling"],"picked":"SKIP","floor":25},{"not_picked":["WarlordEmblem:NoLightShield","WarlordEmblem:Annihilation"],"picked":"WarlordEmblem:RuneDiffer+1","floor":27},{"not_picked":["WarlordEmblem:Withstand","WarlordEmblem:HeartStrike+1"],"picked":"WarlordEmblem:Execute+1","floor":29},{"not_picked":["WarlordEmblem:RuneBlade","WarlordEmblem:BoneShield+1"],"picked":"WarlordEmblem:Infect","floor":30},{"not_picked":["WarlordEmblem:VoidDefend","WarlordEmblem:DeathShake+1","WarlordEmblem:Infect"],"picked":"SKIP","floor":31},{"not_picked":["WarlordEmblem:LichkingWraith","WarlordEmblem:CurseBlade"],"picked":"WarlordEmblem:DeathWither","floor":33},{"not_picked":["WarlordEmblem:Infect","WarlordEmblem:RuneFocus"],"picked":"WarlordEmblem:VoidDefend+1","floor":35},{"not_picked":["WarlordEmblem:HeartStrike+1","WarlordEmblem:RuneRegen","WarlordEmblem:RuneExplode"],"picked":"SKIP","floor":38},{"not_picked":["WarlordEmblem:RuneBlade+1","WarlordEmblem:RuneMelter+1","WarlordEmblem:HeartStrike"],"picked":"SKIP","floor":39},{"not_picked":["WarlordEmblem:Withstand+1","WarlordEmblem:BloodSacrifice","WarlordEmblem:FrozenDeath"],"picked":"SKIP","floor":40},{"not_picked":["WarlordEmblem:DeathShake+1","WarlordEmblem:SevereWinter"],"picked":"WarlordEmblem:EvilEager","floor":42},{"not_picked":["PanicButton","Bandage Up"],"picked":"Master of Strategy","floor":44},{"not_picked":["REME_MawOfCthun","AT_PowerWithin"],"picked":"AT_TearsDenial","floor":44},{"not_picked":["Replay:Sssssssssstrike","Thinking Ahead"],"picked":"REME_MawOfCthun","floor":44},{"not_picked":["WarlordEmblem:Execute","WarlordEmblem:RuneFocus","WarlordEmblem:NoLightShield"],"picked":"SKIP","floor":45},{"not_picked":["WarlordEmblem:FrozenDeath","WarlordEmblem:RuneRegen+1","WarlordEmblem:DeathStrike"],"picked":"SKIP","floor":49},{"not_picked":["WarlordEmblem:HeartStrike","WarlordEmblem:RuneDiffer+1"],"picked":"WarlordEmblem:RuneRegen+1","floor":50}],"player_experience":41987,"relics_obtained":[{"floor":3,"key":"reliquary:Knoch"},{"floor":7,"key":"reliquary:FeatherDuster"},{"floor":9,"key":"AT_DeathDance"},{"floor":13,"key":"HornCleat"},{"floor":24,"key":"Necronomicon"},{"floor":25,"key":"reliquary:SculptingSteel"},{"floor":26,"key":"WarlordEmblem:IceRealm"},{"floor":27,"key":"Thread and Needle"},{"floor":31,"key":"reliquary:ExpiredCoupon"},{"floor":40,"key":"Strawberry"},{"floor":45,"key":"Replay:Mystery Machine"}],"event_choices":[{"damage_healed":0,"gold_gain":0,"player_choice":"Ignored","damage_taken":0,"max_hp_gain":0,"max_hp_loss":0,"event_name":"NoteForYourself","floor":5,"gold_loss":0},{"damage_healed":0,"gold_gain":0,"player_choice":"Read","damage_taken":0,"max_hp_gain":0,"max_hp_loss":0,"event_name":"The Library","floor":19,"gold_loss":0,"cards_obtained":["WarlordEmblem:Annihilation"]},{"damage_healed":0,"gold_gain":0,"player_choice":"Obtained Book","damage_taken":16,"max_hp_gain":0,"max_hp_loss":0,"event_name":"Cursed Tome","floor":24,"gold_loss":0},{"damage_healed":0,"gold_gain":0,"player_choice":"Memory 3","damage_taken":10,"max_hp_gain":0,"max_hp_loss":0,"event_name":"SensoryStone","floor":44,"gold_loss":0}],"is_beta":false,"boss_relics":[{"not_picked":["Runic Pyramid","SoulBox"],"picked":"WarlordEmblem:IceDragon"},{"not_picked":["ChewingGum","Velvet Choker"],"picked":"reliquary:Craggleroot"}],"items_purged_floors":[],"is_endless":false,"potions_floor_spawned":[2,10,14,29,31,33,39,40,50],"killed_by":"Shield and Spear","ascension_level":0}}