{"host":"jumrmhf584hajrnz","time":1612269041,"event":{"mods":["BaseMod","Duelist Mod","GifTheSpireLib","Minty Spire (QoL Compilation)","Quick Restart","StSLib"],"gold_per_floor":[145,57,67,83,93,93,127,127,127,152,302,302,302,302,302,398,398,438,438,438,438,438,484,484,484],"floor_reached":24,"language":"ENG","playtime":1056,"items_purged":[],"score":440,"play_id":"c8e8d2a3-c8eb-4473-b49c-4fbd38d9a9c6","local_time":"20210202133041","is_ascension_mode":true,"campfire_choices":[{"floor":6,"key":"REST"},{"floor":8,"key":"REST"},{"floor":13,"key":"REST"},{"floor":15,"key":"REST"}],"circlet_count":0,"master_deck":["theDuelist:Sparks","theDuelist:Fissure","theDuelist:JerryBeansMan","Writhe","theDuelist:AngelTrumpeter","theDuelist:RainbowOverdragon","theDuelist:WhiteRoseDragon","theDuelist:Inmato","AscendersBane","Doubt","theDuelist:RevivalRose","theDuelist:CastleWalls","theDuelist:CactusBouncer","theDuelist:RainbowOverdragon","theDuelist:JerryBeansMan","theDuelist:RainbowOverdragon","theDuelist:DarkworldThorns","theDuelist:Sparks","theDuelist:CastleWalls","theDuelist:Mudora","theDuelist:SeedCannon","theDuelist:WhiteRoseDragon","theDuelist:PsiCurse","theDuelist:BloomingDarkestRose","theDuelist:Nameless:Greed:AncientGearBox","theDuelist:CactusBouncer","theDuelist:WhiteRoseDragon"],"relics":["theDuelist:MillenniumPuzzle","theDuelist:CardPoolRelic","theDuelist:CardPoolBasicRelic","theDuelist:BoosterPackPoolRelic","theDuelist:CardPoolAddRelic","theDuelist:CardPoolMinusRelic","theDuelist:CardPoolSaveRelic","theDuelist:CardPoolOptionsRelic","Bronze Scales","Juzu Bracelet","Snake Skull","Blue Candle","theDuelist:YugiMirror","Philosopher\u0027s Stone","theDuelist:MillenniumNecklace","theDuelist:TributeEggRelic","Question Card"],"acts_visited":["Exordium","TheCity"],"potions_floor_usage":[23],"damage_taken":[{"damage":1,"enemies":"Cultist","floor":1,"turns":3},{"damage":4,"enemies":"Small Slimes","floor":3,"turns":3},{"damage":12,"enemies":"Jaw Worm","floor":4,"turns":3},{"damage":17,"enemies":"Blue Slaver","floor":5,"turns":3},{"damage":46,"enemies":"Gremlin Nob","floor":7,"turns":5},{"damage":10,"enemies":"Lagavulin","floor":10,"turns":7},{"damage":59,"enemies":"The Guardian","floor":16,"turns":8},{"damage":28,"enemies":"2 Thieves","floor":18,"turns":4},{"damage":16,"enemies":"Gremlin Leader","floor":23,"turns":6},{"damage":13,"enemies":"3 Byrds","floor":24,"turns":2}],"seed_played":"1910823498456807737","potions_obtained":[{"floor":7,"key":"Ancient Potion"},{"floor":10,"key":"Strength Potion"},{"floor":18,"key":"theDuelist:SealedPack"},{"floor":23,"key":"FairyPotion"}],"is_trial":false,"path_per_floor":["M","$","M","M","M","R","E","R","T","E","?","?","R","?","R","B",null,"M","?","?","?","?","E","M"],"character_chosen":"THE_DUELIST","items_purchased":["theDuelist:Mudora"],"campfire_rested":4,"item_purchase_floors":[2],"current_hp_per_floor":[62,62,58,46,29,50,4,25,25,15,15,7,28,39,63,4,62,34,34,34,34,34,18,5,5],"gold":484,"neow_bonus":"RANDOM_COMMON_RELIC","is_daily":false,"chose_seed":false,"campfire_upgraded":0,"win_rate":0.0,"timestamp":1612269041,"path_taken":["M","$","M","M","M","R","E","R","T","E","?","?","R","?","R","BOSS","M","?","?","?","?","E","M"],"items_purchased_type":["Card"],"build_version":"2020-12-22","purchased_purges":0,"victory":false,"max_hp_per_floor":[70,70,70,70,70,70,70,70,70,70,70,70,70,81,81,81,81,81,81,81,81,81,81,81,81],"card_choices":[{"not_picked":["theDuelist:Reinforcements","theDuelist:SilverApples","theDuelist:BottomlessTrapHole","theDuelist:AcidTrapHole"],"picked":"theDuelist:BloomingDarkestRose","floor":1},{"not_picked":["theDuelist:PowerGiant","theDuelist:PotGreed","theDuelist:WeepingIdol","theDuelist:RainbowLife"],"picked":"theDuelist:RainbowOverdragon","floor":3},{"not_picked":["theDuelist:GemElephant","theDuelist:DummyGolem","theDuelist:Polymerization","theDuelist:FutureFusion"],"picked":"theDuelist:Fissure","floor":4},{"not_picked":["theDuelist:BotanicalLion","theDuelist:JerryBeansMan","theDuelist:WormApocalypse","theDuelist:RosePaladin"],"picked":"theDuelist:WhiteRoseDragon","floor":5},{"not_picked":["theDuelist:BotanicalLion","theDuelist:Spore","theDuelist:Firegrass","theDuelist:SplendidRose"],"picked":"theDuelist:CactusBouncer","floor":7},{"not_picked":["theDuelist:WorldTree","theDuelist:VioletCrystal","theDuelist:BloomingDarkestRose","theDuelist:SplendidRose"],"picked":"theDuelist:SeedCannon","floor":10},{"not_picked":["theDuelist:SeedCannon","theDuelist:RoseArcher","theDuelist:QueenAngelRoses","theDuelist:PredaplantSarraceniant"],"picked":"theDuelist:RevivalRose","floor":16},{"not_picked":["theDuelist:CactusBouncer","theDuelist:Firegrass","theDuelist:DarkworldThorns","theDuelist:VioletCrystal"],"picked":"theDuelist:WhiteRoseDragon","floor":18},{"not_picked":["theDuelist:BotanicalLion","theDuelist:JerryBeansMan","theDuelist:Firegrass","theDuelist:CactusBouncer"],"picked":"theDuelist:WhiteRoseDragon","floor":23}],"player_experience":1679315,"relics_obtained":[{"floor":7,"key":"Juzu Bracelet"},{"floor":9,"key":"Snake Skull"},{"floor":10,"key":"Blue Candle"},{"floor":23,"key":"Question Card"}],"event_choices":[{"damage_healed":0,"gold_gain":150,"player_choice":"AGREE","damage_taken":0,"max_hp_gain":0,"max_hp_loss":0,"event_name":"Liars Game","floor":11,"gold_loss":0,"cards_obtained":["Doubt"]},{"damage_healed":0,"gold_gain":0,"player_choice":"Dig - random Duelist relic","duelist":true,"damage_taken":0,"max_hp_gain":0,"max_hp_loss":0,"event_name":"Aknamkanon\u0027s Tomb","floor":12,"gold_loss":0},{"total_magic_score":35,"gold_gain":0,"greed_reward":4,"duelist":true,"damage_taken":0,"relics_obtained":[],"points":8,"max_hp_gain":11,"max_hp_loss":0,"spent_points":{"magic":0,"greed":4,"war":0,"power":0,"hunger":4},"event_name":"Nameless Tomb","hunger_reward":4,"floor":14,"gold_loss":0,"cards_obtained":["theDuelist:Nameless:Greed:AncientGearBox"]},{"damage_healed":0,"gold_gain":0,"player_choice":"Copied","damage_taken":0,"max_hp_gain":0,"max_hp_loss":0,"event_name":"Duplicator","floor":19,"gold_loss":0,"cards_obtained":["theDuelist:RainbowOverdragon"]},{"damage_healed":0,"gold_gain":0,"player_choice":"Took item - Received: Millennium Necklace","duelist":true,"damage_taken":0,"max_hp_gain":0,"max_hp_loss":0,"event_name":"Millennium Items","floor":20,"gold_loss":0},{"damage_healed":0,"gold_gain":0,"player_choice":"Ignored","damage_taken":0,"max_hp_gain":0,"max_hp_loss":0,"event_name":"Ghosts","floor":21,"gold_loss":0},{"damage_healed":0,"gold_gain":0,"player_choice":"Opened","damage_taken":0,"relics_obtained":["theDuelist:TributeEggRelic"],"max_hp_gain":0,"max_hp_loss":0,"event_name":"The Mausoleum","floor":22,"gold_loss":0,"cards_obtained":["Writhe"]}],"is_beta":false,"boss_relics":[{"not_picked":["Runic Pyramid","Snecko Eye"],"picked":"Philosopher\u0027s Stone"}],"items_purged_floors":[],"is_endless":false,"potions_floor_spawned":[7,10,16,18],"killed_by":"3 Byrds","ascension_level":20}}