{"host":"3a5itcmwo6ddh3id","time":1612290531,"event":{"mods":["BaseMod","Colored Map","Colored Powertips","Minty Spire (QoL Compilation)","Relic Stats"],"gold_per_floor":[111,111,261,261,280,310,310,338,338,338,359,394,394,102,102,181,181,191,204,221,221,221,221,250,29,29,45,72,83,93,120,120,191,191,208,219,239,253,263,297,315,315,315],"floor_reached":42,"language":"ENG","playtime":3460,"items_purged":["Strike_G"],"score":1341,"play_id":"79f7f5bc-2b8b-4ca8-b7c2-f80508091ea7","local_time":"20210202122851","is_ascension_mode":true,"campfire_choices":[{"data":"Phantasmal Killer","floor":7.0,"key":"SMITH"},{"floor":10.0,"key":"REST"},{"data":"Bane","floor":15.0,"key":"SMITH"},{"floor":23.0,"key":"REST"},{"floor":32.0,"key":"REST"}],"circlet_count":0,"master_deck":["AscendersBane","Strike_G","Defend_G+1","Defend_G","Defend_G","Defend_G","Defend_G","Survivor","Neutralize+1","Poisoned Stab+1","Doubt","Phantasmal Killer+1","Bane+1","Deadly Poison+1","PiercingWail","Dodge and Roll","Tools of the Trade","Bane","Die Die Die","Slice+1","Dodge and Roll","Heel Hook+1","Unload","Corpse Explosion","PiercingWail","Concentrate","Dagger Throw+1","Backflip","Predator+1","Dash+1","A Thousand Cuts","Backflip","Crippling Poison","Noxious Fumes","Blade Dance","Prepared+1"],"relics":["Ring of the Snake","NeowsBlessing","Unceasing Top","Gambling Chip","Paper Crane","Odd Mushroom","Question Card","Frozen Eye","Busted Crown","War Paint","ClockworkSouvenir","Molten Egg 2","Ninja Scroll","Pen Nib","HoveringKite","Gremlin Horn"],"acts_visited":["Exordium","TheCity","TheBeyond"],"potions_floor_usage":[38,40],"damage_taken":[{"damage":0.0,"enemies":"Jaw Worm","floor":1.0,"turns":1.0},{"damage":0.0,"enemies":"2 Louse","floor":5.0,"turns":1.0},{"damage":0.0,"enemies":"Gremlin Nob","floor":6.0,"turns":1.0},{"damage":20.0,"enemies":"Lagavulin","floor":8.0,"turns":6.0},{"damage":8.0,"enemies":"The Mushroom Lair","floor":11.0,"turns":6.0},{"damage":3.0,"enemies":"3 Sentries","floor":12.0,"turns":7.0},{"damage":0.0,"enemies":"Hexaghost","floor":16.0,"turns":9.0},{"damage":9.0,"enemies":"3 Byrds","floor":18.0,"turns":4.0},{"damage":14.0,"enemies":"Shell Parasite","floor":19.0,"turns":5.0},{"damage":15.0,"enemies":"Snake Plant","floor":20.0,"turns":5.0},{"damage":0.0,"enemies":"Gremlin Leader","floor":24.0,"turns":6.0},{"damage":0.0,"enemies":"Centurion and Healer","floor":27.0,"turns":4.0},{"damage":26.0,"enemies":"Slavers","floor":28.0,"turns":5.0},{"damage":0.0,"enemies":"Snecko","floor":29.0,"turns":4.0},{"damage":0.0,"enemies":"3 Cultists","floor":30.0,"turns":5.0},{"damage":0.0,"enemies":"Gremlin Leader","floor":31.0,"turns":3.0},{"damage":34.0,"enemies":"Automaton","floor":33.0,"turns":11.0},{"damage":0.0,"enemies":"3 Darklings","floor":35.0,"turns":2.0},{"damage":0.0,"enemies":"Orb Walker","floor":36.0,"turns":2.0},{"damage":20.0,"enemies":"Spire Growth","floor":37.0,"turns":4.0},{"damage":3,"enemies":"Jaw Worm Horde","floor":38,"turns":4},{"damage":3,"enemies":"4 Shapes","floor":39,"turns":4},{"damage":23,"enemies":"Reptomancer","floor":40,"turns":5},{"damage":4,"enemies":"Transient","floor":41,"turns":6},{"damage":3,"enemies":"Giant Head","floor":42,"turns":3}],"seed_played":"3971010522859713660","potions_obtained":[{"floor":1.0,"key":"Fruit Juice"},{"floor":8.0,"key":"DuplicationPotion"},{"floor":11.0,"key":"SkillPotion"},{"floor":13.0,"key":"EntropicBrew"},{"floor":20.0,"key":"GamblersBrew"},{"floor":29.0,"key":"Poison Potion"},{"floor":30.0,"key":"LiquidBronze"},{"floor":37.0,"key":"LiquidMemories"},{"floor":38,"key":"LiquidMemories"}],"is_trial":false,"path_per_floor":["M","?","?","?","M","E","R","E","T","R","?","E","?","$","R","B",null,"M","M","M","?","?","R","E","$","T","M","E","M","M","E","R","B",null,"M","M","M","M","M","E","M","E"],"character_chosen":"THE_SILENT","items_purchased":["Frozen Eye","Bane","ClockworkSouvenir","PowerPotion"],"campfire_rested":3,"item_purchase_floors":[14,14,25,25],"current_hp_per_floor":[64,43,43,43,43,43,43,23,23,44,36,33,33,33,33,33,62,53,39,24,24,24,45,45,45,45,45,19,19,19,19,40,6,55,55,55,35,32,29,6,2,0,0],"gold":315,"neow_bonus":"THREE_ENEMY_KILL","is_daily":false,"chose_seed":false,"campfire_upgraded":2,"win_rate":0.0,"timestamp":1612290531,"path_taken":["M","?","?","?","?","E","R","E","T","R","?","E","?","$","R","BOSS","M","M","?","?","?","R","E","?","T","?","E","M","M","E","R","BOSS","M","M","M","M","M","E","M","E"],"items_purchased_type":["Relic","Card","Relic","Potion"],"build_version":"2020-12-22","purchased_purges":1,"victory":false,"max_hp_per_floor":[71,71,71,71,71,71,71,71,71,71,71,71,71,71,71,71,71,71,71,71,71,71,71,71,71,71,71,71,71,71,71,71,71,71,71,71,71,71,71,71,71,71,71],"relic_stats":{"Busted Crown":34,"Gremlin Horn":[0,0],"counters":[25,113],"Gambling Chip":[105],"HoveringKite":[22],"Pen Nib":[11],"War Paint":["Deadly Poison","Defend_G"],"Question Card":18,"obtain_stats":[{"NeowsBlessing":0,"Gremlin Horn":40,"HoveringKite":34,"Pen Nib":31,"Paper Crane":9,"Odd Mushroom":11,"War Paint":24,"Question Card":12,"ClockworkSouvenir":25,"Frozen Eye":14,"Busted Crown":17,"Ninja Scroll":28,"Gambling Chip":8,"Molten Egg 2":26,"Unceasing Top":6,"Ring of the Snake":0},{"NeowsBlessing":0,"Gremlin Horn":23,"HoveringKite":17,"Pen Nib":16,"Paper Crane":4,"Odd Mushroom":5,"War Paint":11,"Question Card":6,"ClockworkSouvenir":11,"Frozen Eye":6,"Busted Crown":7,"Ninja Scroll":13,"Gambling Chip":4,"Molten Egg 2":11,"Unceasing Top":3,"Ring of the Snake":0},{"NeowsBlessing":0,"Gremlin Horn":104,"HoveringKite":83,"Pen Nib":72,"Paper Crane":9,"Odd Mushroom":15,"War Paint":51,"Question Card":22,"ClockworkSouvenir":51,"Frozen Eye":22,"Busted Crown":31,"Ninja Scroll":60,"Gambling Chip":9,"Molten Egg 2":51,"Unceasing Top":3,"Ring of the Snake":0}],"Unceasing Top":[67],"Ring of the Snake":[50]},"card_choices":[{"not_picked":["All Out Attack","Concentrate"],"picked":"Poisoned Stab","floor":1.0},{"not_picked":["PiercingWail","Slice"],"picked":"Bane","floor":5.0},{"not_picked":["Backstab","Well Laid Plans"],"picked":"Deadly Poison","floor":6.0},{"not_picked":["Dodge and Roll","Deadly Poison"],"picked":"PiercingWail","floor":8.0},{"not_picked":["Cloak And Dagger","Slice"],"picked":"Dodge and Roll","floor":11.0},{"not_picked":["Bouncing Flask","Deadly Poison"],"picked":"Tools of the Trade","floor":12.0},{"not_picked":["Storm of Steel","Tools of the Trade","Doppelganger"],"picked":"Die Die Die","floor":16.0},{"not_picked":["Prepared"],"picked":"Slice+1","floor":18.0},{"not_picked":["Masterful Stab+1"],"picked":"Dodge and Roll","floor":19.0},{"not_picked":["Infinite Blades"],"picked":"Heel Hook+1","floor":20.0},{"not_picked":["Escape Plan"],"picked":"PiercingWail","floor":24.0},{"not_picked":["Slice+1"],"picked":"Concentrate","floor":27.0},{"not_picked":["Glass Knife+1"],"picked":"Dagger Throw+1","floor":28.0},{"not_picked":["Prepared"],"picked":"Backflip","floor":29.0},{"not_picked":["Backstab+1"],"picked":"Predator+1","floor":30.0},{"not_picked":["Flying Knee+1"],"picked":"Dash+1","floor":31.0},{"not_picked":["Doppelganger"],"picked":"A Thousand Cuts","floor":33.0},{"not_picked":["Accuracy"],"picked":"Backflip","floor":35.0},{"not_picked":["Escape Plan","Poisoned Stab+1"],"picked":"SKIP","floor":36.0},{"not_picked":["Slice+1"],"picked":"Crippling Poison","floor":37.0},{"not_picked":["Riddle With Holes+1","Prepared"],"picked":"SKIP","floor":38},{"not_picked":["Leg Sweep"],"picked":"Noxious Fumes","floor":39},{"not_picked":["Accuracy"],"picked":"Blade Dance","floor":40},{"not_picked":["Glass Knife+1"],"picked":"Prepared+1","floor":41}],"player_experience":1107472,"relics_obtained":[{"floor":6.0,"key":"Unceasing Top"},{"floor":8.0,"key":"Gambling Chip"},{"floor":9.0,"key":"Paper Crane"},{"floor":11.0,"key":"Odd Mushroom"},{"floor":12.0,"key":"Question Card"},{"floor":24.0,"key":"War Paint"},{"floor":26.0,"key":"Molten Egg 2"},{"floor":28.0,"key":"Ninja Scroll"},{"floor":31.0,"key":"Pen Nib"},{"floor":40,"key":"Gremlin Horn"}],"event_choices":[{"damage_healed":0.0,"max_hp_gain":0.0,"max_hp_loss":0.0,"gold_gain":0.0,"event_name":"Shining Light","player_choice":"Entered Light","floor":2.0,"gold_loss":0.0,"damage_taken":21.0,"cards_upgraded":["Poisoned Stab","Neutralize"]},{"damage_healed":0.0,"max_hp_gain":0.0,"max_hp_loss":0.0,"gold_gain":150.0,"event_name":"Liars Game","player_choice":"AGREE","floor":3.0,"gold_loss":0.0,"damage_taken":0.0,"cards_obtained":["Doubt"]},{"damage_healed":0.0,"max_hp_gain":0.0,"max_hp_loss":0.0,"gold_gain":0.0,"cards_transformed":["Strike_G"],"event_name":"Transmorgrifier","player_choice":"Transformed","floor":4.0,"gold_loss":0.0,"damage_taken":0.0,"cards_obtained":["Phantasmal Killer"]},{"damage_healed":0.0,"max_hp_gain":0.0,"max_hp_loss":0.0,"gold_gain":0.0,"event_name":"Mushrooms","player_choice":"Fought Mushrooms","floor":11.0,"gold_loss":0.0,"damage_taken":0.0},{"damage_healed":0.0,"max_hp_gain":0.0,"max_hp_loss":0.0,"gold_gain":0.0,"event_name":"Lab","player_choice":"Got Potions","floor":13.0,"gold_loss":0.0,"damage_taken":0.0},{"damage_healed":0.0,"max_hp_gain":0.0,"max_hp_loss":0.0,"gold_gain":0.0,"event_name":"The Mausoleum","player_choice":"Ignored","floor":21.0,"gold_loss":0.0,"damage_taken":0.0},{"damage_healed":0.0,"max_hp_gain":0.0,"max_hp_loss":0.0,"gold_gain":0.0,"cards_transformed":["Strike_G","Strike_G"],"event_name":"Drug Dealer","player_choice":"Became Test Subject","floor":22.0,"gold_loss":0.0,"damage_taken":0.0,"cards_obtained":["Unload","Corpse Explosion"]}],"is_beta":false,"boss_relics":[{"not_picked":["Velvet Choker","Snecko Eye"],"picked":"Busted Crown"},{"not_picked":["Runic Dome","WristBlade"],"picked":"HoveringKite"}],"items_purged_floors":[14],"is_endless":false,"potions_floor_spawned":[1,8,11,20,29,30,37,38,39],"killed_by":"Giant Head","ascension_level":20}}