{"host":"sygfylmorsvdndbx","time":1612310155,"event":{"mods":["AchievementEnabler","BaseMod","Highlight Path","Minty Spire (QoL Compilation)","Permanent Neow","Quick Restart","Relic Stats"],"gold_per_floor":[109,125,1,1,18,18,32,47,99,124,124,199,225,238,238,238,238],"floor_reached":16,"language":"ENG","playtime":1680,"items_purged":["Defend_G"],"score":162,"play_id":"39cb775d-6ea5-4d15-b8b0-689a0f6b58e2","local_time":"20210202185555","is_ascension_mode":true,"campfire_choices":[{"data":"Flechettes","floor":6,"key":"SMITH"},{"data":"Glass Knife","floor":11,"key":"SMITH"},{"floor":15,"key":"REST"}],"circlet_count":0,"master_deck":["Strike_G","Strike_G","Strike_G","Defend_G","Defend_G","Defend_G","Defend_G","Survivor","Neutralize","PiercingWail","Dagger Throw","Backflip","Flechettes+1","Dodge and Roll","Tactician","Glass Knife+1","Corpse Explosion"],"relics":["Ring of the Snake","Happy Flower","The Courier","Blood Vial"],"acts_visited":["Exordium"],"potions_floor_usage":[10,10,13,16],"damage_taken":[{"damage":0,"enemies":"2 Louse","floor":1,"turns":4},{"damage":0,"enemies":"Cultist","floor":2,"turns":4},{"damage":0,"enemies":"Small Slimes","floor":5,"turns":4},{"damage":0,"enemies":"Blue Slaver","floor":7,"turns":4},{"damage":3,"enemies":"Large Slime","floor":8,"turns":8},{"damage":20,"enemies":"3 Sentries","floor":10,"turns":19},{"damage":16,"enemies":"Gremlin Nob","floor":13,"turns":4},{"damage":1,"enemies":"Exordium Thugs","floor":14,"turns":4},{"damage":37,"enemies":"Slime Boss","floor":16,"turns":12}],"seed_played":"-376017822645890238","potions_obtained":[{"floor":2,"key":"Dexterity Potion"},{"floor":8,"key":"DuplicationPotion"},{"floor":10,"key":"Fire Potion"}],"is_trial":false,"path_per_floor":["M","M","$","?","M","R","M","M","T","E","R","?","E","M","R","B"],"character_chosen":"THE_SILENT","items_purchased":["Block Potion"],"campfire_rested":1,"item_purchase_floors":[3],"current_hp_per_floor":[63,63,63,63,63,63,63,60,60,40,40,29,13,14,35,0,0],"gold":238,"neow_bonus":"TRANSFORM_CARD","is_daily":false,"chose_seed":false,"campfire_upgraded":2,"win_rate":0.0,"timestamp":1612310155,"path_taken":["M","M","$","?","?","R","M","M","T","E","R","?","E","M","R","BOSS"],"items_purchased_type":["Potion"],"build_version":"2020-12-22","purchased_purges":1,"victory":false,"max_hp_per_floor":[70,70,70,70,70,70,70,70,70,70,70,70,70,70,70,70,70],"relic_stats":{"Blood Vial":4,"Happy Flower":[13],"counters":[9,63],"obtain_stats":[{"Blood Vial":13,"Happy Flower":9,"The Courier":10,"Ring of the Snake":0},{"Blood Vial":7,"Happy Flower":5,"The Courier":6,"Ring of the Snake":0},{"Blood Vial":47,"Happy Flower":24,"The Courier":43,"Ring of the Snake":0}],"Ring of the Snake":[18]},"card_choices":[{"not_picked":["Outmaneuver","Expertise"],"picked":"Dagger Throw","floor":1},{"not_picked":["Concentrate","Quick Slash"],"picked":"Backflip","floor":2},{"not_picked":["Setup","Crippling Poison"],"picked":"Flechettes","floor":5},{"not_picked":["Underhanded Strike","Acrobatics"],"picked":"Dodge and Roll","floor":7},{"not_picked":["Cloak And Dagger","Deflect"],"picked":"Tactician","floor":8},{"not_picked":["Underhanded Strike","Prepared"],"picked":"Glass Knife","floor":10},{"not_picked":["Underhanded Strike","Slice"],"picked":"Corpse Explosion","floor":13},{"not_picked":["Prepared","Dagger Spray","Sucker Punch"],"picked":"SKIP","floor":14}],"player_experience":398675,"relics_obtained":[{"floor":9,"key":"Happy Flower"},{"floor":10,"key":"The Courier"},{"floor":13,"key":"Blood Vial"}],"event_choices":[{"cards_removed":["Strike_G"],"damage_healed":0,"gold_gain":0,"player_choice":"Offered Basic","damage_taken":0,"max_hp_gain":0,"max_hp_loss":0,"event_name":"Bonfire Elementals","floor":4,"gold_loss":0},{"damage_healed":0,"gold_gain":75,"player_choice":"Gather Gold","damage_taken":11,"max_hp_gain":0,"max_hp_loss":0,"event_name":"World of Goop","floor":12,"gold_loss":0}],"is_beta":false,"boss_relics":[],"items_purged_floors":[3],"is_endless":false,"potions_floor_spawned":[2,8,10],"killed_by":"Slime Boss","ascension_level":9}}