{"host":"syozzdlzcqop4jia","time":1612299622,"event":{"mods":["BaseMod","Colored Map","Colored Powertips","Minty Spire (QoL Compilation)","Quick Restart"],"gold_per_floor":[111,122,122,138,151,177,195,195,195,252,1,21,21,37,37,138,138,152,152,152,26,36,36,54,84,84,97,114,114,0,99,99,197,197,207,219,28,28,42,70,70,102,102,102,115,115,115,132,132,132,132],"floor_reached":50,"language":"ENG","playtime":3762,"items_purged":["Defend_R+1"],"score":768,"play_id":"a64facce-c8ae-449b-a745-af8a7f1270df","local_time":"20210202220022","is_ascension_mode":true,"campfire_choices":[{"data":"Pummel","floor":8,"key":"SMITH"},{"floor":15,"key":"REST"},{"data":"Pummel","floor":23,"key":"SMITH"},{"floor":29,"key":"REST"},{"floor":32,"key":"REST"},{"floor":41,"key":"REST"},{"data":"Double Tap","floor":47,"key":"SMITH"},{"data":"Heavy Blade","floor":49,"key":"SMITH"}],"circlet_count":0,"master_deck":["Strike_R+1","Strike_R+1","Strike_R+1","Strike_R+1","Strike_R+1","Defend_R+1","Defend_R+1","Defend_R+1","Bash","Seeing Red","Pummel","Anger","Inflame+1","Pummel+1","Flame Barrier","Heavy Blade+1","Flex","Inflame","Offering","Heavy Blade","Flex","Battle Trance","Double Tap+1","Clothesline","Pummel+1","Armaments+1","Rage+1","Heavy Blade","Shrug It Off","Immolate","Flex+1","Clothesline+1","Limit Break","Pommel Strike","Madness","Shrug It Off","Doubt","Heavy Blade+1"],"relics":["Burning Blood","Art of War","The Courier","White Beast Statue","Mark of Pain","Medical Kit","Red Skull","PreservedInsect","Brimstone","Busted Crown","Bronze Scales","Self Forming Clay","Boot"],"acts_visited":["Exordium","TheCity","TheBeyond"],"potions_floor_usage":[7,10,10,14,18,18,25,27,33,33,36,40,42,42,45,50,50],"damage_taken":[{"damage":6,"enemies":"Small Slimes","floor":1,"turns":5},{"damage":3,"enemies":"Jaw Worm","floor":2,"turns":4},{"damage":3,"enemies":"2 Louse","floor":4,"turns":4},{"damage":7,"enemies":"2 Fungi Beasts","floor":5,"turns":3},{"damage":40,"enemies":"3 Sentries","floor":6,"turns":8},{"damage":8,"enemies":"Large Slime","floor":7,"turns":4},{"damage":42,"enemies":"Lagavulin Event","floor":10,"turns":8},{"damage":0,"enemies":"Exordium Wildlife","floor":12,"turns":2},{"damage":0,"enemies":"3 Louse","floor":14,"turns":2},{"damage":36,"enemies":"Hexaghost","floor":16,"turns":8},{"damage":18,"enemies":"2 Thieves","floor":18,"turns":4},{"damage":0,"enemies":"3 Byrds","floor":22,"turns":4},{"damage":12,"enemies":"Snecko","floor":24,"turns":3},{"damage":64,"enemies":"Slavers","floor":25,"turns":5},{"damage":12,"enemies":"Cultist and Chosen","floor":27,"turns":3},{"damage":2,"enemies":"Centurion and Healer","floor":28,"turns":4},{"damage":43,"enemies":"Automaton","floor":33,"turns":5},{"damage":22,"enemies":"3 Darklings","floor":35,"turns":3},{"damage":0,"enemies":"Orb Walker","floor":36,"turns":1},{"damage":50,"enemies":"Writhing Mass","floor":39,"turns":4},{"damage":0,"enemies":"Giant Head","floor":40,"turns":3},{"damage":7,"enemies":"Reptomancer","floor":42,"turns":2},{"damage":6,"enemies":"Maw","floor":45,"turns":4},{"damage":10,"enemies":"4 Shapes","floor":48,"turns":3},{"damage":115,"enemies":"Awakened One","floor":50,"turns":7}],"seed_played":"9202727185814565411","potions_obtained":[{"floor":1,"key":"Explosive Potion"},{"floor":5,"key":"SpeedPotion"},{"floor":6,"key":"SteroidPotion"},{"floor":7,"key":"Block Potion"},{"floor":12,"key":"Fire Potion"},{"floor":14,"key":"SneckoOil"},{"floor":16,"key":"Regen Potion"},{"floor":18,"key":"Weak Potion"},{"floor":22,"key":"LiquidBronze"},{"floor":25,"key":"Strength Potion"},{"floor":27,"key":"Strength Potion"},{"floor":33,"key":"Fire Potion"},{"floor":35,"key":"Strength Potion"},{"floor":36,"key":"SpeedPotion"},{"floor":40,"key":"ElixirPotion"},{"floor":42,"key":"Regen Potion"},{"floor":45,"key":"SkillPotion"},{"floor":48,"key":"Ancient Potion"}],"is_trial":false,"path_per_floor":["M","M","?","M","M","E","M","R","T","?","$","M","?","M","R","B",null,"M","?","?","$","M","R","M","E","T","M","M","R","$","?","R","B",null,"M","M","$","?","M","E","R","E","T","?","M","?","R","M","R","B"],"character_chosen":"IRONCLAD","items_purchased":["Flex","Inflame","Offering","Heavy Blade","Medical Kit","Brimstone","Limit Break","Pommel Strike"],"campfire_rested":4,"item_purchase_floors":[11,11,11,11,21,30,37,37],"current_hp_per_floor":[88,88,93,93,92,58,56,56,56,20,20,26,7,13,40,10,72,72,72,72,72,78,78,72,14,14,8,12,39,39,39,66,29,77,61,67,67,55,11,17,44,43,43,43,55,93,93,89,89,0,0],"gold":132,"neow_bonus":"TEN_PERCENT_HP_BONUS","is_daily":false,"chose_seed":false,"campfire_upgraded":4,"win_rate":0.0,"timestamp":1612299622,"path_taken":["M","M","?","M","M","E","M","R","T","?","$","M","?","M","R","BOSS","M","?","?","$","M","R","M","E","T","M","M","R","?","?","R","BOSS","M","M","$","?","M","E","R","E","T","?","M","?","R","M","R","BOSS"],"items_purchased_type":["Card","Card","Card","Card","Relic","Relic","Card","Card"],"build_version":"2020-12-22","purchased_purges":1,"victory":false,"max_hp_per_floor":[88,88,93,93,93,93,93,93,93,93,93,93,93,93,93,93,93,93,93,93,93,93,93,93,93,93,93,93,93,93,93,93,93,93,93,93,93,93,93,93,93,93,93,93,93,93,93,93,93,93,93],"card_choices":[{"not_picked":["Dropkick","Warcry"],"picked":"Seeing Red","floor":1},{"not_picked":["Anger","Feel No Pain"],"picked":"Pummel","floor":2},{"not_picked":["Flex","Evolve"],"picked":"Anger","floor":4},{"not_picked":["Sword Boomerang","Blood for Blood"],"picked":"Inflame","floor":5},{"not_picked":["Clash","Uppercut"],"picked":"Pummel","floor":6},{"not_picked":["True Grit","Evolve"],"picked":"Flame Barrier","floor":7},{"not_picked":["Sentinel","Sever Soul"],"picked":"Heavy Blade","floor":10},{"not_picked":["Clothesline","Dropkick"],"picked":"Flex","floor":12},{"not_picked":["Anger","Metallicize"],"picked":"Battle Trance","floor":14},{"not_picked":["Barricade","Exhume"],"picked":"Double Tap","floor":16},{"not_picked":["Rupture","Body Slam"],"picked":"Clothesline","floor":18},{"not_picked":["Body Slam","Bloodletting"],"picked":"Pummel","floor":22},{"not_picked":["Feel No Pain","Clothesline"],"picked":"Armaments+1","floor":24},{"not_picked":["Rampage","Barricade"],"picked":"Rage+1","floor":25},{"not_picked":["Bloodletting","Whirlwind"],"picked":"Heavy Blade","floor":27},{"not_picked":["Headbutt","Warcry"],"picked":"Shrug It Off","floor":28},{"not_picked":["Berserk","Corruption"],"picked":"Immolate","floor":33},{"not_picked":[],"picked":"Flex+1","floor":35},{"not_picked":[],"picked":"Clothesline+1","floor":36},{"not_picked":["Power Through"],"picked":"SKIP","floor":39},{"not_picked":[],"picked":"Shrug It Off","floor":40},{"not_picked":["Twin Strike"],"picked":"SKIP","floor":42},{"not_picked":["Thunderclap"],"picked":"SKIP","floor":45},{"not_picked":[],"picked":"Heavy Blade+1","floor":48}],"player_experience":512760,"relics_obtained":[{"floor":6,"key":"Art of War"},{"floor":9,"key":"The Courier"},{"floor":10,"key":"White Beast Statue"},{"floor":25,"key":"Red Skull"},{"floor":26,"key":"PreservedInsect"},{"floor":40,"key":"Bronze Scales"},{"floor":42,"key":"Self Forming Clay"},{"floor":43,"key":"Boot"}],"event_choices":[{"damage_healed":0,"gold_gain":0,"player_choice":"Donut","damage_taken":0,"max_hp_gain":5,"max_hp_loss":0,"event_name":"Big Fish","floor":3,"gold_loss":0},{"damage_healed":0,"gold_gain":0,"player_choice":"Searched \u00271\u0027 times","damage_taken":0,"max_hp_gain":0,"max_hp_loss":0,"event_name":"Dead Adventurer","floor":10,"gold_loss":0},{"damage_healed":0,"gold_gain":0,"player_choice":"Entered Light","damage_taken":19,"max_hp_gain":0,"max_hp_loss":0,"event_name":"Shining Light","floor":13,"gold_loss":0,"cards_upgraded":["Inflame","Defend_R"]},{"damage_healed":0,"gold_gain":0,"player_choice":"Ignored","damage_taken":0,"max_hp_gain":0,"max_hp_loss":0,"event_name":"The Mausoleum","floor":19,"gold_loss":0},{"damage_healed":0,"gold_gain":0,"player_choice":"Simplicity","damage_taken":0,"max_hp_gain":0,"max_hp_loss":0,"event_name":"Back to Basics","floor":20,"gold_loss":0,"cards_upgraded":["Strike_R","Strike_R","Strike_R","Strike_R","Strike_R","Defend_R","Defend_R","Defend_R"]},{"damage_healed":0,"gold_gain":99,"player_choice":"Stole From Cult","damage_taken":0,"max_hp_gain":0,"max_hp_loss":0,"event_name":"Nest","floor":31,"gold_loss":0},{"damage_healed":0,"gold_gain":0,"player_choice":"Embrace Madness","damage_taken":12,"max_hp_gain":0,"max_hp_loss":0,"event_name":"Winding Halls","floor":38,"gold_loss":0,"cards_obtained":["Madness","Madness"]},{"cards_removed":["Madness"],"damage_healed":0,"gold_gain":0,"player_choice":"Removed Skill","damage_taken":0,"max_hp_gain":0,"max_hp_loss":0,"event_name":"Falling","floor":44,"gold_loss":0},{"damage_healed":38,"gold_gain":0,"player_choice":"Heal","damage_taken":0,"max_hp_gain":0,"max_hp_loss":0,"event_name":"MindBloom","floor":46,"gold_loss":0,"cards_obtained":["Doubt"]}],"is_beta":false,"boss_relics":[{"not_picked":["Tiny House","SacredBark"],"picked":"Mark of Pain"},{"not_picked":["Snecko Eye","Runic Pyramid"],"picked":"Busted Crown"}],"items_purged_floors":[37],"is_endless":false,"potions_floor_spawned":[1,5,6,7,12,14,16,18,22,24,25,27,28,33,35,36,39,40,42,45,48],"killed_by":"Awakened One","ascension_level":5}}