{"host":"syozzdlzcqop4jia","time":1612308505,"event":{"mods":["BaseMod","Colored Map","Colored Powertips","Minty Spire (QoL Compilation)","Quick Restart"],"gold_per_floor":[118,78,55,67,84,409,423,48,128,128,141,141,168,184,184,279,279,297,10,10,27,42,71,71,82,105,134,147,161,161,193,193,193,193],"floor_reached":33,"language":"ENG","playtime":2088,"items_purged":["Strike_R"],"score":424,"play_id":"1a1477db-8ae7-4cdc-b615-62dff0e9da7f","local_time":"20210203002825","is_ascension_mode":true,"campfire_choices":[{"floor":10,"key":"REST"},{"data":"Pummel","floor":12,"key":"SMITH"},{"data":"Searing Blow","floor":15,"key":"SMITH"},{"floor":24,"key":"REST"},{"data":"Double Tap","floor":30,"key":"SMITH"},{"floor":32,"key":"REST"}],"circlet_count":0,"master_deck":["Strike_R","Strike_R","Strike_R","Strike_R","Defend_R","Defend_R","Defend_R","Defend_R","Bash","Sword Boomerang","Clothesline","Anger","Searing Blow+1","Rampage","Sword Boomerang","Pummel","Rage","Pommel Strike","Pummel+1","Sword Boomerang","Demon Form","Cleave","Shame","Ghostly Armor","Carnage","Sword Boomerang+1","Double Tap+1","Anger","Flame Barrier+1","Pommel Strike+1"],"relics":["Burning Blood","Old Coin","ClockworkSouvenir","Eternal Feather","Happy Flower","SlaversCollar","TungstenRod","Boot","Lantern","Toy Ornithopter","Darkstone Periapt","Art of War"],"acts_visited":["Exordium","TheCity"],"potions_floor_usage":[6,14,23,23,27,33],"damage_taken":[{"damage":8,"enemies":"Jaw Worm","floor":1,"turns":4},{"damage":0,"enemies":"Cultist","floor":4,"turns":4},{"damage":8,"enemies":"Small Slimes","floor":5,"turns":3},{"damage":39,"enemies":"Lagavulin","floor":6,"turns":7},{"damage":10,"enemies":"Blue Slaver","floor":7,"turns":4},{"damage":7,"enemies":"3 Louse","floor":11,"turns":2},{"damage":34,"enemies":"3 Sentries","floor":13,"turns":8},{"damage":10,"enemies":"Gremlin Gang","floor":14,"turns":4},{"damage":83,"enemies":"Hexaghost","floor":16,"turns":10},{"damage":23,"enemies":"Spheric Guardian","floor":18,"turns":4},{"damage":3,"enemies":"Chosen","floor":21,"turns":4},{"damage":25,"enemies":"Snake Plant","floor":22,"turns":4},{"damage":42,"enemies":"Slavers","floor":23,"turns":5},{"damage":15,"enemies":"Chosen and Byrds","floor":25,"turns":5},{"damage":12,"enemies":"Gremlin Leader","floor":27,"turns":5},{"damage":36,"enemies":"Centurion and Healer","floor":28,"turns":4},{"damage":14,"enemies":"Snecko","floor":29,"turns":4},{"damage":27,"enemies":"Slavers","floor":31,"turns":3},{"damage":92,"enemies":"Collector","floor":33,"turns":7}],"seed_played":"-8293260268910878161","potions_obtained":[{"floor":2,"key":"GamblersBrew"},{"floor":2,"key":"SneckoOil"},{"floor":2,"key":"HeartOfIron"},{"floor":4,"key":"Strength Potion"},{"floor":11,"key":"FairyPotion"},{"floor":16,"key":"FearPotion"},{"floor":21,"key":"FairyPotion"},{"floor":27,"key":"BloodPotion"},{"floor":28,"key":"SpeedPotion"},{"floor":31,"key":"SpeedPotion"}],"is_trial":false,"path_per_floor":["M","?","$","M","M","E","M","$","T","R","M","R","E","M","R","B",null,"M","$","?","M","M","E","R","M","T","E","M","M","R","E","R","B"],"character_chosen":"IRONCLAD","items_purchased":["Clothesline","Pummel","Rage","Pommel Strike","ClockworkSouvenir","TungstenRod"],"campfire_rested":3,"item_purchase_floors":[3,8,8,8,8,19],"current_hp_per_floor":[86,86,86,88,86,53,49,49,49,84,83,88,60,56,68,17,70,53,53,53,56,37,32,73,64,64,80,50,42,57,36,80,0,0],"gold":193,"neow_bonus":"TEN_PERCENT_HP_BONUS","is_daily":false,"chose_seed":false,"campfire_upgraded":3,"win_rate":0.0,"timestamp":1612308505,"path_taken":["M","?","?","M","?","E","M","?","T","R","M","R","E","M","R","BOSS","M","$","?","M","M","E","R","M","T","E","M","M","R","E","R","BOSS"],"items_purchased_type":["Card","Card","Card","Card","Relic","Relic"],"build_version":"2020-12-22","purchased_purges":1,"victory":false,"max_hp_per_floor":[88,88,88,88,88,88,88,88,88,88,88,88,88,88,88,88,88,88,88,88,88,88,88,88,88,88,88,88,88,88,88,88,88,88],"card_choices":[{"not_picked":["Cleave","Headbutt"],"picked":"Sword Boomerang","floor":1},{"not_picked":["Headbutt","Spot Weakness"],"picked":"Anger","floor":4},{"not_picked":["Clothesline","Metallicize"],"picked":"Searing Blow","floor":5},{"not_picked":["Iron Wave","Warcry"],"picked":"Rampage","floor":6},{"not_picked":["Twin Strike","Whirlwind"],"picked":"Sword Boomerang","floor":7},{"not_picked":["Cleave","Uppercut"],"picked":"Pummel","floor":11},{"not_picked":["Juggernaut","Havoc","Thunderclap"],"picked":"SKIP","floor":13},{"not_picked":["Shockwave","Iron Wave"],"picked":"Sword Boomerang","floor":14},{"not_picked":["Barricade","Immolate"],"picked":"Demon Form","floor":16},{"not_picked":["Combust","Warcry"],"picked":"Cleave","floor":18},{"not_picked":["Power Through","Thunderclap"],"picked":"Ghostly Armor","floor":21},{"not_picked":["Rampage","Sword Boomerang"],"picked":"Carnage","floor":22},{"not_picked":["Havoc+1","Shockwave","Disarm"],"picked":"SKIP","floor":23},{"not_picked":["Thunderclap","Bloodletting"],"picked":"Sword Boomerang+1","floor":25},{"not_picked":["Shrug It Off","True Grit"],"picked":"Double Tap","floor":27},{"not_picked":["Clash","Sword Boomerang"],"picked":"Anger","floor":28},{"not_picked":["Flex","Havoc"],"picked":"Flame Barrier+1","floor":29},{"not_picked":["Second Wind","Uppercut"],"picked":"Pommel Strike+1","floor":31}],"player_experience":512760,"relics_obtained":[{"floor":6,"key":"Old Coin"},{"floor":9,"key":"Eternal Feather"},{"floor":13,"key":"Happy Flower"},{"floor":23,"key":"Lantern"},{"floor":26,"key":"Toy Ornithopter"},{"floor":27,"key":"Darkstone Periapt"},{"floor":31,"key":"Art of War"}],"event_choices":[{"damage_healed":0,"gold_gain":0,"player_choice":"Bought 3 Potions","damage_taken":0,"max_hp_gain":0,"max_hp_loss":0,"event_name":"The Woman in Blue","floor":2,"gold_loss":0},{"damage_healed":0,"gold_gain":0,"player_choice":"Stole Relic","damage_taken":0,"relics_obtained":["Boot"],"max_hp_gain":0,"max_hp_loss":0,"event_name":"Addict","floor":20,"gold_loss":0,"cards_obtained":["Shame"]}],"is_beta":false,"boss_relics":[{"not_picked":["Tiny House","Astrolabe"],"picked":"SlaversCollar"}],"items_purged_floors":[8],"is_endless":false,"potions_floor_spawned":[4,5,11,13,16,21,27,28,31],"killed_by":"Collector","ascension_level":5}}