{"host":"vyiqbz5w606ur92t","time":1612272273,"event":{"mods":["BaseMod","Downfall","Minty Spire (QoL Compilation)","StSLib"],"gold_per_floor":[99,109,109,19,19,36,86,86,101,128,128,128,157,172,186,282,282,182,194,207,224,224,224,224],"floor_reached":22,"language":"ENG","playtime":1817,"items_purged":["Writhe"],"score":235,"play_id":"04a6d16a-3d1f-48ad-b44f-f71e3adcc718","local_time":"20210202132433","is_ascension_mode":true,"campfire_choices":[{"data":"Apotheosis","floor":1,"key":"SMITH"},{"floor":18,"key":"RECALL"}],"circlet_count":0,"master_deck":["bronze:Strike","bronze:Strike+1","bronze:Strike+1","bronze:Defend","bronze:Defend","bronze:Defend","bronze:Defend","bronze:Replicate","bronze:Goto","Apotheosis+1","bronze:InfiniteBeams","bronze:HyperBeam","bronze:BronzeArmor","bronze:Deprecate","bronze:Repulsor","bronze:ChildClass","bronze:Virus","bronze:Return+1","bronze:Shell+1","bronze:ShipIt","bronze:Terminator+1","bronze:BuggyMess+1","bronze:Separator+1"],"relics":["bronze:BronzeCore","Whetstone","Meat on the Bone","Omamori","downfall:ShatteredFragment","Toxic Egg 2","Sozu","downfall:HeartBlessingGreen"],"acts_visited":["Exordium","TheCity"],"potions_floor_usage":[13,16,16],"damage_taken":[{"damage":2,"enemies":"Jaw Worm","floor":2,"turns":3},{"damage":2,"enemies":"downfall:FleeingMerchant","floor":4,"turns":4},{"damage":0,"enemies":"Cultist","floor":6,"turns":3},{"damage":0,"enemies":"2 Louse","floor":9,"turns":2},{"damage":11,"enemies":"Gremlin Nob","floor":10,"turns":3},{"damage":2,"enemies":"Lagavulin","floor":13,"turns":6},{"damage":8,"enemies":"Blue Slaver","floor":14,"turns":4},{"damage":12,"enemies":"3 Louse","floor":15,"turns":3},{"damage":12,"enemies":"SI_SHIV_ARCHETYPE","floor":16,"turns":7},{"damage":8,"enemies":"Chosen","floor":19,"turns":6},{"damage":0,"enemies":"3 Byrds","floor":20,"turns":3},{"damage":13,"enemies":"Shelled Parasite and Fungi","floor":21,"turns":5},{"damage":61,"enemies":"Shelled Parasite and Fungi","floor":22,"turns":4}],"seed_played":"63966251980916216","potions_obtained":[{"floor":6,"key":"champ:CounterPotion"},{"floor":10,"key":"SkillPotion"},{"floor":14,"key":"Strength Potion"}],"is_trial":false,"path_per_floor":["R","M","?","$","?","M","T","?","M","E","?","?","E","M","M","B",null,"R","M","M","M","?"],"character_chosen":"THE_AUTOMATON","items_purchased":[],"campfire_rested":0,"item_purchase_floors":[],"current_hp_per_floor":[70,68,68,66,66,66,66,66,66,55,34,34,44,36,36,36,70,70,62,62,49,0,0,0],"gold":224,"neow_bonus":"RANDOM_COLORLESS_2","is_daily":false,"chose_seed":false,"campfire_upgraded":1,"win_rate":0.0,"timestamp":1612272273,"path_taken":["R","M","?","$","?","?","T","?","M","E","?","?","E","?","M","BOSS","R","M","M","M","?"],"items_purchased_type":[],"build_version":"2020-12-22","purchased_purges":1,"victory":false,"max_hp_per_floor":[70,70,70,70,70,70,70,70,70,70,70,70,70,70,70,70,70,70,70,70,70,70,70,70],"card_choices":[{"not_picked":["Thinking Ahead","Magnetism"],"picked":"Apotheosis","floor":0},{"not_picked":["bronze:Separator","bronze:Flail"],"picked":"bronze:InfiniteBeams","floor":2},{"not_picked":["bronze:DelayedGuard","bronze:WildBeam","bronze:DelayedSlice"],"picked":"SKIP","floor":4},{"not_picked":["bronze:Branch","bronze:WhirlingStrike"],"picked":"bronze:BronzeArmor","floor":6},{"not_picked":["bronze:Branch","bronze:Backtrace"],"picked":"bronze:Deprecate","floor":9},{"not_picked":["bronze:CutThrough","bronze:Flail"],"picked":"bronze:Repulsor","floor":10},{"not_picked":["bronze:BugBarrage","bronze:Return+1"],"picked":"bronze:Virus","floor":13},{"not_picked":["bronze:DelayedGuard+1","bronze:Overheat"],"picked":"bronze:Return+1","floor":14},{"not_picked":["bronze:WildBeam","bronze:BugBarrage"],"picked":"bronze:Shell+1","floor":15},{"not_picked":["bronze:AlphaBuild","bronze:HyperBeam"],"picked":"bronze:ShipIt","floor":16},{"not_picked":["bronze:CutThrough","bronze:ForceShield+1"],"picked":"bronze:Terminator+1","floor":19},{"not_picked":["bronze:ForLoop+1","bronze:Deprecate+1"],"picked":"bronze:BuggyMess+1","floor":20},{"not_picked":["bronze:Terminator+1","bronze:InfiniteBeams"],"picked":"bronze:Separator+1","floor":21}],"player_experience":1381331,"relics_obtained":[{"floor":7,"key":"Whetstone"},{"floor":10,"key":"Omamori"},{"floor":13,"key":"Toxic Egg 2"}],"event_choices":[{"damage_healed":0,"gold_gain":0,"player_choice":"Box","damage_taken":0,"relics_obtained":["Meat on the Bone"],"max_hp_gain":0,"max_hp_loss":0,"event_name":"Big Fish","floor":8,"gold_loss":0,"cards_obtained":["Regret"]}],"is_beta":false,"boss_relics":[{"not_picked":["Velvet Choker","bronze:PlatinumCore"],"picked":"Sozu"}],"items_purged_floors":[4],"is_endless":false,"potions_floor_spawned":[6,10,14,20,21],"killed_by":"Shelled Parasite and Fungi","ascension_level":4}}