{"host":"dlqyscxstsnu98l1","time":1612306190,"event":{"mods":["AchievementEnabler","BaseMod","Colored Map","Colored Powertips","Downfall","GifTheSpireLib","Highlight Path","Minty Spire (QoL Compilation)","Random Character Button","SacredBarkPlus","StSLib","everything is the same but u backflip on backflip"],"gold_per_floor":[114,114,114,39,39,39,59,83,160,178,30,65,65,79,79,198,198,217,11,26,46,60,94,94,94,169,169,169,180,198,208,208,311,311,323,323,41,93,93,93,93,93,93,106,125,136,136,151,151,151,151,151,31,64,64,64],"floor_reached":55,"language":"ENG","playtime":2823,"items_purged":["Injury","Strike_P","Strike_P","Eruption+1"],"score":783,"play_id":"64384f5d-0a40-43c0-bb4b-fa20c6a3c672","local_time":"20210202164950","is_ascension_mode":true,"campfire_choices":[{"data":"Eruption","floor":6,"key":"SMITH"},{"floor":13,"key":"REST"},{"data":"PathToVictory","floor":15,"key":"SMITH"},{"floor":24,"key":"REST"},{"data":"InnerPeace","floor":27,"key":"SMITH"},{"floor":32,"key":"RECALL"},{"floor":40,"key":"REST"},{"data":"LikeWater","floor":42,"key":"SMITH"},{"floor":47,"key":"REST"},{"floor":49,"key":"REST"},{"data":"Vigilance","floor":52,"key":"SMITH"}],"circlet_count":0,"master_deck":["Defend_P","Defend_P","Defend_P","Defend_P","Vigilance+1","InnerPeace+1","PathToVictory+1","ThirdEye+1","PathToVictory+1","Evaluate+1","PathToVictory+1","Wish+1","CurseOfTheBell","PathToVictory+1","ThirdEye+1","ThirdEye+1","Wish+1","Evaluate+1","LikeWater+1","Protect+1","Sanctity+1"],"relics":["PureWater","Bloody Idol","Molten Egg 2","Toxic Egg 2","The Courier","Calling Bell","Bag of Marbles","StrikeDummy","StoneCalendar","TeardropLocket","Mercury Hourglass","HornCleat","Sozu","Strange Spoon","Lizard Tail","Letter Opener"],"acts_visited":["Exordium","TheCity","TheBeyond","TheEnding"],"potions_floor_usage":[20,21,23,38,54],"damage_taken":[{"damage":10,"enemies":"2 Louse","floor":1,"turns":4},{"damage":2,"enemies":"Small Slimes","floor":7,"turns":3},{"damage":12,"enemies":"Jaw Worm","floor":8,"turns":8},{"damage":5,"enemies":"Looter","floor":10,"turns":4},{"damage":13,"enemies":"Lagavulin","floor":12,"turns":4},{"damage":0,"enemies":"Blue Slaver","floor":14,"turns":4},{"damage":0,"enemies":"Slime Boss","floor":16,"turns":3},{"damage":1,"enemies":"Spheric Guardian","floor":18,"turns":4},{"damage":8,"enemies":"Chosen","floor":20,"turns":5},{"damage":15,"enemies":"Shelled Parasite and Fungi","floor":21,"turns":6},{"damage":0,"enemies":"Centurion and Healer","floor":22,"turns":4},{"damage":26,"enemies":"Slavers","floor":23,"turns":7},{"damage":2,"enemies":"Sentry and Sphere","floor":29,"turns":5},{"damage":0,"enemies":"Snake Plant","floor":30,"turns":5},{"damage":3,"enemies":"Chosen and Byrds","floor":31,"turns":6},{"damage":27,"enemies":"Collector","floor":33,"turns":7},{"damage":4,"enemies":"3 Shapes","floor":35,"turns":3},{"damage":46,"enemies":"2 Orb Walkers","floor":38,"turns":6},{"damage":20,"enemies":"3 Darklings","floor":44,"turns":5},{"damage":10,"enemies":"Jaw Worm Horde","floor":45,"turns":4},{"damage":30,"enemies":"Writhing Mass","floor":46,"turns":5},{"damage":8,"enemies":"Transient","floor":48,"turns":5},{"damage":29,"enemies":"Time Eater","floor":50,"turns":13},{"damage":19,"enemies":"Shield and Spear","floor":54,"turns":8},{"damage":106,"enemies":"The Heart","floor":55,"turns":9}],"seed_played":"37156658889078903","potions_obtained":[{"floor":8,"key":"BlessingOfTheForge"},{"floor":12,"key":"sneckomod:MuddlingPotion"},{"floor":16,"key":"BottledMiracle"},{"floor":18,"key":"Swift Potion"},{"floor":22,"key":"champ:CounterPotion"},{"floor":29,"key":"Explosive Potion"},{"floor":33,"key":"CultistPotion"}],"is_trial":false,"path_per_floor":["M","?","?","$","?","R","M","M","T","M","$","E","R","M","R","B",null,"M","$","M","M","M","E","R","?","T","R","?","M","M","M","R","B",null,"M","?","$","?","$","R","?","R","T","M","M","M","R","M","R","B",null,"R","$","E","B"],"character_chosen":"WATCHER","items_purchased":["PathToVictory+1","TeardropLocket","Strange Spoon","LikeWater"],"campfire_rested":5,"item_purchase_floors":[11,19,37,37],"current_hp_per_floor":[69,62,62,62,50,50,48,36,36,31,31,18,41,41,41,41,79,78,78,70,55,55,29,52,52,57,57,57,60,65,67,67,45,79,79,79,79,38,38,61,61,61,61,46,41,16,39,36,59,30,79,79,79,65,0,0],"gold":64,"neow_bonus":"TEN_PERCENT_HP_BONUS","is_daily":false,"chose_seed":false,"campfire_upgraded":5,"win_rate":0.0,"timestamp":1612306190,"path_taken":["M","?","?","?","?","R","M","M","T","M","$","E","R","?","R","BOSS","M","$","M","M","M","E","R","?","T","R","?","?","M","M","R","BOSS","M","?","$","?","$","R","?","R","T","M","?","M","R","M","R","BOSS","R","$","E","BOSS"],"items_purchased_type":["Card","Relic","Relic","Card"],"build_version":"2020-12-22","purchased_purges":4,"victory":false,"max_hp_per_floor":[79,79,79,79,79,79,79,79,79,79,79,79,79,79,79,79,79,79,79,79,79,79,79,79,79,79,79,79,79,79,79,79,79,79,79,79,79,79,79,79,79,79,79,79,79,79,79,79,79,79,79,79,79,79,79,79],"card_choices":[{"not_picked":["CutThroughFate","FollowUp"],"picked":"InnerPeace","floor":1},{"not_picked":["Meditate","Weave+1","ForeignInfluence"],"picked":"SKIP","floor":7},{"not_picked":["ForeignInfluence","Halt"],"picked":"PathToVictory","floor":8},{"not_picked":["Consecrate+1","FollowUp+1"],"picked":"ThirdEye+1","floor":10},{"not_picked":["CutThroughFate+1","EmptyBody+1"],"picked":"Evaluate+1","floor":12},{"not_picked":["ConjureBlade+1","Consecrate+1"],"picked":"PathToVictory+1","floor":14},{"not_picked":["ConjureBlade+1","Vault+1"],"picked":"Wish+1","floor":16},{"not_picked":["Pray+1","Fasting2+1"],"picked":"PathToVictory+1","floor":18},{"not_picked":["FlurryOfBlows+1","ForeignInfluence+1","BattleHymn+1"],"picked":"SKIP","floor":20},{"not_picked":["CrushJoints+1","JustLucky+1"],"picked":"ThirdEye+1","floor":21},{"not_picked":["PathToVictory+1","FlyingSleeves+1"],"picked":"ThirdEye+1","floor":22},{"not_picked":["SashWhip+1","ThirdEye+1","Vengeance+1"],"picked":"SKIP","floor":23},{"not_picked":["Prostrate+1","ThirdEye+1","ClearTheMind+1"],"picked":"SKIP","floor":29},{"not_picked":["Ragnarok+1","Prostrate+1","Crescendo+1"],"picked":"SKIP","floor":30},{"not_picked":["Adaptation","Halt+1","FlyingSleeves+1"],"picked":"SKIP","floor":31},{"not_picked":["Weave+1","PathToVictory+1"],"picked":"Evaluate+1","floor":35},{"not_picked":["Consecrate+1","Adaptation+1"],"picked":"Protect+1","floor":38},{"not_picked":["Halt+1","TalkToTheHand+1","Prostrate+1"],"picked":"SKIP","floor":44},{"not_picked":["CutThroughFate+1","SignatureMove+1","ClearTheMind+1"],"picked":"SKIP","floor":45},{"not_picked":["Crescendo+1","PathToVictory+1","ClearTheMind+1"],"picked":"SKIP","floor":46},{"not_picked":["WheelKick+1","Prostrate+1"],"picked":"Sanctity+1","floor":48},{"not_picked":["Prostrate+1","EmptyMind+1","EmptyFist+1"],"picked":"SKIP","floor":54}],"player_experience":136081,"relics_obtained":[{"floor":9,"key":"Toxic Egg 2"},{"floor":12,"key":"The Courier"},{"floor":17,"key":"Bag of Marbles"},{"floor":17,"key":"StrikeDummy"},{"floor":17,"key":"StoneCalendar"},{"floor":23,"key":"Mercury Hourglass"},{"floor":26,"key":"HornCleat"},{"floor":38,"key":"Lizard Tail"},{"floor":54,"key":"Letter Opener"}],"event_choices":[{"cards_removed":["Strike_P"],"damage_healed":0,"gold_gain":0,"player_choice":"Card Removal","damage_taken":7,"max_hp_gain":0,"max_hp_loss":0,"event_name":"Golden Wing","floor":2,"gold_loss":0},{"damage_healed":0,"gold_gain":0,"player_choice":"Take Wound","damage_taken":0,"relics_obtained":["Golden Idol"],"max_hp_gain":0,"max_hp_loss":0,"event_name":"Golden Idol","floor":3,"gold_loss":0,"cards_obtained":["Injury"]},{"damage_healed":0,"gold_gain":0,"player_choice":"Success","damage_taken":12,"relics_obtained":["Molten Egg 2"],"max_hp_gain":0,"max_hp_loss":0,"event_name":"Scrap Ooze","floor":5,"gold_loss":0},{"damage_healed":0,"gold_gain":0,"player_choice":"Gave Idol","damage_taken":0,"relics_obtained":["Bloody Idol"],"max_hp_gain":0,"max_hp_loss":0,"event_name":"Forgotten Altar","floor":25,"relics_lost":["Golden Idol"],"gold_loss":0},{"damage_healed":0,"gold_gain":0,"player_choice":"Copied","damage_taken":0,"max_hp_gain":0,"max_hp_loss":0,"event_name":"Duplicator","floor":28,"gold_loss":0,"cards_obtained":["Wish"]},{"damage_healed":0,"gold_gain":0,"player_choice":"Memory 1","damage_taken":0,"max_hp_gain":0,"max_hp_loss":0,"event_name":"SensoryStone","floor":36,"gold_loss":0},{"damage_healed":0,"gold_gain":0,"player_choice":"Fight","damage_taken":0,"max_hp_gain":0,"max_hp_loss":0,"event_name":"Mysterious Sphere","floor":38,"gold_loss":0},{"cards_removed":["Strike_P"],"damage_healed":0,"gold_gain":0,"player_choice":"Offered Basic","damage_taken":0,"max_hp_gain":0,"max_hp_loss":0,"event_name":"Bonfire Elementals","floor":41,"gold_loss":0}],"is_beta":false,"boss_relics":[{"not_picked":["HolyWater","Busted Crown"],"picked":"Calling Bell"},{"not_picked":["Philosopher\u0027s Stone","VioletLotus"],"picked":"Sozu"}],"items_purged_floors":[4,11,37,53],"is_endless":false,"potions_floor_spawned":[8,12,16,18,22,29,33,35,46,48,54],"killed_by":"The Heart","ascension_level":2}}