{"host":"3i0tc1zs9k2bo7un","time":1612250247,"event":{"mods":["Act Like it!","Aspiration","BaseMod","Gensokyo","Minty Spire (QoL Compilation)","MostiFishMod","Quick Restart","Reliquary","Replay The Spire","StSLib","TestMod","Wide Potions","[IsaacMod]ÒÔÈö¼âËþ","¡¾ÒÅÎï¿¨ÅÆ¡¿REMEMod"],"gold_per_floor":[117,136,136,147,162,188,205,221,247,262,262,287,298,315,315,386,386,401,417,417,417,417,442,456,488,488,413,438,438,456,483,483,584,584,601,521,521,421,440,472,472,488,488,488,368,405,315,315,315,325,325,325,53,84,281],"floor_reached":56,"language":"ZHS","playtime":2019,"items_purged":["MostiFishMod:Neurotoxin","ReplayTheSpireMod:Exploit Weakness+1","Survivor","Tools of the Trade","Quick Slash","Tactician+1","Gensokyo:CustomPotion"],"score":3458,"play_id":"2f204f93-feeb-49f0-b42a-16f7999966b9","local_time":"20210202151727","is_ascension_mode":true,"campfire_choices":[{"data":"Acrobatics","floor":11.0,"key":"SMITH"},{"data":"Acrobatics","floor":15.0,"key":"SMITH"},{"floor":41,"key":"RECALL"},{"data":"Grand Finale","floor":49,"key":"SMITH"},{"data":"Well Laid Plans","floor":52,"key":"SMITH"}],"circlet_count":0,"master_deck":["AscendersBane","Neutralize","MostiFishMod:ReadyAimFire+1","Acrobatics+1","Acrobatics+1","Backflip+1","Prepared+1","Adrenaline+1","MostiFishMod:Opportunism+1","Grand Finale+1","Calculated Gamble+1","MostiFishMod:Dislodge+1","Well Laid Plans+1"],"relics":["Ring of the Snake","DaveBox","testmod-TestBox","HushsDoor","REME_ComplimentaryCards","Damocles","testmod-CasingShield","BirthdayGift-Icosahedron","testmod-OneHitWonder","SynthV:TestCard","HowToJump","Byrd Skull","GnawedLeaf","Ginger","Vajra","Blood Vial","Paper Crane","Toxic Egg 2","Du-Vu Doll","testmod-D¨¦j¨¤vu","aspiration:AnachronicSnailShell","reliquary:KillPill","Pandora\u0027s Box","GuppysTail","aspiration:ArtOfWarUpgrade","testmod-Nyarlathotep","Prayer Wheel","reliquary:PartyBalloon","DianPoetry","Replay:Bottled Steam","BookOfRevelations","PunchingBag","Juzu Bracelet","REME_PoisonedDagger","The Courier","Snack Pack","Replay:Bandana","MagicMushroom","SatanicBible","Incubus","DeathBook","InkBottle","Darkstone Periapt","UnicornStump","SalivaCoin","Replay:Wax Seal","testmod-Justice","testmod-EqualTreatment","ArrowTower","REME_LimitBreaker","reliquary:RoseTintedGlasses","REME_ArchaeologicalTools","Replay:WaspNest"],"acts_visited":["Gensokyo:Gensokyo","Gensokyo:Gensokyoer","Gensokyo:Gensokyoest","TheEnding"],"potions_floor_usage":[55,55,55],"damage_taken":[{"damage":0.0,"enemies":"Gensokyo:3_Fairies","floor":1.0,"turns":2.0},{"damage":0.0,"enemies":"Gensokyo:2_Kodama","floor":2.0,"turns":1.0},{"damage":0.0,"enemies":"Gensokyo:Gryphon","floor":4.0,"turns":1.0},{"damage":0.0,"enemies":"Gensokyo:VengefulSpirit","floor":5.0,"turns":1.0},{"damage":0.0,"enemies":"Gensokyo:Aya","floor":6.0,"turns":1.0},{"damage":0.0,"enemies":"Gensokyo:Kitsune","floor":7.0,"turns":1.0},{"damage":0.0,"enemies":"Gensokyo:5_Fairies","floor":8.0,"turns":2.0},{"damage":0.0,"enemies":"Gensokyo:VengefulSpirit","floor":10.0,"turns":2.0},{"damage":0.0,"enemies":"Gensokyo:Cirno","floor":12.0,"turns":4.0},{"damage":0.0,"enemies":"Gensokyo:Python_and_Kodama","floor":13.0,"turns":2.0},{"damage":0.0,"enemies":"Gensokyo:CorruptedTreant","floor":14.0,"turns":1.0},{"damage":0.0,"enemies":"Gensokyo:Reimu","floor":16.0,"turns":2.0},{"damage":0.0,"enemies":"Gensokyo:AngelMirror","floor":18.0,"turns":1.0},{"damage":0.0,"enemies":"Gensokyo:2_Gloops","floor":19.0,"turns":1.0},{"damage":0.0,"enemies":"Gensokyo:Koishi","floor":23.0,"turns":2.0},{"damage":0.0,"enemies":"Gensokyo:Swordslinger","floor":24.0,"turns":1.0},{"damage":0.0,"enemies":"Gensokyo:Tenshi","floor":25.0,"turns":1.0},{"damage":0.0,"enemies":"Gensokyo:Koishi","floor":28.0,"turns":2.0},{"damage":0.0,"enemies":"Gensokyo:Monolith_and_Dog","floor":30.0,"turns":1.0},{"damage":0.0,"enemies":"Gensokyo:Tenshi","floor":31.0,"turns":1.0},{"damage":0.0,"enemies":"Gensokyo:Kaguya","floor":33.0,"turns":2.0},{"damage":0.0,"enemies":"Gensokyo:3_Bats","floor":35.0,"turns":1.0},{"damage":0,"enemies":"Gensokyo:3_Boulders","floor":39,"turns":1},{"damage":0,"enemies":"Gensokyo:Doremy","floor":40,"turns":2},{"damage":0,"enemies":"Gensokyo:Dusk_and_Dawn","floor":42,"turns":1},{"damage":0,"enemies":"Gensokyo:Kasen","floor":46,"turns":1},{"damage":0,"enemies":"Gensokyo:Scarlet_Devils","floor":50,"turns":4},{"damage":0,"enemies":"Shield and Spear","floor":54,"turns":1},{"damage":0,"enemies":"The Heart","floor":55,"turns":4}],"seed_played":"-6433354926075712319","potions_obtained":[{"floor":2.0,"key":"testmod-TestPotion"},{"floor":5.0,"key":"SpeedPotion"},{"floor":35.0,"key":"GhostInAJar"}],"is_trial":false,"path_per_floor":["M","M","?","M","M","E","M","M","T","M","R","E","M","M","R","B",null,"M","M","?","?","?","E","M","E","T","$","E","R","M","E","R","B",null,"M","$","?","$","M","E","R","M","T","?","$","E","?","T","R","B",null,"R","$","E","B",null],"character_chosen":"THE_SILENT","items_purchased":["GuppysTail","SatanicBible","Incubus","DeathBook","MostiFishMod:Dislodge+1","Well Laid Plans","reliquary:RoseTintedGlasses"],"campfire_rested":0,"item_purchase_floors":[17,34,34,34,34,34,53],"current_hp_per_floor":[60,61,29,30,31,32,33,36,36,39,39,42,45,48,48,51,51,51,51,51,51,51,51,51,51,51,51,51,51,51,51,51,51,4,4,4,4,4,4,4,4,4,4,4,4,4,4,4,4,4,4,4,4,4,4],"gold":281,"neow_bonus":"UPGRADE_CARD","is_daily":false,"chose_seed":false,"campfire_upgraded":4,"win_rate":0.0,"timestamp":1612250247,"path_taken":["M","?","?","M","?","E","M","M","T","M","R","E","M","M","R","BOSS","M","M","?","?","?","E","M","E","T","$","E","R","M","E","R","BOSS","M","?","?","$","M","E","R","M","T","?","$","E","?","?","R","BOSS","R","$","E","BOSS"],"items_purchased_type":["Relic","Relic","Relic","Relic","Card","Card","Relic"],"build_version":"2020-12-22","purchased_purges":7,"victory":true,"max_hp_per_floor":[66,66,66,66,66,66,66,66,66,66,66,66,66,66,66,66,51,51,51,51,51,51,51,51,51,51,51,51,51,51,51,51,51,4,4,4,4,4,4,4,4,4,4,4,4,4,4,4,4,4,4,4,4,4,4],"card_choices":[{"not_picked":["Catalyst","Underhanded Strike","Dagger Spray"],"picked":"SKIP","floor":1.0},{"not_picked":["Outmaneuver","Underhanded Strike","Dagger Spray","Poisoned Stab"],"picked":"Acrobatics","floor":2.0},{"not_picked":["Outmaneuver","ReplayTheSpireMod:Tripwire","Deflect","Bane","Poisoned Stab"],"picked":"SKIP","floor":4.0},{"not_picked":["Venomology","Prepared","Outmaneuver","ReplayTheSpireMod:Shiv Toss"],"picked":"Acrobatics","floor":5.0},{"not_picked":["Underhanded Strike","Cloak And Dagger","Well Laid Plans","Predator","Dagger Throw"],"picked":"SKIP","floor":6.0},{"not_picked":["Dagger Throw","Deflect","Deadly Poison","MostiFishMod:AdrenalineArouse","Bouncing Flask"],"picked":"SKIP","floor":7.0},{"not_picked":["Setup","Acrobatics","Deflect","PiercingWail","Dagger Throw"],"picked":"SKIP","floor":8.0},{"not_picked":["Dash","Dagger Throw","Backflip+1","Deadly Poison+1","Poisoned Stab"],"picked":"SKIP","floor":10.0},{"not_picked":["Dash","Dagger Throw","Deadly Poison+1","Poisoned Stab"],"picked":"Backflip+1","floor":10.0},{"not_picked":["MostiFishMod:AdrenalineArouse+1","REME_ShadowStrike","Slice","Cloak And Dagger+1","Draining Mist+1"],"picked":"SKIP","floor":12.0},{"not_picked":["ReplayTheSpireMod:Exploit Weakness+1","Quick Slash","Dagger Throw","Terror+1"],"picked":"Prepared+1","floor":13.0},{"not_picked":["Slice","Setup+1","Sucker Punch","MostiFishMod:ThornCasing","Dodge and Roll+1"],"picked":"SKIP","floor":14.0},{"not_picked":["After Image","Doppelganger+1","MostiFishMod:AdrenalineArouse+1","Atom Bomb"],"picked":"Adrenaline+1","floor":16.0},{"not_picked":["Blur+1","Dodge and Roll+1","Prepared+1","Deadly Poison+1"],"picked":"Calculated Gamble+1","floor":18.0},{"not_picked":["Prepared+1","Masterful Stab","Backflip+1","Hidden Blade+1","PiercingWail+1"],"picked":"SKIP","floor":19.0},{"not_picked":["Poisoned Stab","Dagger Spray","Wraith Form v2","Catalyst+1","MostiFishMod:PerfectParry+1"],"picked":"SKIP","floor":23.0},{"not_picked":["Toxin Wave+1","MostiFishMod:PerfectParry+1","Fluid Movement","Blade Dance+1","Hidden Blade+1"],"picked":"SKIP","floor":24.0},{"not_picked":["Skewer","Dagger Spray","Hidden Blade+1","Terror+1","Underhanded Strike"],"picked":"SKIP","floor":24.0},{"not_picked":["Poisoned Stab","Dagger Spray","Concentrate+1","Outmaneuver+1","PiercingWail+1"],"picked":"SKIP","floor":25.0},{"not_picked":["Concentrate+1","Acrobatics+1","Bouncing Flask+1","Bane"],"picked":"MostiFishMod:FullyArmed+1","floor":28.0},{"not_picked":["Deadly Poison+1","Backflip+1","Dagger Throw","Prepared+1"],"picked":"Tactician+1","floor":30.0},{"not_picked":["Distraction+1","Dodge and Roll+1","Deflect+1","Cloak And Dagger+1","Well Laid Plans"],"picked":"SKIP","floor":30.0},{"not_picked":["Slice+1","Cloak And Dagger+1","All Out Attack","Die Die Die","Sneak Up+1"],"picked":"SKIP","floor":31.0},{"not_picked":["Catalyst+1","Sucker Punch+1","REME_GreenPollution+1","Finisher","MostiFishMod:ThornCasing"],"picked":"SKIP","floor":35.0},{"not_picked":["Skewer","Underhanded Strike","Cloak And Dagger+1","Quick Slash+1","Dodge and Roll+1"],"picked":"SKIP","floor":35.0},{"not_picked":["Fluid Movement","Hidden Blade+1","MostiFishMod:PerfectParry+1","Infinite Blades+1","MostiFishMod:PreservedThorns+1"],"picked":"SKIP","floor":39},{"not_picked":["Flying Knee","Blade Dance+1","Dagger Spray","Underhanded Strike","MostiFishMod:PreservedThorns+1"],"picked":"SKIP","floor":39},{"not_picked":["Accuracy","Dagger Spray","Underhanded Strike","Prepared+1","Reflex+1"],"picked":"SKIP","floor":40},{"not_picked":["Tactician+1","PiercingWail+1","Deadly Poison+1","Sucker Punch","Underhanded Strike"],"picked":"SKIP","floor":42},{"not_picked":["Distraction+1","Noxious Fumes","Deflect+1","Burst+1","Flying Knee+1"],"picked":"SKIP","floor":42},{"not_picked":["Hidden Blade+1","Poisoned Stab","Crippling Poison+1","REME_ShadowForm","MostiFishMod:PerfectParry+1"],"picked":"SKIP","floor":46},{"not_picked":["Finisher","Underhanded Strike","Sneak Up+1","Sucker Punch+1","Dodge and Roll+1"],"picked":"SKIP","floor":54}],"player_experience":691695,"relics_obtained":[{"floor":1.0,"key":"testmod-OneHitWonder"},{"floor":1.0,"key":"SynthV:TestCard"},{"floor":2.0,"key":"HowToJump"},{"floor":4.0,"key":"Byrd Skull"},{"floor":5.0,"key":"GnawedLeaf"},{"floor":6.0,"key":"Ginger"},{"floor":6.0,"key":"Vajra"},{"floor":7.0,"key":"Blood Vial"},{"floor":8.0,"key":"Paper Crane"},{"floor":10.0,"key":"Toxic Egg 2"},{"floor":12.0,"key":"Du-Vu Doll"},{"floor":12.0,"key":"testmod-D¨¦j¨¤vu"},{"floor":13.0,"key":"aspiration:AnachronicSnailShell"},{"floor":14.0,"key":"reliquary:KillPill"},{"floor":18.0,"key":"Art of War"},{"floor":19.0,"key":"testmod-Nyarlathotep"},{"floor":23.0,"key":"Prayer Wheel"},{"floor":23.0,"key":"reliquary:PartyBalloon"},{"floor":24.0,"key":"DianPoetry"},{"floor":25.0,"key":"Replay:Bottled Steam"},{"floor":25.0,"key":"BookOfRevelations"},{"floor":26.0,"key":"PunchingBag"},{"floor":28.0,"key":"Juzu Bracelet"},{"floor":28.0,"key":"REME_PoisonedDagger"},{"floor":30.0,"key":"The Courier"},{"floor":31.0,"key":"Snack Pack"},{"floor":31.0,"key":"Replay:Bandana"},{"floor":35.0,"key":"InkBottle"},{"floor":39,"key":"Darkstone Periapt"},{"floor":40,"key":"UnicornStump"},{"floor":40,"key":"SalivaCoin"},{"floor":42,"key":"Replay:Wax Seal"},{"floor":43,"key":"testmod-Justice"},{"floor":46,"key":"testmod-EqualTreatment"},{"floor":46,"key":"ArrowTower"},{"floor":48,"key":"REME_LimitBreaker"},{"floor":54,"key":"REME_ArchaeologicalTools"},{"floor":54,"key":"Replay:WaspNest"}],"event_choices":[],"is_beta":false,"boss_relics":[{"not_picked":["SlaversCollar","testmod-SaigiyounoYou"],"picked":"Pandora\u0027s Box"},{"not_picked":[]},{"not_picked":["REME_DemonsWealth","FixedStarFall"],"picked":"MagicMushroom"},{"not_picked":[]}],"items_purged_floors":[17,27,34,36,38,45,53],"is_endless":false,"potions_floor_spawned":[2,5,6,8,18,19,28,31,35,39,42],"ascension_level":19}}