{"host":"p8bnstsjdxjza4jm","time":1612295993,"event":{"mods":["BaseMod","Colored Powertips","Marisa£¨Ùöéë¡¡Øª×âÞÞ£©","Minty Spire (QoL Compilation)","Quick Restart","StSLib"],"gold_per_floor":[115,5,5,5,5,34,34,49,49,80,80,114,114,132,132,231,231,250,266,48,48,48,48,48],"floor_reached":23,"language":"KOR","playtime":1163,"items_purged":["Strike_R"],"score":242,"play_id":"a8d99eca-caf0-4a5a-bb2c-e6416d8462ff","local_time":"20210203045953","is_ascension_mode":true,"campfire_choices":[{"data":"Dual Wield","floor":7,"key":"SMITH"},{"floor":15,"key":"REST"}],"circlet_count":0,"master_deck":["Defend_R","Defend_R","Bash","Dual Wield+1","Carnage","Hemokinesis","Brutality","Injury","Combust+1","Battle Trance+1","Writhe","Brutality","Evolve"],"relics":["Burning Blood","NeowsBlessing","Dead Branch","Shovel","StoneCalendar","InkBottle","Sundial","Astrolabe","Membership Card","Happy Flower","Art of War"],"acts_visited":["Exordium","TheCity"],"potions_floor_usage":[16,23],"damage_taken":[{"damage":0,"enemies":"2 Louse","floor":1,"turns":1},{"damage":0,"enemies":"Gremlin Nob","floor":6,"turns":1},{"damage":0,"enemies":"Cultist","floor":8,"turns":1},{"damage":38,"enemies":"3 Sentries","floor":10,"turns":5},{"damage":33,"enemies":"Gremlin Nob","floor":12,"turns":5},{"damage":12,"enemies":"Small Slimes","floor":14,"turns":4},{"damage":30,"enemies":"Slime Boss","floor":16,"turns":7},{"damage":15,"enemies":"Chosen","floor":18,"turns":4},{"damage":17,"enemies":"Spheric Guardian","floor":19,"turns":3},{"damage":57,"enemies":"Gremlin Leader","floor":23,"turns":5}],"seed_played":"1846723549411552050","potions_obtained":[{"floor":10,"key":"Ancient Potion"},{"floor":14,"key":"SkillPotion"},{"floor":16,"key":"Dexterity Potion"}],"is_trial":false,"path_per_floor":["M","$","?","?","$","E","R","M","T","E","T","E","?","M","R","B",null,"M","M","$","?","?","E"],"character_chosen":"IRONCLAD","items_purchased":["Dual Wield","Membership Card","Happy Flower"],"campfire_rested":1,"item_purchase_floors":[2,20,20],"current_hp_per_floor":[80,80,80,80,80,80,80,80,80,48,48,21,41,35,59,35,77,68,57,57,57,57,0,0],"gold":48,"neow_bonus":"THREE_ENEMY_KILL","is_daily":false,"chose_seed":false,"campfire_upgraded":1,"win_rate":0.0,"timestamp":1612295993,"path_taken":["M","$","?","?","$","E","R","?","T","E","?","E","?","M","R","BOSS","M","M","$","?","?","E"],"items_purchased_type":["Card","Relic","Relic"],"build_version":"2020-12-22","purchased_purges":1,"victory":false,"max_hp_per_floor":[80,80,80,80,80,80,80,80,80,80,80,80,80,80,80,80,77,77,77,77,77,77,77,77],"card_choices":[{"not_picked":["Clothesline","Sword Boomerang","Pommel Strike"],"picked":"SKIP","floor":1},{"not_picked":["Clash","Flame Barrier","Body Slam"],"picked":"SKIP","floor":6},{"not_picked":["Power Through","True Grit","Iron Wave"],"picked":"SKIP","floor":8},{"not_picked":["Uppercut","Armaments","Anger"],"picked":"SKIP","floor":10},{"not_picked":["Body Slam","Armaments","Dark Embrace"],"picked":"SKIP","floor":12},{"not_picked":["Rupture","Cleave"],"picked":"Hemokinesis","floor":14},{"not_picked":["Feed","Exhume"],"picked":"Brutality","floor":16},{"not_picked":["Thunderclap","Havoc","Cleave+1"],"picked":"SKIP","floor":18},{"not_picked":["Body Slam","Cleave","Thunderclap"],"picked":"SKIP","floor":19}],"player_experience":83076,"relics_obtained":[{"floor":6,"key":"Dead Branch"},{"floor":9,"key":"Shovel"},{"floor":10,"key":"StoneCalendar"},{"floor":11,"key":"InkBottle"},{"floor":12,"key":"Sundial"}],"event_choices":[{"cards_removed":["Defend_R"],"damage_healed":0,"gold_gain":0,"player_choice":"Forget","damage_taken":0,"max_hp_gain":0,"max_hp_loss":0,"event_name":"Living Wall","floor":3,"gold_loss":0},{"damage_healed":0,"gold_gain":0,"cards_transformed":["Strike_R"],"player_choice":"Transformed","damage_taken":0,"max_hp_gain":0,"max_hp_loss":0,"event_name":"Transmorgrifier","floor":4,"gold_loss":0,"cards_obtained":["Carnage"]},{"damage_healed":20,"gold_gain":0,"player_choice":"Healed and dodged fight","damage_taken":0,"max_hp_gain":0,"max_hp_loss":0,"event_name":"Mushrooms","floor":13,"gold_loss":0,"cards_obtained":["Parasite"]},{"damage_healed":0,"gold_gain":0,"player_choice":"Opened","damage_taken":0,"relics_obtained":["Art of War"],"max_hp_gain":0,"max_hp_loss":0,"event_name":"The Mausoleum","floor":21,"gold_loss":0,"cards_obtained":["Writhe"]},{"damage_healed":0,"gold_gain":0,"cards_transformed":["Strike_R","Strike_R"],"player_choice":"Became Test Subject","damage_taken":0,"max_hp_gain":0,"max_hp_loss":0,"event_name":"Drug Dealer","floor":22,"gold_loss":0,"cards_obtained":["Brutality","Evolve"]}],"is_beta":false,"boss_relics":[{"not_picked":["Coffee Dripper","Pandora\u0027s Box"],"picked":"Astrolabe"}],"items_purged_floors":[2],"is_endless":false,"potions_floor_spawned":[10,14,16],"killed_by":"Gremlin Leader","ascension_level":1}}