{"host":"5fpb1gzflhq9886n","time":1612247051,"event":{"mods":["AchievementEnabler","BaseMod","Colored Map","Colored Powertips","Minty Spire (QoL Compilation)","Permanent Neow"],"gold_per_floor":[112,112,112,112,112,146,146,177,200,234,234,309,330,354,354,484,484,503,283,306,327,327,327],"floor_reached":22,"language":"ENG","playtime":721,"items_purged":[],"score":315,"play_id":"50eac1c6-5ba5-423b-8e54-bad683c0d665","local_time":"20210202012411","is_ascension_mode":true,"campfire_choices":[{"floor":7,"key":"RECALL"},{"data":"Bash","floor":11,"key":"SMITH"},{"floor":15,"key":"REST"}],"circlet_count":0,"master_deck":["Strike_R","Strike_R","Strike_R","Strike_R","Strike_R","Defend_R","Defend_R","Defend_R","Defend_R","Bash+1","Perfected Strike","Cleave","Sword Boomerang","Spot Weakness","Entrench","Carnage","Bludgeon","True Grit","Metallicize","Intimidate+1","Anger+1"],"relics":["Burning Blood","NeowsBlessing","Art of War","Golden Idol","Mummified Hand","Regal Pillow","Peace Pipe","Akabeko","InkBottle","SlaversCollar","Medical Kit"],"acts_visited":["Exordium","TheCity"],"potions_floor_usage":[10,16,21,22],"damage_taken":[{"damage":0,"enemies":"Small Slimes","floor":1,"turns":1},{"damage":0,"enemies":"Gremlin Nob","floor":6,"turns":1},{"damage":0,"enemies":"Lagavulin","floor":8,"turns":1},{"damage":20,"enemies":"Gremlin Nob","floor":10,"turns":4},{"damage":12,"enemies":"Jaw Worm","floor":13,"turns":2},{"damage":1,"enemies":"Cultist","floor":14,"turns":3},{"damage":60,"enemies":"The Guardian","floor":16,"turns":10},{"damage":34,"enemies":"2 Thieves","floor":18,"turns":3},{"damage":26,"enemies":"Spheric Guardian","floor":20,"turns":5},{"damage":0,"enemies":"Snecko","floor":21,"turns":2},{"damage":27,"enemies":"Shelled Parasite and Fungi","floor":22,"turns":2}],"seed_played":"8692769106657129909","potions_obtained":[{"floor":1,"key":"SkillPotion"},{"floor":8,"key":"Block Potion"},{"floor":14,"key":"SteroidPotion"},{"floor":16,"key":"GamblersBrew"},{"floor":20,"key":"Regen Potion"}],"is_trial":false,"path_per_floor":["M","?","$","?","T","E","R","E","T","E","R","?","M","M","R","B",null,"M","$","M","M","M"],"character_chosen":"IRONCLAD","items_purchased":["Medical Kit","Metallicize"],"campfire_rested":1,"item_purchase_floors":[19,19],"current_hp_per_floor":[80,68,68,68,68,74,74,74,74,60,60,49,43,48,74,20,61,33,33,13,19,0,0],"gold":327,"neow_bonus":"THREE_ENEMY_KILL","is_daily":false,"chose_seed":false,"campfire_upgraded":1,"win_rate":0.0,"timestamp":1612247051,"path_taken":["M","?","$","?","?","E","R","E","T","E","R","?","M","?","R","BOSS","M","$","M","M","?"],"items_purchased_type":["Relic","Card"],"build_version":"2020-12-22","purchased_purges":0,"victory":false,"max_hp_per_floor":[80,80,80,74,74,74,74,74,74,74,74,74,74,74,74,74,74,74,74,74,74,74,74],"card_choices":[{"not_picked":["Dual Wield","Dropkick"],"picked":"Perfected Strike","floor":1},{"not_picked":["Pummel","Exhume"],"picked":"Cleave","floor":6},{"not_picked":["Perfected Strike","Wild Strike"],"picked":"Sword Boomerang","floor":8},{"not_picked":["Headbutt","Rage"],"picked":"Spot Weakness","floor":10},{"not_picked":["Cleave","Clothesline"],"picked":"Entrench","floor":13},{"not_picked":["Sword Boomerang","Evolve"],"picked":"Carnage","floor":14},{"not_picked":["Offering","Brutality"],"picked":"Bludgeon","floor":16},{"not_picked":["Reckless Charge","Flex"],"picked":"True Grit","floor":18},{"not_picked":["Clash","Dual Wield"],"picked":"Intimidate+1","floor":20},{"not_picked":["Warcry","Body Slam"],"picked":"Anger+1","floor":21}],"player_experience":784235,"relics_obtained":[{"floor":5,"key":"Mummified Hand"},{"floor":6,"key":"Regal Pillow"},{"floor":8,"key":"Peace Pipe"},{"floor":9,"key":"Akabeko"},{"floor":10,"key":"InkBottle"}],"event_choices":[{"damage_healed":0,"gold_gain":0,"player_choice":"Success","damage_taken":12,"relics_obtained":["Art of War"],"max_hp_gain":0,"max_hp_loss":0,"event_name":"Scrap Ooze","floor":2,"gold_loss":0},{"damage_healed":0,"gold_gain":0,"player_choice":"Lose Max HP","damage_taken":0,"relics_obtained":["Golden Idol"],"max_hp_gain":0,"max_hp_loss":6,"event_name":"Golden Idol","floor":4,"gold_loss":0},{"damage_healed":0,"gold_gain":75,"player_choice":"Gather Gold","damage_taken":11,"max_hp_gain":0,"max_hp_loss":0,"event_name":"World of Goop","floor":12,"gold_loss":0}],"is_beta":false,"boss_relics":[{"not_picked":["Runic Cube","Runic Pyramid"],"picked":"SlaversCollar"}],"items_purged_floors":[],"is_endless":false,"potions_floor_spawned":[1,8,14,16,20],"killed_by":"Shelled Parasite and Fungi","ascension_level":5}}