{"host":"dn6kke80v5f7isus","time":1612224314,"event":{"mods":["AchievementEnabler","Act Like it!","BaseMod","Colored Powertips","Custom Start","Defuse TimeMaze Blight","Gremlin Skip","Highlight Path","Hubris","Infinite Spire","Marisa????????","Minty Spire (QoL Compilation)","Rare Cards Sparkle","Reliquary","Replay The Spire","StSLib","The Servant 0.9.4","Uncapped","Unceasing Turn Reminder"],"gold_per_floor":[111,111,122,122,133,163,163,163,18,18,97,129,178,178,178,208,208,312,312,326,326,344,358,116,145,145,175,175,250,263,275,275,275],"floor_reached":32,"language":"ENG","playtime":858,"items_purged":["Strike_MRS"],"score":337,"play_id":"f597876b-ef13-4814-9a5f-ad56210bd0c1","local_time":"20210201190514","is_ascension_mode":true,"campfire_choices":[{"floor":10.0,"key":"REST"},{"floor":14.0,"key":"REST"},{"data":"Strike_MRS","floor":17.0,"key":"PURGE"},{"data":"CasketOfStar","floor":26.0,"key":"SMITH"}],"circlet_count":0,"master_deck":["Strike_MRS+1","Strike_MRS+1","Defend_MRS+1","Defend_MRS+1","MasterSpark+1","UpSweep+1","ShootingEcho+1","ShootingEcho+1","EscapeVelocity+1","EnergyFlow+1","CasketOfStar+1","MilkyWay","WitchLeyline+1"],"relics":["MiniHakkero","NeowsBlessing","ReplayTheSpireMod:Ring of Exchange","Gambling Chip","reliquary:TatteredRug","Sundial","Mummified Hand","Tiny Chest","hubris:ToyBattleship","hubris:EmptyBottle","hubris:Icosahedron","Garlic","Ornamental Fan","Replay:PocketPolymizer","Kunai"],"acts_visited":["Exordium","TheCity"],"potions_floor_usage":[30,31,31],"damage_taken":[{"damage":0.0,"enemies":"2 Louse","floor":1.0,"turns":1.0},{"damage":0.0,"enemies":"Small Slimes","floor":3.0,"turns":1.0},{"damage":0.0,"enemies":"Cultist","floor":5.0,"turns":1.0},{"damage":31.0,"enemies":"Lagavulin","floor":6.0,"turns":7.0},{"damage":27.0,"enemies":"3 Sentries","floor":12.0,"turns":6.0},{"damage":14.0,"enemies":"Gremlin Nob","floor":16.0,"turns":3.0},{"damage":16.0,"enemies":"Slime Boss","floor":18.0,"turns":7.0},{"damage":24.0,"enemies":"Shell Parasite","floor":20.0,"turns":5.0},{"damage":5.0,"enemies":"Spheric Guardian","floor":22.0,"turns":3.0},{"damage":27.0,"enemies":"Snake Plant","floor":23.0,"turns":4.0},{"damage":27.0,"enemies":"Slavers","floor":25.0,"turns":5.0},{"damage":0.0,"enemies":"Book of Stabbing","floor":27.0,"turns":3.0},{"damage":8,"enemies":"Centurion and Healer","floor":30,"turns":3},{"damage":0,"enemies":"Chosen and Byrds","floor":31,"turns":3},{"damage":0,"enemies":"Slavers","floor":32,"turns":1}],"seed_played":"917973712831758776","potions_obtained":[{"floor":12.0,"key":"Dexterity Potion"},{"floor":16.0,"key":"Elixir"},{"floor":18.0,"key":"DuplicationPotion"},{"floor":23.0,"key":"Elixir"},{"floor":25.0,"key":"FearPotion"},{"floor":30,"key":"AttackPotion"},{"floor":31,"key":"Elixir"}],"is_trial":false,"path_per_floor":["M","?","M","?","M","E","PTL","PTL","$","R","T","E","T","R","?","E","R","B",null,"M","?","M","M","$","E","R","E","T","?","M","M","E"],"character_chosen":"MARISA","items_purchased":["reliquary:TatteredRug","Garlic"],"campfire_rested":2,"item_purchase_floors":[9,24],"current_hp_per_floor":[75,75,75,75,75,44,44,44,44,66,66,39,39,61,66,52,52,36,80,56,56,51,24,24,58,58,58,58,50,42,42,42,42],"gold":275,"neow_bonus":"THREE_ENEMY_KILL","is_daily":false,"chose_seed":false,"campfire_upgraded":1,"win_rate":0.0,"timestamp":1612224314,"path_taken":["M","?","M","?","?","E","PTL","PTL","$","R","T","E","?","R","?","E","R","BOSS","M","?","M","M","$","E","R","E","T","?","M","M","E"],"items_purchased_type":["Relic","Relic"],"build_version":"2020-12-22","purchased_purges":1,"victory":false,"max_hp_per_floor":[75,75,75,75,75,75,75,75,75,75,75,75,75,75,80,80,80,80,80,80,80,80,80,80,80,80,80,80,80,80,80,80,80],"card_choices":[{"not_picked":["MagicAbsorber","BlazeAway"],"picked":"ShootingEcho","floor":1.0},{"not_picked":["WitchOfGreed","SporeBomb"],"picked":"ShootingEcho","floor":3.0},{"not_picked":["Robbery","GrandCross","DoubleSpark"],"picked":"SKIP","floor":5.0},{"not_picked":["EventHorizon","GrandCross","DoubleSpark"],"picked":"SKIP","floor":6.0},{"not_picked":["PowerUp","DragonMeteor"],"picked":"EscapeVelocity","floor":12.0},{"not_picked":["LuminesStrike","DC"],"picked":"EnergyFlow","floor":16.0},{"not_picked":["ShootingEcho","WitchOfGreed+1","SporeBomb"],"picked":"SKIP","floor":20.0},{"not_picked":["MeteoricShower","UnstableBomb+1","DoubleSpark"],"picked":"SKIP","floor":22.0},{"not_picked":["AsteroidBelt","MysteriousBeam+1","GrandCross"],"picked":"SKIP","floor":23.0},{"not_picked":["AsteroidBelt","LuminesStrike"],"picked":"CasketOfStar","floor":25.0},{"not_picked":["ShootingEcho","IllusionStar+1"],"picked":"MilkyWay","floor":27.0},{"not_picked":["MagicAbsorber+1","Robbery+1","GravityBeat"],"picked":"SKIP","floor":30},{"not_picked":["SporeBomb+1","PulseMagic"],"picked":"WitchLeyline+1","floor":31}],"player_experience":420158,"relics_obtained":[{"floor":2.0,"key":"ReplayTheSpireMod:Ring of Exchange"},{"floor":6.0,"key":"Gambling Chip"},{"floor":11.0,"key":"Sundial"},{"floor":12.0,"key":"Mummified Hand"},{"floor":13.0,"key":"Tiny Chest"},{"floor":16.0,"key":"hubris:ToyBattleship"},{"floor":25.0,"key":"Ornamental Fan"},{"floor":27.0,"key":"Replay:PocketPolymizer"},{"floor":28.0,"key":"Kunai"}],"event_choices":[{"damage_healed":0.0,"max_hp_gain":0.0,"max_hp_loss":0.0,"gold_gain":0.0,"event_name":"The Woman in Blue","player_choice":"Bought 0 Potions","floor":4.0,"gold_loss":0.0,"damage_taken":0.0},{"damage_healed":0.0,"max_hp_gain":5.0,"max_hp_loss":0.0,"gold_gain":0.0,"event_name":"Big Fish","player_choice":"Donut","floor":15.0,"gold_loss":0.0,"damage_taken":0.0},{"damage_healed":0,"gold_gain":75,"player_choice":"Touch","damage_taken":8,"max_hp_gain":0,"max_hp_loss":0,"event_name":"FaceTrader","floor":29,"gold_loss":0}],"is_beta":false,"boss_relics":[{"not_picked":["Chemical X","hubris:CrackedHourglass"],"picked":"hubris:EmptyBottle"}],"items_purged_floors":[24],"is_endless":false,"potions_floor_spawned":[12,16,18,23,25,30,31],"killed_by":"Slavers","ascension_level":1}}