{"host":"8rgpnls124hwjv5t","time":1612302052,"event":{"mods":["BaseMod","Colored Map","Colored Powertips","DeckTracker","Highlight Path","Minty Spire (QoL Compilation)","Permanent Neow","Quick Restart","Relic Stats","Shop Mod","StSLib"],"gold_per_floor":[111,111,13,29,48,48,101,101,101,101,116,116,116,134,134,206,206,220,28,38,38,53,53,82,99,126,140,15,29,29,29],"floor_reached":30,"language":"ENG","playtime":1180,"items_purged":["Reflex","Grand Finale"],"score":683,"play_id":"17889fde-f0af-4721-b691-8ea5db04b3d6","local_time":"20210202164052","is_ascension_mode":true,"campfire_choices":[{"data":"Neutralize","floor":6,"key":"SMITH"},{"floor":10,"key":"REST"},{"floor":13,"key":"REST"},{"data":"Well Laid Plans","floor":15,"key":"SMITH"},{"floor":23,"key":"REST"}],"circlet_count":0,"master_deck":["AscendersBane","Survivor","Neutralize+1","Caltrops","Footwork","Dagger Throw","Underhanded Strike","Doppelganger","Finisher","Underhanded Strike","Dagger Spray","Well Laid Plans+1","Backflip","Terror","Adrenaline","Blade Dance","Flying Knee","Bouncing Flask","Tactician","Expertise","Catalyst","Malaise","Leg Sweep","Accuracy+1","Endless Agony","Accuracy","Blur","Dagger Spray+1","Blade Dance","Dash","Skewer","Footwork","Acrobatics+1","Cloak And Dagger","Outmaneuver","Cloak And Dagger","Cloak And Dagger"],"relics":["Runic Dome","Prayer Wheel","FossilizedHelix","Shuriken","Pandora\u0027s Box","Bottled Lightning","Bronze Scales"],"acts_visited":["Exordium","TheCity"],"potions_floor_usage":[7,12,30],"damage_taken":[{"damage":11,"enemies":"Jaw Worm","floor":1,"turns":5},{"damage":3,"enemies":"Small Slimes","floor":4,"turns":4},{"damage":0,"enemies":"Cultist","floor":5,"turns":3},{"damage":1,"enemies":"Gremlin Nob","floor":7,"turns":3},{"damage":0,"enemies":"Lots of Slimes","floor":11,"turns":4},{"damage":15,"enemies":"Exordium Wildlife","floor":12,"turns":4},{"damage":1,"enemies":"Exordium Thugs","floor":14,"turns":3},{"damage":0,"enemies":"Slime Boss","floor":16,"turns":5},{"damage":11,"enemies":"Shell Parasite","floor":18,"turns":4},{"damage":0,"enemies":"Spheric Guardian","floor":20,"turns":3},{"damage":24,"enemies":"3 Cultists","floor":22,"turns":4},{"damage":0,"enemies":"Book of Stabbing","floor":24,"turns":3},{"damage":32,"enemies":"Snake Plant","floor":25,"turns":3},{"damage":12,"enemies":"Chosen and Byrds","floor":27,"turns":5},{"damage":0,"enemies":"3 Cultists","floor":29,"turns":3},{"damage":8,"enemies":"Gremlin Leader","floor":30,"turns":2}],"seed_played":"1176239233264331692","potions_obtained":[{"floor":1,"key":"SmokeBomb"},{"floor":4,"key":"ColorlessPotion"},{"floor":16,"key":"CultistPotion"},{"floor":22,"key":"Strength Potion"}],"is_trial":false,"path_per_floor":["M","?","$","M","M","R","E","?","T","R","M","M","R","M","R","B",null,"M","$","M","$","M","R","E","M","T","M","$","M","E"],"character_chosen":"THE_SILENT","items_purchased":["Footwork","Dagger Throw","Accuracy","Blur","Outmaneuver"],"campfire_rested":3,"item_purchase_floors":[3,3,19,19,28],"current_hp_per_floor":[48,37,37,34,34,34,33,33,33,52,52,37,56,55,55,55,63,52,52,52,52,28,47,47,15,15,3,3,3,0,0],"gold":29,"neow_bonus":"BOSS_RELIC","is_daily":false,"chose_seed":false,"campfire_upgraded":2,"win_rate":0.0,"timestamp":1612302052,"path_taken":["M","?","$","M","M","R","E","?","T","R","?","M","R","M","R","BOSS","M","$","M","?","M","R","E","M","T","M","$","M","E"],"items_purchased_type":["Card","Card","Card","Card","Card"],"build_version":"2020-12-22","purchased_purges":2,"victory":false,"max_hp_per_floor":[66,66,66,66,66,66,66,66,66,66,66,66,66,66,66,66,66,66,66,66,66,66,66,66,66,66,66,66,66,66,66],"relic_stats":{"counters":[16,58],"Shuriken":[30],"Bronze Scales":[21],"Prayer Wheel":10,"Pandora\u0027s Box":["Reflex","Blade Dance","Flying Knee","Bouncing Flask","Tactician","Expertise","Catalyst","Malaise","Grand Finale","Leg Sweep"],"obtain_stats":[{"Runic Dome":0,"Shuriken":9,"Bronze Scales":26,"Prayer Wheel":2,"Pandora\u0027s Box":17,"Bottled Lightning":24,"FossilizedHelix":7,"Ring of the Snake":0},{"Runic Dome":0,"Shuriken":4,"Bronze Scales":13,"Prayer Wheel":1,"Pandora\u0027s Box":8,"Bottled Lightning":12,"FossilizedHelix":4,"Ring of the Snake":0},{"Runic Dome":0,"Shuriken":15,"Bronze Scales":48,"Prayer Wheel":5,"Pandora\u0027s Box":31,"Bottled Lightning":45,"FossilizedHelix":15,"Ring of the Snake":0}]},"card_choices":[{"not_picked":["Heel Hook","Bane"],"picked":"Caltrops","floor":1},{"not_picked":["Dagger Spray","Reflex"],"picked":"Underhanded Strike","floor":4},{"not_picked":["Flying Knee","Prepared","Sucker Punch"],"picked":"SKIP","floor":4},{"not_picked":["Flying Knee","Prepared","Sucker Punch"],"picked":"SKIP","floor":4},{"not_picked":["Underhanded Strike","Sucker Punch"],"picked":"Doppelganger","floor":5},{"not_picked":["Masterful Stab","Quick Slash"],"picked":"Finisher","floor":5},{"not_picked":["Prepared","Eviscerate"],"picked":"Underhanded Strike","floor":7},{"not_picked":["Poisoned Stab","Slice"],"picked":"Dagger Spray","floor":11},{"not_picked":["Backstab","Acrobatics"],"picked":"Well Laid Plans","floor":11},{"not_picked":["Poisoned Stab","Sucker Punch"],"picked":"Backflip","floor":14},{"not_picked":["Glass Knife","Dagger Throw"],"picked":"Terror","floor":14},{"not_picked":["Wraith Form v2","Malaise"],"picked":"Adrenaline","floor":16},{"not_picked":["Finisher","Noxious Fumes"],"picked":"Accuracy+1","floor":18},{"not_picked":["Acrobatics","Poisoned Stab"],"picked":"Endless Agony","floor":18},{"not_picked":["Bane","Acrobatics"],"picked":"Dagger Spray+1","floor":20},{"not_picked":["Flying Knee","PiercingWail","Sucker Punch"],"picked":"SKIP","floor":20},{"not_picked":["Tactician","PiercingWail"],"picked":"Blade Dance","floor":22},{"not_picked":["Deadly Poison+1","Grand Finale"],"picked":"Dash","floor":22},{"not_picked":["Blur","Slice"],"picked":"Skewer","floor":24},{"not_picked":["Caltrops","Escape Plan"],"picked":"Footwork","floor":25},{"not_picked":["All Out Attack+1","Dodge and Roll"],"picked":"Acrobatics+1","floor":25},{"not_picked":["Unload","Skewer"],"picked":"Cloak And Dagger","floor":27},{"not_picked":["Acrobatics","Catalyst","Quick Slash"],"picked":"SKIP","floor":27},{"not_picked":["Bane","Dodge and Roll"],"picked":"Cloak And Dagger","floor":29},{"not_picked":["Bane","Deadly Poison"],"picked":"Cloak And Dagger","floor":29}],"player_experience":463213,"relics_obtained":[{"floor":7,"key":"FossilizedHelix"},{"floor":9,"key":"Shuriken"},{"floor":24,"key":"Bottled Lightning"},{"floor":26,"key":"Bronze Scales"}],"event_choices":[{"damage_healed":0,"gold_gain":0,"player_choice":"Success","damage_taken":11,"relics_obtained":["Prayer Wheel"],"max_hp_gain":0,"max_hp_loss":0,"event_name":"Scrap Ooze","floor":2,"gold_loss":0},{"damage_healed":0,"gold_gain":0,"player_choice":"0 cards matched","damage_taken":0,"max_hp_gain":0,"max_hp_loss":0,"event_name":"Match and Keep!","floor":8,"gold_loss":0,"cards_obtained":[]}],"is_beta":false,"boss_relics":[{"not_picked":["Ectoplasm","Calling Bell"],"picked":"Pandora\u0027s Box"}],"items_purged_floors":[19,28],"is_endless":false,"potions_floor_spawned":[1,4,12,16,22,25],"killed_by":"Gremlin Leader","ascension_level":20}}