{"host":"hyx484hj4yg6xxbq","time":1612290132,"event":{"mods":["AchievementEnabler","BaseMod","Colored Map","Colored Powertips","Downfall","Highlight Path","Minty Spire (QoL Compilation)","StSLib","SuperFastMode","The Animator"],"gold_per_floor":[99,115,177,193,211,211,266,289,335,347,357,392,392,404,421,518,518,518,536,546,496,64,64,115,15,46,46,57,77,77,77,97,194,194,194,213,213,72,72,72,72,72,72,89,89,89,89,89],"floor_reached":46,"language":"ENG","playtime":2045,"items_purged":["Slimebound:Strike_Slimebound","Slimebound:Defend_Slimebound"],"score":540,"play_id":"1536c39e-ac5c-48d5-90ed-7068906ac701","local_time":"20210202132212","is_ascension_mode":true,"campfire_choices":[{"data":"Slimebound:Split","floor":1,"key":"SMITH"},{"data":"Slimebound:HauntingLick","floor":6,"key":"SMITH"},{"data":"Slimebound:LevelUp","floor":13,"key":"SMITH"},{"data":"Slimebound:SelfFormingGoo","floor":18,"key":"SMITH"},{"floor":23,"key":"RECALL"},{"data":"Slimebound:SlimeTap","floor":25,"key":"SMITH"},{"floor":30,"key":"REST"},{"data":"Slimebound:DuplicatedForm","floor":35,"key":"SMITH"},{"data":"Slimebound:PressTheAttack","floor":40,"key":"SMITH"},{"data":"Slimebound:LivingWall","floor":43,"key":"SMITH"},{"data":"Slimebound:SplitSpecialist+1","floor":45,"key":"PURGE"}],"circlet_count":0,"master_deck":["Slimebound:Strike_Slimebound","Slimebound:Tackle","Slimebound:Defend_Slimebound","Slimebound:Defend_Slimebound","Slimebound:Defend_Slimebound","Slimebound:Split+1","Slimebound:CorrosiveSpit","Slimebound:LeechingTouch","Slimebound:Repurpose","Slimebound:HauntingLick+1","Slimebound:LivingWall+1","Slimebound:FinishingTackle","Slimebound:PressTheAttack+1","Slimebound:LevelUp+1","Slimebound:Repurpose","Slimebound:SelfFormingGoo+1","CurseOfTheBell","Slimebound:SlimeSpikes+1","Slimebound:Recollect+1","Slimebound:SlimeTap+1","Slimebound:SplitLeeching","Slimebound:SplitMire+1","Slimebound:RollThrough+1","Slimebound:DuplicatedForm+1","Slimebound:SplitAcid","Slimebound:LevelUp+1"],"relics":["Slimebound:AbsorbEndCombat","Gambling Chip","Pear","Happy Flower","Slimebound:ScrapOozeRelic","Art of War","Calling Bell","MealTicket","Pantograph","Mango","TungstenRod","Anchor","downfall:HeartBlessingRed","Slimebound:AggressiveSlimeRelic","Nilry\u0027s Codex","Coffee Dripper"],"acts_visited":["Exordium","TheCity","TheBeyond"],"potions_floor_usage":[3,16,16,20,26,33,46],"damage_taken":[{"damage":2,"enemies":"2 Louse","floor":2,"turns":3},{"damage":24,"enemies":"Lagavulin Event","floor":3,"turns":5},{"damage":2,"enemies":"Jaw Worm","floor":4,"turns":3},{"damage":2,"enemies":"Small Slimes","floor":5,"turns":3},{"damage":7,"enemies":"2 Fungi Beasts","floor":8,"turns":4},{"damage":8,"enemies":"Gremlin Nob","floor":9,"turns":4},{"damage":3,"enemies":"Large Slime","floor":11,"turns":3},{"damage":24,"enemies":"Lagavulin","floor":12,"turns":6},{"damage":6,"enemies":"Exordium Thugs","floor":14,"turns":3},{"damage":2,"enemies":"Red Slaver","floor":15,"turns":3},{"damage":32,"enemies":"DF_ARCHETYPE_STREAMLINE","floor":16,"turns":8},{"damage":14,"enemies":"Spheric Guardian","floor":19,"turns":3},{"damage":34,"enemies":"Centurion and Healer","floor":20,"turns":6},{"damage":0,"enemies":"downfall:FleeingMerchant","floor":22,"turns":4},{"damage":30,"enemies":"Slavers","floor":26,"turns":5},{"damage":14,"enemies":"Cultist and Chosen","floor":28,"turns":6},{"damage":12,"enemies":"Shelled Parasite and Fungi","floor":29,"turns":5},{"damage":9,"enemies":"Centurion and Healer","floor":32,"turns":5},{"damage":6,"enemies":"SI_MIRROR_ARCHETYPE","floor":33,"turns":8},{"damage":23,"enemies":"3 Darklings","floor":36,"turns":5},{"damage":27,"enemies":"downfall:FleeingMerchant","floor":38,"turns":4},{"damage":22,"enemies":"3 Shapes","floor":44,"turns":4},{"damage":79,"enemies":"Nemesis","floor":46,"turns":4}],"seed_played":"-8931318276258250321","potions_obtained":[{"floor":2,"key":"SkillPotion"},{"floor":3,"key":"Slimebound:SlimedPotion"},{"floor":9,"key":"DuplicationPotion"},{"floor":11,"key":"Block Potion"},{"floor":14,"key":"LiquidMemories"},{"floor":15,"key":"Slimebound:ThreeZeroPotion"},{"floor":19,"key":"DistilledChaos"},{"floor":29,"key":"Slimebound:SlimedPotion"},{"floor":44,"key":"ColorlessPotion"}],"is_trial":false,"path_per_floor":["R","M","?","M","M","R","T","M","E","?","M","E","R","M","M","B",null,"R","M","M","?","$","R","T","R","E","?","M","M","R","?","M","B",null,"R","M","?","$","?","R","T","?","R","M","R","E"],"character_chosen":"SLIMEBOUND","items_purchased":["Slimebound:SplitLeeching","TungstenRod","Slimebound:SplitAcid"],"campfire_rested":1,"item_purchase_floors":[22,22,38],"current_hp_per_floor":[59,59,52,52,54,54,54,49,45,45,46,30,30,26,26,2,83,83,71,41,72,83,83,83,83,57,42,32,24,48,75,72,83,83,83,80,80,72,72,72,72,72,72,65,65,0,0,0],"gold":89,"neow_bonus":"ONE_RARE_RELIC","is_daily":false,"chose_seed":false,"campfire_upgraded":8,"win_rate":0.0,"timestamp":1612290132,"path_taken":["R","M","?","M","M","R","T","M","E","?","M","E","R","M","M","BOSS","R","M","M","?","$","R","T","R","E","?","M","M","R","?","M","BOSS","R","M","?","$","?","R","T","?","R","M","R","E"],"items_purchased_type":["Card","Relic","Card"],"build_version":"2020-12-22","purchased_purges":2,"victory":false,"max_hp_per_floor":[59,59,69,69,69,69,69,69,69,69,69,69,69,69,69,69,83,83,83,83,83,83,83,83,83,83,83,83,83,83,83,83,83,83,83,83,83,83,83,83,83,83,83,83,83,83,83,83],"card_choices":[{"not_picked":["Slimebound:ViciousTackle","Slimebound:HungryTackle"],"picked":"Slimebound:LeechingTouch","floor":2},{"not_picked":["Slimebound:Equalize","Slimebound:SlimeBrawl"],"picked":"Slimebound:Repurpose","floor":3},{"not_picked":["Slimebound:RainOfGoop","Slimebound:HungryTackle","Slimebound:GoopTackle"],"picked":"SKIP","floor":4},{"not_picked":["Slimebound:ServeAndProtect","Slimebound:LevelUp"],"picked":"Slimebound:HauntingLick","floor":5},{"not_picked":["Slimebound:Grow","Slimebound:ComboTackle"],"picked":"Slimebound:LivingWall","floor":8},{"not_picked":["Slimebound:RainOfGoop","Slimebound:Dissolve"],"picked":"Slimebound:FinishingTackle","floor":9},{"not_picked":["Slimebound:GoopTackle","Slimebound:ItLooksTasty"],"picked":"Slimebound:PressTheAttack","floor":11},{"not_picked":["Slimebound:DisruptingSlam","Slimebound:ItLooksTasty"],"picked":"Slimebound:LevelUp","floor":12},{"not_picked":["Slimebound:SplitBruiser","Slimebound:FinishingTackle","Slimebound:GoopTackle"],"picked":"SKIP","floor":14},{"not_picked":["Slimebound:SlimeBrawl","Slimebound:LeechingTouch"],"picked":"Slimebound:Repurpose","floor":15},{"not_picked":["Slimebound:OneTwoCombo","Slimebound:OozeBath"],"picked":"Slimebound:SelfFormingGoo","floor":16},{"not_picked":["Slimebound:GoopSpray","Slimebound:SplitMire"],"picked":"Slimebound:SlimeSpikes+1","floor":19},{"not_picked":["Slimebound:PressTheAttack","Slimebound:RejuvenatingLick"],"picked":"Slimebound:Recollect+1","floor":20},{"not_picked":["Slimebound:SpikyOuterGoop+1","Slimebound:Equalize"],"picked":"Slimebound:SlimeTap","floor":22},{"not_picked":["Slimebound:SlimeSpikes+1","Slimebound:ItLooksTasty"],"picked":"Slimebound:SplitMire+1","floor":26},{"not_picked":["Slimebound:RejuvenatingLick","Slimebound:Schlurp+1","Slimebound:SlimeSpikes+1"],"picked":"SKIP","floor":28},{"not_picked":["Slimebound:AcidTongue","Slimebound:PressTheAttack"],"picked":"Slimebound:SplitSpecialist+1","floor":29},{"not_picked":["Slimebound:Dissolve","Slimebound:Prepare+1"],"picked":"Slimebound:RollThrough+1","floor":32},{"not_picked":["Slimebound:OneTwoCombo","Slimebound:MassFeed"],"picked":"Slimebound:DuplicatedForm","floor":33},{"not_picked":["Slimebound:Grow+1","Slimebound:Repurpose+1","Slimebound:SplitBruiser"],"picked":"SKIP","floor":36},{"not_picked":["Slimebound:AcidTongue+1","Slimebound:PressTheAttack","Slimebound:SplitMire+1"],"picked":"SKIP","floor":38},{"not_picked":["Slimebound:SplitMire+1","Slimebound:LivingWall","Slimebound:ForwardTackle+1"],"picked":"SKIP","floor":44}],"player_experience":496509,"relics_obtained":[{"floor":3,"key":"Pear"},{"floor":7,"key":"MawBank"},{"floor":9,"key":"Happy Flower"},{"floor":12,"key":"Art of War"},{"floor":17,"key":"MealTicket"},{"floor":17,"key":"Pantograph"},{"floor":17,"key":"Mango"},{"floor":24,"key":"Anchor"},{"floor":26,"key":"Slimebound:AggressiveSlimeRelic"},{"floor":27,"key":"Nilry\u0027s Codex"}],"event_choices":[{"damage_healed":27,"gold_gain":0,"player_choice":"Heal","damage_taken":0,"max_hp_gain":0,"max_hp_loss":0,"event_name":"The Library","floor":31,"gold_loss":0},{"cards_removed":["Slimebound:Strike_Slimebound"],"damage_healed":0,"gold_gain":0,"player_choice":"Removed Attack","damage_taken":0,"max_hp_gain":0,"max_hp_loss":0,"event_name":"Falling","floor":37,"gold_loss":0}],"is_beta":false,"boss_relics":[{"not_picked":["Empty Cage","Busted Crown"],"picked":"Calling Bell"},{"not_picked":["bronze:MakeshiftBattery","Astrolabe"],"picked":"Coffee Dripper"}],"items_purged_floors":[22,38],"is_endless":false,"potions_floor_spawned":[2,3,9,11,14,15,19,29,44],"killed_by":"Nemesis","ascension_level":3}}