{"host":"zwezhz46a5cjkxff","time":1612248632,"event":{"mods":["AchievementEnabler","BaseMod","Colored Map","Colored Powertips","DeckTracker","Hermit","Minty Spire (QoL Compilation)","Permanent Neow","Quick Restart","Rare Cards Sparkle","Relic Stats","Robot Space Explorer","StSLib","SuperFastMode","The Hierophant","The Servant 0.9.4","Weighted Paths","slay the spire mod where everything is the same but ironclad has a cowboy hat"],"gold_per_floor":[111,111,129,147,37,70,70,70,149,149,166,166,166,179,179,179,179],"floor_reached":16,"language":"ENG","playtime":426,"items_purged":[],"score":100,"play_id":"c0eafbd7-9fad-44a5-9f3c-e720a5fd2dab","local_time":"20210202005032","is_ascension_mode":false,"campfire_choices":[{"floor":8,"key":"RECALL"},{"data":"Eruption","floor":10,"key":"SMITH"},{"data":"Brilliance","floor":12,"key":"SMITH"},{"floor":15,"key":"REST"}],"circlet_count":0,"master_deck":["Strike_P","Strike_P","Strike_P+1","Defend_P","Defend_P","Defend_P+1","Eruption+1","Vigilance","Pain","Brilliance+1","WindmillStrike","Prostrate","CutThroughFate","Worship","Nirvana","Conclude"],"relics":["PureWater","MealTicket","Pantograph"],"acts_visited":["Exordium"],"potions_floor_usage":[6,16,16],"damage_taken":[{"damage":1,"enemies":"2 Louse","floor":1,"turns":2},{"damage":10,"enemies":"Small Slimes","floor":3,"turns":4},{"damage":13,"enemies":"Jaw Worm","floor":4,"turns":2},{"damage":15,"enemies":"3 Sentries","floor":6,"turns":4},{"damage":9,"enemies":"Red Slaver","floor":11,"turns":3},{"damage":6,"enemies":"Large Slime","floor":14,"turns":4},{"damage":66,"enemies":"Slime Boss","floor":16,"turns":8}],"seed_played":"-4272620953537876719","potions_obtained":[{"floor":4,"key":"LiquidMemories"},{"floor":11,"key":"Dexterity Potion"},{"floor":14,"key":"SneckoOil"}],"is_trial":false,"path_per_floor":["M","?","M","M","$","E","?","R","T","R","M","R","?","M","R","B"],"character_chosen":"WATCHER","items_purchased":["Worship","Nirvana"],"campfire_rested":1,"item_purchase_floors":[5,5],"current_hp_per_floor":[71,64,54,41,56,41,41,41,41,41,32,32,18,12,33,0,0],"gold":179,"neow_bonus":"TRANSFORM_TWO_CARDS","is_daily":false,"chose_seed":false,"campfire_upgraded":2,"win_rate":0.0,"timestamp":1612248632,"path_taken":["M","?","M","M","$","E","?","R","T","R","M","R","?","M","R","BOSS"],"items_purchased_type":["Card","Card"],"build_version":"2020-12-22","purchased_purges":0,"victory":false,"max_hp_per_floor":[72,72,72,72,72,72,72,72,72,72,72,72,72,72,72,72,72],"relic_stats":{"counters":[7,27],"Pantograph":25,"MealTicket":15,"obtain_stats":[{"Pantograph":6,"MealTicket":2,"PureWater":0},{"Pantograph":4,"MealTicket":1,"PureWater":0},{"Pantograph":12,"MealTicket":2,"PureWater":0}]},"card_choices":[{"not_picked":["FlurryOfBlows","PathToVictory"],"picked":"Prostrate","floor":1},{"not_picked":["CrushJoints","BowlingBash"],"picked":"CutThroughFate","floor":3},{"not_picked":["EmptyBody","CrushJoints","Consecrate"],"picked":"SKIP","floor":4},{"not_picked":["JustLucky","EmptyFist","Alpha"],"picked":"SKIP","floor":6},{"not_picked":["Consecrate","Weave","WheelKick"],"picked":"SKIP","floor":11},{"not_picked":["FearNoEvil","Worship"],"picked":"Conclude","floor":14}],"player_experience":60071,"relics_obtained":[{"floor":6,"key":"Pantograph"}],"event_choices":[{"damage_healed":0,"gold_gain":0,"player_choice":"Success","damage_taken":7,"relics_obtained":["MealTicket"],"max_hp_gain":0,"max_hp_loss":0,"event_name":"Scrap Ooze","floor":2,"gold_loss":0},{"damage_healed":0,"gold_gain":0,"player_choice":"Ignored","damage_taken":0,"max_hp_gain":0,"max_hp_loss":0,"event_name":"Liars Game","floor":7,"gold_loss":0},{"damage_healed":0,"gold_gain":0,"player_choice":"Entered Light","damage_taken":14,"max_hp_gain":0,"max_hp_loss":0,"event_name":"Shining Light","floor":13,"gold_loss":0,"cards_upgraded":["Strike_P","Defend_P"]}],"is_beta":false,"boss_relics":[],"items_purged_floors":[],"is_endless":false,"potions_floor_spawned":[4,11,14],"killed_by":"Slime Boss","ascension_level":0}}