{"host":"2l3i55whvwk76mom","time":1612241394,"event":{"mods":["BaseMod","Googly Eyes","Hermit","Hubris","Minty Spire (QoL Compilation)","Replay The Spire","StSLib","The Cursed","The Disciple","The Hierophant","The Jungle","The Necromancer"],"gold_per_floor":[119,137,156,168,184,184,217,217,217,217,245,353,353,373,373,373,373],"floor_reached":16,"language":"ENG","playtime":693,"items_purged":[],"score":160,"play_id":"22da9541-f540-41f2-ac36-77f29ab4a754","local_time":"20210201204954","is_ascension_mode":true,"campfire_choices":[{"floor":6,"key":"REST"},{"data":"Inflame","floor":8,"key":"SMITH"},{"data":"ReplayTheSpireMod:Strike From Hell","floor":10,"key":"SMITH"},{"floor":13,"key":"REST"},{"floor":15,"key":"REST"}],"circlet_count":0,"master_deck":["Strike_R","Strike_R","Strike_R","Strike_R","Strike_R","Defend_R","Defend_R","Defend_R","Defend_R","Bash","Flex","ReplayTheSpireMod:Strike From Hell+1","Feel No Pain","Inflame+1","Clothesline","Shrug It Off","Rampage","ReplayTheSpireMod:Splinters","Corruption","Havoc","ReplayTheSpireMod:Strike From Hell"],"relics":["Replay:Bronze Core","hubris:Potato","ReplayTheSpireMod:Ninjato","hubris:Teleporter","Odd Mushroom"],"acts_visited":["Exordium"],"potions_floor_usage":[5,7,11],"damage_taken":[{"damage":0,"enemies":"Small Slimes","floor":1,"turns":2},{"damage":4,"enemies":"Jaw Worm","floor":2,"turns":3},{"damage":4,"enemies":"2 Louse","floor":3,"turns":3},{"damage":10,"enemies":"Exordium Wildlife","floor":4,"turns":5},{"damage":6,"enemies":"Gremlin Gang","floor":5,"turns":4},{"damage":10,"enemies":"Lagavulin","floor":7,"turns":5},{"damage":24,"enemies":"Gremlin Nob","floor":11,"turns":4},{"damage":18,"enemies":"The Mushroom Lair","floor":14,"turns":4},{"damage":68,"enemies":"The Guardian","floor":16,"turns":14}],"seed_played":"-6663155878032643697","potions_obtained":[{"floor":1,"key":"SpeedPotion"},{"floor":4,"key":"EssenceOfSteel"},{"floor":7,"key":"Adrenaline Potion"},{"floor":14,"key":"Ancient Potion"}],"is_trial":false,"path_per_floor":["M","M","M","M","M","R","E","R","T","R","E","?","R","?","R","B"],"character_chosen":"IRONCLAD","items_purchased":[],"campfire_rested":3,"item_purchase_floors":[],"current_hp_per_floor":[72,68,64,54,48,72,62,62,62,62,38,38,62,44,68,0,0],"gold":373,"neow_bonus":"BOSS_RELIC","is_daily":false,"chose_seed":false,"campfire_upgraded":2,"win_rate":0.0,"timestamp":1612241394,"path_taken":["M","M","M","M","M","R","E","R","T","R","E","?","R","?","R","BOSS"],"items_purchased_type":[],"build_version":"2020-12-22","purchased_purges":0,"victory":false,"max_hp_per_floor":[80,80,80,80,80,80,80,80,80,80,80,80,80,80,80,80,80],"card_choices":[{"not_picked":["Body Slam","Clothesline"],"picked":"Flex","floor":1},{"not_picked":["Warcry","True Grit"],"picked":"ReplayTheSpireMod:Strike From Hell","floor":2},{"not_picked":["hubris:StunningStrike","ReplayTheSpireMod:Stacked"],"picked":"Feel No Pain","floor":3},{"not_picked":["True Grit","Heavy Blade"],"picked":"Inflame","floor":4},{"not_picked":["Anger","Heavy Blade"],"picked":"Clothesline","floor":5},{"not_picked":["Clash","Replay:Undeath\u0027s Touch"],"picked":"Shrug It Off","floor":7},{"not_picked":["Second Wind","ReplayTheSpireMod:Stacked"],"picked":"Rampage","floor":11},{"not_picked":["Dark Embrace","Armaments"],"picked":"Corruption","floor":12},{"not_picked":["Anger","Whirlwind"],"picked":"Havoc","floor":12},{"not_picked":["Warcry","Replay:Undeath\u0027s Touch"],"picked":"ReplayTheSpireMod:Strike From Hell","floor":14}],"player_experience":347894,"relics_obtained":[{"floor":7,"key":"hubris:Potato"},{"floor":9,"key":"ReplayTheSpireMod:Ninjato"},{"floor":11,"key":"hubris:Teleporter"},{"floor":14,"key":"Odd Mushroom"}],"event_choices":[{"damage_healed":0,"gold_gain":0,"player_choice":"Fought Mushrooms","damage_taken":0,"max_hp_gain":0,"max_hp_loss":0,"event_name":"Mushrooms","floor":14,"gold_loss":0}],"is_beta":false,"boss_relics":[],"items_purged_floors":[],"is_endless":false,"potions_floor_spawned":[1,4,7,14],"killed_by":"The Guardian","ascension_level":9}}