{"host":"flhjnb5sqrent16x","time":1612287941,"event":{"mods":["BaseMod","Downfall","Hermit","Marisa????????","Minty Spire (QoL Compilation)","StSLib","The Animator","The Cursed","The Hierophant","The Servant 0.9.4"],"gold_per_floor":[99,112,125,125,33,44,44,74,74,74,99,99,99,99,112,112,112,112],"floor_reached":16,"language":"ENG","playtime":1373,"items_purged":[],"score":108,"play_id":"53fcc56c-78c3-4226-b5df-30e2278ff719","local_time":"20210202114541","is_ascension_mode":false,"campfire_choices":[{"floor":1,"key":"RECALL"},{"data":"Guardian:Reroute","floor":10,"key":"SMITH"},{"floor":13,"key":"REST"}],"circlet_count":0,"master_deck":["Guardian:Strike_Guardian","Guardian:Strike_Guardian","Guardian:Strike_Guardian","Guardian:Strike_Guardian","Guardian:Defend_Guardian","Guardian:Defend_Guardian","Guardian:Defend_Guardian","Guardian:Defend_Guardian","Guardian:CurlUp","Guardian:TwinSlam","Guardian:Reroute+1","Guardian:BronzeOrb","Guardian:BronzeOrb","Guardian:Recover","Guardian:MultiBeam+1","Guardian:FastForward","Guardian:StasisStrike+1","Guardian:CrystalBeam+1"],"relics":["Guardian:ModeShifter","Molten Egg 2","Potion Belt","downfall:BrokenWingStatue"],"acts_visited":["Exordium"],"potions_floor_usage":[16],"damage_taken":[{"damage":3,"enemies":"Jaw Worm","floor":2,"turns":5},{"damage":1,"enemies":"Cultist","floor":3,"turns":4},{"damage":10,"enemies":"downfall:FleeingMerchant","floor":5,"turns":4},{"damage":3,"enemies":"Small Slimes","floor":6,"turns":3},{"damage":31,"enemies":"Lagavulin","floor":8,"turns":7},{"damage":14,"enemies":"Gremlin Nob","floor":11,"turns":4},{"damage":0,"enemies":"3 Louse","floor":15,"turns":2},{"damage":62,"enemies":"DF_ARCHETYPE_STREAMLINE","floor":16,"turns":9}],"seed_played":"1072352053212660491","potions_obtained":[{"floor":6,"key":"Swift Potion"},{"floor":11,"key":"LiquidMemories"}],"is_trial":false,"path_per_floor":["R","M","M","?","$","M","T","E","?","R","E","?","R","?","M","B"],"character_chosen":"GUARDIAN","items_purchased":["Guardian:BronzeOrb"],"campfire_rested":1,"item_purchase_floors":[5],"current_hp_per_floor":[88,85,84,84,74,71,71,40,40,40,26,26,52,52,52,0,0,0],"gold":112,"neow_bonus":"TEN_PERCENT_HP_BONUS","is_daily":false,"chose_seed":false,"campfire_upgraded":1,"win_rate":0.0,"timestamp":1612287941,"path_taken":["R","M","M","?","$","?","T","E","?","R","E","?","R","?","M","BOSS"],"items_purchased_type":["Card"],"build_version":"2020-12-22","purchased_purges":0,"victory":false,"max_hp_per_floor":[88,88,88,88,88,88,88,88,88,88,88,88,88,88,88,88,88,88],"card_choices":[{"not_picked":["Guardian:TemporalShield","Guardian:Incinerate"],"picked":"Guardian:Reroute","floor":2},{"not_picked":["Guardian:DecasProtection","Guardian:PrismaticBeam"],"picked":"Guardian:BronzeOrb","floor":3},{"not_picked":["Guardian:Gem_Cyan","Guardian:Gem_Green"],"picked":"Guardian:Gem_Orange","floor":5},{"not_picked":["Guardian:VentSteam","Guardian:TimeCapacitor"],"picked":"Guardian:Recover","floor":6},{"not_picked":["Guardian:BronzeArmor","Guardian:PiercingHide"],"picked":"Guardian:MultiBeam+1","floor":8},{"not_picked":["Guardian:GuardianWhirl+1","Guardian:TimeBomb"],"picked":"Guardian:FastForward","floor":11},{"not_picked":["Guardian:Reroute+1","Guardian:Gem_Crimson"],"picked":"Guardian:CrystalBeam+1","floor":15}],"player_experience":179276,"relics_obtained":[{"floor":7,"key":"Molten Egg 2"},{"floor":8,"key":"White Beast Statue"},{"floor":11,"key":"Potion Belt"}],"event_choices":[{"cards_removed":["Outmaneuver"],"damage_healed":0,"gold_gain":0,"player_choice":"Took Card","damage_taken":0,"max_hp_gain":0,"max_hp_loss":0,"event_name":"NoteForYourself","floor":4,"gold_loss":0,"cards_obtained":["Outmaneuver"]}],"is_beta":false,"boss_relics":[],"items_purged_floors":[],"is_endless":false,"potions_floor_spawned":[6,11],"killed_by":"DF_ARCHETYPE_STREAMLINE","ascension_level":0}}