{"host":"vqgrg90fv56geajp","time":1612273055,"event":{"mods":["BaseMod","Colored Map","Colored Powertips","Minty Spire (QoL Compilation)","Quick Restart","Rare Cards Sparkle","Relic Stats"],"gold_per_floor":[111,111,121,137,154,185,185,25,52,63,213,213,246,6,6,80,80,95,69,0,0,0],"floor_reached":21,"language":"ENG","playtime":1518,"items_purged":["Doubt"],"score":378,"play_id":"5104690b-7598-4040-9e20-1e19c7929c9e","local_time":"20210202153735","is_ascension_mode":true,"campfire_choices":[{"floor":7,"key":"REST"},{"floor":12,"key":"REST"},{"floor":15,"key":"REST"}],"circlet_count":0,"master_deck":["AscendersBane","Strike_G","Strike_G","Strike_G","Strike_G","Strike_G","Defend_G","Defend_G","Defend_G","Defend_G","Defend_G","Survivor","Neutralize","Poisoned Stab","Neutralize","Terror","Tools of the Trade","Predator","Underhanded Strike","Deflect","PiercingWail","Grand Finale","Venomology","Infinite Blades","Accuracy"],"relics":["Ring of the Snake","Strawberry","Orichalcum","Nunchaku","Bronze Scales","Art of War","SlaversCollar"],"acts_visited":["Exordium","TheCity"],"potions_floor_usage":[13,16,19,19,21,21],"damage_taken":[{"damage":0,"enemies":"2 Louse","floor":1,"turns":3},{"damage":0,"enemies":"Cultist","floor":3,"turns":3},{"damage":1,"enemies":"Jaw Worm","floor":4,"turns":3},{"damage":19,"enemies":"2 Fungi Beasts","floor":5,"turns":3},{"damage":36,"enemies":"3 Sentries","floor":6,"turns":11},{"damage":15,"enemies":"Large Slime","floor":10,"turns":8},{"damage":9,"enemies":"Lagavulin","floor":13,"turns":9},{"damage":36,"enemies":"Hexaghost","floor":16,"turns":11},{"damage":48,"enemies":"Shell Parasite","floor":18,"turns":9},{"damage":15,"enemies":"2 Thieves","floor":19,"turns":4},{"damage":9,"enemies":"Snecko","floor":21,"turns":3}],"seed_played":"4567783131465316021","potions_obtained":[{"floor":10,"key":"EssenceOfSteel"},{"floor":13,"key":"SneckoOil"},{"floor":16,"key":"DistilledChaos"}],"is_trial":false,"path_per_floor":["M","?","M","M","M","E","R","$","T","M","?","R","E","$","R","B",null,"M","M","?","M"],"character_chosen":"THE_SILENT","items_purchased":["Orichalcum","Art of War"],"campfire_rested":3,"item_purchase_floors":[8,14],"current_hp_per_floor":[65,65,65,64,45,16,39,39,39,24,24,47,38,38,61,25,66,18,3,3,0,0],"gold":0,"neow_bonus":"TEN_PERCENT_HP_BONUS","is_daily":false,"chose_seed":false,"campfire_upgraded":0,"win_rate":0.0,"timestamp":1612273055,"path_taken":["M","?","M","M","M","E","R","?","T","?","?","R","E","$","R","BOSS","M","M","?","M"],"items_purchased_type":["Relic","Relic"],"build_version":"2020-12-22","purchased_purges":1,"victory":false,"max_hp_per_floor":[72,72,72,72,72,79,79,79,79,79,79,79,79,79,79,79,79,79,79,79,79,79],"relic_stats":{"Nunchaku":[7],"counters":[11,67],"Bronze Scales":[115],"Art of War":[2],"Orichalcum":[78],"obtain_stats":[{"SlaversCollar":17,"Nunchaku":9,"Strawberry":6,"Bronze Scales":13,"Art of War":14,"Orichalcum":8,"Ring of the Snake":0},{"SlaversCollar":8,"Nunchaku":5,"Strawberry":5,"Bronze Scales":7,"Art of War":7,"Orichalcum":5,"Ring of the Snake":0},{"SlaversCollar":51,"Nunchaku":23,"Strawberry":23,"Bronze Scales":40,"Art of War":40,"Orichalcum":23,"Ring of the Snake":0}],"Ring of the Snake":[22]},"card_choices":[{"not_picked":["Flying Knee","Prepared"],"picked":"Poisoned Stab","floor":1},{"not_picked":["Dagger Throw","Eviscerate"],"picked":"Tools of the Trade","floor":3},{"not_picked":["Deadly Poison","Dodge and Roll"],"picked":"Predator","floor":4},{"not_picked":["Concentrate","Slice"],"picked":"Underhanded Strike","floor":5},{"not_picked":["Noxious Fumes","Expertise"],"picked":"Deflect","floor":6},{"not_picked":["Backflip","Endless Agony"],"picked":"PiercingWail","floor":10},{"not_picked":["Blade Dance","Dagger Spray"],"picked":"Grand Finale","floor":13},{"not_picked":["Die Die Die","Storm of Steel"],"picked":"Venomology","floor":16},{"not_picked":["Underhanded Strike","Prepared"],"picked":"Infinite Blades","floor":18},{"not_picked":["Quick Slash","Acrobatics"],"picked":"Accuracy","floor":19}],"player_experience":2541003,"relics_obtained":[{"floor":6,"key":"Strawberry"},{"floor":9,"key":"Nunchaku"},{"floor":13,"key":"Bronze Scales"}],"event_choices":[{"damage_healed":0,"gold_gain":0,"player_choice":"2 cards matched","damage_taken":0,"max_hp_gain":0,"max_hp_loss":0,"event_name":"Match and Keep!","floor":2,"gold_loss":0,"cards_obtained":["Neutralize","Terror"]},{"damage_healed":0,"gold_gain":150,"player_choice":"AGREE","damage_taken":0,"max_hp_gain":0,"max_hp_loss":0,"event_name":"Liars Game","floor":11,"gold_loss":0,"cards_obtained":["Doubt"]},{"damage_healed":0,"gold_gain":0,"player_choice":"Paid Fearfully","damage_taken":0,"max_hp_gain":0,"max_hp_loss":0,"event_name":"Masked Bandits","floor":20,"gold_loss":69}],"is_beta":false,"boss_relics":[{"not_picked":["Velvet Choker","Coffee Dripper"],"picked":"SlaversCollar"}],"items_purged_floors":[14],"is_endless":false,"potions_floor_spawned":[10,13,16],"killed_by":"Snecko","ascension_level":20}}