{"host":"a5v7x5tmlr5iccdt","time":1612273069,"event":{"mods":["100% Spire Juice","Act Like it!","Aspiration","BaseMod","ChefMod","Colored Map","Colored Powertips","Conspire","Downfall","Energized Spire","Gensokyo","Hallownest","Highlight Path","HornydragonMod","Minty Spire (QoL Compilation)","Quick Restart","Remilia£®¿Ÿ√◊¿Ú—«£©","Replay The Spire","Robot Space Explorer","StSLib","The Bug Knight","Youmu£®ªÍ∆«—˝√Œ£©"],"gold_per_floor":[79,79,79,101,113,153,178,217,229,274,286,298,326,358,0,117,129,161,188,250,262,229,270,297,339,399,411,451,483,495,535,547,660,622,654,678,565,592,622,660,672,684,1351,1363,1375,1447,1522,1534,1746,1009,1009,2067],"floor_reached":53,"language":"ZHS","playtime":2624,"items_purged":["Hallownest:attackAdjustingAction"],"score":1131,"play_id":"7af41b84-af53-4224-ab4b-503c9a50702c","local_time":"20210202213749","is_ascension_mode":true,"campfire_choices":[{"data":"GetAlcoholism","floor":12.0,"key":"SMITH"},{"data":"ChickenAttack","floor":32.0,"key":"SMITH"},{"data":"GetAlcoholSmell","floor":44.0,"key":"SMITH"},{"data":"Catalyst","floor":51.0,"key":"SMITH"}],"circlet_count":1,"master_deck":["Strike_HD+1","Defend_HD+1","AlcoholBarrier","BreakDrink","ChickenAttack+1","BirdAttack","UnoWild4","Ahahah","BlackJackAttack","GetAlcoholism+1","KingRound","Margarita","Metabolism","GasterBlaster","ShrimpCocktail","GetAll+1","Distracted","Ie6","CrazyDrinking+1","Bane+1","Grand Finale+1","Catalyst+1","Bike+1","Oolong+1","Strike_HD+1","HeadDefend","DoNotDrink+1","Beer","GetStonks","Heart6+1","GetAlcoholSmell+1","Beer+1","Replay:Bag of Tricks","Masterful Stab+1","Masterful Stab+1","GasterBlaster+1"],"relics":["WineBottle","aspiration:Nostalgia","Burning Blood","Hallownest:DreamNailRelic","aspiration:FrozenJewel","MawBank","PreservedInsect","Simple Rune","HornCleat","Meat on the Bone","Circlet","Hallownest:BankAccountRelic","ChewingGum","Hallownest:WatcherSealRelic","HollowMod:StagPassRelic","Vajra","Potion Belt","Red Mask","Molten Egg 2","Replay:Wax Seal","energizedSpire:HugeHouse","Matryoshka","Unceasing Top","conspire:DecoderRing","Eternal Feather","ReplayTheSpireMod:Ninjato","Replay:Bandana","Sling","Anchor","Shuriken"],"acts_visited":["Hallownest:Greenpath","Hallownest:CityofTears","Hallownest:KingdomsEdge"],"potions_floor_usage":[52,52,52],"damage_taken":[{"damage":7.0,"enemies":"Hallownest:monsterHuskGuard","floor":1.0,"turns":4.0},{"damage":0.0,"enemies":"2_ Uuma","floor":4.0,"turns":6.0},{"damage":8.0,"enemies":"Hallownest:eliteVengeflyKing","floor":6.0,"turns":7.0},{"damage":2.0,"enemies":"Hallownest:2_Tiktiks_and_1_Crawlid","floor":7.0,"turns":5.0},{"damage":12.0,"enemies":"Hallownest:eliteCrystalGuardian","floor":8.0,"turns":2.0},{"damage":13.0,"enemies":"Hallownest:eliteMossKnight","floor":10.0,"turns":7.0},{"damage":0.0,"enemies":"Hallownest:monsterFoolEater","floor":13.0,"turns":3.0},{"damage":0.0,"enemies":"Hallownest:monsterMossCharger","floor":14.0,"turns":2.0},{"damage":22.0,"enemies":"Hallownest:BossFalseKnight","floor":16.0,"turns":9.0},{"damage":2.0,"enemies":"Hallownest:3_Youths","floor":18.0,"turns":5.0},{"damage":17.0,"enemies":"Hallownest:Guard_and_Sentry","floor":19.0,"turns":5.0},{"damage":5.0,"enemies":"Hallownest:Glutton_and_Coward","floor":20.0,"turns":4.0},{"damage":23.0,"enemies":"Hallownest:eliteSoulWarrior","floor":23.0,"turns":5.0},{"damage":24.0,"enemies":"Hallownest:monsterMisterMushroom","floor":24.0,"turns":9.0},{"damage":32.0,"enemies":"Hallownest:eliteWatcherKnight","floor":25.0,"turns":11.0},{"damage":19.0,"enemies":"Hallownest:Nosk","floor":28.0,"turns":7.0},{"damage":6.0,"enemies":"Hallownest:2_Flukemon","floor":29.0,"turns":6.0},{"damage":36.0,"enemies":"Hallownest:eliteWatcherKnight","floor":31.0,"turns":10.0},{"damage":26.0,"enemies":"Hallownest:BossSoulMaster","floor":33.0,"turns":7.0},{"damage":12.0,"enemies":"Hallownest:2_Littles","floor":35.0,"turns":5.0},{"damage":4.0,"enemies":"Hallownest:Shield_Heavy","floor":36.0,"turns":3.0},{"damage":16.0,"enemies":"Hallownest:monsterPrimalAspid","floor":38.0,"turns":3.0},{"damage":0.0,"enemies":"Hallownest:Shield_Sturdy","floor":39.0,"turns":4.0},{"damage":6.0,"enemies":"Hallownest:eliteCollector","floor":40.0,"turns":4.0},{"damage":31.0,"enemies":"Hallownest:eliteHiveKnight","floor":43.0,"turns":5.0},{"damage":8.0,"enemies":"Hallownest:2_Soldiers_and_1_Guardian","floor":46.0,"turns":5.0},{"damage":3.0,"enemies":"Hallownest:eliteCollector","floor":47.0,"turns":4.0},{"damage":8.0,"enemies":"Hallownest:monsterPrimalAspid","floor":49.0,"turns":2.0},{"damage":51,"enemies":"Hallownest:Radiance","floor":52,"turns":5}],"seed_played":"-7031966093629298493","potions_obtained":[{"floor":1.0,"key":"SteroidPotion"},{"floor":6.0,"key":"Death Potion"},{"floor":8.0,"key":"SpeedPotion"},{"floor":14.0,"key":"bronze:BurnAndBuffPotion"},{"floor":16.0,"key":"ColorlessPotion"},{"floor":20.0,"key":"conspire:TimeTravelPotion"},{"floor":23.0,"key":"Weak Potion"},{"floor":24.0,"key":"EntropicBrew"},{"floor":25.0,"key":"DuplicationPotion"},{"floor":31.0,"key":"Elixir"},{"floor":39.0,"key":"Swift Potion"},{"floor":43.0,"key":"Venom Potion"}],"is_trial":false,"path_per_floor":["M","?","?","M","?","E","M","E","T","E","?","R","M","M","R_BF","B",null,"M","M","M","?","?","E","M","E","T","?","E","M","?","E","R","B",null,"M","M","?","M","M","E","PTL","PTL","E","R","T","M","E","?","M","$","R","B",null],"character_chosen":"HORNYDRAGON","items_purchased":["Sling","Anchor","Shuriken","GasterBlaster+1"],"campfire_rested":0,"item_purchase_floors":[50,50,50,50],"current_hp_per_floor":[86,86,58,64,64,62,66,60,60,53,53,53,59,65,65,61,87,87,76,77,77,77,77,59,49,49,49,52,56,56,42,42,38,82,76,78,78,68,74,74,74,74,57,57,57,55,66,66,64,64,82,58],"gold":2067,"neow_bonus":"NOSTALGIA","is_daily":false,"chose_seed":false,"campfire_upgraded":4,"win_rate":0.0,"timestamp":1612273069,"path_taken":["M","?","?","M","?","E","M","E","T","E","?","R","M","?","R_BF","BOSS","M","M","M","?","?","E","?","E","T","?","E","M","?","E","R","BOSS","M","?","?","M","M","E","PTL","PTL","E","R","T","M","E","?","?","?","R","BOSS"],"items_purchased_type":["Relic","Relic","Relic","Card"],"build_version":"2020-12-22","purchased_purges":1,"victory":true,"max_hp_per_floor":[87,87,87,87,87,87,87,87,87,87,87,87,87,87,87,87,87,87,87,87,87,87,87,87,87,87,87,87,87,87,87,87,87,82,82,82,82,82,82,82,82,82,82,82,82,82,82,82,82,82,82,82],"card_choices":[{"not_picked":["BlackJackAttack","Circle"],"picked":"ChickenAttack","floor":1.0},{"not_picked":["Trumpet","Platelet"],"picked":"BirdAttack","floor":4.0},{"not_picked":["AlcoholBarrier","Platelet"],"picked":"Ahahah","floor":6.0},{"not_picked":["Fury","Fly"],"picked":"BlackJackAttack","floor":7.0},{"not_picked":["DrunkardWalk","BunnyJump"],"picked":"GetAlcoholism","floor":8.0},{"not_picked":["DrunkardWalk","AlcoholFlame"],"picked":"KingRound","floor":10.0},{"not_picked":["Pigeon","BunnyJump"],"picked":"Margarita","floor":13.0},{"not_picked":["CardReborn","Guppy"],"picked":"Metabolism","floor":14.0},{"not_picked":["GetAlcoholSmell","Scp500"],"picked":"GasterBlaster","floor":16.0},{"not_picked":["HeadDefend","DrunkForget","Ahahah"],"picked":"SKIP","floor":18.0},{"not_picked":["BottleAttack+1","Blue"],"picked":"ShrimpCocktail","floor":19.0},{"not_picked":["DrumStick","DrunkenFist"],"picked":"GetAll+1","floor":20.0},{"not_picked":["KingRound","BunnyJump"],"picked":"Distracted","floor":23.0},{"not_picked":["Platelet","KingRound"],"picked":"BloodyMary","floor":24.0},{"not_picked":["AlcoholBarrier","HeadDefend"],"picked":"Ie6","floor":25.0},{"not_picked":["Ocd","SexyLeg+1"],"picked":"CrazyDrinking+1","floor":28.0},{"not_picked":["Alcoholic+1","ShrimpCocktail","HeadDefend"],"picked":"SKIP","floor":29.0},{"not_picked":["AlcoholAttack+1","BunnyJump"],"picked":"Bike+1","floor":31.0},{"not_picked":["GetAlcoholism","Brimstone+1"],"picked":"Oolong+1","floor":33.0},{"not_picked":["AlcoholAttack+1","GetAll","BottleAttack+1"],"picked":"SKIP","floor":35.0},{"not_picked":["Circle","DrunkenFist+1"],"picked":"DoNotDrink+1","floor":36.0},{"not_picked":["Alcoholic+1","PointCard0"],"picked":"Beer","floor":38.0},{"not_picked":["Wtf+1","GetAll"],"picked":"GetStonks","floor":39.0},{"not_picked":["SexyLeg+1","PayToPlay+1"],"picked":"Heart6+1","floor":40.0},{"not_picked":["Fly","Circle+1"],"picked":"GetAlcoholSmell","floor":43.0},{"not_picked":["HeadDefend+1","AlcoholAttack+1","Trumpet+1"],"picked":"SKIP","floor":46.0},{"not_picked":["Fury+1","BunnyJump"],"picked":"Beer+1","floor":47.0},{"not_picked":["Fury+1","DrumStick+1","HeadDefend"],"picked":"SKIP","floor":49.0}],"player_experience":86251,"relics_obtained":[{"floor":6.0,"key":"PreservedInsect"},{"floor":8.0,"key":"Simple Rune"},{"floor":9.0,"key":"HornCleat"},{"floor":10.0,"key":"Meat on the Bone"},{"floor":23.0,"key":"HollowMod:StagPassRelic"},{"floor":25.0,"key":"Vajra"},{"floor":26.0,"key":"Potion Belt"},{"floor":28.0,"key":"Molten Egg 2"},{"floor":31.0,"key":"Replay:Wax Seal"},{"floor":40.0,"key":"Unceasing Top"},{"floor":43.0,"key":"conspire:DecoderRing"},{"floor":45.0,"key":"Eternal Feather"},{"floor":45.0,"key":"ReplayTheSpireMod:Ninjato"},{"floor":47.0,"key":"Replay:Bandana"}],"event_choices":[],"is_beta":false,"boss_relics":[{"not_picked":["Velvet Choker","Snecko Eye"],"picked":"ChewingGum"},{"not_picked":["Honey Jar","SacredBark"],"picked":"energizedSpire:HugeHouse"}],"items_purged_floors":[50],"is_endless":false,"potions_floor_spawned":[1,6,8,14,16,20,23,24,25,31,39,43],"ascension_level":1}}