{"host":"7nm1ow5v9mg4ehcw","time":1612302065,"event":{"mods":["BaseMod","Minty Spire (QoL Compilation)","Relic Stats","StSLib"],"gold_per_floor":[117,117,42,42,57,91,2,2,53,98,137,149,174,200,212,317,329,366,414,449,52,52,90,116,116,197,217,231,231,281,300,300,396,396,420,31,31,51,51,85,85,105,153,153,153,167,185,199,199,199,199],"floor_reached":52,"language":"ENG","playtime":2713,"items_purged":["Injury"],"score":1770,"play_id":"8596e220-7664-4d22-90a4-5d02f99a7aa1","local_time":"20210202224105","is_ascension_mode":true,"campfire_choices":[{"floor":8.0,"key":"REST"},{"data":"Wild Strike","floor":12.0,"key":"SMITH"},{"floor":15.0,"key":"REST"},{"floor":25.0,"key":"REST"},{"floor":29.0,"key":"REST"},{"data":"Berserk","floor":32.0,"key":"SMITH"},{"floor":41.0,"key":"REST"},{"floor":44.0,"key":"REST"},{"floor":49.0,"key":"REST"}],"circlet_count":0,"master_deck":["AscendersBane","Bash","Wild Strike+1","Power Through","Metallicize","Evolve","Fire Breathing","Armaments","Bludgeon","Armaments","Fire Breathing","Brutality","Exhume","Dropkick","Berserk+1","Combust","Infernal Blade","Battle Trance+1","Shrug It Off","Havoc+1","Feel No Pain","Wild Strike+1","Fiend Fire","Reaper","Rupture","Shrug It Off+1","Bloodletting","Armaments+1","Power Through+1","True Grit","Sever Soul"],"relics":["Burning Blood","Golden Idol","Self Forming Clay","MawBank","Bag of Marbles","Vajra","Pandora\u0027s Box","Red Mask","Bag of Preparation","Nunchaku","Tiny Chest","Strawberry","Ornamental Fan","Fusion Hammer","Membership Card","PreservedInsect","Mercury Hourglass","Art of War","Dream Catcher","War Paint"],"acts_visited":["Exordium","TheCity","TheBeyond"],"potions_floor_usage":[],"damage_taken":[{"damage":7.0,"enemies":"Cultist","floor":1.0,"turns":4.0},{"damage":2.0,"enemies":"2 Louse","floor":5.0,"turns":2.0},{"damage":65.0,"enemies":"Lagavulin","floor":6.0,"turns":11.0},{"damage":16.0,"enemies":"3 Sentries","floor":10.0,"turns":9.0},{"damage":2.0,"enemies":"Jaw Worm","floor":13.0,"turns":3.0},{"damage":19.0,"enemies":"Lots of Slimes","floor":14.0,"turns":4.0},{"damage":19.0,"enemies":"Slime Boss","floor":16.0,"turns":8.0},{"damage":22.0,"enemies":"Chosen","floor":18.0,"turns":4.0},{"damage":23.0,"enemies":"Masked Bandits","floor":19.0,"turns":4.0},{"damage":21.0,"enemies":"Spheric Guardian","floor":20.0,"turns":5.0},{"damage":30.0,"enemies":"Gremlin Leader","floor":23.0,"turns":5.0},{"damage":20.0,"enemies":"Snecko","floor":27.0,"turns":4.0},{"damage":13.0,"enemies":"3 Cultists","floor":28.0,"turns":5.0},{"damage":10.0,"enemies":"Centurion and Healer","floor":31.0,"turns":5.0},{"damage":36.0,"enemies":"Automaton","floor":33.0,"turns":7.0},{"damage":29.0,"enemies":"3 Darklings","floor":35.0,"turns":6.0},{"damage":0.0,"enemies":"Orb Walker","floor":38.0,"turns":2.0},{"damage":34.0,"enemies":"Nemesis","floor":40.0,"turns":5.0},{"damage":38.0,"enemies":"Spire Growth","floor":42.0,"turns":5.0},{"damage":16.0,"enemies":"Maw","floor":46.0,"turns":7.0},{"damage":12.0,"enemies":"Transient","floor":47.0,"turns":6.0},{"damage":10.0,"enemies":"4 Shapes","floor":48.0,"turns":4.0},{"damage":42.0,"enemies":"Time Eater","floor":50.0,"turns":6.0},{"damage":26,"enemies":"Donu and Deca","floor":51,"turns":7}],"seed_played":"-7113148465317207961","potions_obtained":[{"floor":5.0,"key":"Energy Potion"},{"floor":6.0,"key":"Explosive Potion"},{"floor":13.0,"key":"AttackPotion"},{"floor":14.0,"key":"AttackPotion"},{"floor":19.0,"key":"Swift Potion"},{"floor":27.0,"key":"Dexterity Potion"},{"floor":33.0,"key":"Fire Potion"},{"floor":40.0,"key":"Block Potion"}],"is_trial":false,"path_per_floor":["M","?","$","?","M","E","$","R","T","E","T","R","M","M","R","B",null,"M","?","M","$","?","E","T","R","T","M","M","R","?","M","R","B",null,"M","$","?","M","T","E","R","M","T","R","?","M","M","M","R","B","B",null],"character_chosen":"IRONCLAD","items_purchased":["Metallicize","Feel No Pain","Bag of Preparation","Nunchaku","Membership Card","PreservedInsect","Mercury Hourglass"],"campfire_rested":7,"item_purchase_floors":[7,21,21,21,36,36,36],"current_hp_per_floor":[74,74,74,74,78,19,19,43,43,33,33,33,37,24,48,35,70,54,37,22,22,38,14,21,47,47,33,26,52,52,48,48,18,71,57,57,57,63,63,46,72,47,47,73,73,73,89,85,89,53,33],"gold":199,"neow_bonus":"TEN_PERCENT_HP_BONUS","is_daily":false,"chose_seed":false,"campfire_upgraded":2,"win_rate":0.0,"timestamp":1612302065,"path_taken":["M","?","$","?","M","E","$","R","T","E","?","R","M","?","R","BOSS","M","?","M","$","?","E","?","R","T","M","M","R","?","M","R","BOSS","M","$","?","M","?","E","R","M","T","R","?","?","M","?","R","BOSS","BOSS"],"items_purchased_type":["Card","Card","Relic","Relic","Relic","Relic","Relic"],"build_version":"2020-12-22","purchased_purges":1,"victory":true,"max_hp_per_floor":[82,82,82,82,82,82,82,82,82,82,82,82,82,82,82,82,82,82,82,82,82,82,82,89,89,89,89,89,89,89,89,89,89,89,89,89,89,89,89,89,89,89,89,89,89,89,89,89,89,89,89],"relic_stats":{"counters":[24,128],"Golden Idol":165,"Self Forming Clay":[285],"PreservedInsect":50,"Bag of Preparation":[28],"War Paint":["Battle Trance","Havoc"],"MawBank":144,"Burning Blood":143,"Mercury Hourglass":[139],"Nunchaku":[9],"Dream Catcher":3,"Ornamental Fan":[32],"Pandora\u0027s Box":["Armaments","Fire Breathing","Brutality","Exhume","Dropkick","Berserk","Combust","Infernal Blade","Battle Trance"],"Tiny Chest":1,"Art of War":[9],"obtain_stats":[{"Golden Idol":2,"Self Forming Clay":6,"Vajra":11,"PreservedInsect":36,"Bag of Preparation":21,"War Paint":43,"MawBank":9,"Burning Blood":0,"Mercury Hourglass":36,"Nunchaku":21,"Dream Catcher":40,"Ornamental Fan":26,"Strawberry":24,"Pandora\u0027s Box":17,"Tiny Chest":23,"Fusion Hammer":34,"Bag of Marbles":10,"Red Mask":19,"Art of War":39,"Membership Card":36},{"Golden Idol":1,"Self Forming Clay":3,"Vajra":4,"PreservedInsect":16,"Bag of Preparation":10,"War Paint":19,"MawBank":3,"Burning Blood":0,"Mercury Hourglass":16,"Nunchaku":10,"Dream Catcher":18,"Ornamental Fan":11,"Strawberry":11,"Pandora\u0027s Box":7,"Tiny Chest":11,"Fusion Hammer":15,"Bag of Marbles":4,"Red Mask":9,"Art of War":17,"Membership Card":16},{"Golden Idol":4,"Self Forming Clay":17,"Vajra":26,"PreservedInsect":86,"Bag of Preparation":54,"War Paint":98,"MawBank":17,"Burning Blood":0,"Mercury Hourglass":86,"Nunchaku":54,"Dream Catcher":93,"Ornamental Fan":59,"Strawberry":59,"Pandora\u0027s Box":41,"Tiny Chest":59,"Fusion Hammer":80,"Bag of Marbles":26,"Red Mask":49,"Art of War":88,"Membership Card":86}]},"card_choices":[{"not_picked":["Twin Strike","Pummel"],"picked":"Wild Strike","floor":1.0},{"not_picked":["Ghostly Armor","Perfected Strike"],"picked":"Power Through","floor":5.0},{"not_picked":["Headbutt","Iron Wave"],"picked":"Carnage","floor":6.0},{"not_picked":["Perfected Strike","Ghostly Armor"],"picked":"Evolve","floor":10.0},{"not_picked":["Whirlwind","Ghostly Armor"],"picked":"Fire Breathing","floor":13.0},{"not_picked":["Dark Embrace","Disarm"],"picked":"Armaments","floor":14.0},{"not_picked":["Limit Break","Double Tap"],"picked":"Bludgeon","floor":16.0},{"not_picked":["Cleave","Flex+1","Heavy Blade"],"picked":"SKIP","floor":18.0},{"not_picked":["Pommel Strike","Dropkick"],"picked":"Shrug It Off","floor":19.0},{"not_picked":["Flex","Headbutt"],"picked":"Havoc","floor":20.0},{"not_picked":["Thunderclap","Spot Weakness","Cleave"],"picked":"SKIP","floor":23.0},{"not_picked":["True Grit+1","Warcry"],"picked":"Wild Strike+1","floor":27.0},{"not_picked":["Carnage+1","Anger","Warcry"],"picked":"SKIP","floor":28.0},{"not_picked":["Perfected Strike","Anger"],"picked":"Fiend Fire","floor":31.0},{"not_picked":["Barricade","Double Tap"],"picked":"Reaper","floor":33.0},{"not_picked":["Wild Strike+1","Anger"],"picked":"Rupture","floor":35.0},{"not_picked":["Iron Wave","Reckless Charge+1"],"picked":"Shrug It Off+1","floor":38.0},{"not_picked":["Clash","Blood for Blood"],"picked":"Bloodletting","floor":40.0},{"not_picked":["Hemokinesis","Blood for Blood"],"picked":"Armaments+1","floor":41.0},{"not_picked":["Rage","Havoc","Intimidate+1"],"picked":"SKIP","floor":42.0},{"not_picked":["Pommel Strike","Dual Wield"],"picked":"Power Through+1","floor":44.0},{"not_picked":["Thunderclap","Anger+1","Seeing Red+1"],"picked":"SKIP","floor":46.0},{"not_picked":["Thunderclap+1","Rampage","Twin Strike"],"picked":"SKIP","floor":47.0},{"not_picked":["Shrug It Off","Entrench"],"picked":"True Grit","floor":48.0},{"not_picked":["Body Slam+1","Thunderclap"],"picked":"Sever Soul","floor":49.0}],"player_experience":378222,"relics_obtained":[{"floor":6.0,"key":"Self Forming Clay"},{"floor":9.0,"key":"MawBank"},{"floor":10.0,"key":"Bag of Marbles"},{"floor":11.0,"key":"Vajra"},{"floor":19.0,"key":"Red Mask"},{"floor":23.0,"key":"Tiny Chest"},{"floor":24.0,"key":"Strawberry"},{"floor":26.0,"key":"Ornamental Fan"},{"floor":39.0,"key":"Art of War"},{"floor":40.0,"key":"Dream Catcher"},{"floor":43.0,"key":"War Paint"}],"event_choices":[{"damage_healed":0.0,"max_hp_gain":0.0,"max_hp_loss":0.0,"gold_gain":0.0,"event_name":"Golden Idol","player_choice":"Take Wound","floor":2.0,"gold_loss":0.0,"damage_taken":0.0,"relics_obtained":["Golden Idol"],"cards_obtained":["Injury"]},{"damage_healed":0.0,"max_hp_gain":0.0,"max_hp_loss":0.0,"gold_gain":0.0,"event_name":"Liars Game","player_choice":"Ignored","floor":4.0,"gold_loss":0.0,"damage_taken":0.0},{"damage_healed":0.0,"max_hp_gain":0.0,"max_hp_loss":0.0,"gold_gain":0.0,"event_name":"Masked Bandits","player_choice":"Fought Bandits","floor":19.0,"gold_loss":0.0,"damage_taken":0.0},{"damage_healed":16.0,"max_hp_gain":0.0,"max_hp_loss":0.0,"gold_gain":0.0,"event_name":"The Library","player_choice":"Heal","floor":22.0,"gold_loss":0.0,"damage_taken":0.0},{"damage_healed":0.0,"max_hp_gain":0.0,"max_hp_loss":0.0,"gold_gain":50.0,"event_name":"Nest","player_choice":"Stole From Cult","floor":30.0,"gold_loss":0.0,"damage_taken":0.0},{"cards_removed":["Carnage"],"damage_healed":0.0,"max_hp_gain":0.0,"max_hp_loss":0.0,"gold_gain":0.0,"event_name":"Falling","player_choice":"Removed Attack","floor":37.0,"gold_loss":0.0,"damage_taken":0.0},{"damage_healed":0.0,"max_hp_gain":0.0,"max_hp_loss":0.0,"gold_gain":0.0,"event_name":"SecretPortal","player_choice":"Ignored","floor":45.0,"gold_loss":0.0,"damage_taken":0.0}],"is_beta":false,"boss_relics":[{"not_picked":["Runic Dome","Tiny House"],"picked":"Pandora\u0027s Box"},{"not_picked":["SacredBark","Calling Bell"],"picked":"Fusion Hammer"}],"items_purged_floors":[3],"is_endless":false,"potions_floor_spawned":[5,6,13,14,19,27,28,33,35,40],"ascension_level":20}}