{"host":"pgm1p3lvdjflie30","time":1612235822,"event":{"mods":["ATMod(阿瑾Mod)","AchievementEnabler","Aspiration","BaseMod","Colored Map","Colored Powertips","Conspire","Dark Map","Dota2Spire","Energized Spire","Highlight Path","Mari Mod (Legacy)","Mari\u0027s V1 Patch","Minty Spire (QoL Compilation)","MostiFishMod","Quarter Circle Forward PUNCH!","Quick Restart","Replay The Spire","Spicy Shops","StSLib","TestMod","The Cursed","The Hierophant","The IronCluck","The Jungle","The Saiyan","【?物卡牌】REMEMod","篝火指南"],"gold_per_floor":[97,117,152,227,402,402,433,448,448,462,55,67,67,67,67,168,168,181,181,195,195,213,243,243,255,255,264,276,300,240,107,107,323,323,461,150,150,183,265,265,140,140,215,271,311,311,311,311,161,209,209,34,34,110,134],"floor_reached":56,"language":"ZHS","playtime":3421,"items_purged":["conspire:NecroticWound","Amnesia","Pain","Pain","Delirium"],"score":1540,"play_id":"8574b661-b7dd-41b1-916e-d46f8926a434","local_time":"20210202111702","is_ascension_mode":false,"campfire_choices":[{"floor":6,"key":"RECALL"},{"data":"Saiyan:KaioKen","floor":13,"key":"SMITH"},{"data":"Doubt","floor":15,"key":"PURGE"},{"data":"Saiyan:TheBomb","floor":24,"key":"SMITH"},{"data":"Saiyan:SaiyanHubris","floor":32,"key":"SMITH"},{"data":"Saiyan:SenzuBean","floor":40,"key":"SMITH"},{"data":"Saiyan:MindBoom","floor":42,"key":"SMITH"}],"circlet_count":0,"master_deck":["Saiyan:SAIYA_Strike","Saiyan:SAIYA_Strike","Saiyan:SAIYA_Strike","Saiyan:SAIYA_Strike","Saiyan:SAIYA_Defend","Saiyan:SAIYA_Defend","Saiyan:SAIYA_Defend","Saiyan:EnergyBlast","Saiyan:KaioKen+1","Saiyan:RuthlessBlow","MostiFishMod:Pointsdynamics","AT_FamilyPortrait","Saiyan:SaiyanHubris","Saiyan:RemoveWeights","Saiyan:ThirstForFight","Saiyan:UltraInstinct+1","Saiyan:FingerParry","Saiyan:DoubleMasenko","Saiyan:SaiyanHubris","Saiyan:TheBomb+1","Saiyan:CCCapsule","Saiyan:ExpandingShockwave","Saiyan:TurtleShell","Saiyan:Fly","Saiyan:SaiyanHubris+1","Saiyan:DragonRadar","Saiyan:Makankosappo","Saiyan:ConcussiveBlow+1","Saiyan:MindBoom+1","Saiyan:BigBangAttack+1","Saiyan:KaioKen","Saiyan:SenzuBean+1","Saiyan:DragonFist+1","Saiyan:DrainingStrike","Saiyan:SolarFlare","Delirium","Saiyan:Medicine+1","Saiyan:MeteorDash"],"relics":["SaiyanSoul","SaiyanHeart","AT_ATBox","REME_ComplimentaryCards","DaveBox","testmod-TestBox","PatriotShield","testmod-LifeArmor","NeowsBlessing","SynthV:TestCard","aspiration:FrozenJewel","Mummified Hand","testmod-Charity","aspiration:Nostalgia","PureWater","energizedSpire:CursedPentagram","aspiration:RitualStick","AT_BladeRuinedKing","CaptainsWheel","Iron Hammer","AT_MibuBalloonWealth","ExusiaiGun","qcfpunch:Combat_Fatigues","Oddly Smooth Stone","Blood Vial","Sundial","Bird Faced Urn","ReplayTheSpireMod:Ring of Challenge","ReplayTheSpireMod:Ring of Sloth","Dota2Spire:UrnOfShadows"],"acts_visited":["Exordium","TheCity","TheBeyond","TheEnding"],"potions_floor_usage":[16,23,29,33,33,35,44,50,55],"damage_taken":[{"damage":0,"enemies":"Small Slimes","floor":1,"turns":1},{"damage":0,"enemies":"conspire:RoseBush","floor":2,"turns":1},{"damage":0,"enemies":"conspire:MimicChest","floor":3,"turns":1},{"damage":0,"enemies":"Lagavulin","floor":7,"turns":3},{"damage":0,"enemies":"Cultist","floor":8,"turns":2},{"damage":0,"enemies":"Gremlin Gang","floor":10,"turns":3},{"damage":0,"enemies":"Looter","floor":12,"turns":1},{"damage":0,"enemies":"Slime Boss","floor":16,"turns":5},{"damage":0,"enemies":"Spheric Guardian","floor":18,"turns":1},{"damage":3,"enemies":"Shell Parasite","floor":20,"turns":3},{"damage":0,"enemies":"Chosen and Byrds","floor":22,"turns":3},{"damage":0,"enemies":"conspire:Head Lice","floor":23,"turns":2},{"damage":3,"enemies":"Snecko","floor":25,"turns":4},{"damage":7,"enemies":"Snake Plant","floor":27,"turns":3},{"damage":0,"enemies":"Shelled Parasite and Fungi","floor":28,"turns":1},{"damage":0,"enemies":"REME_1_Revenger","floor":29,"turns":2},{"damage":3,"enemies":"Pondfish","floor":33,"turns":8},{"damage":5,"enemies":"3 Darklings","floor":35,"turns":3},{"damage":2,"enemies":"Orb Walker","floor":38,"turns":3},{"damage":4,"enemies":"Sphere and 2 Shapes","floor":39,"turns":2},{"damage":0,"enemies":"Giant Head","floor":44,"turns":1},{"damage":0,"enemies":"Maw","floor":45,"turns":2},{"damage":28,"enemies":"Donu and Deca","floor":50,"turns":6},{"damage":0,"enemies":"Shield and Spear","floor":54,"turns":2},{"damage":55,"enemies":"The Heart","floor":55,"turns":6}],"seed_played":"2195168688091989680","potions_obtained":[{"floor":2,"key":"Swift Potion"},{"floor":10,"key":"testmod-TestPotion"},{"floor":12,"key":"Toxic Potion"},{"floor":16,"key":"Swift Potion"},{"floor":21,"key":"FairyPotion"},{"floor":21,"key":"testmod-TestPotion"},{"floor":27,"key":"PowerPotion"},{"floor":28,"key":"Swift Potion"},{"floor":29,"key":"SpeedPotion"},{"floor":33,"key":"Toxic Potion"},{"floor":35,"key":"LiquidMemories"},{"floor":44,"key":"Death Potion"},{"floor":54,"key":"Explosive Potion"}],"is_trial":false,"path_per_floor":["M","M","?","?","?","R","E","M","T","M","$","M","R","?","R_BF","B",null,"M","?","M","?","M","E","R","M","T","M","M","E","?","$","R","B",null,"M","$","?","M","M","R","$","R","T","E","M","?","?","?","R_BF","B",null,"R","$","E","B",null],"character_chosen":"SAIYAJIN","items_purchased":["testmod-Charity","aspiration:Nostalgia","FairyPotion","AT_MibuBalloonWealth","qcfpunch:Combat_Fatigues","Oddly Smooth Stone"],"campfire_rested":0,"item_purchase_floors":[11,11,11,31,36,36],"current_hp_per_floor":[60,61,61,50,50,50,50,51,51,53,53,54,54,54,54,56,67,68,54,53,53,56,57,57,56,56,52,54,56,56,56,56,61,91,93,93,93,94,96,96,96,96,97,102,108,108,108,108,108,94,117,117,117,121,72],"gold":134,"neow_bonus":"THREE_ENEMY_KILL","is_daily":false,"chose_seed":false,"campfire_upgraded":5,"win_rate":0.0,"timestamp":1612235822,"path_taken":["M","M","?","?","?","R","E","M","T","M","$","M","R","?","R_BF","BOSS","M","?","M","?","?","E","R","M","T","?","M","E","?","$","R","BOSS","M","$","?","?","M","R","$","R","T","E","M","?","?","?","R_BF","BOSS","R","$","E","BOSS"],"items_purchased_type":["Relic","Relic","Potion","Relic","Relic","Relic"],"build_version":"2020-12-22","purchased_purges":5,"victory":true,"max_hp_per_floor":[60,61,61,61,61,61,61,62,62,64,64,65,65,65,65,67,67,68,68,70,70,73,74,74,76,76,79,81,83,83,83,83,91,91,98,98,98,101,105,105,105,105,106,109,113,113,113,113,113,117,117,117,117,121,125],"card_choices":[{"not_picked":["Saiyan:Pacing","Saiyan:KameHameHa"],"picked":"Saiyan:SaiyanHubris","floor":1},{"not_picked":["Saiyan:WarmUp","Saiyan:KiExplosion","Saiyan:KameHameHa","Saiyan:Planning"],"picked":"Saiyan:RemoveWeights","floor":2},{"not_picked":["Saiyan:Planning","Saiyan:KiExplosion","Saiyan:Endure","Saiyan:MeteorDash"],"picked":"Saiyan:ThirstForFight","floor":3},{"not_picked":["Saiyan:BackAttack","Saiyan:Momentum","Saiyan:ExpandingShockwave","Saiyan:Kienzan"],"picked":"Saiyan:UltraInstinct","floor":7},{"not_picked":["Saiyan:PowerUp","Saiyan:PlotArmor","Saiyan:BackAttack","Saiyan:KameHameHa"],"picked":"Saiyan:FingerParry","floor":8},{"not_picked":["Saiyan:Scouter","Saiyan:PlotArmor","Saiyan:Endure","Saiyan:Kienzan"],"picked":"Saiyan:DoubleMasenko","floor":10},{"not_picked":["Saiyan:RemoveWeights","Saiyan:CCCapsule","Saiyan:Fly","Saiyan:Quickening"],"picked":"Saiyan:SaiyanHubris","floor":12},{"not_picked":["Saiyan:SenzuBean","Saiyan:SolarFlare","Saiyan:MonkeyTail","Saiyan:GhostAttack"],"picked":"Saiyan:TheBomb","floor":16},{"not_picked":["Saiyan:PowerStance","Saiyan:PlotArmor","Saiyan:KiExplosion+1","Saiyan:FingerParry"],"picked":"Saiyan:CCCapsule","floor":18},{"not_picked":["Saiyan:Overexert","Saiyan:DragonFist","Saiyan:SoulSpice","Saiyan:Planning"],"picked":"Saiyan:ExpandingShockwave","floor":20},{"not_picked":["Saiyan:PlotArmor","Saiyan:Fly","Saiyan:BackAttack","Saiyan:ExpandingShockwave+1"],"picked":"Saiyan:TurtleShell","floor":22},{"not_picked":["Saiyan:Momentum","Saiyan:ExtremeSpeed","Saiyan:SoulSpice+1","Saiyan:LastResort"],"picked":"Saiyan:Fly","floor":23},{"not_picked":["Saiyan:KiExplosion","Saiyan:Quickening","Saiyan:Pacing","Saiyan:Scouter"],"picked":"Saiyan:SaiyanHubris","floor":25},{"not_picked":["Saiyan:FingerParry","Saiyan:Kienzan","Saiyan:AugmentedBlast","Saiyan:PlotArmor"],"picked":"Saiyan:DragonRadar","floor":27},{"not_picked":["Saiyan:DragonRadar","Saiyan:TurtleShell","Saiyan:Expend","Saiyan:PowerUp"],"picked":"Saiyan:Makankosappo","floor":28},{"not_picked":["Saiyan:KameHameHa","Saiyan:DragonRadar","Saiyan:Scouter+1","Saiyan:KiExplosion"],"picked":"Saiyan:ConcussiveBlow+1","floor":29},{"not_picked":["Saiyan:SenzuBean","Saiyan:MajinSeal","Saiyan:HyperTimeChamber","Saiyan:Momentum"],"picked":"Saiyan:MindBoom","floor":33},{"not_picked":["Saiyan:Makankosappo+1","Saiyan:ExtremeSpeed","Saiyan:RemoveWeights","Saiyan:Scouter"],"picked":"Saiyan:BigBangAttack+1","floor":35},{"not_picked":["Saiyan:BigBangAttack","Saiyan:KameHameHa","Saiyan:PlotArmor","Saiyan:PowerStance+1"],"picked":"Saiyan:DragonFist+1","floor":38},{"not_picked":["Saiyan:KiExplosion","Saiyan:Makankosappo+1","Saiyan:Flurry+1","Saiyan:Quickening"],"picked":"Saiyan:DrainingStrike","floor":39},{"not_picked":["Saiyan:SuperSaiyanForm+1","Saiyan:SaiyanHubris+1","Saiyan:MindBoom","Saiyan:KiExplosion+1"],"picked":"Saiyan:SolarFlare","floor":44},{"not_picked":["Saiyan:Fly+1","Saiyan:Furor+1","Saiyan:TurtleShell+1","Saiyan:Flurry+1"],"picked":"Saiyan:Medicine+1","floor":45},{"not_picked":["Saiyan:Honing+1","Saiyan:SuperSaiyanForm","Saiyan:Scouter","Saiyan:Twize"],"picked":"Saiyan:MeteorDash","floor":54}],"player_experience":241982,"relics_obtained":[{"floor":1,"key":"SynthV:TestCard"},{"floor":3,"key":"aspiration:FrozenJewel"},{"floor":7,"key":"Mummified Hand"},{"floor":23,"key":"AT_BladeRuinedKing"},{"floor":26,"key":"CaptainsWheel"},{"floor":29,"key":"Iron Hammer"},{"floor":38,"key":"Blood Vial"},{"floor":43,"key":"Sundial"},{"floor":44,"key":"Bird Faced Urn"},{"floor":48,"key":"ReplayTheSpireMod:Ring of Challenge"},{"floor":48,"key":"ReplayTheSpireMod:Ring of Sloth"},{"floor":54,"key":"Dota2Spire:UrnOfShadows"}],"event_choices":[{"damage_healed":0,"gold_gain":75,"player_choice":"Gather Gold","damage_taken":11,"max_hp_gain":0,"max_hp_loss":0,"event_name":"World of Goop","floor":4,"gold_loss":0},{"damage_healed":0,"gold_gain":175,"player_choice":"AGREE","damage_taken":0,"max_hp_gain":0,"max_hp_loss":0,"event_name":"Liars Game","floor":5,"gold_loss":0,"cards_obtained":["Doubt"]},{"damage_healed":0,"gold_gain":0,"player_choice":"Grow","damage_taken":0,"max_hp_gain":0,"max_hp_loss":0,"event_name":"Living Wall","floor":14,"gold_loss":0,"cards_upgraded":["Saiyan:UltraInstinct"]},{"damage_healed":0,"gold_gain":0,"player_choice":"Got Potions","damage_taken":0,"max_hp_gain":0,"max_hp_loss":0,"event_name":"Lab","floor":21,"gold_loss":0},{"damage_healed":0,"gold_gain":0,"player_choice":"2 cards matched","damage_taken":0,"max_hp_gain":0,"max_hp_loss":0,"event_name":"Match and Keep!","floor":37,"gold_loss":0,"cards_obtained":["Saiyan:KaioKen","Saiyan:SenzuBean"]},{"cards_removed":["Saiyan:SAIYA_Defend"],"damage_healed":0,"gold_gain":0,"player_choice":"Removed Skill","damage_taken":0,"max_hp_gain":0,"max_hp_loss":0,"event_name":"Falling","floor":46,"gold_loss":0},{"damage_healed":0,"gold_gain":0,"player_choice":"Ignored","damage_taken":0,"max_hp_gain":0,"max_hp_loss":0,"event_name":"Tomb of Lord Red Mask","floor":47,"gold_loss":0}],"is_beta":false,"boss_relics":[{"not_picked":["BloodWine","TimeKeys"],"picked":"energizedSpire:CursedPentagram"},{"not_picked":["energizedSpire:DeadBattery","testmod-Fanaticism"],"picked":"ExusiaiGun"}],"items_purged_floors":[31,36,41,49,52],"is_endless":false,"potions_floor_spawned":[2,10,12,16,27,28,29,33,35,44,54],"ascension_level":0}}