{"host":"3a1ypf1irl30q4k8","time":1612263862,"event":{"mods":["AchievementEnabler","BaseMod","Bestiary","Colored Map","Minty Spire (QoL Compilation)","Relic Stats"],"gold_per_floor":[112,122,138,138,154,154,165,165,192,224,224,224,242,7,7,106,106,118,138,138,66,66,94,94,107,107,120,120,120],"floor_reached":28,"language":"ENG","playtime":1427,"items_purged":[],"score":313,"play_id":"2ca7975c-ba58-4f5e-8bb1-cc12a6612027","local_time":"20210202110422","is_ascension_mode":true,"campfire_choices":[{"floor":6.0,"key":"RECALL"},{"floor":8.0,"key":"REST"},{"floor":12.0,"key":"REST"},{"floor":15.0,"key":"REST"},{"floor":24,"key":"REST"}],"circlet_count":0,"master_deck":["Defend_B","Defend_B","Defend_B","Defend_B","Zap","Dualcast","Cold Snap","Conserve Battery","Streamline","Capacitor","Compile Driver","Leap","Recycle","Sweeping Beam","Beam Cell","Echo Form","Consume","Hologram+1","Bite","Bite","Bite","Bite","Bite","Creative AI","Coolheaded+1","Self Repair"],"relics":["Fusion Hammer","Akabeko","Strawberry","PreservedInsect","Nuclear Battery","Question Card"],"acts_visited":["Exordium","TheCity"],"potions_floor_usage":[19,19,23,27,28],"damage_taken":[{"damage":1.0,"enemies":"Small Slimes","floor":1.0,"turns":3.0},{"damage":1.0,"enemies":"2 Louse","floor":2.0,"turns":2.0},{"damage":0.0,"enemies":"Cultist","floor":3.0,"turns":3.0},{"damage":8.0,"enemies":"Gremlin Gang","floor":5.0,"turns":5.0},{"damage":14.0,"enemies":"Lots of Slimes","floor":7.0,"turns":5.0},{"damage":21.0,"enemies":"Gremlin Nob","floor":10.0,"turns":5.0},{"damage":11.0,"enemies":"Looter","floor":13.0,"turns":2.0},{"damage":23.0,"enemies":"Slime Boss","floor":16.0,"turns":12.0},{"damage":12.0,"enemies":"Chosen","floor":18.0,"turns":4.0},{"damage":4,"enemies":"3 Byrds","floor":19,"turns":4},{"damage":67,"enemies":"Gremlin Leader","floor":23,"turns":5},{"damage":19,"enemies":"Centurion and Healer","floor":25,"turns":7},{"damage":49,"enemies":"3 Cultists","floor":27,"turns":6},{"damage":15,"enemies":"Shelled Parasite and Fungi","floor":28,"turns":2}],"seed_played":"-128982277200194948","potions_obtained":[{"floor":5.0,"key":"LiquidBronze"},{"floor":7.0,"key":"PowerPotion"},{"floor":13.0,"key":"Fire Potion"},{"floor":16.0,"key":"FearPotion"},{"floor":18,"key":"Swift Potion"},{"floor":25,"key":"ColorlessPotion"},{"floor":27,"key":"Swift Potion"}],"is_trial":false,"path_per_floor":["M","M","M","?","M","R","M","R","T","E","?","R","M","$","R","B",null,"M","M","?","$","?","E","R","M","T","M","M"],"character_chosen":"DEFECT","items_purchased":["Sweeping Beam","Beam Cell","PreservedInsect","Creative AI"],"campfire_rested":4,"item_purchase_floors":[14,14,14,21],"current_hp_per_floor":[74,73,73,61,55,55,43,65,65,53,58,84,75,75,87,64,87,75,73,73,73,73,22,48,41,41,2,0,0],"gold":120,"neow_bonus":"BOSS_RELIC","is_daily":false,"chose_seed":false,"campfire_upgraded":0,"win_rate":0.0,"timestamp":1612263862,"path_taken":["M","M","M","?","M","R","M","R","T","E","?","R","M","$","R","BOSS","M","M","?","$","?","E","R","M","T","M","M"],"items_purchased_type":["Card","Card","Relic","Card"],"build_version":"2020-12-22","purchased_purges":0,"victory":false,"max_hp_per_floor":[75,75,75,75,75,75,75,75,75,82,87,87,87,87,87,87,87,87,87,87,87,87,87,87,87,87,87,87,87],"relic_stats":{"counters":[14,65],"PreservedInsect":49,"Question Card":2,"obtain_stats":[{"Blood Vial":4,"Strawberry":10,"Fusion Hammer":0,"PreservedInsect":14,"Cracked Core":0,"Question Card":23,"Akabeko":9,"Nuclear Battery":17},{"Blood Vial":3,"Strawberry":6,"Fusion Hammer":0,"PreservedInsect":7,"Cracked Core":0,"Question Card":11,"Akabeko":5,"Nuclear Battery":8},{"Blood Vial":8,"Strawberry":23,"Fusion Hammer":0,"PreservedInsect":25,"Cracked Core":0,"Question Card":50,"Akabeko":18,"Nuclear Battery":37}]},"card_choices":[{"not_picked":["Turbo","Leap"],"picked":"Cold Snap","floor":1.0},{"not_picked":["Turbo","Hologram"],"picked":"Conserve Battery","floor":2.0},{"not_picked":["Conserve Battery","Gash"],"picked":"Streamline","floor":3.0},{"not_picked":["Reboot","Gash"],"picked":"Capacitor","floor":5.0},{"not_picked":["Hologram","Force Field"],"picked":"Compile Driver","floor":7.0},{"not_picked":["Redo","Hologram"],"picked":"Leap","floor":10.0},{"not_picked":["Compile Driver","Reprogram"],"picked":"Recycle","floor":13.0},{"not_picked":["Thunder Strike","Fission"],"picked":"Echo Form","floor":16.0},{"not_picked":["Rebound","Skim"],"picked":"Consume","floor":18},{"not_picked":["Cold Snap","Sweeping Beam"],"picked":"Hologram+1","floor":19},{"not_picked":["Hologram","Rip and Tear","Gash"],"picked":"SKIP","floor":23},{"not_picked":["Leap+1","Rip and Tear","Sunder"],"picked":"Coolheaded+1","floor":25},{"not_picked":["Cold Snap","Barrage+1","Heatsinks"],"picked":"Self Repair","floor":27}],"player_experience":1287314,"relics_obtained":[{"floor":9.0,"key":"Akabeko"},{"floor":10.0,"key":"Strawberry"},{"floor":23,"key":"Question Card"}],"event_choices":[{"damage_healed":0.0,"max_hp_gain":0.0,"max_hp_loss":0.0,"gold_gain":0.0,"event_name":"Scrap Ooze","player_choice":"Success","floor":4.0,"gold_loss":0.0,"damage_taken":12.0,"relics_obtained":["Blood Vial"]},{"damage_healed":0.0,"max_hp_gain":5.0,"max_hp_loss":0.0,"gold_gain":0.0,"event_name":"Big Fish","player_choice":"Donut","floor":11.0,"gold_loss":0.0,"damage_taken":0.0},{"damage_healed":0,"gold_gain":0,"player_choice":"Became a vampire (Vial)","damage_taken":0,"max_hp_gain":0,"max_hp_loss":0,"event_name":"Vampires","floor":20,"relics_lost":["Blood Vial"],"gold_loss":0,"cards_obtained":["Bite","Bite","Bite","Bite","Bite"]},{"damage_healed":0,"gold_gain":0,"player_choice":"Ignored","damage_taken":0,"max_hp_gain":0,"max_hp_loss":0,"event_name":"Ghosts","floor":22,"gold_loss":0}],"is_beta":false,"boss_relics":[{"not_picked":["Philosopher\u0027s Stone","Calling Bell"],"picked":"Nuclear Battery"}],"items_purged_floors":[],"is_endless":false,"potions_floor_spawned":[5,7,13,16,18,25,27],"killed_by":"Shelled Parasite and Fungi","ascension_level":4}}