{"host":"hw4a6ivmtgcf119c","time":1612308295,"event":{"mods":["Abigail Mod","Ascension Reborn","Aspiration","Astrologer","BaseMod","Better Third Choice","BetterRewards","Colored Map","Conspire","DeckTracker","Energized Spire","Gremlin Mod","Halation","Hermit","Highlight Path","Hubris","Jorbs\u0027s Wanderer Trilogy","Marisa????????","Minty Spire (QoL Compilation)","Rare Cards Sparkle","Reliquary","StSLib","The Alterego","The Animator","The Bladedancer","The Cursed","The Disciple","The Hayseed","The Hierophant","The Marked","The Mystic","The Necromancer","The Poker Player","The Servant 0.9.4","The Spell Scribe","WarShipGirlsR/????R mod"],"gold_per_floor":[115,126,51,64,78,78,78,78,78,92,108,108,121,148,148,246,246,268,280,27,40,59,59,70,112,158,176,0,0,0,0,0],"floor_reached":31,"language":"ENG","playtime":3433,"items_purged":["animator:Defend"],"score":253,"play_id":"b1ccbfc4-c024-4c50-b7a4-25bccaa0f9cb","local_time":"20210202172455","is_ascension_mode":false,"campfire_choices":[{"floor":6,"key":"REST"},{"floor":12,"key":"REST"},{"data":"animator:Hitei","floor":15,"key":"SMITH"},{"data":"animator:HigakiRinne","floor":23,"key":"SMITH"},{"data":"animator:SuzuneAmano","floor":30,"key":"SMITH"}],"circlet_count":0,"master_deck":["animator:Strike_MadokaMagica","animator:Defend_MadokaMagica","animator:Strike","animator:Strike","animator:Strike","animator:Defend","animator:Defend","animator:IrohaTamaki","animator:YuiTsuruno","animator:Hans","animator:Kazuma","animator:Hitei+1","animator:Chung","animator:Darkness","animator:IrohaTamaki","animator:Shuna","animator:DolaCouronne","animator:KyokoSakura","animator:HigakiRinne+1","animator:Archer+1","animator:Laby","animator:Kuroyukihime","animator:IzunaHatsuse","animator:Megumin+2","animator:Aqua+1","animator:FeridBathory","animator:SuzuneAmano+1"],"relics":["animator:LivingPicture","animator:TheMissingPiece","animator:PurgingStone","animator:OldCoffin","hubris:Metronome","halation:Prosthetics","Lee\u0027s Waffle","reliquary:Boomerang","PreservedInsect"],"acts_visited":["Exordium","TheCity"],"potions_floor_usage":[16,31],"damage_taken":[{"damage":11,"enemies":"Cultist","floor":1,"turns":6},{"damage":6,"enemies":"2 Louse","floor":2,"turns":3},{"damage":12,"enemies":"Small Slimes","floor":4,"turns":4},{"damage":17,"enemies":"Red Slaver","floor":5,"turns":6},{"damage":17,"enemies":"Exordium Wildlife","floor":10,"turns":6},{"damage":3,"enemies":"3 Louse","floor":11,"turns":6},{"damage":3,"enemies":"Blue Slaver","floor":13,"turns":6},{"damage":0,"enemies":"Large Slime","floor":14,"turns":9},{"damage":12,"enemies":"The Guardian","floor":16,"turns":9},{"damage":14,"enemies":"Shell Parasite","floor":18,"turns":4},{"damage":5,"enemies":"conspire:FuzzyDice","floor":19,"turns":5},{"damage":3,"enemies":"Cultist and Chosen","floor":21,"turns":5},{"damage":7,"enemies":"Snake Plant","floor":22,"turns":5},{"damage":12,"enemies":"Snecko","floor":24,"turns":5},{"damage":6,"enemies":"conspire:SneckoGhost","floor":25,"turns":7},{"damage":0,"enemies":"Cultist and Chosen","floor":27,"turns":6},{"damage":17,"enemies":"Centurion and Healer","floor":31,"turns":4}],"seed_played":"-7074730912150031612","potions_obtained":[{"floor":1,"key":"Fire Potion"},{"floor":4,"key":"BlessingOfTheForge"},{"floor":14,"key":"PowerPotion"},{"floor":16,"key":"EssenceOfSteel"}],"is_trial":false,"path_per_floor":["M","M","$","M","M","R","T","?","T","M","M","R","M","M","R","B",null,"M","M","$","M","M","R","M","E","T","M","?","?","R","M"],"character_chosen":"THE_ANIMATOR","items_purchased":["Lee\u0027s Waffle","animator:Kuroyukihime"],"campfire_rested":2,"item_purchase_floors":[20,20],"current_hp_per_floor":[55,49,49,37,20,39,39,39,39,22,19,38,35,35,35,23,31,17,12,38,35,28,28,16,13,13,14,14,14,14,0,0],"gold":0,"neow_bonus":"ONE_RANDOM_RARE_CARD","is_daily":false,"chose_seed":false,"campfire_upgraded":3,"win_rate":0.0,"timestamp":1612308295,"path_taken":["M","M","$","M","M","R","?","?","T","M","M","R","?","M","R","BOSS","M","M","$","M","M","R","M","E","T","?","?","?","R","?"],"items_purchased_type":["Relic","Card"],"build_version":"2020-12-22","purchased_purges":1,"victory":false,"max_hp_per_floor":[66,66,66,66,66,66,66,66,66,66,66,66,66,66,66,66,31,31,31,38,38,38,38,38,38,38,39,39,39,39,39,39],"card_choices":[{"not_picked":["animator:DolaStephanie","animator:Hakurou"],"picked":"animator:Kazuma","floor":1},{"not_picked":["animator:Add","animator:Chris"],"picked":"animator:Hitei","floor":2},{"not_picked":["animator:Shigure","animator:Benimaru"],"picked":"animator:Chung","floor":4},{"not_picked":["animator:Kazuma","animator:Aqua"],"picked":"animator:Darkness","floor":5},{"not_picked":["animator:Kaijin","animator:GazelDwargon"],"picked":"animator:IrohaTamaki","floor":10},{"not_picked":["animator:EmiyaShirou","animator:YunYun"],"picked":"animator:Shuna","floor":11},{"not_picked":["animator:Tet","animator:Berserker"],"picked":"animator:DolaCouronne","floor":13},{"not_picked":["animator:OrikoMikuni","animator:SuzuneAmano"],"picked":"animator:KyokoSakura","floor":14},{"not_picked":["animator:Guren","animator:Shizu"],"picked":"animator:HigakiRinne","floor":16},{"not_picked":["animator:EmiyaShirou","animator:Hakurou"],"picked":"animator:Archer+1","floor":18},{"not_picked":["animator:IrohaTamaki","animator:Mitsurugi"],"picked":"animator:Laby","floor":19},{"not_picked":["animator:YunYun","animator:Lancer"],"picked":"animator:IzunaHatsuse","floor":21},{"not_picked":["animator:Aqua","animator:Kazuma"],"picked":"animator:Megumin","floor":22},{"not_picked":["animator:KyokoSakura+1","animator:Lu"],"picked":"animator:Aqua+1","floor":24},{"not_picked":["animator:Rena","animator:Aqua"],"picked":"animator:FeridBathory","floor":25},{"not_picked":["animator:DolaCouronne","animator:ChlammyZell"],"picked":"animator:SuzuneAmano","floor":27}],"player_experience":408270,"relics_obtained":[{"floor":7,"key":"animator:OldCoffin"},{"floor":9,"key":"hubris:Metronome"},{"floor":25,"key":"reliquary:Boomerang"},{"floor":26,"key":"PreservedInsect"}],"event_choices":[{"damage_healed":0,"gold_gain":0,"player_choice":"Bought 0 Potions","damage_taken":0,"max_hp_gain":0,"max_hp_loss":0,"event_name":"The Woman in Blue","floor":8,"gold_loss":0},{"damage_healed":0,"gold_gain":0,"player_choice":"Paid Fearfully","damage_taken":0,"max_hp_gain":0,"max_hp_loss":0,"event_name":"Masked Bandits","floor":28,"gold_loss":176},{"damage_healed":0,"gold_gain":0,"player_choice":"Ignored","damage_taken":0,"max_hp_gain":0,"max_hp_loss":0,"event_name":"N\u0027loth","floor":29,"gold_loss":0}],"is_beta":false,"boss_relics":[{"not_picked":["animator:RacePiece","halation:MonkeysPaw"],"picked":"halation:Prosthetics"}],"items_purged_floors":[3],"is_endless":false,"potions_floor_spawned":[1,4,14,16,18,22,24,25],"killed_by":"Centurion and Healer","ascension_level":0}}