{"host":"h5jb1yx7cmevn5rr","time":1612253514,"event":{"mods":["BaseMod","Minty Spire (QoL Compilation)","StSLib","SuperFastMode"],"gold_per_floor":[113,188,207,207,182,182,233,184,265,297,297,331,358,389,401,517,529,557,569,506,506,522,522,375,389,415,434,434,464,195,47,47,47],"floor_reached":32,"language":"KOR","playtime":666,"items_purged":["Perfected Strike","Strike_R","Strike_R"],"score":291,"play_id":"7dfc97b9-d25e-4a0e-8dab-ab19bdfac681","local_time":"20210202171154","is_ascension_mode":false,"campfire_choices":[{"data":"Bash","floor":6,"key":"SMITH"},{"data":"Flame Barrier","floor":15,"key":"SMITH"}],"circlet_count":0,"master_deck":["Strike_R","Strike_R+1","Strike_R","Defend_R","Defend_R+1","Defend_R","Defend_R","Bash+1","Twin Strike","Thunderclap","Shrug It Off","Flame Barrier+1","Body Slam+1","Body Slam+1","Double Tap","Impervious","CurseOfTheBell","Entrench+1","Seeing Red","Seeing Red","True Grit","Iron Wave","Seeing Red+1","Uppercut","Barricade"],"relics":["Burning Blood","NeowsBlessing","Question Card","StoneCalendar","MawBank","Calling Bell","Bag of Marbles","Letter Opener","Charon\u0027s Ashes","Pen Nib","Toy Ornithopter","Whetstone"],"acts_visited":["Exordium","TheCity"],"potions_floor_usage":[16,16,29,29],"damage_taken":[{"damage":0,"enemies":"Cultist","floor":1,"turns":1},{"damage":0,"enemies":"2 Louse","floor":3,"turns":1},{"damage":0,"enemies":"Lagavulin","floor":10,"turns":1},{"damage":22,"enemies":"Gremlin Nob","floor":12,"turns":4},{"damage":0,"enemies":"Small Slimes","floor":13,"turns":4},{"damage":21,"enemies":"Exordium Thugs","floor":14,"turns":4},{"damage":37,"enemies":"The Guardian","floor":16,"turns":9},{"damage":6,"enemies":"Chosen","floor":18,"turns":5},{"damage":5,"enemies":"2 Thieves","floor":22,"turns":4},{"damage":35,"enemies":"Chosen and Byrds","floor":25,"turns":7},{"damage":41,"enemies":"Snake Plant","floor":27,"turns":7},{"damage":7,"enemies":"Slavers","floor":29,"turns":4},{"damage":15,"enemies":"Centurion and Healer","floor":32,"turns":5}],"seed_played":"-4684613547243857850","potions_obtained":[{"floor":1,"key":"Strength Potion"},{"floor":11,"key":"Block Potion"},{"floor":11,"key":"Block Potion"},{"floor":25,"key":"GamblersBrew"}],"is_trial":false,"path_per_floor":["M","?","M","?","$","R","?","$","T","E","?","E","M","M","R","B",null,"M","?","$","?","M","?","$","M","T","M","M","E","$","$","M"],"character_chosen":"IRONCLAD","items_purchased":["Shrug It Off","Perfected Strike","True Grit","Whetstone","Barricade"],"campfire_rested":0,"item_purchase_floors":[5,8,24,30,31],"current_hp_per_floor":[80,72,78,62,62,62,62,62,62,68,68,52,58,43,43,12,80,80,80,80,80,80,80,80,51,51,16,16,15,15,15,0,0],"gold":47,"neow_bonus":"THREE_ENEMY_KILL","is_daily":false,"chose_seed":false,"campfire_upgraded":2,"win_rate":0.0,"timestamp":1612253514,"path_taken":["M","?","?","?","$","R","?","$","T","E","?","E","?","M","R","BOSS","M","?","$","?","?","?","$","M","T","M","M","E","?","$","M"],"items_purchased_type":["Card","Card","Card","Relic","Card"],"build_version":"2020-12-22","purchased_purges":3,"victory":false,"max_hp_per_floor":[80,80,80,80,80,80,80,80,80,80,80,80,80,80,80,80,80,80,80,80,80,80,80,80,80,80,80,80,80,80,80,80,80],"card_choices":[{"not_picked":["Ghostly Armor","Clothesline"],"picked":"Twin Strike","floor":1},{"not_picked":["Flex","Rage"],"picked":"Thunderclap","floor":3},{"not_picked":["Sever Soul","Disarm","Clash"],"picked":"Flame Barrier","floor":10},{"not_picked":["Metallicize","Sword Boomerang","Berserk"],"picked":"Body Slam","floor":12},{"not_picked":["Iron Wave","Shrug It Off","Sword Boomerang"],"picked":"Body Slam","floor":13},{"not_picked":["Searing Blow","Combust","Thunderclap"],"picked":"Double Tap","floor":14},{"not_picked":["Reaper","Brutality","Demon Form"],"picked":"Impervious","floor":16},{"not_picked":["Bloodletting","Burning Pact+1","Second Wind"],"picked":"Entrench+1","floor":18},{"not_picked":["Clash+1","Thunderclap","Intimidate"],"picked":"Seeing Red","floor":22},{"not_picked":["Thunderclap","Rampage","Twin Strike"],"picked":"Iron Wave","floor":25},{"not_picked":["Perfected Strike","Inflame+1","True Grit"],"picked":"Seeing Red+1","floor":27},{"not_picked":["Hemokinesis+1","Rupture","Armaments"],"picked":"Uppercut","floor":29}],"player_experience":89,"relics_obtained":[{"floor":9,"key":"Question Card"},{"floor":10,"key":"StoneCalendar"},{"floor":12,"key":"MawBank"},{"floor":17,"key":"Bag of Marbles"},{"floor":17,"key":"Letter Opener"},{"floor":17,"key":"Charon\u0027s Ashes"},{"floor":26,"key":"Pen Nib"},{"floor":29,"key":"Toy Ornithopter"}],"event_choices":[{"damage_healed":0,"gold_gain":75,"player_choice":"Touch","damage_taken":8,"max_hp_gain":0,"max_hp_loss":0,"event_name":"FaceTrader","floor":2,"gold_loss":0},{"damage_healed":0,"gold_gain":0,"player_choice":"Entered Light","damage_taken":16,"max_hp_gain":0,"max_hp_loss":0,"event_name":"Shining Light","floor":4,"gold_loss":0,"cards_upgraded":["Strike_R","Defend_R"]},{"damage_healed":0,"gold_gain":51,"player_choice":"Gained Gold","damage_taken":0,"max_hp_gain":0,"max_hp_loss":0,"event_name":"Golden Wing","floor":7,"gold_loss":0},{"damage_healed":0,"gold_gain":0,"player_choice":"Got Potions","damage_taken":0,"max_hp_gain":0,"max_hp_loss":0,"event_name":"Lab","floor":11,"gold_loss":0},{"damage_healed":0,"gold_gain":0,"player_choice":"Ignored","damage_taken":0,"max_hp_gain":0,"max_hp_loss":0,"event_name":"Vampires","floor":19,"gold_loss":0},{"damage_healed":0,"gold_gain":0,"player_choice":"Ignored","damage_taken":0,"max_hp_gain":0,"max_hp_loss":0,"event_name":"Ghosts","floor":21,"gold_loss":0},{"damage_healed":0,"gold_gain":0,"player_choice":"1 cards matched","damage_taken":0,"max_hp_gain":0,"max_hp_loss":0,"event_name":"Match and Keep!","floor":23,"gold_loss":0,"cards_obtained":["Seeing Red"]}],"is_beta":false,"boss_relics":[{"not_picked":["Velvet Choker","Black Blood"],"picked":"Calling Bell"}],"items_purged_floors":[20,24,30],"is_endless":false,"potions_floor_spawned":[1,13,14,25],"killed_by":"Centurion and Healer","ascension_level":0}}