{"host":"ertcy5wga10zev2p","time":1612274152,"event":{"mods":["BaseMod","BetterRewards","Colored Map","Colored Powertips","Infinite Spire","Minty Spire (QoL Compilation)","Replay The Spire","Shop Mod","StSLib","The Jungle"],"gold_per_floor":[118,118,132,149,79,104,104,104,152,0,0,13,24,50,50,50,50],"floor_reached":16,"language":"ENG","playtime":742,"items_purged":[],"score":116,"play_id":"7c84ae7c-bc8d-4957-a3a2-9acad4c00b8e","local_time":"20210202135552","is_ascension_mode":true,"campfire_choices":[{"data":"Heavy Blade","floor":7,"key":"SMITH"},{"data":"Sword Boomerang","floor":11,"key":"SMITH"},{"floor":15,"key":"REST"}],"circlet_count":0,"master_deck":["Strike_R","Strike_R","Strike_R","Strike_R","Strike_R","Defend_R","Defend_R","Defend_R","Bash","Heavy Blade+1","Defend_R","ReplayTheSpireMod:Strike From Hell","Sever Soul","Sword Boomerang+1","Beam Cell"],"relics":["Burning Blood","Bag of Preparation","Replay:Baseball","Red Skull","PrismaticShard","Singing Bowl"],"acts_visited":["Exordium"],"potions_floor_usage":[6,16,16,16],"damage_taken":[{"damage":11,"enemies":"Jaw Worm","floor":1,"turns":3},{"damage":6,"enemies":"Cultist","floor":3,"turns":3},{"damage":17,"enemies":"Small Slimes","floor":4,"turns":3},{"damage":14,"enemies":"Gremlin Nob","floor":6,"turns":4},{"damage":6,"enemies":"2 Fungi Beasts","floor":12,"turns":2},{"damage":8,"enemies":"Large Slime","floor":13,"turns":4},{"damage":31,"enemies":"Lagavulin","floor":14,"turns":5},{"damage":69,"enemies":"Fading Forest","floor":16,"turns":10}],"seed_played":"3730763136175577023","potions_obtained":[{"floor":1,"key":"Weak Potion"},{"floor":6,"key":"Dexterity Potion"},{"floor":12,"key":"Elixir"},{"floor":14,"key":"PowerPotion"}],"is_trial":false,"path_per_floor":["M","?","M","M","$","E","R","$","T","$","R","M","M","E","R","B"],"character_chosen":"IRONCLAD","items_purchased":["Sever Soul","PrismaticShard"],"campfire_rested":1,"item_purchase_floors":[5,10],"current_hp_per_floor":[75,75,75,64,64,56,56,56,56,56,56,56,54,31,55,0,0],"gold":50,"neow_bonus":"RANDOM_COMMON_RELIC","is_daily":false,"chose_seed":false,"campfire_upgraded":2,"win_rate":0.0,"timestamp":1612274152,"path_taken":["M","?","M","M","$","E","R","$","T","$","R","?","M","E","R","BOSS"],"items_purchased_type":["Card","Relic"],"build_version":"2020-12-22","purchased_purges":0,"victory":false,"max_hp_per_floor":[80,80,80,80,80,80,80,80,80,80,80,80,80,82,82,82,82],"card_choices":[{"not_picked":["Pommel Strike","Twin Strike"],"picked":"Heavy Blade","floor":1},{"not_picked":["Ghostly Armor","Shockwave"],"picked":"ReplayTheSpireMod:Strike From Hell","floor":3},{"not_picked":["Blood for Blood","Body Slam","Replay:Undeath\u0027s Touch"],"picked":"SKIP","floor":4},{"not_picked":["Sentinel","Warcry"],"picked":"Sword Boomerang","floor":6},{"not_picked":["Sucker Punch","Thunder Strike"],"picked":"Beam Cell","floor":12},{"not_picked":["JustLucky","Specialist","ThirdEye"],"picked":"SKIP","floor":13},{"not_picked":["ReplayTheSpireMod:GoodbyeWorld","Acrobatics","LikeWater"],"picked":"Singing Bowl","floor":14}],"player_experience":145987,"relics_obtained":[{"floor":6,"key":"Replay:Baseball"},{"floor":9,"key":"Red Skull"},{"floor":14,"key":"Singing Bowl"}],"event_choices":[{"cards_removed":["Defend_R"],"damage_healed":0,"gold_gain":0,"player_choice":"Took Card","damage_taken":0,"max_hp_gain":0,"max_hp_loss":0,"event_name":"NoteForYourself","floor":2,"gold_loss":0,"cards_obtained":["Defend_R"]}],"is_beta":false,"boss_relics":[],"items_purged_floors":[],"is_endless":false,"potions_floor_spawned":[1,6,12,14],"killed_by":"Fading Forest","ascension_level":1}}