{"host":"6xsbn6ynqlzwllfm","time":1612280459,"event":{"mods":["2.2 Compatiblity","BaseMod","Bestiary","Colored Map","Colored Powertips","Curses Come First","Highlight Path","Keyboard Shortcuts","Minty Spire (QoL Compilation)","Relic Stats","Slay the Relics Exporter","StSLib","SuperFastMode"],"gold_per_floor":[109,109,34,34,44,69,144,176,257,257,257],"floor_reached":10,"language":"ENG","playtime":163,"items_purged":["Strike_B"],"score":198,"play_id":"d46d27b6-0011-41a3-b20d-6c579b139c7e","local_time":"20210202104059","is_ascension_mode":true,"campfire_choices":[],"circlet_count":0,"master_deck":["AscendersBane","Strike_B","Strike_B","Strike_B","Defend_B","Defend_B","Defend_B","Defend_B","Zap","Dualcast","Compile Driver","Hologram","Compile Driver","Auto Shields"],"relics":["Cracked Core","NeowsBlessing","Regal Pillow","HornCleat","Bronze Scales","Question Card"],"acts_visited":["Exordium"],"potions_floor_usage":[],"damage_taken":[{"damage":0,"enemies":"2 Louse","floor":1,"turns":1},{"damage":0,"enemies":"Jaw Worm","floor":5,"turns":1},{"damage":0,"enemies":"Lagavulin","floor":6,"turns":1},{"damage":28,"enemies":"Gremlin Nob","floor":8,"turns":4},{"damage":30,"enemies":"Lagavulin","floor":10,"turns":7}],"seed_played":"-4972402741408759921","potions_obtained":[{"floor":5,"key":"LiquidBronze"},{"floor":8,"key":"LiquidMemories"}],"is_trial":false,"path_per_floor":["M","?","$","?","M","E","?","E","T","E"],"character_chosen":"DEFECT","items_purchased":[],"campfire_rested":0,"item_purchase_floors":[],"current_hp_per_floor":[64,69,69,64,64,64,53,25,25,0,0],"gold":257,"neow_bonus":"THREE_ENEMY_KILL","is_daily":false,"chose_seed":false,"campfire_upgraded":0,"win_rate":0.0,"timestamp":1612280459,"path_taken":["M","?","$","?","?","E","?","E","T","E"],"items_purchased_type":[],"build_version":"2020-12-22","purchased_purges":1,"victory":false,"max_hp_per_floor":[71,76,76,76,76,76,76,76,76,76,76],"relic_stats":{"Regal Pillow":0,"counters":[5,14],"Bronze Scales":[6],"Question Card":0,"obtain_stats":[{"Regal Pillow":4,"HornCleat":6,"NeowsBlessing":0,"Bronze Scales":8,"Cracked Core":0,"Question Card":9},{"Regal Pillow":1,"HornCleat":3,"NeowsBlessing":0,"Bronze Scales":4,"Cracked Core":0,"Question Card":4},{"Regal Pillow":1,"HornCleat":3,"NeowsBlessing":0,"Bronze Scales":7,"Cracked Core":0,"Question Card":7}]},"card_choices":[{"not_picked":["Ball Lightning","Glacier"],"picked":"Compile Driver","floor":1},{"not_picked":["Stack","Force Field"],"picked":"Hologram","floor":5},{"not_picked":["Storm","Stack"],"picked":"Compile Driver","floor":6},{"not_picked":["Beam Cell","Streamline"],"picked":"Auto Shields","floor":8}],"player_experience":1375710,"relics_obtained":[{"floor":6,"key":"HornCleat"},{"floor":8,"key":"Bronze Scales"},{"floor":9,"key":"Question Card"}],"event_choices":[{"damage_healed":0,"gold_gain":0,"player_choice":"Donut","damage_taken":0,"max_hp_gain":5,"max_hp_loss":0,"event_name":"Big Fish","floor":2,"gold_loss":0},{"damage_healed":0,"gold_gain":0,"player_choice":"Success","damage_taken":5,"relics_obtained":["Regal Pillow"],"max_hp_gain":0,"max_hp_loss":0,"event_name":"Scrap Ooze","floor":4,"gold_loss":0},{"damage_healed":0,"gold_gain":75,"player_choice":"Gather Gold","damage_taken":11,"max_hp_gain":0,"max_hp_loss":0,"event_name":"World of Goop","floor":7,"gold_loss":0}],"is_beta":false,"boss_relics":[],"items_purged_floors":[3],"is_endless":false,"potions_floor_spawned":[5,8],"killed_by":"Lagavulin","ascension_level":20}}