{"host":"wfkvcf4y4vkrpwe0","time":1612281841,"event":{"mods":["BaseMod","Conspire","Downfall","Hermit","Minty Spire (QoL Compilation)","StSLib","The Construct","The Cursed","The Disciple","The Hierophant","The Necromancer"],"gold_per_floor":[115,127,127,137,62,87,42,42,42,42,55,55,55,130,130,254,254,277,192,192,36,29,69,69,88,88,102,120,120,120,120],"floor_reached":30,"language":"ENG","playtime":1468,"items_purged":["Regret"],"score":248,"play_id":"68d2916f-8801-4c08-bcef-425f6374f63a","local_time":"20210202160401","is_ascension_mode":false,"campfire_choices":[{"data":"TheCursedMod:Torture","floor":10,"key":"SMITH"},{"floor":12,"key":"REST"},{"floor":15,"key":"REST"},{"floor":24,"key":"REST"},{"floor":29,"key":"REST"}],"circlet_count":0,"master_deck":["TheCursedMod:Strike_TheCursed","TheCursedMod:Strike_TheCursed","TheCursedMod:Strike_TheCursed","TheCursedMod:Defend_TheCursed","TheCursedMod:Defend_TheCursed","TheCursedMod:Defend_TheCursed","TheCursedMod:Defend_TheCursed","TheCursedMod:CursedWand","TheCursedMod:CleanUpWorkshop","TheCursedMod:FleshFromBone","TheCursedMod:Torture+1","TheCursedMod:CircleOfWindfury","Injury","TheCursedMod:OutForBlood","TheCursedMod:Torture"],"relics":["TheCursedMod:BlackMagic101","Gremlin Horn","Toy Ornithopter","Ornamental Fan","Golden Idol","construct:WeddingRing","Peace Pipe","TheCursedMod:Tack","Anchor","Ice Cream"],"acts_visited":["Exordium","TheCity"],"potions_floor_usage":[6,6,6,6,6,22,28,28,28],"damage_taken":[{"damage":4,"enemies":"Cultist","floor":1,"turns":4},{"damage":0,"enemies":"Jaw Worm","floor":2,"turns":4},{"damage":4,"enemies":"Small Slimes","floor":4,"turns":3},{"damage":13,"enemies":"3 Sentries","floor":6,"turns":7},{"damage":7,"enemies":"Looter","floor":7,"turns":5},{"damage":4,"enemies":"Blue Slaver","floor":11,"turns":4},{"damage":35,"enemies":"The Guardian","floor":16,"turns":14},{"damage":6,"enemies":"3 Byrds","floor":18,"turns":6},{"damage":16,"enemies":"2 Thieves","floor":22,"turns":4},{"damage":23,"enemies":"Book of Stabbing","floor":23,"turns":5},{"damage":31,"enemies":"Chosen and Byrds","floor":25,"turns":6},{"damage":14,"enemies":"Shelled Parasite and Fungi","floor":27,"turns":7},{"damage":12,"enemies":"Snecko","floor":28,"turns":6},{"damage":28,"enemies":"3 Cultists","floor":30,"turns":3}],"seed_played":"7455854823918347493","potions_obtained":[{"floor":2,"key":"champ:CounterPotion"},{"floor":4,"key":"EntropicBrew"},{"floor":16,"key":"Strength Potion"},{"floor":20,"key":"SkillPotion"},{"floor":20,"key":"conspire:TimeTravelPotion"},{"floor":22,"key":"Dexterity Potion"}],"is_trial":false,"path_per_floor":["M","M","?","M","$","E","M","T","T","R","M","R","?","?","R","B",null,"M","?","?","$","M","E","R","M","T","M","M","R","M"],"character_chosen":"THE_CURSED","items_purchased":["TheCursedMod:Tack"],"campfire_rested":4,"item_purchase_floors":[21],"current_hp_per_floor":[64,64,64,60,60,47,40,40,40,40,36,56,56,45,65,30,68,62,62,62,62,51,28,48,17,17,3,6,26,0,0],"gold":120,"neow_bonus":"REMOVE_TWO","is_daily":false,"chose_seed":false,"campfire_upgraded":1,"win_rate":0.0,"timestamp":1612281841,"path_taken":["M","M","?","M","?","E","M","?","T","R","M","R","?","?","R","BOSS","M","?","?","$","M","E","R","M","T","M","?","R","M"],"items_purchased_type":["Relic"],"build_version":"2020-12-22","purchased_purges":1,"victory":false,"max_hp_per_floor":[68,68,68,68,68,68,68,68,68,68,68,68,68,68,68,68,68,68,68,68,68,68,68,68,68,68,68,68,68,68,68],"card_choices":[{"not_picked":["TheCursedMod:RavingStaff","TheCursedMod:SpitefulStrike","TheCursedMod:CircleOfAmplification"],"picked":"SKIP","floor":1},{"not_picked":["TheCursedMod:CircleOfBlood","TheCursedMod:FuryStrike","TheCursedMod:SpitefulStrike"],"picked":"SKIP","floor":2},{"not_picked":["TheCursedMod:RapidMovement","TheCursedMod:CircleOfFlame"],"picked":"TheCursedMod:FleshFromBone","floor":4},{"not_picked":["TheCursedMod:Wield","TheCursedMod:CircleOfAmplification","TheCursedMod:Neurasthenia"],"picked":"SKIP","floor":6},{"not_picked":["TheCursedMod:Stretching","TheCursedMod:Obscuration"],"picked":"TheCursedMod:Torture","floor":7},{"not_picked":["TheCursedMod:Stretching","TheCursedMod:TacticalStrike"],"picked":"TheCursedMod:CircleOfWindfury","floor":11},{"not_picked":["TheCursedMod:SmokeScreen","TheCursedMod:AshesToAshes","TheCursedMod:SurpriseAttack+1"],"picked":"SKIP","floor":18},{"not_picked":["TheCursedMod:TacticalStrike","TheCursedMod:StingEye","TheCursedMod:Mangle"],"picked":"SKIP","floor":22},{"not_picked":["TheCursedMod:WearCloak+1","TheCursedMod:SpitefulStrike"],"picked":"TheCursedMod:OutForBlood","floor":23},{"not_picked":["TheCursedMod:CursedBlade","TheCursedMod:CursedBoomerang","TheCursedMod:Wield"],"picked":"SKIP","floor":25},{"not_picked":["TheCursedMod:SpitefulStrike","TheCursedMod:Obscuration","TheCursedMod:BlessingInDisguise+1"],"picked":"SKIP","floor":27},{"not_picked":["TheCursedMod:SoulReap+1","TheCursedMod:CircleOfFocus"],"picked":"TheCursedMod:Torture","floor":28}],"player_experience":586711,"relics_obtained":[{"floor":6,"key":"Toy Ornithopter"},{"floor":9,"key":"Ornamental Fan"},{"floor":23,"key":"Anchor"},{"floor":26,"key":"Ice Cream"}],"event_choices":[{"damage_healed":0,"gold_gain":0,"player_choice":"Box","damage_taken":0,"relics_obtained":["Gremlin Horn"],"max_hp_gain":0,"max_hp_loss":0,"event_name":"Big Fish","floor":3,"gold_loss":0,"cards_obtained":["Regret"]},{"damage_healed":0,"gold_gain":0,"player_choice":"Take Wound","damage_taken":0,"relics_obtained":["Golden Idol"],"max_hp_gain":0,"max_hp_loss":0,"event_name":"Golden Idol","floor":13,"gold_loss":0,"cards_obtained":["Injury"]},{"damage_healed":0,"gold_gain":75,"player_choice":"Gather Gold","damage_taken":11,"max_hp_gain":0,"max_hp_loss":0,"event_name":"World of Goop","floor":14,"gold_loss":0},{"damage_healed":0,"gold_gain":0,"player_choice":"Obtained Relic","damage_taken":0,"relics_obtained":["Peace Pipe"],"max_hp_gain":0,"max_hp_loss":0,"event_name":"Addict","floor":19,"gold_loss":85},{"damage_healed":0,"gold_gain":0,"player_choice":"Got Potions","damage_taken":0,"max_hp_gain":0,"max_hp_loss":0,"event_name":"Lab","floor":20,"gold_loss":0}],"is_beta":false,"boss_relics":[{"not_picked":["TheCursedMod:OminousMark","Astrolabe"],"picked":"construct:WeddingRing"}],"items_purged_floors":[5],"is_endless":false,"potions_floor_spawned":[2,4,16,22],"killed_by":"3 Cultists","ascension_level":0}}