{"host":"xb2tau8pgi8aflss","time":1612264031,"event":{"mods":["AchievementEnabler","BaseMod","Minty Spire (QoL Compilation)","StSLib","SuperFastMode"],"gold_per_floor":[99,99,99,99,99,99,99,99,99,99,99,99,99,99,99,99,99,99,99,24,24,24,24,24,24,24,24,24,24,24,24,24,24,24],"floor_reached":33,"language":"KOR","playtime":750,"items_purged":["Strike_P"],"score":553,"play_id":"8043d675-d704-4f8d-b584-0c089f3ca033","local_time":"20210202200711","is_ascension_mode":true,"campfire_choices":[{"data":"Eruption","floor":6,"key":"SMITH"},{"data":"EmptyFist","floor":8,"key":"SMITH"},{"data":"Vigilance","floor":10,"key":"SMITH"},{"data":"BowlingBash","floor":15,"key":"SMITH"},{"data":"Vault","floor":24,"key":"SMITH"},{"data":"FearNoEvil","floor":32,"key":"SMITH"}],"circlet_count":0,"master_deck":["Strike_P","Strike_P","Strike_P","Defend_P","Defend_P","Defend_P","Eruption+1","Vigilance+1","BowlingBash+1","EmptyFist+1","SignatureMove+1","Vault+1","RitualDagger","FearNoEvil+1"],"relics":["Ectoplasm","Bronze Scales","Nunchaku","MawBank","Toy Ornithopter","Philosopher\u0027s Stone","Old Coin","Centennial Puzzle","Sundial","Bag of Marbles"],"acts_visited":["Exordium","TheCity"],"potions_floor_usage":[7,14,19,23,31,33,33],"damage_taken":[{"damage":2,"enemies":"Jaw Worm","floor":1,"turns":4},{"damage":0,"enemies":"2 Louse","floor":2,"turns":1},{"damage":0,"enemies":"Cultist","floor":4,"turns":2},{"damage":4,"enemies":"2 Fungi Beasts","floor":5,"turns":3},{"damage":0,"enemies":"Lagavulin","floor":7,"turns":3},{"damage":2,"enemies":"Red Slaver","floor":11,"turns":2},{"damage":0,"enemies":"3 Sentries","floor":12,"turns":5},{"damage":8,"enemies":"Blue Slaver","floor":13,"turns":3},{"damage":0,"enemies":"Lagavulin","floor":14,"turns":3},{"damage":22,"enemies":"The Guardian","floor":16,"turns":10},{"damage":0,"enemies":"Spheric Guardian","floor":18,"turns":3},{"damage":0,"enemies":"Chosen","floor":21,"turns":2},{"damage":23,"enemies":"Slavers","floor":23,"turns":2},{"damage":0,"enemies":"Gremlin Leader","floor":25,"turns":6},{"damage":0,"enemies":"Centurion and Healer","floor":28,"turns":4},{"damage":0,"enemies":"Snecko","floor":30,"turns":3},{"damage":5,"enemies":"Slavers","floor":31,"turns":2},{"damage":67,"enemies":"Champ","floor":33,"turns":7}],"seed_played":"1250472778259704806","potions_obtained":[{"floor":1,"key":"LiquidMemories"},{"floor":4,"key":"AttackPotion"},{"floor":7,"key":"CultistPotion"},{"floor":11,"key":"Ancient Potion"},{"floor":16,"key":"Explosive Potion"},{"floor":19,"key":"Fruit Juice"},{"floor":19,"key":"Strength Potion"},{"floor":25,"key":"Block Potion"}],"is_trial":false,"path_per_floor":["M","M","?","M","M","R","E","R","T","R","M","E","M","E","R","B",null,"M","?","$","M","?","E","R","E","T","?","M","?","M","E","R","B"],"character_chosen":"WATCHER","items_purchased":[],"campfire_rested":0,"item_purchase_floors":[],"current_hp_per_floor":[63,63,52,52,48,48,48,48,48,48,46,46,38,38,38,16,58,58,68,68,68,62,44,44,44,44,44,44,44,44,44,44,0,0],"gold":24,"neow_bonus":"BOSS_RELIC","is_daily":false,"chose_seed":false,"campfire_upgraded":6,"win_rate":0.0,"timestamp":1612264031,"path_taken":["M","M","?","M","M","R","E","R","T","R","M","E","M","E","R","BOSS","M","?","$","?","?","E","R","E","T","?","?","?","M","E","R","BOSS"],"items_purchased_type":[],"build_version":"2020-12-22","purchased_purges":1,"victory":false,"max_hp_per_floor":[72,72,72,72,72,72,72,72,72,72,72,72,72,72,72,72,72,72,77,77,77,77,77,77,77,77,77,77,77,77,77,77,77,77],"card_choices":[{"not_picked":["Fasting2","CarveReality","SashWhip"],"picked":"SKIP","floor":1},{"not_picked":["Protect","CutThroughFate"],"picked":"BowlingBash","floor":2},{"not_picked":["CutThroughFate","FlurryOfBlows","Vengeance"],"picked":"SKIP","floor":4},{"not_picked":["ThirdEye","LikeWater","Prostrate"],"picked":"SKIP","floor":5},{"not_picked":["Protect","BattleHymn"],"picked":"EmptyFist","floor":7},{"not_picked":["Study","WaveOfTheHand"],"picked":"SignatureMove","floor":11},{"not_picked":["Worship","DeceiveReality","FlurryOfBlows"],"picked":"SKIP","floor":12},{"not_picked":["WheelKick","FollowUp","SashWhip"],"picked":"SKIP","floor":13},{"not_picked":["Collect","SashWhip","WaveOfTheHand"],"picked":"SKIP","floor":14},{"not_picked":["Judgement","LessonLearned"],"picked":"Vault","floor":16},{"not_picked":["JustLucky","PathToVictory","SashWhip"],"picked":"SKIP","floor":18},{"not_picked":["BowlingBash+1","Weave","ThirdEye"],"picked":"SKIP","floor":21},{"not_picked":["FlurryOfBlows","Prostrate","Conclude+1"],"picked":"SKIP","floor":23},{"not_picked":["DevaForm","ThirdEye"],"picked":"FearNoEvil","floor":25},{"not_picked":["FlyingSleeves","FollowUp","Evaluate+1"],"picked":"SKIP","floor":28},{"not_picked":["DeceiveReality+1","ThirdEye","Evaluate"],"picked":"SKIP","floor":30},{"not_picked":["FlyingSleeves","BattleHymn","WaveOfTheHand"],"picked":"SKIP","floor":31}],"player_experience":751761,"relics_obtained":[{"floor":7,"key":"Bronze Scales"},{"floor":9,"key":"Nunchaku"},{"floor":12,"key":"MawBank"},{"floor":14,"key":"Toy Ornithopter"},{"floor":23,"key":"Old Coin"},{"floor":25,"key":"Centennial Puzzle"},{"floor":26,"key":"Sundial"},{"floor":31,"key":"Bag of Marbles"}],"event_choices":[{"damage_healed":0,"gold_gain":75,"player_choice":"Gather Gold","damage_taken":11,"max_hp_gain":0,"max_hp_loss":0,"event_name":"World of Goop","floor":3,"gold_loss":0},{"damage_healed":0,"gold_gain":0,"player_choice":"Got Potions","damage_taken":0,"max_hp_gain":0,"max_hp_loss":0,"event_name":"Lab","floor":19,"gold_loss":0},{"damage_healed":0,"gold_gain":0,"player_choice":"Joined the Cult","damage_taken":6,"max_hp_gain":0,"max_hp_loss":0,"event_name":"Nest","floor":22,"gold_loss":0,"cards_obtained":["RitualDagger"]},{"damage_healed":0,"gold_gain":0,"player_choice":"Upgraded","damage_taken":0,"max_hp_gain":0,"max_hp_loss":0,"event_name":"Upgrade Shrine","floor":27,"gold_loss":0,"cards_upgraded":["SignatureMove"]},{"cards_removed":["Defend_P"],"damage_healed":0,"gold_gain":0,"player_choice":"Elegance","damage_taken":0,"max_hp_gain":0,"max_hp_loss":0,"event_name":"Back to Basics","floor":29,"gold_loss":0}],"is_beta":false,"boss_relics":[{"not_picked":["Sozu","Tiny House"],"picked":"Philosopher\u0027s Stone"}],"items_purged_floors":[20],"is_endless":false,"potions_floor_spawned":[1,4,7,11,16,18,25,28],"killed_by":"Champ","ascension_level":6}}