{"host":"ve5hox67eka4rdnb","time":1612250270,"event":{"mods":["ATMod(∞¢Ë™Mod)","AchievementEnabler","Act Like it!","BaseMod","Downfall","Gensokyo","Hermit","Koishi","Lobotomy","LobotomyExtend","Marisa£®ÏF”Í°°ƒß¿Ì…≥£©","Minty Spire (QoL Compilation)","Reimu£®≤©¿ˆ¡È√Œ£©","Remilia£®¿Ÿ√◊¿Ú—«£©","Replay The Spire","Shop Mod","StSLib","The Construct","The Cursed","The Servant 0.9.4"],"gold_per_floor":[99,111,121,121,137,137,137,148,180,190,90,107,7,35,52,154,154,154,168,168,168,168],"floor_reached":20,"language":"ZHS","playtime":1207,"items_purged":[],"score":186,"play_id":"bae0b235-db1a-4768-ae05-48aa508eee19","local_time":"20210202151750","is_ascension_mode":false,"campfire_choices":[{"floor":1.0,"key":"RECALL"},{"data":"AT_FamilyPortrait","floor":11,"key":"SMITH"},{"data":"bronze:Goto","floor":13,"key":"SMITH"}],"circlet_count":0,"master_deck":["bronze:Strike","bronze:Strike","bronze:Strike","bronze:Defend","bronze:Defend","bronze:Defend","bronze:Defend","bronze:Replicate+1","bronze:Goto+1","AT_FamilyPortrait+1","bronze:DelayedGuard","bronze:DelayedSlice","bronze:Assembly","bronze:ForceShield","bronze:ChosenStrike+1","bronze:CutThrough","bronze:ChosenStrike","bronze:Verify","Replay:Sluggish","CommonCold","Spreading Infection"],"relics":["bronze:BronzeCore","AT_ATBox","LetterFromLob","Chameleon Ring","White Beast Statue","downfall:HeartBlessingRed","downfall:HeartBlessingGreen","Pet Ghost","Replay:Ancient Bell","Anchor","ReplayTheSpireMod:Shallot","Bird Faced Urn","MagicBullet_r"],"acts_visited":["Exordium","TheCity"],"potions_floor_usage":[9,16,16],"damage_taken":[{"damage":11.0,"enemies":"Jaw Worm","floor":2.0,"turns":3.0},{"damage":0.0,"enemies":"Cultist","floor":3.0,"turns":3.0},{"damage":7.0,"enemies":"Small Slimes","floor":5.0,"turns":3.0},{"damage":4.0,"enemies":"Red Slaver","floor":8.0,"turns":3.0},{"damage":8,"enemies":"Gremlin Nob","floor":9,"turns":3},{"damage":0,"enemies":"Blue Slaver","floor":10,"turns":1},{"damage":22,"enemies":"Exordium Wildlife","floor":12,"turns":7},{"damage":13,"enemies":"3 Sentries","floor":14,"turns":7},{"damage":0,"enemies":"2 Fungi Beasts","floor":15,"turns":2},{"damage":27,"enemies":"DF_ARCHETYPE_STREAMLINE","floor":16,"turns":6},{"damage":0,"enemies":"3 Byrds","floor":19,"turns":5}],"seed_played":"-7939543277089536179","potions_obtained":[{"floor":2.0,"key":"Swift Potion"},{"floor":9,"key":"Weak Potion"},{"floor":10,"key":"Flashbang"},{"floor":12,"key":"Block Potion"},{"floor":14,"key":"LiquidMemories"},{"floor":15,"key":"AttackPotion"},{"floor":16,"key":"Languid Potion"},{"floor":19,"key":"Death Potion"}],"is_trial":false,"path_per_floor":["R","M","M","?","M","?","T","M","E","M","R","M","R","E","M","B",null,"R","M","M"],"character_chosen":"THE_AUTOMATON","items_purchased":[],"campfire_rested":0,"item_purchase_floors":[],"current_hp_per_floor":[77,66,66,66,59,59,59,55,47,47,47,35,35,22,22,11,77,77,77,1,1,1],"gold":168,"neow_bonus":"TEN_PERCENT_HP_BONUS","is_daily":false,"chose_seed":false,"campfire_upgraded":2,"win_rate":0.0,"timestamp":1612250270,"path_taken":["R","M","M","?","M","?","T","M","E","?","R","M","R","E","M","BOSS","R","M","M"],"items_purchased_type":[],"build_version":"2020-12-22","purchased_purges":0,"victory":false,"max_hp_per_floor":[77,77,77,77,77,77,77,77,77,77,77,77,77,77,77,77,77,77,77,1,1,1],"card_choices":[{"not_picked":["bronze:Shield","bronze:BuggyMess"],"picked":"bronze:DelayedGuard","floor":2.0},{"not_picked":["bronze:Invalidate","bronze:BugBarrage","bronze:DarkDash"],"picked":"SKIP","floor":3.0},{"not_picked":["bronze:BuggyMess","bronze:ItsAFeature"],"picked":"bronze:DelayedSlice","floor":5.0},{"not_picked":["bronze:BugBarrage","bronze:DelayedGuard"],"picked":"bronze:Assembly","floor":8.0},{"not_picked":["bronze:Fortify","bronze:DelayedSlice","bronze:Allocate"],"picked":"SKIP","floor":9},{"not_picked":["bronze:GetLatest","bronze:NullPointer"],"picked":"bronze:ForceShield","floor":10},{"not_picked":["bronze:BugBarrage","bronze:Fortify"],"picked":"bronze:ChosenStrike","floor":12},{"not_picked":["bronze:Overheat","bronze:NullPointer"],"picked":"bronze:CutThrough","floor":14},{"not_picked":["bronze:Shell","bronze:ItsAFeature"],"picked":"bronze:ChosenStrike","floor":15},{"not_picked":["bronze:Format","bronze:AlphaBuild"],"picked":"bronze:Verify","floor":16},{"not_picked":["Overencumbered","Lust_TH"],"picked":"Replay:Sluggish","floor":17},{"not_picked":["Greed_TH","Looming Evil"],"picked":"CommonCold","floor":17},{"not_picked":["Amnesia","Doubt"],"picked":"Spreading Infection","floor":17},{"not_picked":["bronze:Deprecate","bronze:Overheat","bronze:OilSpill"],"picked":"SKIP","floor":19}],"player_experience":197847,"relics_obtained":[{"floor":2.0,"key":"LetterFromLob"},{"floor":7.0,"key":"Chameleon Ring"},{"floor":9,"key":"White Beast Statue"},{"floor":14,"key":"Pet Ghost"}],"event_choices":[],"is_beta":false,"boss_relics":[{"not_picked":["construct:ClawGrip","Calling Bell"],"picked":"Replay:Ancient Bell"},{"not_picked":["Dream Catcher","Regal Pillow"],"picked":"Anchor"},{"not_picked":["AntiCross","AT_ForceNature"],"picked":"ReplayTheSpireMod:Shallot"},{"not_picked":["construct:RocketBooster","PureWhite:ReiMu"],"picked":"Bird Faced Urn"}],"items_purged_floors":[],"is_endless":false,"potions_floor_spawned":[2,9,10,12,14,15,16,19],"ascension_level":0}}