{"host":"95i1gxnztdrdyvhi","time":1612262911,"event":{"mods":["100% Spire Juice","AchievementEnabler","Act Like it!","BaseMod","Minty Spire (QoL Compilation)","Quick Restart","StSLib"],"gold_per_floor":[111,36,36,36,104,137,137,152,152,152,186,206,206,56,56,161,161,180,31,44,63,75,100,100,190,97,97,108,108,127,157,157,255,255,274,292,292,292,305,337,347,347,401,401,414,414,434,460,460,460,460],"floor_reached":50,"language":"ENG","playtime":3155,"items_purged":["Moonworks:Defend"],"score":725,"play_id":"23a27f34-bc86-498c-b665-b0b0f58f7d43","local_time":"20210202104831","is_ascension_mode":false,"campfire_choices":[{"data":"Moonworks:Ambush","floor":7.0,"key":"SMITH"},{"data":"Moonworks:EvilSpyWorkPreparation","floor":13.0,"key":"SMITH"},{"data":"Moonworks:NicePresent","floor":15,"key":"SMITH"},{"data":"Moonworks:AccelHyper","floor":27,"key":"SMITH"},{"data":"Moonworks:UnpaidWork","floor":29,"key":"SMITH"},{"data":"Moonworks:TreasureThief","floor":32,"key":"SMITH"},{"floor":42,"key":"RECALL"},{"data":"Moonworks:MetallicMonocoque","floor":49,"key":"SMITH"}],"circlet_count":0,"master_deck":["Moonworks:Defend","Moonworks:Defend","Moonworks:Defend","Moonworks:Ambush+1","Moonworks:NicePresent+1","Moonworks:EvilSpyWorkPreparation+1","Moonworks:AccelHyper+1","Moonworks:LuckyCharm+1","Moonworks:Flamethrower+1","Moonworks:ImmovableObject+1","Moonworks:UnpaidWork+1","Moonworks:MetallicMonocoque+1","Moonworks:TreasureThief+1","Madness+1","Madness","Moonworks:UnpaidWork+1","Moonworks:HolyNight"],"relics":["Moonworks:BrokenBomb","Moonworks:Homemark","NeowsBlessing","Omamori","Shuriken","Bag of Marbles","Sundial","Lizard Tail","Medical Kit","Astrolabe","Membership Card","InkBottle","Vajra","Art of War","Pantograph","Smiling Mask"],"acts_visited":["Exordium","TheCity","TheBeyond"],"potions_floor_usage":[16],"damage_taken":[{"damage":0.0,"enemies":"Cultist","floor":1.0,"turns":1.0},{"damage":0.0,"enemies":"Gremlin Nob","floor":6.0,"turns":1.0},{"damage":0.0,"enemies":"Jaw Worm","floor":8.0,"turns":1.0},{"damage":10.0,"enemies":"Lagavulin","floor":11.0,"turns":5.0},{"damage":0.0,"enemies":"2 Louse","floor":12.0,"turns":2.0},{"damage":28,"enemies":"Hexaghost","floor":16,"turns":6},{"damage":0,"enemies":"Shell Parasite","floor":18,"turns":6},{"damage":0,"enemies":"Chosen","floor":20,"turns":2},{"damage":0,"enemies":"Centurion and Healer","floor":21,"turns":4},{"damage":0,"enemies":"Cultist and Chosen","floor":22,"turns":3},{"damage":21,"enemies":"Gremlin Leader","floor":23,"turns":6},{"damage":5,"enemies":"3 Cultists","floor":28,"turns":4},{"damage":0,"enemies":"Snecko","floor":30,"turns":4},{"damage":0,"enemies":"Book of Stabbing","floor":31,"turns":2},{"damage":0,"enemies":"Automaton","floor":33,"turns":5},{"damage":11,"enemies":"3 Shapes","floor":35,"turns":5},{"damage":0,"enemies":"Orb Walker","floor":36,"turns":3},{"damage":32,"enemies":"4 Shapes","floor":39,"turns":5},{"damage":0,"enemies":"Giant Head","floor":40,"turns":3},{"damage":0,"enemies":"Transient","floor":41,"turns":5},{"damage":0,"enemies":"3 Darklings","floor":45,"turns":3},{"damage":4,"enemies":"Jaw Worm Horde","floor":47,"turns":4},{"damage":17,"enemies":"Nemesis","floor":48,"turns":7},{"damage":0,"enemies":"Awakened One","floor":50,"turns":1}],"seed_played":"-213181792182950294","potions_obtained":[{"floor":6.0,"key":"SteroidPotion"},{"floor":8.0,"key":"SteroidPotion"},{"floor":12.0,"key":"Regen Potion"},{"floor":20,"key":"FearPotion"}],"is_trial":false,"path_per_floor":["M","$","$","?","T","E","R","M","T","?","E","M","R","$","R","B",null,"M","$","M","M","M","E","?","?","T","R","M","R","M","E","R","B",null,"M","M","?","?","M","E","M","R","T","?","M","?","M","E","R","B"],"character_chosen":"THE_STARBREAKER","items_purchased":["Medical Kit","Membership Card"],"campfire_rested":0,"item_purchase_floors":[14,19],"current_hp_per_floor":[60,60,60,42,42,42,42,42,42,35,25,25,25,25,25,6,60,60,60,60,60,60,39,39,27,27,27,22,22,22,22,22,22,60,49,49,41,41,9,9,9,9,9,9,9,9,5,18,18,43,43],"gold":460,"neow_bonus":"THREE_ENEMY_KILL","is_daily":false,"chose_seed":false,"campfire_upgraded":7,"win_rate":0.0,"timestamp":1612262911,"path_taken":["M","?","$","?","?","E","R","?","T","?","E","M","R","?","R","BOSS","M","$","M","?","M","E","?","?","T","R","M","R","?","E","R","BOSS","M","M","?","?","?","E","M","R","T","?","M","?","M","E","R","BOSS"],"items_purchased_type":["Relic","Relic"],"build_version":"2020-12-22","purchased_purges":1,"victory":false,"max_hp_per_floor":[60,60,60,60,60,60,60,60,60,60,60,60,60,60,60,60,60,60,60,60,60,60,60,60,60,60,60,60,60,60,60,60,60,60,60,60,60,60,60,60,60,60,60,60,60,60,60,60,60,60,60],"card_choices":[{"not_picked":["Moonworks:SakisCookie","Moonworks:Dinner","Moonworks:BigMagnum"],"picked":"SKIP","floor":1.0},{"not_picked":["Moonworks:DeployBits","Moonworks:ImOnFire"],"picked":"Moonworks:NicePresent","floor":6.0},{"not_picked":["Moonworks:ImOnFire","Moonworks:DeployBits"],"picked":"Moonworks:EvilSpyWorkPreparation","floor":8.0},{"not_picked":["Moonworks:CompletionReward","Moonworks:SelfDestruct","Moonworks:Assault"],"picked":"SKIP","floor":11.0},{"not_picked":["Moonworks:Assault","Moonworks:Flamethrower","Moonworks:IndiscriminateFireSupport"],"picked":"SKIP","floor":12.0},{"not_picked":["Moonworks:WeAreWaruda","Moonworks:SinkOrSwim"],"picked":"Moonworks:AccelHyper","floor":16},{"not_picked":["Moonworks:Assault+1","Moonworks:SakisCookie","Moonworks:DeployBits"],"picked":"SKIP","floor":18},{"not_picked":["Moonworks:Assault","Moonworks:CloudOfSeagulls","Moonworks:SakisCookie"],"picked":"SKIP","floor":20},{"not_picked":["Moonworks:CloudOfSeagulls","Moonworks:CompletionReward+1","Moonworks:IntelligenceOfficer"],"picked":"SKIP","floor":21},{"not_picked":["Moonworks:CookingTime+1","Moonworks:LulusLuckyEgg"],"picked":"Moonworks:UnpaidWork","floor":22},{"not_picked":["Moonworks:BigMagnum","Moonworks:CastOff"],"picked":"Moonworks:MetallicMonocoque","floor":23},{"not_picked":["Moonworks:IndiscriminateFireSupport+1","Moonworks:BigMagnum"],"picked":"Moonworks:TreasureThief","floor":28},{"not_picked":["Moonworks:BigMagnum","Moonworks:ImmovableObject","Moonworks:LuckyCharm"],"picked":"SKIP","floor":30},{"not_picked":["Moonworks:DeployBits","Moonworks:RagingMadness","Moonworks:BigMagnum"],"picked":"SKIP","floor":31},{"not_picked":["Moonworks:CookingTime+1","Moonworks:ImOnFire","Moonworks:JonathanRush"],"picked":"SKIP","floor":35},{"not_picked":["Moonworks:Assault","Moonworks:CloudOfSeagulls","Moonworks:JonathanRush"],"picked":"SKIP","floor":36},{"not_picked":["Moonworks:LulusLuckyEgg","Moonworks:JonathanRush","Moonworks:EvilSpyWorkPreparation"],"picked":"SKIP","floor":39},{"not_picked":["Moonworks:EvilMastermind","Moonworks:Assault+1","Moonworks:SinkOrSwim"],"picked":"SKIP","floor":40},{"not_picked":["Moonworks:SakisCookie","Moonworks:CloudOfSeagulls+1","Moonworks:RagingMadness+1"],"picked":"SKIP","floor":41},{"not_picked":["Moonworks:SealedMemories","Moonworks:Heat300Percent+1"],"picked":"Moonworks:UnpaidWork+1","floor":45},{"not_picked":["Moonworks:BigBangBell+1","Moonworks:LulusLuckyEgg","Moonworks:Heat300Percent"],"picked":"SKIP","floor":47},{"not_picked":["Moonworks:MiracleWalker+1","Moonworks:FullSpeedAlicianrone"],"picked":"Moonworks:HolyNight","floor":48}],"player_experience":660728,"relics_obtained":[{"floor":5.0,"key":"Shuriken"},{"floor":6.0,"key":"Bag of Marbles"},{"floor":9.0,"key":"Sundial"},{"floor":11.0,"key":"Lizard Tail"},{"floor":23,"key":"InkBottle"},{"floor":26,"key":"Vajra"},{"floor":31,"key":"Art of War"},{"floor":40,"key":"Pantograph"},{"floor":48,"key":"Smiling Mask"}],"event_choices":[{"damage_healed":0.0,"max_hp_gain":0.0,"max_hp_loss":0.0,"gold_gain":0.0,"event_name":"Scrap Ooze","player_choice":"Success","floor":4.0,"gold_loss":0.0,"damage_taken":18.0,"relics_obtained":["Omamori"]},{"cards_removed":["Moonworks:Strike"],"damage_healed":0.0,"max_hp_gain":0.0,"max_hp_loss":0.0,"gold_gain":0.0,"event_name":"Golden Wing","player_choice":"Card Removal","floor":10.0,"gold_loss":0.0,"damage_taken":7.0},{"damage_healed":0,"gold_gain":0,"player_choice":"Ignored","damage_taken":0,"max_hp_gain":0,"max_hp_loss":0,"event_name":"Vampires","floor":24,"gold_loss":0},{"damage_healed":0,"gold_gain":90,"player_choice":"GOLD ","damage_taken":12,"max_hp_gain":0,"max_hp_loss":0,"event_name":"Knowing Skull","floor":25,"potions_obtained":[],"gold_loss":0,"cards_obtained":[]},{"damage_healed":0,"gold_gain":0,"player_choice":"Embrace Madness","damage_taken":8,"max_hp_gain":0,"max_hp_loss":0,"event_name":"Winding Halls","floor":37,"gold_loss":0,"cards_obtained":["Madness","Madness"]},{"damage_healed":0,"gold_gain":0,"player_choice":"Ignored","damage_taken":0,"max_hp_gain":0,"max_hp_loss":0,"event_name":"SecretPortal","floor":38,"gold_loss":0},{"cards_removed":["Moonworks:LongDistanceShot"],"damage_healed":0,"gold_gain":0,"player_choice":"Removed Attack","damage_taken":0,"max_hp_gain":0,"max_hp_loss":0,"event_name":"Falling","floor":44,"gold_loss":0},{"damage_healed":0,"gold_gain":0,"player_choice":"Upgraded","damage_taken":0,"max_hp_gain":0,"max_hp_loss":0,"event_name":"Upgrade Shrine","floor":46,"gold_loss":0,"cards_upgraded":["Madness"]}],"is_beta":false,"boss_relics":[{"not_picked":["Ectoplasm","Sozu"],"picked":"Astrolabe"},{"not_picked":["Cursed Key","Busted Crown","Pandora\u0027s Box"]}],"items_purged_floors":[2],"is_endless":false,"potions_floor_spawned":[6,8,12,20,22,28,35,40,45,48],"killed_by":"Awakened One","ascension_level":0}}