{"host":"epo9t9qajflxsfbx","time":1612246676,"event":{"mods":["Act Like it!","BaseMod","Better Altar","Better Match","Better Note","Better Sensory Stone","Better Skull","Better Third Choice","Better Vampires","BetterRewards","Clockwork Mod","Defuse TimeMaze Blight","Displayed Cursed Tome","Elementarium","Hermit","Highlight Path","Hubris","Infinite Spire","Minty Spire (QoL Compilation)","Quick Restart","Relic Stats","Reliquary","Replay The Spire","Shade Mod","Shop Mod","Somnambulant","StSLib","The Bladedancer","The Cursed","The Hierophant","The Jungle","The Servant 0.9.4","everything is the same but u backflip on backflip"],"gold_per_floor":[89,89,19,19,19,69,93,129,205,251,251,251,297,337,337,479,479,539,464,464,548,648,667,667,6,6,54,17,17],"floor_reached":28,"language":"ENG","playtime":1904,"items_purged":[],"score":313,"play_id":"ff101de2-639f-4f38-88f0-29ad3f90b983","local_time":"20210201221756","is_ascension_mode":false,"campfire_choices":[{"floor":12,"key":"REST"},{"floor":15,"key":"REST"},{"data":"hierophant:Endure","floor":24,"key":"SMITH"}],"circlet_count":0,"master_deck":["hierophant:Strike_Hierophant","hierophant:Strike_Hierophant","hierophant:Strike_Hierophant","hierophant:Strike_Hierophant","hierophant:Punish","hierophant:Defend_Hierophant","hierophant:Defend_Hierophant","hierophant:Defend_Hierophant","hierophant:Defend_Hierophant","hierophant:ChurchCoffers","hierophant:Embezzle","hierophant:OrnateBuckler","hierophant:RustyCrate+1","hierophant:Doubloon+1","hierophant:MintersHammer","hierophant:Zeal","hierophant:EyeForCoin","hierophant:Doubloon+1","hierophant:Blessing","hierophant:Doubloon+1","hierophant:Endure+1","hierophant:Doubloon+1","hierophant:MirrorShield","hierophant:Doubloon+1","hierophant:OrnateBuckler","hierophant:Doubloon+1","hierophant:Cornucopia","hierophant:PristineSoul","hierophant:HolyVerse+1","hierophant:MorningPrayer+1","hierophant:AuricBeam+1","hierophant:TollTheBells","hierophant:Doubloon+1","hierophant:HolyVerse+1","hierophant:BulkyChest","hierophant:Mercenaries+1"],"relics":["hierophant:PropheticMaskRelic","hubris:Icosahedron","Tiny Chest","Anchor","reliquary:NewFriend","Honey Jar","Ring of Chaos","infinitespire:Beetle Shell","Blue Doll","Replay:Bandana","hubris:EmptyBottle","MerchantsRug","Toy Ornithopter"],"acts_visited":["Exordium","TheCity"],"potions_floor_usage":[6,6,16,16,16,28,28],"damage_taken":[{"damage":0,"enemies":"2 Louse","floor":1,"turns":2},{"damage":27,"enemies":"3 Sentries","floor":6,"turns":9},{"damage":12,"enemies":"Jaw Worm","floor":7,"turns":6},{"damage":4,"enemies":"Cultist","floor":8,"turns":4},{"damage":6,"enemies":"3 Louse","floor":10,"turns":4},{"damage":5,"enemies":"Looter","floor":11,"turns":4},{"damage":25,"enemies":"2 Fungi Beasts","floor":13,"turns":6},{"damage":12,"enemies":"Red Slaver","floor":14,"turns":7},{"damage":37,"enemies":"Fading Forest","floor":16,"turns":11},{"damage":14,"enemies":"Spheric Guardian","floor":18,"turns":4},{"damage":0,"enemies":"3 Byrds","floor":21,"turns":2},{"damage":10,"enemies":"Replay:Snechameleon","floor":23,"turns":7},{"damage":78,"enemies":"Nightmare","floor":28,"turns":12}],"seed_played":"7841976011418947630","potions_obtained":[{"floor":1,"key":"AttackPotion"},{"floor":6,"key":"Energy Potion"},{"floor":8,"key":"EssenceOfSteel"},{"floor":11,"key":"ColorlessPotion"},{"floor":18,"key":"SkillPotion"}],"is_trial":false,"path_per_floor":["M","?","$","?","?","E","M","M","T","M","M","R","M","M","R","B",null,"M","?","AVR","M","?","E","R","$","T","T","NM"],"character_chosen":"HIEROPHANT","items_purchased":["hierophant:OrnateBuckler","hierophant:RustyCrate","hierophant:BulkyChest","hierophant:Mercenaries+1","Replay:Bandana","hubris:EmptyBottle","MerchantsRug"],"campfire_rested":2,"item_purchase_floors":[3,3,25,25,25,25,25],"current_hp_per_floor":[82,82,82,82,82,55,43,39,39,33,35,59,41,36,60,40,82,68,68,68,68,68,58,58,58,58,58,0,0],"gold":17,"neow_bonus":"TEN_PERCENT_HP_BONUS","is_daily":false,"chose_seed":false,"campfire_upgraded":1,"win_rate":0.0,"timestamp":1612246676,"path_taken":["M","?","$","?","?","E","?","M","T","M","M","R","M","M","R","BOSS","M","?","AVR","M","?","E","R","$","T","?","NM"],"items_purchased_type":["Card","Card","Card","Card","Relic","Relic","Relic"],"build_version":"2020-12-22","purchased_purges":0,"victory":false,"max_hp_per_floor":[82,82,82,82,82,82,82,82,82,82,82,82,82,82,82,82,82,82,82,82,82,82,82,82,82,82,82,82,82],"relic_stats":{"counters":[13,78],"Tiny Chest":1,"obtain_stats":[{"MerchantsRug":25,"hierophant:PropheticMaskRelic":0,"Blue Doll":23,"Ring of Chaos":20,"infinitespire:Beetle Shell":20,"hubris:EmptyBottle":25,"Anchor":6,"Replay:Bandana":25,"hubris:Icosahedron":2,"Honey Jar":17,"Tiny Chest":5,"reliquary:NewFriend":9,"Toy Ornithopter":27},{"MerchantsRug":12,"hierophant:PropheticMaskRelic":0,"Blue Doll":12,"Ring of Chaos":10,"infinitespire:Beetle Shell":10,"hubris:EmptyBottle":12,"Anchor":2,"Replay:Bandana":12,"hubris:Icosahedron":1,"Honey Jar":9,"Tiny Chest":1,"reliquary:NewFriend":4,"Toy Ornithopter":12},{"MerchantsRug":66,"hierophant:PropheticMaskRelic":0,"Blue Doll":66,"Ring of Chaos":57,"infinitespire:Beetle Shell":57,"hubris:EmptyBottle":66,"Anchor":11,"Replay:Bandana":66,"hubris:Icosahedron":2,"Honey Jar":53,"Tiny Chest":2,"reliquary:NewFriend":21,"Toy Ornithopter":66}],"Toy Ornithopter":10},"card_choices":[{"not_picked":["hierophant:FaithHealing","hierophant:SealAway"],"picked":"hierophant:Embezzle","floor":1},{"not_picked":["hierophant:FieryStrike","hierophant:Flagellation"],"picked":"hierophant:MintersHammer","floor":6},{"not_picked":["hierophant:Glossolalia","hierophant:PassingBell"],"picked":"hierophant:Zeal","floor":7},{"not_picked":["hierophant:Embezzle","hierophant:FlamingChariot"],"picked":"hierophant:EyeForCoin","floor":8},{"not_picked":["hierophant:WrathOfGod","hierophant:PassingBell"],"picked":"hierophant:Blessing","floor":10},{"not_picked":["hierophant:DisplayOfPower","hierophant:Refuge"],"picked":"hierophant:Endure","floor":11},{"not_picked":["hierophant:Racketeering","hierophant:RepressedViolence"],"picked":"hierophant:MirrorShield","floor":13},{"not_picked":["hierophant:Encroach","hierophant:MirrorShield"],"picked":"hierophant:OrnateBuckler","floor":14},{"not_picked":["hierophant:Batter","hierophant:Anathema"],"picked":"hierophant:Cornucopia","floor":16},{"not_picked":["hierophant:Doomsaying","hierophant:CursedGold","hierophant:SecretStash"],"picked":"hierophant:PristineSoul","floor":18},{"not_picked":["hierophant:Doubloon+1","hierophant:SealAway+1","hierophant:FlamingChariot+1"],"picked":"hierophant:HolyVerse+1","floor":19},{"not_picked":["hierophant:Doubloon+1","hierophant:RustyCrate+1","hierophant:ThreeLashes+1"],"picked":"hierophant:MorningPrayer+1","floor":19},{"not_picked":["hierophant:MorningPrayer+1","hierophant:ThreeLashes+1","hierophant:OrnateBuckler+1"],"picked":"hierophant:AuricBeam+1","floor":19},{"not_picked":["hierophant:Flagellation","hierophant:Alms","hierophant:Sermon"],"picked":"hierophant:TollTheBells","floor":21},{"not_picked":["hierophant:CursedGold","hierophant:Alms","hierophant:RepressedViolence"],"picked":"hierophant:HolyVerse+1","floor":23}],"player_experience":283534,"relics_obtained":[{"floor":6,"key":"Anchor"},{"floor":9,"key":"reliquary:NewFriend"},{"floor":23,"key":"Blue Doll"},{"floor":27,"key":"Toy Ornithopter"}],"event_choices":[{"damage_healed":0,"gold_gain":0,"player_choice":"Grow","damage_taken":0,"max_hp_gain":0,"max_hp_loss":0,"event_name":"Living Wall","floor":4,"gold_loss":0,"cards_upgraded":["hierophant:RustyCrate"]},{"cards_removed":["hierophant:Doubloon"],"damage_healed":0,"gold_gain":0,"player_choice":"Gave Card","damage_taken":0,"relics_obtained":["Tiny Chest"],"max_hp_gain":0,"max_hp_loss":0,"event_name":"WeMeetAgain","floor":5,"gold_loss":0},{"damage_healed":0,"gold_gain":0,"player_choice":"3","damage_taken":0,"max_hp_gain":0,"max_hp_loss":0,"event_name":"betterMatch:BetterMatch","floor":19,"gold_loss":0,"cards_obtained":["betterMatch:CommonCard"]},{"damage_healed":0,"gold_gain":100,"player_choice":"Pray","damage_taken":0,"max_hp_gain":0,"max_hp_loss":0,"event_name":"Golden Shrine","floor":22,"gold_loss":0}],"is_beta":false,"boss_relics":[{"not_picked":["Runic Dome","Astrolabe"],"picked":"Honey Jar"}],"items_purged_floors":[],"is_endless":false,"potions_floor_spawned":[1,6,8,11,18],"killed_by":"Nightmare","ascension_level":0}}