{"host":"8fnghcq8tvbg6z9e","time":1612264883,"event":{"mods":["BaseMod","Conspire","Downfall","Minty Spire (QoL Compilation)","Quick Restart","StSLib"],"gold_per_floor":[99,115,115,115,125,140,140,158,172,72,91,107,139,154,166,266,266,166,184,184,198,62,62,115,128,148,248,317,332,332,332,332],"floor_reached":30,"language":"ZHS","playtime":1607,"items_purged":["conspire:NecroticWound"],"score":240,"play_id":"ef5433a3-1a51-4aca-934e-34fa435ff684","local_time":"20210202192123","is_ascension_mode":false,"campfire_choices":[{"floor":1.0,"key":"RECALL"},{"data":"sneckomod:QuickBite","floor":10.0,"key":"SMITH"},{"data":"sneckomod:SerpentMind","floor":18.0,"key":"SMITH"},{"data":"sneckomod:UnknownBoss","floor":23.0,"key":"SMITH"}],"circlet_count":0,"master_deck":["sneckomod:Strike","sneckomod:Defend","sneckomod:Defend","sneckomod:TailWhip","sneckomod:SnekBite","sneckomod:Unknown","sneckomod:Unknown","sneckomod:QuickBite+1","sneckomod:Unknown","sneckomod:Unknown0Cost","sneckomod:ImprovisedGuard","sneckomod:Unknown2Cost","sneckomod:Unknown1Cost","sneckomod:UnknownUncommonPower","sneckomod:UnknownBoss+1","sneckomod:QuickBite","sneckomod:DiceCrush","sneckomod:SerpentMind+1","sneckomod:SoulDraw","sneckomod:SlitherStrike","sneckomod:DiceBlock","sneckomod:DiceBlock","sneckomod:IronFang+1","sneckomod:DangerNoodle","sneckomod:Unknown1Cost","sneckomod:SerpentIdol+1"],"relics":["sneckomod:SneckoSoul","Incense Burner","downfall:HeartBlessingRed","Art of War","Black Star","downfall:HeartBlessingGreen","downfall:CloakOfManyFaces","CultistMask","FaceOfCleric","NlothsMask","GremlinMask","SsserpentHead"],"acts_visited":["Exordium","TheCity"],"potions_floor_usage":[28],"damage_taken":[{"damage":0.0,"enemies":"Small Slimes","floor":2.0,"turns":3.0},{"damage":0.0,"enemies":"Cultist","floor":5.0,"turns":2.0},{"damage":7.0,"enemies":"2 Louse","floor":6.0,"turns":3.0},{"damage":4.0,"enemies":"Gremlin Gang","floor":8.0,"turns":3.0},{"damage":8.0,"enemies":"Red Slaver","floor":9.0,"turns":1.0},{"damage":0.0,"enemies":"2 Fungi Beasts","floor":11.0,"turns":1.0},{"damage":0.0,"enemies":"Gremlin Gang","floor":12.0,"turns":1.0},{"damage":18.0,"enemies":"Gremlin Nob","floor":13.0,"turns":4.0},{"damage":0.0,"enemies":"Exordium Wildlife","floor":14.0,"turns":2.0},{"damage":0.0,"enemies":"2 Fungi Beasts","floor":15.0,"turns":2.0},{"damage":56.0,"enemies":"WA_ARCHETYPE_RETAIN","floor":16.0,"turns":8.0},{"damage":9.0,"enemies":"conspire:FuzzyDice","floor":19.0,"turns":4.0},{"damage":32.0,"enemies":"Sentry and Sphere","floor":21.0,"turns":8.0},{"damage":5.0,"enemies":"downfall:FleeingMerchant","floor":22.0,"turns":4.0},{"damage":8.0,"enemies":"Centurion and Healer","floor":25.0,"turns":2.0},{"damage":20.0,"enemies":"Snake Plant","floor":26.0,"turns":4.0},{"damage":41.0,"enemies":"downfall:FaceTrader","floor":27.0,"turns":12.0},{"damage":0,"enemies":"Shelled Parasite and Fungi","floor":28,"turns":4},{"damage":8,"enemies":"Chosen and Byrds","floor":29,"turns":5},{"damage":0,"enemies":"3 Cultists","floor":30,"turns":2}],"seed_played":"3399395229262807814","potions_obtained":[{"floor":5.0,"key":"champ:CounterPotion"},{"floor":9.0,"key":"AttackPotion"},{"floor":11.0,"key":"AttackPotion"},{"floor":13.0,"key":"conspire:TimeTravelPotion"},{"floor":14.0,"key":"FairyPotion"},{"floor":15.0,"key":"Block Potion"},{"floor":25.0,"key":"Dexterity Potion"},{"floor":26.0,"key":"Weak Potion"},{"floor":29,"key":"Dexterity Potion"}],"is_trial":false,"path_per_floor":["R","M","?","?","M","M","T","M","M","R","M","M","E","M","M","B",null,"R","M","?","M","$","R","T","M","M","?","M","M","M"],"character_chosen":"THE_SNECKO","items_purchased":["sneckomod:DiceBlock"],"campfire_rested":0,"item_purchase_floors":[22],"current_hp_per_floor":[99,99,99,99,99,92,92,88,80,80,80,80,62,62,62,6,99,99,90,90,58,53,53,53,45,42,1,2,26,26,26,26],"gold":332,"neow_bonus":"TEN_PERCENT_HP_BONUS","is_daily":false,"chose_seed":false,"campfire_upgraded":3,"win_rate":0.0,"timestamp":1612264883,"path_taken":["R","M","?","?","M","M","T","M","M","R","?","M","E","M","M","BOSS","R","M","?","?","?","R","T","M","M","?","?","M","M"],"items_purchased_type":["Card"],"build_version":"2020-12-22","purchased_purges":1,"victory":false,"max_hp_per_floor":[99,99,99,99,99,99,99,99,99,99,99,99,99,99,99,99,99,99,99,99,99,99,99,99,99,99,99,100,101,101,101,101],"card_choices":[{"not_picked":["sneckomod:DiceBoulder","sneckomod:IronFang"],"picked":"sneckomod:QuickBite","floor":2.0},{"not_picked":["sneckomod:WideSting","sneckomod:IronFang","sneckomod:DiceBoulder"],"picked":"SKIP","floor":5.0},{"not_picked":["sneckomod:Nope","sneckomod:UnknownCommonSkill"],"picked":"sneckomod:Unknown0Cost","floor":6.0},{"not_picked":["sneckomod:Nope","sneckomod:ImprovisedAttack"],"picked":"sneckomod:ImprovisedGuard","floor":8.0},{"not_picked":["sneckomod:QuickBite","sneckomod:SoulDraw"],"picked":"sneckomod:Unknown2Cost","floor":9.0},{"not_picked":["sneckomod:TrashToTreasure","sneckomod:SoulCleanse"],"picked":"sneckomod:Unknown1Cost","floor":11.0},{"not_picked":["sneckomod:IronFang","sneckomod:DiceCrush"],"picked":"sneckomod:UnknownUncommonPower","floor":12.0},{"not_picked":["sneckomod:UnknownCommonAttack","sneckomod:UnendingSupply"],"picked":"sneckomod:UnknownBoss","floor":13.0},{"not_picked":["sneckomod:Unknown1Cost","sneckomod:QuickMove"],"picked":"sneckomod:QuickBite","floor":14.0},{"not_picked":["sneckomod:RainOfDice","sneckomod:UnknownVulnerable"],"picked":"sneckomod:DiceCrush","floor":15.0},{"not_picked":["sneckomod:UnlimitedRolls","sneckomod:UnknownRareAttack"],"picked":"sneckomod:SerpentMind","floor":16.0},{"not_picked":["sneckomod:UnknownClassGREEN","sneckomod:UnknownCommonAttack"],"picked":"sneckomod:SoulDraw","floor":19.0},{"not_picked":["sneckomod:UnknownClassBLUE+1","sneckomod:Unknown1Cost"],"picked":"sneckomod:SlitherStrike","floor":21.0},{"not_picked":["sneckomod:UnknownClassBLUE","sneckomod:SoulRoll"],"picked":"sneckomod:DiceBlock","floor":22.0},{"not_picked":["sneckomod:SnakeSap","sneckomod:UnknownUncommonAttack"],"picked":"sneckomod:IronFang+1","floor":25.0},{"not_picked":["sneckomod:DiceCrush","sneckomod:DefensiveFlair"],"picked":"sneckomod:DangerNoodle","floor":26.0},{"not_picked":["sneckomod:UnknownCommonAttack","sneckomod:Unknown2Cost"],"picked":"sneckomod:Unknown1Cost","floor":27.0},{"not_picked":["sneckomod:Rotation+1","sneckomod:Unknown0Cost+1"],"picked":"sneckomod:SerpentIdol+1","floor":28},{"not_picked":["sneckomod:UnknownCommonAttack","sneckomod:UnknownStrike","sneckomod:Unknown2Cost"],"picked":"SKIP","floor":29}],"player_experience":213405,"relics_obtained":[{"floor":7.0,"key":"Incense Burner"},{"floor":13.0,"key":"Art of War"},{"floor":27.0,"key":"downfall:CloakOfManyFaces"}],"event_choices":[{"damage_healed":0.0,"max_hp_gain":0.0,"max_hp_loss":0.0,"gold_gain":0.0,"event_name":"conspire:Investor","player_choice":"Leave","floor":3.0,"gold_loss":0.0,"damage_taken":0.0}],"is_beta":false,"boss_relics":[{"not_picked":["Coffee Dripper","SacredBark"],"picked":"Black Star"}],"items_purged_floors":[22],"is_endless":false,"potions_floor_spawned":[5,9,11,13,14,15,25,26,29],"killed_by":"3 Cultists","ascension_level":0}}