{"host":"ow6t2dz4xifx6xpt","time":1612240101,"event":{"mods":["Aspiration","BaseMod","Colored Map","Colored Powertips","Conjunction","Conspire","DeckTracker","Defuse TimeMaze Blight","Downfall","Energized Spire","Googly Eyes","Hubris","Infinite Spire","Minty Spire (QoL Compilation)","Replay The Spire","Spikes Relics","StSLib","Wandering Minibosses"],"gold_per_floor":[99,118,130,130,149,74,142,122,135,135,154,168,168,182,195,281,281,281,1033,694,794,794,857,927,945,965,981,981,994,994,1002,1016,1116,1116,1116,1128,1142,1192,1192,1192,1192,1203,1227,1258,1158,1158,1158,1158],"floor_reached":46,"language":"ENG","playtime":4265,"items_purged":["Slimebound:Strike_Slimebound","Slimebound:Strike_Slimebound"],"score":523,"play_id":"0591b77b-7de2-4fe2-bd78-52657e9ee09f","local_time":"20210201232821","is_ascension_mode":false,"campfire_choices":[{"data":"Notoriety","floor":1,"key":"PURGE"},{"data":"Slimebound:Grow","floor":10,"key":"SMITH"},{"data":"Slimebound:TongueLash","floor":18,"key":"SMITH"},{"data":"Slimebound:MegaLick","floor":28,"key":"SMITH"},{"floor":30,"key":"REST"},{"data":"Slimebound:Gluttony","floor":35,"key":"SMITH"}],"circlet_count":0,"master_deck":["Slimebound:Tackle","Slimebound:Defend_Slimebound","Slimebound:Defend_Slimebound","Slimebound:Defend_Slimebound","Slimebound:Defend_Slimebound","Slimebound:Split","Slimebound:CorrosiveSpit","Slimebound:Schlurp+1","Slimebound:FinishingTackle","Slimebound:Grow+1","Slimebound:SpikyOuterGoop","Slimebound:SplitMire","Slimebound:SplitMire","Slimebound:LeechingTouch","Slimebound:LeechEnergy","Slimebound:TongueLash+1","Slimebound:ItLooksTasty","Slimebound:RejuvenatingLick","Slimebound:Schlurp+1","Slimebound:LeadByExample","Slimebound:MegaLick+1","Replay:SS_hec_1","Slimebound:SamplingLick+1","Slimebound:Gluttony+1","Slimebound:Repurpose+1","Slimebound:Gluttony+1","Slimebound:LeechEnergy","Slimebound:ViciousTackle+1"],"relics":["Slimebound:AbsorbEndCombat","Counterbalance","Mummified Hand","wanderingMiniBosses:MasterThiefsPresence","HandDrill","downfall:CloakOfManyFaces","CultistMask","FaceOfCleric","NlothsMask","GremlinMask","SsserpentHead","Slimebound:SelfDamagePreventRelic","aspiration:FrozenJewel","Ring of Chaos","aspiration:Lifesprig","infinitespire:WardingShard"],"acts_visited":["Exordium","TheCity","TheBeyond"],"potions_floor_usage":[21,25,31,33,41,46,46],"damage_taken":[{"damage":9,"enemies":"conspire:RoseBush","floor":2,"turns":3},{"damage":7,"enemies":"Jaw Worm","floor":3,"turns":5},{"damage":3,"enemies":"2 Louse","floor":5,"turns":2},{"damage":3,"enemies":"downfall:FleeingMerchant","floor":6,"turns":7},{"damage":8,"enemies":"downfall:FleeingMerchant","floor":8,"turns":4},{"damage":5,"enemies":"2 Fungi Beasts","floor":9,"turns":3},{"damage":4,"enemies":"Blue Slaver","floor":11,"turns":3},{"damage":0,"enemies":"Gremlin Gang","floor":12,"turns":4},{"damage":13,"enemies":"Red Slaver","floor":14,"turns":3},{"damage":7,"enemies":"Blue Slaver","floor":15,"turns":2},{"damage":19,"enemies":"WA_ARCHETYPE_RETAIN","floor":16,"turns":7},{"damage":29,"enemies":"Chosen","floor":19,"turns":6},{"damage":0,"enemies":"downfall:FleeingMerchant","floor":20,"turns":4},{"damage":8,"enemies":"downfall:FaceTrader","floor":21,"turns":7},{"damage":0,"enemies":"Spheric Guardian","floor":23,"turns":3},{"damage":8,"enemies":"3 Cultists","floor":25,"turns":5},{"damage":8,"enemies":"Centurion and Healer","floor":26,"turns":5},{"damage":14,"enemies":"Sentry and Sphere","floor":27,"turns":4},{"damage":19,"enemies":"Chosen and Byrds","floor":29,"turns":6},{"damage":21,"enemies":"downfall:FleeingMerchant","floor":31,"turns":4},{"damage":4,"enemies":"Snake Plant","floor":32,"turns":3},{"damage":16,"enemies":"IC_MUSHROOM_ARCHETYPE","floor":33,"turns":6},{"damage":0,"enemies":"3 Shapes","floor":36,"turns":5},{"damage":8,"enemies":"3 Darklings","floor":37,"turns":5},{"damage":0,"enemies":"Sphere and 2 Shapes","floor":41,"turns":2},{"damage":0,"enemies":"Maw","floor":42,"turns":6},{"damage":75,"enemies":"Nightmare","floor":44,"turns":9},{"damage":37,"enemies":"Giant Head","floor":46,"turns":7}],"seed_played":"8294268350045277297","potions_obtained":[{"floor":9,"key":"BlessingOfTheForge"},{"floor":14,"key":"Weak Potion"},{"floor":15,"key":"Reflective Coating"},{"floor":21,"key":"BlessingOfTheForge"},{"floor":27,"key":"Death Potion"},{"floor":32,"key":"SmokeBomb"},{"floor":33,"key":"Explosive Potion"},{"floor":44,"key":"Adrenaline Potion"}],"is_trial":false,"path_per_floor":["R_BF","M","M","?","M","$","T","$","M","R","M","M","?","M","M","B",null,"R","M","$","?","AVR","M","T","M","M","M","R","M","R","$","M","B",null,"R_BF","M","M","?","PTL","PTL","M","M","T","NM","$","E"],"character_chosen":"SLIMEBOUND","items_purchased":["Slimebound:SplitMire","Slimebound:MegaLick","Replay:SS_hec_1","HandDrill","Slimebound:Gluttony","aspiration:FrozenJewel"],"campfire_rested":1,"item_purchase_floors":[6,20,20,20,31,31],"current_hp_per_floor":[65,60,59,59,60,65,65,61,58,58,60,65,65,58,57,46,65,65,36,42,42,42,51,51,52,53,48,48,36,57,45,46,39,73,73,74,73,73,73,73,76,77,77,5,5,0,0,0],"gold":1158,"neow_bonus":"ONE_RARE_RELIC","is_daily":false,"chose_seed":false,"campfire_upgraded":4,"win_rate":0.0,"timestamp":1612240101,"path_taken":["R_BF","M","M","?","M","$","T","?","M","R","M","M","?","M","M","BOSS","R","M","$","?","AVR","?","T","M","M","M","R","M","R","?","M","BOSS","R_BF","M","M","?","PTL","PTL","M","M","T","NM","$","E"],"items_purchased_type":["Card","Card","Card","Relic","Card","Relic"],"build_version":"2020-12-22","purchased_purges":2,"victory":false,"max_hp_per_floor":[65,65,65,65,65,65,65,65,65,65,65,65,65,65,65,65,65,65,65,65,65,65,66,66,67,68,69,69,70,70,71,72,73,73,73,74,75,75,75,75,76,77,77,78,78,78,78,78],"card_choices":[{"not_picked":["Slimebound:Nibble","Slimebound:Chomp"],"picked":"Slimebound:Schlurp","floor":2},{"not_picked":["Slimebound:PressTheAttack","Slimebound:GoopSpray"],"picked":"Slimebound:FinishingTackle","floor":3},{"not_picked":["Slimebound:RollThrough","Slimebound:FinishingTackle"],"picked":"Slimebound:Grow","floor":5},{"not_picked":["Slimebound:Equalize","Slimebound:ForwardTackle"],"picked":"Slimebound:SpikyOuterGoop","floor":6},{"not_picked":["Slimebound:SamplingLick","Slimebound:SplitAcid"],"picked":"Slimebound:LeechingTouch","floor":8},{"not_picked":["Slimebound:LeadByExample","Slimebound:ItLooksTasty"],"picked":"Slimebound:LeechEnergy","floor":9},{"not_picked":["Slimebound:SplitLeeching","Slimebound:LeechEnergy","Slimebound:SamplingLick"],"picked":"SKIP","floor":11},{"not_picked":["Slimebound:ViciousTackle","Slimebound:LivingWall"],"picked":"Slimebound:TongueLash","floor":12},{"not_picked":["Slimebound:DuplicatedForm","Slimebound:PressTheAttack"],"picked":"Slimebound:ItLooksTasty","floor":14},{"not_picked":["Slimebound:SlimeBrawl","Slimebound:AcidTongue"],"picked":"Slimebound:RejuvenatingLick","floor":15},{"not_picked":["Slimebound:TongueLash","Slimebound:SplitBruiser"],"picked":"Slimebound:Schlurp+1","floor":19},{"not_picked":["Slimebound:DisruptingSlam","Slimebound:ItLooksTasty"],"picked":"Slimebound:LeadByExample","floor":20},{"not_picked":["Slimebound:Prepare+1","Slimebound:SpikyOuterGoop"],"picked":"Slimebound:SamplingLick+1","floor":21},{"not_picked":["Slimebound:SplitAcid+1","Slimebound:Equalize","Slimebound:MinionMaster"],"picked":"SKIP","floor":23},{"not_picked":["Slimebound:ViciousTackle","Slimebound:Prepare","Slimebound:LeechingTouch"],"picked":"SKIP","floor":25},{"not_picked":["Slimebound:ComboTackle","Slimebound:RainOfGoop"],"picked":"Slimebound:Gluttony+1","floor":26},{"not_picked":["Slimebound:Prepare","Slimebound:Nibble","Slimebound:SplitBruiser"],"picked":"SKIP","floor":27},{"not_picked":["Slimebound:ProtectTheBoss+1","Slimebound:Grow","Slimebound:ItLooksTasty+1"],"picked":"SKIP","floor":29},{"not_picked":["Slimebound:ComboTackle","Slimebound:Prepare"],"picked":"Slimebound:Repurpose+1","floor":31},{"not_picked":["Slimebound:RollThrough","Slimebound:FinishingTackle","Slimebound:SamplingLick"],"picked":"SKIP","floor":32},{"not_picked":["Slimebound:SplitAcid+1","Slimebound:Schlurp","Slimebound:SlimeTap"],"picked":"SKIP","floor":36},{"not_picked":["Slimebound:Prepare+1","Slimebound:Replication+1"],"picked":"Slimebound:LeechEnergy","floor":37},{"not_picked":["Slimebound:FlameTackle","Slimebound:PressTheAttack+1"],"picked":"Slimebound:ViciousTackle+1","floor":42},{"not_picked":["Slimebound:MassFeed","Slimebound:MinionMaster","Slimebound:PrepareCrush"],"picked":"SKIP","floor":44}],"player_experience":333245,"relics_obtained":[{"floor":7,"key":"Mummified Hand"},{"floor":19,"key":"wanderingMiniBosses:MasterThiefsPresence"},{"floor":21,"key":"downfall:CloakOfManyFaces"},{"floor":43,"key":"aspiration:Lifesprig"},{"floor":44,"key":"infinitespire:WardingShard"}],"event_choices":[],"is_beta":false,"boss_relics":[{"not_picked":["energizedSpire:DeadBattery","conspire:RunicOctahedron","Pandora\u0027s Box"]},{"not_picked":["hubris:TerracottaHorce","hubris:ScarierMask"],"picked":"Ring of Chaos"}],"items_purged_floors":[31,45],"is_endless":true,"potions_floor_spawned":[9,14,15,16,19,21,27,29,32,33,41,44],"killed_by":"Giant Head","ascension_level":0}}