{"host":"m7jrdcbl89w2s34c","time":1612275142,"event":{"mods":["AchievementEnabler","BaseMod","Bestiary","Block Reminder","Colored Map","Colored Powertips","Minty Spire (QoL Compilation)","Permanent Neow","Relic Stats","StSLib"],"gold_per_floor":[117,117,127,86,104,131,131,163,163,173,203,168,138,149,149,250,250,263,263,263,277,21,21,48,60,60,93,104,104,114,143,143,247,247,261,277,277,293,313,313,344,363,436,436,436,47,47,77,77,77,77,77,10,37,37,37],"floor_reached":55,"language":"ENG","playtime":3090,"items_purged":[],"score":1076,"play_id":"cc3835ef-8503-47aa-b333-cb635c12481d","local_time":"20210202151222","is_ascension_mode":true,"campfire_choices":[{"data":"Storm","floor":7,"key":"SMITH"},{"data":"Storm","floor":15,"key":"SMITH"},{"data":"RitualDagger","floor":23,"key":"SMITH"},{"data":"BootSequence","floor":29,"key":"SMITH"},{"data":"Buffer","floor":32,"key":"SMITH"},{"data":"Defragment","floor":40,"key":"SMITH"},{"floor":45,"key":"RECALL"},{"data":"Echo Form","floor":49,"key":"SMITH"},{"data":"Force Field","floor":52,"key":"SMITH"}],"circlet_count":0,"master_deck":["Strike_B+1","Strike_B","Strike_B","Defend_B","Defend_B","Defend_B","Defend_B","Zap","Dualcast","Machine Learning","Storm+1","Defragment+1","Turbo","Self Repair","Consume","Storm+1","BootSequence+1","Force Field+1","Echo Form+1","Undo","RitualDagger+1","Cold Snap+1","Conserve Battery","Sweeping Beam+1","Storm+1","Glacier","Storm","Conserve Battery","Buffer+1","Hyperbeam","Double Energy","Cold Snap+1","Hello World","Amplify"],"relics":["Cracked Core","MealTicket","FossilizedHelix","Regal Pillow","Shuriken","Symbiotic Virus","Inserter","FaceOfCleric","ClockworkSouvenir","Juzu Bracelet","Eternal Feather","PreservedInsect","Boot","Busted Crown","Mercury Hourglass","Ice Cream","Whetstone","Turnip"],"acts_visited":["Exordium","TheCity","TheBeyond","TheEnding"],"potions_floor_usage":[8,11,16,21,27,33,38,50,54],"damage_taken":[{"damage":3,"enemies":"Small Slimes","floor":1,"turns":2},{"damage":2,"enemies":"2 Louse","floor":3,"turns":3},{"damage":8,"enemies":"Jaw Worm","floor":5,"turns":4},{"damage":18,"enemies":"Gremlin Nob","floor":6,"turns":4},{"damage":10,"enemies":"Lagavulin","floor":8,"turns":5},{"damage":7,"enemies":"3 Louse","floor":10,"turns":3},{"damage":11,"enemies":"Gremlin Nob","floor":11,"turns":4},{"damage":0,"enemies":"Red Slaver","floor":14,"turns":2},{"damage":43,"enemies":"Hexaghost","floor":16,"turns":10},{"damage":28,"enemies":"Shell Parasite","floor":18,"turns":4},{"damage":19,"enemies":"3 Byrds","floor":21,"turns":3},{"damage":27,"enemies":"Book of Stabbing","floor":24,"turns":5},{"damage":0,"enemies":"Cultist and Chosen","floor":25,"turns":6},{"damage":0,"enemies":"Gremlin Leader","floor":27,"turns":4},{"damage":18,"enemies":"Snake Plant","floor":28,"turns":4},{"damage":0,"enemies":"Snecko","floor":30,"turns":3},{"damage":8,"enemies":"Book of Stabbing","floor":31,"turns":3},{"damage":0,"enemies":"Collector","floor":33,"turns":9},{"damage":0,"enemies":"Orb Walker","floor":35,"turns":3},{"damage":31,"enemies":"3 Darklings","floor":36,"turns":4},{"damage":26,"enemies":"Sphere and 2 Shapes","floor":38,"turns":3},{"damage":0,"enemies":"Spire Growth","floor":39,"turns":4},{"damage":90,"enemies":"Reptomancer","floor":41,"turns":5},{"damage":0,"enemies":"Writhing Mass","floor":42,"turns":6},{"damage":0,"enemies":"Giant Head","floor":48,"turns":6},{"damage":83,"enemies":"Donu and Deca","floor":50,"turns":8},{"damage":84,"enemies":"Shield and Spear","floor":54,"turns":5},{"damage":54,"enemies":"The Heart","floor":55,"turns":3}],"seed_played":"-2352358660571018671","potions_obtained":[{"floor":1,"key":"Fire Potion"},{"floor":3,"key":"CultistPotion"},{"floor":5,"key":"ColorlessPotion"},{"floor":13,"key":"FairyPotion"},{"floor":13,"key":"EssenceOfSteel"},{"floor":16,"key":"Fruit Juice"},{"floor":25,"key":"Weak Potion"},{"floor":27,"key":"LiquidBronze"},{"floor":31,"key":"SkillPotion"},{"floor":36,"key":"LiquidMemories"},{"floor":42,"key":"SpeedPotion"}],"is_trial":false,"path_per_floor":["M","?","M","?","M","E","R","E","T","M","E","?","?","M","R","B",null,"M","?","?","M","$","R","E","M","T","E","M","R","M","E","R","B",null,"M","M","$","M","M","R","E","M","T","?","R","$","?","E","R","B",null,"R","$","E","B"],"character_chosen":"DEFECT","items_purchased":["ClockworkSouvenir","Cold Snap","Conserve Battery","Hello World","Ice Cream","Amplify"],"campfire_rested":0,"item_purchase_floors":[22,22,22,46,46,53],"current_hp_per_floor":[72,65,63,63,55,37,37,34,34,34,30,48,48,55,55,19,75,54,48,48,37,52,52,33,48,48,63,53,68,69,69,82,83,83,84,54,69,44,45,63,18,26,26,26,44,59,59,74,90,15,91,91,91,20,0,0],"gold":37,"neow_bonus":"ONE_RANDOM_RARE_CARD","is_daily":false,"chose_seed":false,"campfire_upgraded":8,"win_rate":0.0,"timestamp":1612275142,"path_taken":["M","?","M","?","M","E","R","E","T","M","E","?","?","?","R","BOSS","M","?","?","?","$","R","E","M","T","E","M","R","M","E","R","BOSS","M","M","$","M","M","R","E","M","T","?","R","$","?","E","R","BOSS","R","$","E","BOSS"],"items_purchased_type":["Relic","Card","Card","Card","Relic","Card"],"build_version":"2020-12-22","purchased_purges":0,"victory":false,"max_hp_per_floor":[75,75,75,75,75,75,75,75,75,75,75,75,75,75,75,75,75,75,75,75,76,76,76,77,78,78,79,80,80,81,82,82,83,83,84,85,85,86,87,87,88,89,89,89,89,89,89,90,90,91,91,91,91,97,97,97],"relic_stats":{"Regal Pillow":0,"Inserter":[44],"counters":[28,125],"Eternal Feather":80,"PreservedInsect":292,"Juzu Bracelet":0,"Whetstone":["Strike_B","Cold Snap"],"Boot":[1],"Mercury Hourglass":[78],"Busted Crown":18,"FaceOfCleric":17,"Shuriken":[3],"MealTicket":45,"Turnip":[2],"obtain_stats":[{"Ice Cream":46,"Regal Pillow":8,"Inserter":17,"Eternal Feather":26,"PreservedInsect":27,"Juzu Bracelet":24,"Whetstone":48,"Boot":31,"ClockworkSouvenir":22,"Mercury Hourglass":41,"Busted Crown":34,"FaceOfCleric":20,"Shuriken":9,"MealTicket":2,"Turnip":54,"Cracked Core":0,"Symbiotic Virus":11,"FossilizedHelix":6},{"Ice Cream":24,"Regal Pillow":5,"Inserter":9,"Eternal Feather":13,"PreservedInsect":14,"Juzu Bracelet":12,"Whetstone":25,"Boot":17,"ClockworkSouvenir":11,"Mercury Hourglass":23,"Busted Crown":18,"FaceOfCleric":10,"Shuriken":5,"MealTicket":1,"Turnip":27,"Cracked Core":0,"Symbiotic Virus":7,"FossilizedHelix":4},{"Ice Cream":103,"Regal Pillow":18,"Inserter":37,"Eternal Feather":55,"PreservedInsect":59,"Juzu Bracelet":49,"Whetstone":109,"Boot":69,"ClockworkSouvenir":44,"Mercury Hourglass":97,"Busted Crown":78,"FaceOfCleric":41,"Shuriken":18,"MealTicket":2,"Turnip":122,"Cracked Core":0,"Symbiotic Virus":25,"FossilizedHelix":13}]},"card_choices":[{"not_picked":["Consume","Doom and Gloom"],"picked":"Storm","floor":1},{"not_picked":["Consume","Lockon"],"picked":"Defragment","floor":3},{"not_picked":["Doom and Gloom","Leap"],"picked":"Turbo","floor":5},{"not_picked":["Melter","Scrape"],"picked":"Self Repair","floor":6},{"not_picked":["Darkness","Rebound"],"picked":"Consume","floor":8},{"not_picked":["Hello World","Scrape"],"picked":"Storm","floor":10},{"not_picked":["Chill","Recycle"],"picked":"BootSequence","floor":11},{"not_picked":["Conserve Battery","Rebound"],"picked":"Force Field","floor":14},{"not_picked":["All For One","Reboot"],"picked":"Echo Form","floor":16},{"not_picked":["Sunder","Sweeping Beam"],"picked":"Undo","floor":18},{"not_picked":["BootSequence","Leap","Chaos"],"picked":"SKIP","floor":21},{"not_picked":["Doom and Gloom","Scrape"],"picked":"Sweeping Beam+1","floor":24},{"not_picked":["Lockon","Scrape"],"picked":"Storm+1","floor":25},{"not_picked":["Steam","Cold Snap+1"],"picked":"Glacier","floor":27},{"not_picked":["Doom and Gloom","Go for the Eyes"],"picked":"Storm","floor":28},{"not_picked":["Gash","Fusion"],"picked":"Conserve Battery","floor":30},{"not_picked":["Cold Snap+1","Consume"],"picked":"Buffer","floor":31},{"not_picked":["Seek","Machine Learning"],"picked":"Hyperbeam","floor":33},{"not_picked":[],"picked":"Double Energy","floor":35},{"not_picked":["Gash+1"],"picked":"SKIP","floor":36},{"not_picked":["Hologram"],"picked":"SKIP","floor":38},{"not_picked":[],"picked":"Cold Snap+1","floor":39},{"not_picked":["Lockon+1"],"picked":"SKIP","floor":41},{"not_picked":["Blizzard"],"picked":"SKIP","floor":42},{"not_picked":["Stack"],"picked":"SKIP","floor":48},{"not_picked":["Reboot"],"picked":"SKIP","floor":54}],"player_experience":194466,"relics_obtained":[{"floor":6,"key":"FossilizedHelix"},{"floor":8,"key":"Regal Pillow"},{"floor":9,"key":"Shuriken"},{"floor":11,"key":"Symbiotic Virus"},{"floor":24,"key":"Juzu Bracelet"},{"floor":26,"key":"Eternal Feather"},{"floor":27,"key":"PreservedInsect"},{"floor":31,"key":"Boot"},{"floor":41,"key":"Mercury Hourglass"},{"floor":48,"key":"Whetstone"},{"floor":54,"key":"Turnip"}],"event_choices":[{"damage_healed":0,"gold_gain":0,"player_choice":"Success","damage_taken":7,"relics_obtained":["MealTicket"],"max_hp_gain":0,"max_hp_loss":0,"event_name":"Scrap Ooze","floor":2,"gold_loss":0},{"damage_healed":0,"gold_gain":0,"player_choice":"Left Gold","damage_taken":0,"max_hp_gain":0,"max_hp_loss":0,"event_name":"World of Goop","floor":4,"gold_loss":41},{"damage_healed":18,"gold_gain":0,"player_choice":"Healed","damage_taken":0,"max_hp_gain":0,"max_hp_loss":0,"event_name":"The Cleric","floor":12,"gold_loss":35},{"damage_healed":0,"gold_gain":0,"player_choice":"Bought 2 Potions","damage_taken":0,"max_hp_gain":0,"max_hp_loss":0,"event_name":"The Woman in Blue","floor":13,"gold_loss":0},{"damage_healed":0,"gold_gain":0,"player_choice":"Joined the Cult","damage_taken":6,"max_hp_gain":0,"max_hp_loss":0,"event_name":"Nest","floor":19,"gold_loss":0,"cards_obtained":["RitualDagger"]},{"damage_healed":0,"gold_gain":0,"player_choice":"Trade","damage_taken":0,"relics_obtained":["FaceOfCleric"],"max_hp_gain":0,"max_hp_loss":0,"event_name":"FaceTrader","floor":20,"gold_loss":0},{"cards_removed":["Strike_B"],"damage_healed":0,"gold_gain":0,"player_choice":"Removed Attack","damage_taken":0,"max_hp_gain":0,"max_hp_loss":0,"event_name":"Falling","floor":44,"gold_loss":0},{"damage_healed":0,"gold_gain":0,"player_choice":"Memory 1","damage_taken":0,"max_hp_gain":0,"max_hp_loss":0,"event_name":"SensoryStone","floor":47,"gold_loss":0}],"is_beta":false,"boss_relics":[{"not_picked":["Sozu","Nuclear Battery"],"picked":"Inserter"},{"not_picked":["SacredBark","Black Star"],"picked":"Busted Crown"}],"items_purged_floors":[],"is_endless":false,"potions_floor_spawned":[1,3,5,14,16,25,27,28,31,36,42],"killed_by":"The Heart","ascension_level":4}}