{"host":"benup6enu91i1qg3","time":1612269050,"event":{"mods":["Act Like it!","BaseMod","Challenge The Spire","Downfall","Minty Spire (QoL Compilation)","Reorder Act Four","Replay The Spire","StSLib","UnlockEverythingMod","¡¾ÒÅÎï¿¨ÅÆ¡¿REMEMod"],"gold_per_floor":[99,113,113,113,127,127,154,182,182,200,200,218,218,210,224,224,224,224],"floor_reached":16,"language":"ZHS","playtime":1395,"items_purged":[],"score":100,"play_id":"1c1a1a6f-abcb-451c-880f-3ab02b5f8fbd","local_time":"20210202203050","is_ascension_mode":false,"campfire_choices":[{"floor":1,"key":"DIG"},{"data":"hexamod:TimeOfNeed","floor":6,"key":"SMITH"},{"data":"sneckomod:UnknownRareAttack","floor":9,"key":"SMITH"},{"data":"hexamod:Float","floor":11,"key":"SMITH"}],"circlet_count":0,"master_deck":["hexamod:Defend+1","hexamod:Defend","hexamod:Defend+1","hexamod:Defend","hexamod:Sear","hexamod:Float+1","sneckomod:UnknownRareAttack+1","hexamod:CatchUp","hexamod:SkipABeat","hexamod:GhostLash","downfall:Aged","hexamod:TimeOfNeed+1","hexamod:GhostflameBarrier","hexamod:EmpoweredFlame","hexamod:ThirdSeal","hexamod:SpectralAdrenaline+1","hexamod:BurningTouch","downfall:Malfunctioning","hexamod:FirstSeal","hexamod:SecondSeal","hexamod:ParanormalForm"],"relics":["hexamod:SpiritBrand","REME_ComplimentaryCards","Gambling Chip","Oddly Smooth Stone","REME_LimitBreaker"],"acts_visited":["Exordium"],"potions_floor_usage":[16],"damage_taken":[{"damage":1,"enemies":"Jaw Worm","floor":2,"turns":3},{"damage":0,"enemies":"2 Louse","floor":5,"turns":2},{"damage":31,"enemies":"3 Sentries","floor":8,"turns":9},{"damage":0,"enemies":"Cultist","floor":10,"turns":4},{"damage":10,"enemies":"Gremlin Gang","floor":12,"turns":10},{"damage":1,"enemies":"3 Louse","floor":15,"turns":2},{"damage":10,"enemies":"WA_ARCHETYPE_RETAIN","floor":16,"turns":7}],"seed_played":"-5997883720432756069","potions_obtained":[{"floor":8,"key":"Elixir"},{"floor":12,"key":"FearPotion"},{"floor":15,"key":"bronze:BurnAndBuffPotion"}],"is_trial":false,"path_per_floor":["R","M","?","?","M","R","T","E","R","M","R","M","?","?","M","B"],"character_chosen":"THE_SPIRIT","items_purchased":[],"campfire_rested":0,"item_purchase_floors":[],"current_hp_per_floor":[77,76,76,76,76,76,76,45,45,45,45,35,35,28,27,17,17,17],"gold":224,"neow_bonus":"TEN_PERCENT_HP_BONUS","is_daily":false,"chose_seed":false,"campfire_upgraded":3,"win_rate":0.0,"timestamp":1612269050,"path_taken":["R","M","?","?","M","R","T","E","R","?","R","?","?","?","M","BOSS"],"items_purchased_type":[],"build_version":"2020-12-22","purchased_purges":0,"victory":false,"max_hp_per_floor":[77,77,77,77,77,77,77,77,77,77,77,77,77,77,77,77,77,77],"card_choices":[{"not_picked":["hexamod:ShieldOfDarkness","hexamod:GhostShield"],"picked":"hexamod:CatchUp","floor":2},{"not_picked":["hexamod:Firestarter","hexamod:Again"],"picked":"hexamod:GhostflameBarrier","floor":5},{"not_picked":["hexamod:AdvancingGuard","hexamod:GhostOfSpireFuture"],"picked":"hexamod:EmpoweredFlame","floor":8},{"not_picked":["hexamod:HeatCrush","hexamod:GhostOfSpireFuture"],"picked":"hexamod:ThirdSeal","floor":10},{"not_picked":["hexamod:NightmareStrike","hexamod:BacktrackSmack"],"picked":"hexamod:SpectralAdrenaline","floor":12},{"not_picked":["hexamod:ShieldOfDarkness","hexamod:GhostShield"],"picked":"hexamod:BurningTouch","floor":12},{"not_picked":["hexamod:PhantomFireball","hexamod:Firestarter"],"picked":"hexamod:ParanormalForm","floor":15}],"player_experience":38052,"relics_obtained":[{"floor":1,"key":"Gambling Chip"},{"floor":7,"key":"Oddly Smooth Stone"},{"floor":8,"key":"REME_LimitBreaker"}],"event_choices":[],"is_beta":false,"boss_relics":[],"items_purged_floors":[],"is_endless":false,"potions_floor_spawned":[8,12,15],"killed_by":"WA_ARCHETYPE_RETAIN","ascension_level":0}}