{"host":"tp44ibfkhs2l94sg","time":1612238700,"event":{"mods":["BaseMod","Downfall","Minty Spire (QoL Compilation)","StSLib"],"gold_per_floor":[99,112,125,125,142,167,192,223,223,223,252,152,168,187,214,312,312,312,347,383,395,407,419,478,490,521,833,856,886,898,354,377,490,490,490,502,518,568,123,123,123,136,161,61,39,72,72,72,72],"floor_reached":47,"language":"ENG","playtime":3932,"items_purged":["downfall:Malfunctioning","downfall:Bewildered"],"score":680,"play_id":"dca1c2a3-e791-423e-bfaa-f5829d79aa6c","local_time":"20210201200500","is_ascension_mode":false,"campfire_choices":[{"data":"sneckomod:SnekBite","floor":1.0,"key":"SMITH"},{"floor":12.0,"key":"REST"},{"floor":18.0,"key":"DIG"},{"floor":23.0,"key":"DIG"},{"floor":27.0,"key":"DIG"},{"floor":30.0,"key":"DIG"},{"floor":35.0,"key":"DIG"},{"floor":40.0,"key":"DIG"},{"floor":44.0,"key":"DIG"}],"circlet_count":0,"master_deck":["sneckomod:Strike","sneckomod:Strike","sneckomod:Strike","sneckomod:Defend+1","sneckomod:Defend","sneckomod:Defend","sneckomod:TailWhip","sneckomod:SnekBite+1","sneckomod:Unknown","sneckomod:Unknown+1","sneckomod:UnknownClassHEXA_GHOST_PURPLE+1","sneckomod:UnknownClassHEXA_GHOST_PURPLE","sneckomod:UnknownClassHEXA_GHOST_PURPLE+1","sneckomod:UnknownClassHEXA_GHOST_PURPLE","sneckomod:UnknownClassHEXA_GHOST_PURPLE+1","hexamod:Again+1","sneckomod:UnknownX","sneckomod:Rotation+1","hexamod:GiftsFromTheDead","sneckomod:DiceBlock+1","hexamod:SearingWound+1","sneckomod:DiceBlock","sneckomod:UnknownRareAttack+1","hexamod:ForkedFlame+1","sneckomod:Rotation","sneckomod:Unknown2Cost+1","hexamod:UnleashSpirits","sneckomod:TrashToTreasure+1","sneckomod:UnknownStrike","sneckomod:UnknownRareSkill","hexamod:FirstSeal","hexamod:ApocalypseNow+1","sneckomod:UnknownClassHEXA_GHOST_PURPLE","sneckomod:UnknownBoss","expansioncontent:DashGenerateEvil","hexamod:ApocalypticArmor","hexamod:ApocalypticArmor","hexamod:UnlimitedPower","sneckomod:UnknownX+1","sneckomod:SnakeSap","sneckomod:UnknownWeak","hexamod:GhostflameInferno","hexamod:ApocalypseNow","sneckomod:UnknownExhaust+1","expansioncontent:DashGenerateEvil"],"relics":["sneckomod:SneckoBoss","Toy Ornithopter","sneckomod:LoadedDie","Pear","Shovel","downfall:HeartBlessingGreen","Busted Crown","MawBank","Orichalcum","Blood Vial","sneckomod:BabySnecko","Old Coin","sneckomod:ConfusingCodex","ClockworkSouvenir","Lantern","hexamod:TheBrokenSeal","SlaversCollar","The Courier","Bird Faced Urn","Sling","Art of War","Bronze Scales","Blue Candle","Eternal Feather","downfall:HeartBlessingBlue","Dream Catcher","Kunai","Question Card"],"acts_visited":["Exordium","TheCity","TheBeyond"],"potions_floor_usage":[],"damage_taken":[{"damage":0.0,"enemies":"2 Louse","floor":2.0,"turns":3.0},{"damage":5.0,"enemies":"Small Slimes","floor":3.0,"turns":2.0},{"damage":16.0,"enemies":"Jaw Worm","floor":5.0,"turns":4.0},{"damage":45.0,"enemies":"Lagavulin","floor":6.0,"turns":7.0},{"damage":24.0,"enemies":"Gremlin Nob","floor":8.0,"turns":5.0},{"damage":8.0,"enemies":"Lagavulin","floor":11.0,"turns":5.0},{"damage":18.0,"enemies":"2 Fungi Beasts","floor":13.0,"turns":5.0},{"damage":8.0,"enemies":"Large Slime","floor":14.0,"turns":7.0},{"damage":21.0,"enemies":"Exordium Thugs","floor":15.0,"turns":4.0},{"damage":50.0,"enemies":"WA_ARCHETYPE_RETAIN","floor":16.0,"turns":8.0},{"damage":18.0,"enemies":"Shell Parasite","floor":19.0,"turns":7.0},{"damage":68.0,"enemies":"Cultist and Chosen","floor":20.0,"turns":8.0},{"damage":3.0,"enemies":"Snake Plant","floor":26.0,"turns":6.0},{"damage":1.0,"enemies":"Snecko","floor":28.0,"turns":4.0},{"damage":12.0,"enemies":"3 Cultists","floor":29.0,"turns":3.0},{"damage":0.0,"enemies":"downfall:FleeingMerchant","floor":31.0,"turns":4.0},{"damage":20.0,"enemies":"Cultist and Chosen","floor":32.0,"turns":7.0},{"damage":75.0,"enemies":"DF_ARCHETYPE_CLAW","floor":33.0,"turns":7.0},{"damage":21.0,"enemies":"3 Shapes","floor":36.0,"turns":3.0},{"damage":0.0,"enemies":"Orb Walker","floor":37.0,"turns":4.0},{"damage":19.0,"enemies":"Orb Walker","floor":38.0,"turns":5.0},{"damage":4.0,"enemies":"downfall:FleeingMerchant","floor":39.0,"turns":4.0},{"damage":16.0,"enemies":"Spire Growth","floor":42.0,"turns":3.0},{"damage":5.0,"enemies":"Nemesis","floor":43.0,"turns":4.0},{"damage":0.0,"enemies":"downfall:FleeingMerchant","floor":45.0,"turns":1.0},{"damage":11.0,"enemies":"Giant Head","floor":46.0,"turns":5.0},{"damage":0,"enemies":"Jaw Worm Horde","floor":47,"turns":1}],"seed_played":"6883086375546790743","potions_obtained":[{"floor":2.0,"key":"bronze:BurnAndBuffPotion"},{"floor":6.0,"key":"SteroidPotion"},{"floor":14.0,"key":"DistilledChaos"},{"floor":15.0,"key":"AttackPotion"},{"floor":19.0,"key":"LiquidBronze"},{"floor":19.0,"key":"LiquidBronze"},{"floor":20.0,"key":"LiquidMemories"},{"floor":26.0,"key":"hexamod:SoulburnPotion"},{"floor":29.0,"key":"GamblersBrew"},{"floor":33.0,"key":"sneckomod:MuddlingPotion"},{"floor":38.0,"key":"PowerPotion"},{"floor":42.0,"key":"ColorlessPotion"}],"is_trial":false,"path_per_floor":["R","M","M","?","M","E","T","E","?","?","E","R","M","M","M","B",null,"R","M","M","?","?","R","T","?","M","R","M","M","R","$","M","B",null,"R","M","M","?","$","R","T","M","E","R","$","E","M"],"character_chosen":"THE_SNECKO","items_purchased":["expansioncontent:DashGenerateEvil","ClockworkSouvenir","Lantern","Sling","Art of War","Bronze Scales","Kunai","expansioncontent:DashGenerateEvil"],"campfire_rested":1,"item_purchase_floors":[31,31,31,39,39,39,45,45],"current_hp_per_floor":[90,90,85,90,74,29,29,27,27,27,31,62,61,60,51,13,105,105,94,38,38,73,73,73,73,86,86,94,96,96,105,107,51,115,115,94,108,98,102,102,102,88,89,123,125,125,125,125,125],"gold":72,"neow_bonus":"BOSS_RELIC","is_daily":false,"chose_seed":false,"campfire_upgraded":1,"win_rate":0.0,"timestamp":1612238700,"path_taken":["R","M","M","?","M","E","T","E","?","?","E","R","M","M","M","BOSS","R","M","M","?","?","R","T","?","M","R","M","M","R","$","M","BOSS","R","M","M","?","?","R","T","M","E","R","$","E","M"],"items_purchased_type":["Card","Relic","Relic","Relic","Relic","Relic","Relic","Card"],"build_version":"2020-12-22","purchased_purges":2,"victory":false,"max_hp_per_floor":[90,90,90,95,95,95,95,105,105,105,105,105,105,105,105,105,105,105,105,105,105,105,105,105,105,105,105,105,105,105,105,115,115,115,115,115,115,115,115,115,115,115,115,125,125,125,125,125,125],"card_choices":[{"not_picked":["hexamod:AdvancingGuard","hexamod:Hexaguard"],"picked":"hexamod:Again","floor":2.0},{"not_picked":["sneckomod:SoulRoll","sneckomod:UnknownClassRED","sneckomod:UnknownX"],"picked":"SKIP","floor":2.0},{"not_picked":["sneckomod:SoulRoll","sneckomod:UnknownClassRED"],"picked":"sneckomod:UnknownX","floor":2.0},{"not_picked":["hexamod:Float","hexamod:RetreatToShadows"],"picked":"hexamod:FifthSeal","floor":3.0},{"not_picked":["sneckomod:UnknownStrike","sneckomod:UnknownCommonSkill"],"picked":"sneckomod:Rotation","floor":3.0},{"not_picked":["hexamod:RadiantFlame","hexamod:GhostOfSpirePast"],"picked":"hexamod:GiftsFromTheDead","floor":5.0},{"not_picked":["hexamod:ThirdSeal","hexamod:FourthSeal"],"picked":"hexamod:SixthSeal","floor":5.0},{"not_picked":["sneckomod:UnknownBlock","sneckomod:UnknownUncommonAttack"],"picked":"sneckomod:DiceBlock","floor":5.0},{"not_picked":["hexamod:SpectralSpark","hexamod:GhostLash"],"picked":"hexamod:SearingWound","floor":6.0},{"not_picked":["hexamod:FourthSeal","hexamod:ThirdSeal"],"picked":"hexamod:FirstSeal","floor":6.0},{"not_picked":["sneckomod:QuickMove","sneckomod:IronFang"],"picked":"sneckomod:DiceBlock","floor":6.0},{"not_picked":["sneckomod:ImprovisedGuard","sneckomod:UnknownWeak"],"picked":"sneckomod:UnknownRareAttack","floor":8.0},{"not_picked":["hexamod:RadiantFlame","hexamod:EtherealExpedition"],"picked":"hexamod:ForkedFlame","floor":8.0},{"not_picked":["sneckomod:QuickBite","sneckomod:UnknownX"],"picked":"sneckomod:Rotation","floor":11.0},{"not_picked":["sneckomod:SoulDraw","sneckomod:RainOfDice"],"picked":"sneckomod:Unknown2Cost","floor":13.0},{"not_picked":["sneckomod:SoulCleanse","sneckomod:QuickBite","sneckomod:UnknownCommonAttack"],"picked":"SKIP","floor":13.0},{"not_picked":["hexamod:Incineration","hexamod:RecurringNightmare"],"picked":"hexamod:UnleashSpirits","floor":14.0},{"not_picked":["hexamod:SixthSeal","hexamod:ThirdSeal"],"picked":"hexamod:SecondSeal","floor":14.0},{"not_picked":["sneckomod:UnknownClassHEXA_GHOST_PURPLE","sneckomod:MasterEye"],"picked":"sneckomod:TrashToTreasure","floor":14.0},{"not_picked":["hexamod:SixthSeal","hexamod:SecondSeal"],"picked":"hexamod:FourthSeal","floor":15.0},{"not_picked":["sneckomod:UnknownClassTHE_CHAMP_GRAY","sneckomod:SerpentIdol"],"picked":"sneckomod:UnknownStrike","floor":15.0},{"not_picked":["sneckomod:DangerNoodle","sneckomod:MorePower"],"picked":"sneckomod:UnknownRareSkill","floor":16.0},{"not_picked":["sneckomod:UnknownClassTHE_CHAMP_GRAY"],"picked":"SKIP","floor":19.0},{"not_picked":["hexamod:SixthSeal","hexamod:FourthSeal"],"picked":"hexamod:FirstSeal","floor":20.0},{"not_picked":["sneckomod:SoulRoll"],"picked":"SKIP","floor":20.0},{"not_picked":["hexamod:Toasty","hexamod:HeatMetal"],"picked":"hexamod:ApocalypseNow","floor":26.0},{"not_picked":[],"picked":"sneckomod:UnknownClassHEXA_GHOST_PURPLE","floor":26.0},{"not_picked":["sneckomod:UnknownCommonAttack"],"picked":"SKIP","floor":28.0},{"not_picked":[],"picked":"sneckomod:UnknownBoss","floor":29.0},{"not_picked":["sneckomod:DiceCrush"],"picked":"SKIP","floor":31.0},{"not_picked":["sneckomod:QuickBite"],"picked":"SKIP","floor":31.0},{"not_picked":["hexamod:ExtraCrispy","hexamod:ThirdSeal"],"picked":"hexamod:ApocalypticArmor","floor":32.0},{"not_picked":["sneckomod:SoulCleanse"],"picked":"SKIP","floor":32.0},{"not_picked":["hexamod:Strike","hexamod:SearingWound"],"picked":"hexamod:ApocalypticArmor","floor":33.0},{"not_picked":["hexamod:SpectersWail","hexamod:Again"],"picked":"hexamod:UnlimitedPower","floor":36.0},{"not_picked":[],"picked":"sneckomod:UnknownX+1","floor":36.0},{"not_picked":[],"picked":"sneckomod:SnakeSap","floor":37.0},{"not_picked":["sneckomod:UnknownExhaust+1"],"picked":"SKIP","floor":37.0},{"not_picked":["sneckomod:UnknownCommonSkill+1"],"picked":"SKIP","floor":39.0},{"not_picked":[],"picked":"sneckomod:UnknownWeak","floor":42.0},{"not_picked":["hexamod:FlamesFromBeyond","hexamod:HeatMetal"],"picked":"hexamod:GhostflameInferno","floor":43.0},{"not_picked":["sneckomod:UnknownClassHEXA_GHOST_PURPLE"],"picked":"SKIP","floor":43.0},{"not_picked":["hexamod:ChargedBarrage","hexamod:RadiantFlame"],"picked":"hexamod:ApocalypseNow","floor":45.0},{"not_picked":[],"picked":"sneckomod:UnknownExhaust+1","floor":45.0},{"not_picked":["sneckomod:UnknownDraw+1"],"picked":"SKIP","floor":46.0}],"player_experience":1139674,"relics_obtained":[{"floor":6.0,"key":"Toy Ornithopter"},{"floor":7.0,"key":"sneckomod:LoadedDie"},{"floor":8.0,"key":"Pear"},{"floor":11.0,"key":"Shovel"},{"floor":18.0,"key":"MawBank"},{"floor":23.0,"key":"Orichalcum"},{"floor":24.0,"key":"Blood Vial"},{"floor":27.0,"key":"Old Coin"},{"floor":30.0,"key":"sneckomod:ConfusingCodex"},{"floor":35.0,"key":"The Courier"},{"floor":38.0,"key":"Bird Faced Urn"},{"floor":40.0,"key":"Blue Candle"},{"floor":43.0,"key":"Eternal Feather"},{"floor":44.0,"key":"Dream Catcher"},{"floor":46.0,"key":"Question Card"}],"event_choices":[{"damage_healed":0.0,"max_hp_gain":5.0,"max_hp_loss":0.0,"gold_gain":0.0,"event_name":"Big Fish","player_choice":"Donut","floor":4.0,"gold_loss":0.0,"damage_taken":0.0},{"damage_healed":0.0,"max_hp_gain":0.0,"max_hp_loss":0.0,"gold_gain":0.0,"event_name":"Scrap Ooze","player_choice":"Fled","floor":10.0,"gold_loss":0.0,"damage_taken":0.0},{"damage_healed":35.0,"max_hp_gain":0.0,"max_hp_loss":0.0,"gold_gain":0.0,"event_name":"The Library","player_choice":"Heal","floor":22.0,"gold_loss":0.0,"damage_taken":0.0}],"is_beta":false,"boss_relics":[{"not_picked":["Black Star","Runic Dome"],"picked":"Busted Crown"},{"not_picked":["Pandora\u0027s Box","SacredBark"],"picked":"SlaversCollar"}],"items_purged_floors":[31,39],"is_endless":false,"potions_floor_spawned":[2,6,14,15,19,29,33,38,42],"killed_by":"Jaw Worm Horde","ascension_level":0}}