{"host":"uv5ws9rdk87e8i5k","time":1612232034,"event":{"mods":["AchievementEnabler","BaseMod","Colored Map","Minty Spire (QoL Compilation)","Permanent Neow","Quick Restart","StSLib","SuperFastMode","The Necromancer"],"gold_per_floor":[114,114,132,143,162,197,197,197,197],"floor_reached":8,"language":"ENG","playtime":216,"items_purged":[],"score":84,"play_id":"39cb993c-0151-41db-9ae4-339e57e687c5","local_time":"20210201201354","is_ascension_mode":true,"campfire_choices":[{"data":"Havoc","floor":7.0,"key":"SMITH"}],"circlet_count":0,"master_deck":["Strike_R","Strike_R","Strike_R","Strike_R","Strike_R","Defend_R","Defend_R","Defend_R","Defend_R","Bash","Double Tap","Rage","Regret","Iron Wave","Warcry","Cleave","Havoc+1"],"relics":["Burning Blood","Mummified Hand","The Courier"],"acts_visited":["Exordium"],"potions_floor_usage":[],"damage_taken":[{"damage":8.0,"enemies":"Jaw Worm","floor":1.0,"turns":4.0},{"damage":9.0,"enemies":"Small Slimes","floor":3.0,"turns":4.0},{"damage":8.0,"enemies":"2 Louse","floor":4.0,"turns":3.0},{"damage":14.0,"enemies":"Looter","floor":5.0,"turns":4.0},{"damage":32.0,"enemies":"3 Sentries","floor":6.0,"turns":9.0},{"damage":37,"enemies":"Gremlin Nob","floor":8,"turns":5}],"seed_played":"2525105365673765172","potions_obtained":[{"floor":1.0,"key":"EntropicBrew"},{"floor":5.0,"key":"Dexterity Potion"}],"is_trial":false,"path_per_floor":["M","?","M","M","M","E","R","E"],"character_chosen":"IRONCLAD","items_purchased":[],"campfire_rested":0,"item_purchase_floors":[],"current_hp_per_floor":[70,70,67,65,57,46,46,9,9],"gold":197,"neow_bonus":"ONE_RANDOM_RARE_CARD","is_daily":false,"chose_seed":false,"campfire_upgraded":1,"win_rate":0.0,"timestamp":1612232034,"path_taken":["M","?","M","M","M","E","R","E"],"items_purchased_type":[],"build_version":"2020-12-22","purchased_purges":0,"victory":false,"max_hp_per_floor":[80,80,80,80,80,80,80,80,80],"card_choices":[{"not_picked":["Anger","Combust"],"picked":"Rage","floor":1.0},{"not_picked":["Flex","Clash"],"picked":"Iron Wave","floor":3.0},{"not_picked":["True Grit","Intimidate"],"picked":"Warcry","floor":4.0},{"not_picked":["Flame Barrier","Uppercut"],"picked":"Cleave","floor":5.0},{"not_picked":["Twin Strike","Ghostly Armor"],"picked":"Havoc","floor":6.0}],"player_experience":333246,"relics_obtained":[{"floor":6.0,"key":"The Courier"}],"event_choices":[{"damage_healed":0.0,"max_hp_gain":0.0,"max_hp_loss":0.0,"gold_gain":0.0,"event_name":"Big Fish","player_choice":"Box","floor":2.0,"gold_loss":0.0,"damage_taken":0.0,"relics_obtained":["Mummified Hand"],"cards_obtained":["Regret"]}],"is_beta":false,"boss_relics":[],"items_purged_floors":[],"is_endless":false,"potions_floor_spawned":[1,5],"killed_by":"Gremlin Nob","ascension_level":9}}