{"host":"5fpb1gzflhq9886n","time":1612246318,"event":{"mods":["AchievementEnabler","BaseMod","Colored Map","Colored Powertips","Minty Spire (QoL Compilation)","Permanent Neow"],"gold_per_floor":[110,110,110,35,91,130,150,173,252,252,252,290,290,305,305,435,435,456,475,475,475,489,489,524,524,524,122,155,155,155],"floor_reached":29,"language":"ENG","playtime":1366,"items_purged":["Shame"],"score":336,"play_id":"0e830c80-f17c-49fe-aec1-14d64aee6d07","local_time":"20210202011158","is_ascension_mode":true,"campfire_choices":[{"floor":10.0,"key":"REST"},{"floor":13.0,"key":"REST"},{"floor":15.0,"key":"RECALL"},{"floor":23,"key":"REST"},{"floor":25,"key":"REST"}],"circlet_count":0,"master_deck":["Strike_R","Strike_R","Strike_R+1","Strike_R","Defend_R","Defend_R","Defend_R","Bash+1","Searing Blow","True Grit","Carnage+1","Cleave","Feel No Pain","Perfected Strike","Shockwave","Clash","Immolate","Headbutt","Flex","RitualDagger","Burning Pact","True Grit+1"],"relics":["Burning Blood","Golden Idol","Whetstone","Bronze Scales","InkBottle","Sozu","Kunai","Sundial","Shuriken","Tiny Chest","StoneCalendar"],"acts_visited":["Exordium","TheCity"],"potions_floor_usage":[16,28],"damage_taken":[{"damage":9.0,"enemies":"Jaw Worm","floor":1.0,"turns":4.0},{"damage":24.0,"enemies":"Gremlin Nob","floor":6.0,"turns":4.0},{"damage":14.0,"enemies":"Small Slimes","floor":7.0,"turns":3.0},{"damage":5.0,"enemies":"2 Louse","floor":8.0,"turns":3.0},{"damage":40.0,"enemies":"Lagavulin","floor":12.0,"turns":5.0},{"damage":15.0,"enemies":"Exordium Wildlife","floor":14.0,"turns":3.0},{"damage":39,"enemies":"The Guardian","floor":16,"turns":11},{"damage":14,"enemies":"Shell Parasite","floor":18,"turns":2},{"damage":9,"enemies":"3 Byrds","floor":19,"turns":2},{"damage":9,"enemies":"Snecko","floor":22,"turns":5},{"damage":31,"enemies":"Book of Stabbing","floor":24,"turns":4},{"damage":54,"enemies":"Slavers","floor":28,"turns":4},{"damage":16,"enemies":"Snake Plant","floor":29,"turns":1}],"seed_played":"-8200410289485854627","potions_obtained":[{"floor":12.0,"key":"Ancient Potion"},{"floor":14.0,"key":"Weak Potion"}],"is_trial":false,"path_per_floor":["M","?","?","$","?","E","M","M","T","R","?","E","R","M","R","B",null,"M","M","?","?","M","R","E","R","T","$","E","M"],"character_chosen":"IRONCLAD","items_purchased":["Shuriken","Tiny Chest"],"campfire_rested":4,"item_purchase_floors":[27,27],"current_hp_per_floor":[77,77,74,74,74,56,48,49,49,71,64,30,52,43,43,10,58,50,47,41,41,38,60,35,57,57,57,9,0,0],"gold":155,"neow_bonus":"TRANSFORM_TWO_CARDS","is_daily":false,"chose_seed":false,"campfire_upgraded":0,"win_rate":0.0,"timestamp":1612246318,"path_taken":["M","?","?","$","?","E","?","M","T","R","?","E","R","M","R","BOSS","M","M","?","?","M","R","E","R","T","$","E","M"],"items_purchased_type":["Relic","Relic"],"build_version":"2020-12-22","purchased_purges":1,"victory":false,"max_hp_per_floor":[80,80,74,74,74,74,74,74,74,74,74,74,74,74,74,74,74,74,74,74,74,74,74,74,74,74,74,74,74,74],"card_choices":[{"not_picked":["True Grit","Hemokinesis"],"picked":"Carnage","floor":1.0},{"not_picked":["Shockwave","Body Slam"],"picked":"Cleave","floor":6.0},{"not_picked":["Body Slam","Flame Barrier"],"picked":"Feel No Pain","floor":7.0},{"not_picked":["Searing Blow","Intimidate"],"picked":"Perfected Strike","floor":8.0},{"not_picked":["Warcry","Armaments"],"picked":"Shockwave","floor":12.0},{"not_picked":["Searing Blow","Heavy Blade"],"picked":"Clash","floor":14.0},{"not_picked":["Double Tap","Impervious"],"picked":"Immolate","floor":16},{"not_picked":["Bloodletting","Shockwave"],"picked":"Headbutt","floor":18},{"not_picked":["Pommel Strike","Body Slam"],"picked":"Flex","floor":19},{"not_picked":["Shockwave","Warcry"],"picked":"Burning Pact","floor":22},{"not_picked":["Brutality","Dropkick","Rupture"],"picked":"SKIP","floor":24},{"not_picked":["Armaments","Clothesline"],"picked":"True Grit+1","floor":28}],"player_experience":782869,"relics_obtained":[{"floor":6.0,"key":"Whetstone"},{"floor":12.0,"key":"InkBottle"},{"floor":24,"key":"Kunai"},{"floor":26,"key":"Sundial"},{"floor":28,"key":"StoneCalendar"}],"event_choices":[{"damage_healed":0.0,"max_hp_gain":0.0,"max_hp_loss":0.0,"gold_gain":0.0,"event_name":"Living Wall","player_choice":"Grow","floor":2.0,"gold_loss":0.0,"damage_taken":0.0,"cards_upgraded":["Bash"]},{"damage_healed":0.0,"max_hp_gain":0.0,"max_hp_loss":6.0,"gold_gain":0.0,"event_name":"Golden Idol","player_choice":"Lose Max HP","floor":3.0,"gold_loss":0.0,"damage_taken":0.0,"relics_obtained":["Golden Idol"]},{"damage_healed":0.0,"max_hp_gain":0.0,"max_hp_loss":0.0,"gold_gain":56.0,"event_name":"Golden Wing","player_choice":"Gained Gold","floor":5.0,"gold_loss":0.0,"damage_taken":0.0},{"damage_healed":0.0,"max_hp_gain":0.0,"max_hp_loss":0.0,"gold_gain":0.0,"event_name":"Scrap Ooze","player_choice":"Success","floor":11.0,"gold_loss":0.0,"damage_taken":7.0,"relics_obtained":["Bronze Scales"]},{"damage_healed":0,"gold_gain":0,"player_choice":"Joined the Cult","damage_taken":6,"max_hp_gain":0,"max_hp_loss":0,"event_name":"Nest","floor":20,"gold_loss":0,"cards_obtained":["RitualDagger"]},{"damage_healed":0,"gold_gain":0,"player_choice":"Ignored","damage_taken":0,"max_hp_gain":0,"max_hp_loss":0,"event_name":"Beggar","floor":21,"gold_loss":0}],"is_beta":false,"boss_relics":[{"not_picked":["Black Blood","Coffee Dripper"],"picked":"Sozu"}],"items_purged_floors":[4],"is_endless":false,"potions_floor_spawned":[12,14,18],"killed_by":"Snake Plant","ascension_level":5}}