{"host":"nugqxfgozafdbmsu","time":1612309814,"event":{"mods":["BaseMod","Block Reminder","Highlight Path","Minty Spire (QoL Compilation)","Quick Restart","Relic Stats","Unceasing Turn Reminder","everything is the same but u backflip on backflip"],"gold_per_floor":[117,117,135,148,166,197,207,207,207,15,15,35,54,88,88,88,88],"floor_reached":16,"language":"ENG","playtime":862,"items_purged":[],"score":146,"play_id":"cf7fd66e-5ef0-48d6-bc0b-1f13f28b64a2","local_time":"20210202175014","is_ascension_mode":true,"campfire_choices":[{"data":"Neutralize","floor":8,"key":"SMITH"},{"floor":11,"key":"REST"},{"data":"Glass Knife","floor":15,"key":"SMITH"}],"circlet_count":0,"master_deck":["Strike_G","Strike_G","Strike_G","Strike_G","Strike_G","Defend_G","Defend_G","Defend_G","Defend_G","Survivor","Neutralize+1","Footwork","Blur","Cloak And Dagger","Flying Knee","Backstab","Glass Knife+1","Prepared","Cloak And Dagger"],"relics":["Runic Dome","Gremlin Horn","Ornamental Fan","Pen Nib"],"acts_visited":["Exordium"],"potions_floor_usage":[16],"damage_taken":[{"damage":0,"enemies":"Small Slimes","floor":1,"turns":4},{"damage":0,"enemies":"Cultist","floor":3,"turns":3},{"damage":0,"enemies":"Jaw Worm","floor":4,"turns":7},{"damage":10,"enemies":"3 Louse","floor":5,"turns":4},{"damage":32,"enemies":"Gremlin Nob","floor":6,"turns":6},{"damage":3,"enemies":"Large Slime","floor":7,"turns":7},{"damage":0,"enemies":"Gremlin Gang","floor":12,"turns":4},{"damage":0,"enemies":"3 Louse","floor":13,"turns":3},{"damage":0,"enemies":"Lagavulin","floor":14,"turns":7},{"damage":53,"enemies":"Hexaghost","floor":16,"turns":15}],"seed_played":"-1781773509149818570","potions_obtained":[{"floor":4,"key":"Poison Potion"},{"floor":5,"key":"Regen Potion"},{"floor":7,"key":"Strength Potion"}],"is_trial":false,"path_per_floor":["M","?","M","M","M","E","M","R","T","$","R","M","M","E","R","B"],"character_chosen":"THE_SILENT","items_purchased":["Glass Knife","Prepared"],"campfire_rested":1,"item_purchase_floors":[10,10],"current_hp_per_floor":[70,70,70,70,60,28,25,25,25,25,46,46,46,46,46,0,0],"gold":88,"neow_bonus":"BOSS_RELIC","is_daily":false,"chose_seed":false,"campfire_upgraded":2,"win_rate":0.0,"timestamp":1612309814,"path_taken":["M","?","M","?","M","E","M","R","T","$","R","M","M","E","R","BOSS"],"items_purchased_type":["Card","Card"],"build_version":"2020-12-22","purchased_purges":0,"victory":false,"max_hp_per_floor":[70,70,70,70,70,70,70,70,70,70,70,70,70,70,70,70,70],"relic_stats":{"Gremlin Horn":[6,6],"counters":[10,60],"Ornamental Fan":[56],"Pen Nib":[2],"obtain_stats":[{"Runic Dome":0,"Gremlin Horn":6,"Ornamental Fan":9,"Pen Nib":14,"Ring of the Snake":0},{"Runic Dome":0,"Gremlin Horn":5,"Ornamental Fan":6,"Pen Nib":9,"Ring of the Snake":0},{"Runic Dome":0,"Gremlin Horn":24,"Ornamental Fan":31,"Pen Nib":45,"Ring of the Snake":0}]},"card_choices":[{"not_picked":["Prepared","Backstab"],"picked":"Footwork","floor":1},{"not_picked":["Dagger Throw","Prepared"],"picked":"Blur","floor":3},{"not_picked":["Calculated Gamble","Dodge and Roll"],"picked":"Cloak And Dagger","floor":4},{"not_picked":["Bane","Catalyst"],"picked":"Flying Knee","floor":5},{"not_picked":["Outmaneuver","Terror"],"picked":"Backstab","floor":6},{"not_picked":["Poisoned Stab","Flechettes","Catalyst"],"picked":"SKIP","floor":7},{"not_picked":["Slice","Outmaneuver"],"picked":"Cloak And Dagger","floor":12},{"not_picked":["Dagger Throw","Escape Plan","Acrobatics"],"picked":"SKIP","floor":13},{"not_picked":["Catalyst","Deadly Poison","All Out Attack"],"picked":"SKIP","floor":14}],"player_experience":42646,"relics_obtained":[{"floor":6,"key":"Gremlin Horn"},{"floor":9,"key":"Ornamental Fan"},{"floor":14,"key":"Pen Nib"}],"event_choices":[{"cards_removed":["Defend_G"],"damage_healed":0,"gold_gain":0,"player_choice":"Purged","damage_taken":0,"max_hp_gain":0,"max_hp_loss":0,"event_name":"Purifier","floor":2,"gold_loss":0}],"is_beta":false,"boss_relics":[],"items_purged_floors":[],"is_endless":false,"potions_floor_spawned":[4,5,7],"killed_by":"Hexaghost","ascension_level":1}}