{"host":"c3lc60y5x60jlt1y","time":1612293467,"event":{"mods":["AchievementEnabler","BaseMod","Bestiary","Colored Map","Minty Spire (QoL Compilation)","Quick Restart","StSLib","ojb\u0027s Info Mod"],"gold_per_floor":[112,112,112,129,129,129,160,160,160,206,246,281,296,326,326,326,326],"floor_reached":16,"language":"ENG","playtime":8958,"items_purged":[],"score":270,"play_id":"8203fcf8-d6e1-4442-aec2-36135bf81cfd","local_time":"20210202211747","is_ascension_mode":true,"campfire_choices":[{"data":"Wish","floor":6,"key":"SMITH"},{"data":"Sanctity","floor":8,"key":"SMITH"},{"data":"CrushJoints","floor":15,"key":"SMITH"}],"circlet_count":0,"master_deck":["AscendersBane","Strike_P","Strike_P","Strike_P","Strike_P","Defend_P","Defend_P","Defend_P","Defend_P","Eruption+1","Vigilance","ClearTheMind","Wish+1","Sanctity+1","FlurryOfBlows","CrushJoints+1","MentalFortress"],"relics":["PureWater","NeowsBlessing","Sundial","TungstenRod","Mango","Meat on the Bone","Shuriken"],"acts_visited":["Exordium"],"potions_floor_usage":[],"damage_taken":[{"damage":0,"enemies":"Cultist","floor":1,"turns":1},{"damage":0,"enemies":"2 Louse","floor":4,"turns":1},{"damage":0,"enemies":"Gremlin Nob","floor":7,"turns":1},{"damage":11,"enemies":"Jaw Worm","floor":10,"turns":4},{"damage":8,"enemies":"3 Louse","floor":11,"turns":6},{"damage":48,"enemies":"3 Sentries","floor":12,"turns":16},{"damage":4,"enemies":"Blue Slaver","floor":13,"turns":4},{"damage":20,"enemies":"Hexaghost","floor":16,"turns":9}],"seed_played":"4085296660851117234","potions_obtained":[{"floor":7,"key":"SpeedPotion"},{"floor":12,"key":"SteroidPotion"}],"is_trial":false,"path_per_floor":["M","T","?","M","?","R","E","R","T","M","M","E","M","?","R","B"],"character_chosen":"WATCHER","items_purchased":[],"campfire_rested":0,"item_purchase_floors":[],"current_hp_per_floor":[61,61,61,61,61,61,61,61,75,64,56,8,16,16,16,0,0],"gold":326,"neow_bonus":"THREE_ENEMY_KILL","is_daily":false,"chose_seed":false,"campfire_upgraded":3,"win_rate":0.0,"timestamp":1612293467,"path_taken":["M","?","?","?","?","R","E","R","T","M","M","E","M","?","R","BOSS"],"items_purchased_type":[],"build_version":"2020-12-22","purchased_purges":0,"victory":false,"max_hp_per_floor":[68,68,68,68,68,68,68,68,82,82,82,82,82,82,82,82,82],"card_choices":[{"not_picked":["EmptyBody","ThirdEye"],"picked":"ClearTheMind","floor":1},{"not_picked":["BowlingBash","FollowUp"],"picked":"Wish","floor":4},{"not_picked":["JustLucky","Collect"],"picked":"Sanctity","floor":7},{"not_picked":["BowlingBash","Evaluate"],"picked":"FlurryOfBlows","floor":10},{"not_picked":["Sanctity","CutThroughFate"],"picked":"CrushJoints","floor":11},{"not_picked":["WheelKick","Crescendo"],"picked":"MentalFortress","floor":12},{"not_picked":["FlyingSleeves","Sanctity","Protect"],"picked":"SKIP","floor":13}],"player_experience":8928203,"relics_obtained":[{"floor":2,"key":"Sundial"},{"floor":7,"key":"TungstenRod"},{"floor":9,"key":"Mango"},{"floor":12,"key":"Meat on the Bone"}],"event_choices":[{"damage_healed":0,"gold_gain":0,"player_choice":"Upgraded","damage_taken":0,"max_hp_gain":0,"max_hp_loss":0,"event_name":"Upgrade Shrine","floor":3,"gold_loss":0,"cards_upgraded":["Eruption"]},{"damage_healed":0,"gold_gain":0,"player_choice":"Ignored","damage_taken":0,"max_hp_gain":0,"max_hp_loss":0,"event_name":"Liars Game","floor":5,"gold_loss":0},{"damage_healed":0,"gold_gain":30,"player_choice":"Searched \u00272\u0027 times","damage_taken":0,"relics_obtained":["Shuriken"],"max_hp_gain":0,"max_hp_loss":0,"event_name":"Dead Adventurer","floor":14,"gold_loss":0}],"is_beta":false,"boss_relics":[],"items_purged_floors":[],"is_endless":false,"potions_floor_spawned":[7,12,13],"killed_by":"Hexaghost","ascension_level":20}}