{"host":"pgm1p3lvdjflie30","time":1612249385,"event":{"mods":["ATMod(阿瑾Mod)","AchievementEnabler","Aspiration","BaseMod","Colored Map","Colored Powertips","Conspire","Dark Map","Dota2Spire","Energized Spire","Highlight Path","Mari Mod (Legacy)","Mari\u0027s V1 Patch","Minty Spire (QoL Compilation)","MostiFishMod","Quarter Circle Forward PUNCH!","Quick Restart","Replay The Spire","Spicy Shops","StSLib","TestMod","The Cursed","The IronCluck","The Jungle","Waifu the Spire","【?物卡牌】REMEMod","篝火指南"],"gold_per_floor":[156,156,177,195,41,56,93,93,93,93,131,131,143,71,71,173,173,196,254,254,308,308,308,333,376,376,376,376,82,115,143,143,174,174,288,347,376,376,385,416,441,474,519,1518,1518,1518,1567,1592,1149,1149,31,36,36,36,36,84,89],"floor_reached":58,"language":"ZHS","playtime":2662,"items_purged":["MariMod:Mari_Defend","Hallucinations"],"score":1495,"play_id":"23527cb5-396d-41aa-8f6a-2756877a4115","local_time":"20210202150305","is_ascension_mode":false,"campfire_choices":[{"floor":8.0,"key":"RECALL"},{"data":"AT_OneInchPunch","floor":10.0,"key":"SMITH"},{"data":"MariMod:Mari_Limelight","floor":15.0,"key":"SMITH"},{"data":"MariMod:Mari_Undying_Spark","floor":26.0,"key":"SMITH"},{"data":"MariMod:Mari_Flawless_Form","floor":32.0,"key":"SMITH"},{"data":"MariMod:Mari_Slap","floor":34.0,"key":"SMITH"},{"floor":46.0,"key":"REST"},{"data":"Swift Strike","floor":54,"key":"SMITH"}],"circlet_count":0,"master_deck":["MariMod:Mari_Strike","MariMod:Mari_Strike","MariMod:Mari_Strike","MariMod:Mari_Strike","MariMod:Mari_Strike","MariMod:Mari_Defend","MariMod:Mari_Reminisce","MariMod:Mari_Debut","AT_OneInchPunch+1","MariMod:Mari_Sparkle","MariMod:Mari_Dolphin_Strike+1","MariMod:Mari_Practice_Outfit","MariMod:Mari_Pent_Up_Emotions","MariMod:Mari_Limelight+1","MariMod:Mari_Its_Joke","MariMod:Mari_Hug","MariMod:Mari_Undying_Spark+1","MariMod:Mari_Tough_Front+1","MariMod:Mari_Overexertion+1","MariMod:Mari_Delicacy+1","MariMod:Mari_Lie_In_Wait","MariMod:Mari_Reckless_Driving+1","MariMod:Mari_Slap+1","MariMod:Mari_Heavy_Price","MariMod:Mari_Fragile_Hope+1","MariMod:Mari_Flawless_Form+1","MariMod:Mari_Fragile_Hope","MariMod:Mari_Devilish_Assistant","MariMod:Mari_Well_Kept_Secret+1","MariMod:Mari_Dolphin_Strike+1","MariMod:Mari_Lie_In_Wait+1","MariMod:Mari_Slap+1","MariMod:Mari_Reckless_Driving","MariMod:Mari_All_Or_Nothing","MariMod:Mari_Dolphin_Strike+1","MariMod:Mari_Shine","Swift Strike+1","Replay:AtTheReady+1"],"relics":["MariMod:MariTheSpark","AT_ATBox","REME_ComplimentaryCards","DaveBox","testmod-TestBox","PatriotShield","testmod-Maize","NeowsBlessing","SynthV:TestCard","qcfpunch:Red_Beret","conspire:DeflatedDodgeball","Dota2Spire:MaskOfMadness","Onion Ring","Pondfish Scales","testmod-AssaultLearning","CeramicFish","Dota2Spire:MonkeyKingBar","Dota2Spire:Butterfly","Tiny House","Ring of Searing","Ring of Chaos","AT_BellDemon","AT_DeathDance","Kunai","Replay:Rubber Ducky","Centennial Puzzle","Dota2Spire:MagicBottle","Dota2Spire:ArcaneBoots","OriginationStaff","PrismaticShard","qcfpunch:Wrestler\u0027s_Cloak","REME_HandOfSuture","Dota2Spire:EtherealBlade"],"acts_visited":["Exordium","TheCity","TheBeyond","TheEnding"],"potions_floor_usage":[52,56,57],"damage_taken":[{"damage":0.0,"enemies":"Jaw Worm","floor":1.0,"turns":1.0},{"damage":0.0,"enemies":"Cultist","floor":3.0,"turns":1.0},{"damage":0.0,"enemies":"2 Louse","floor":4.0,"turns":1.0},{"damage":0.0,"enemies":"Blue Slaver","floor":6.0,"turns":1.0},{"damage":0.0,"enemies":"3 Sentries","floor":7.0,"turns":3.0},{"damage":0.0,"enemies":"Gremlin Nob","floor":11.0,"turns":2.0},{"damage":5.0,"enemies":"Exordium Wildlife","floor":13.0,"turns":2.0},{"damage":30.0,"enemies":"Hexaghost","floor":16.0,"turns":3.0},{"damage":0.0,"enemies":"conspire:FuzzyDice","floor":18.0,"turns":4.0},{"damage":5.0,"enemies":"3 Byrds","floor":24.0,"turns":3.0},{"damage":23.0,"enemies":"Gremlin Leader","floor":25.0,"turns":3.0},{"damage":3.0,"enemies":"conspire:HollyBat","floor":30.0,"turns":6.0},{"damage":0.0,"enemies":"Shelled Parasite and Fungi","floor":31.0,"turns":3.0},{"damage":1.0,"enemies":"Chosen and Byrds","floor":33.0,"turns":2.0},{"damage":4.0,"enemies":"Automaton","floor":35.0,"turns":5.0},{"damage":5.0,"enemies":"Orb Walker","floor":37.0,"turns":2.0},{"damage":5.0,"enemies":"3 Shapes","floor":40.0,"turns":2.0},{"damage":15.0,"enemies":"Transient","floor":41.0,"turns":5.0},{"damage":14.0,"enemies":"Sphere and 2 Shapes","floor":42.0,"turns":3.0},{"damage":0.0,"enemies":"Giant Head","floor":43.0,"turns":4.0},{"damage":17.0,"enemies":"R_Hoarder","floor":47.0,"turns":5.0},{"damage":3.0,"enemies":"Spire Growth","floor":48.0,"turns":2.0},{"damage":29,"enemies":"Time Eater","floor":52,"turns":4},{"damage":16,"enemies":"Shield and Spear","floor":56,"turns":3},{"damage":13,"enemies":"The Heart","floor":57,"turns":4}],"seed_played":"-7117814374364231915","potions_obtained":[{"floor":1.0,"key":"PowerPotion"},{"floor":3.0,"key":"LifebloodPotion"},{"floor":6.0,"key":"EssenceOfSteel"},{"floor":13.0,"key":"Reflective Coating"},{"floor":16.0,"key":"Block Potion"},{"floor":18.0,"key":"Ancient Potion"},{"floor":19.0,"key":"testmod-TimePotion"},{"floor":19.0,"key":"DuplicationPotion"},{"floor":25.0,"key":"LifebloodPotion"},{"floor":31.0,"key":"Elixir"},{"floor":33.0,"key":"SpeedPotion"},{"floor":36.0,"key":"Strength Potion"},{"floor":37.0,"key":"testmod-TestPotion"},{"floor":40.0,"key":"AttackPotion"},{"floor":48.0,"key":"Dota2Spire:Clarity"},{"floor":56,"key":"DistilledChaos"}],"is_trial":false,"path_per_floor":["M","?","M","M","$","M","E","R","T","R","E","?","M","$","R_BF","B",null,"M","?","?","T","PTL","PTL","M","E","R","?","T","$","M","M","R","M","R","B",null,"M","?","?","M","M","M","E","?","T","R","E","M","R","?","R","B",null,"R","$","E","B",null],"character_chosen":"MARI","items_purchased":["qcfpunch:Red_Beret","Pondfish Scales","Dota2Spire:Butterfly","Replay:Rubber Ducky","Centennial Puzzle","Dota2Spire:MagicBottle","Dota2Spire:ArcaneBoots","OriginationStaff","Swift Strike","PrismaticShard","qcfpunch:Wrestler\u0027s_Cloak","REME_HandOfSuture"],"campfire_rested":1,"item_purchase_floors":[5,14,29,49,49,49,51,51,51,51,51,51],"current_hp_per_floor":[72,82,82,82,82,82,82,82,82,82,82,82,77,77,77,47,82,82,82,82,82,82,82,77,54,54,82,82,82,79,79,79,78,78,74,87,82,82,82,77,62,48,48,48,48,74,57,54,54,54,54,25,87,87,87,71,58],"gold":89,"neow_bonus":"THREE_ENEMY_KILL","is_daily":false,"chose_seed":false,"campfire_upgraded":6,"win_rate":0.0,"timestamp":1612249385,"path_taken":["M","?","M","M","?","M","E","R","T","R","E","?","M","$","R_BF","BOSS","M","?","?","?","PTL","PTL","?","E","R","?","T","?","?","?","R","M","R","BOSS","M","?","?","M","M","M","E","?","T","R","E","?","R","?","R","BOSS","R","$","E","BOSS"],"items_purchased_type":["Relic","Relic","Relic","Relic","Relic","Relic","Relic","Relic","Card","Relic","Relic","Relic"],"build_version":"2020-12-22","purchased_purges":2,"victory":true,"max_hp_per_floor":[72,82,82,82,82,82,82,82,82,82,82,82,82,82,82,82,82,82,82,82,82,82,82,82,82,82,82,82,82,82,82,82,82,82,82,87,87,87,87,87,87,87,87,87,87,87,87,87,87,87,87,87,87,87,87,87,87],"card_choices":[{"not_picked":["MariMod:Mari_Reckless_Driving","MariMod:Mari_Self_Care"],"picked":"MariMod:Mari_Sparkle","floor":1.0},{"not_picked":["MariMod:Mari_Closure","MariMod:Mari_Reckless_Spending","MariMod:Mari_Research","MariMod:Mari_Lie_In_Wait"],"picked":"MariMod:Mari_Dolphin_Strike","floor":3.0},{"not_picked":["MariMod:Mari_Awe","MariMod:Mari_The_Planisphere","MariMod:Mari_Self_Care","MariMod:Mari_Wishing_Fountain"],"picked":"MariMod:Mari_Practice_Outfit","floor":4.0},{"not_picked":["MariMod:Mari_Lie_In_Wait","MariMod:Mari_Practice_Outfit","MariMod:Mari_Pretty_Bomber_Head","MariMod:Mari_Closure"],"picked":"MariMod:Mari_Pent_Up_Emotions","floor":6.0},{"not_picked":["MariMod:Mari_Slap","MariMod:Mari_Dolphin_Strike","MariMod:Mari_Wishing_Fountain","MariMod:Mari_Golden_Glint"],"picked":"MariMod:Mari_Limelight","floor":7.0},{"not_picked":["MariMod:Mari_The_Beach_Episode","MariMod:Mari_Glimmer","MariMod:Mari_Heavy_Metal","MariMod:Mari_Withdrawal"],"picked":"MariMod:Mari_Its_Joke","floor":11.0},{"not_picked":["MariMod:Mari_Heavy_Metal","MariMod:Mari_Delicacy","MariMod:Mari_Glimmer","MariMod:Mari_Reckless_Driving"],"picked":"MariMod:Mari_Hug","floor":13.0},{"not_picked":["MariMod:Mari_From_Zero","MariMod:Mari_Grand_Scheme","MariMod:Mari_The_MANSION","MariMod:Mari_All_Or_Nothing"],"picked":"MariMod:Mari_Undying_Spark","floor":16.0},{"not_picked":["MariMod:Mari_Pretty_Bomber_Head","MariMod:Mari_Fragile_Hope","MariMod:Mari_Lets_Go+1","MariMod:Mari_Hug"],"picked":"MariMod:Mari_Lie_In_Wait","floor":18.0},{"not_picked":["MariMod:Mari_Self_Care","MariMod:Mari_Sparkle","MariMod:Mari_Shine","MariMod:Mari_Closure"],"picked":"MariMod:Mari_Reckless_Driving+1","floor":19.0},{"not_picked":["MariMod:Mari_Its_Joke","MariMod:Mari_Fragile_Hope","MariMod:Mari_Heavy_Price","MariMod:Mari_The_Beach_Episode"],"picked":"MariMod:Mari_Slap","floor":24.0},{"not_picked":["MariMod:Mari_Lie_In_Wait","MariMod:Mari_Flaunt+1","MariMod:Mari_Emotional_Episode","MariMod:Mari_Tough_Front+1"],"picked":"MariMod:Mari_Heavy_Price","floor":25.0},{"not_picked":["MariMod:Mari_Pent_Up_Emotions","MariMod:Mari_Reckless_Spending","MariMod:Mari_Heavy_Price","MariMod:Mari_Slap"],"picked":"MariMod:Mari_Fragile_Hope+1","floor":30.0},{"not_picked":["MariMod:Mari_Well_Kept_Secret","MariMod:Mari_Excitement","MariMod:Mari_Sparkle","MariMod:Mari_Second_Season+1"],"picked":"MariMod:Mari_Flawless_Form","floor":31.0},{"not_picked":["MariMod:Mari_Slap","MariMod:Mari_Sparkle","MariMod:Mari_Defiance","MariMod:Mari_Dolphin_Strike"],"picked":"MariMod:Mari_Fragile_Hope","floor":33.0},{"not_picked":["MariMod:Mari_Limelight","MariMod:Mari_Higher_Ups","MariMod:Mari_All_Or_Nothing","MariMod:Mari_The_MANSION"],"picked":"MariMod:Mari_Devilish_Assistant","floor":35.0},{"not_picked":["MariMod:Mari_Kyu","MariMod:Mari_Sparkle","MariMod:Mari_zzz","MariMod:Mari_Glimmer"],"picked":"MariMod:Mari_Well_Kept_Secret+1","floor":36.0},{"not_picked":["MariMod:Mari_Golden_Glint","MariMod:Mari_Fragile_Hope+1","MariMod:Mari_Reckless_Spending","MariMod:Mari_Wishing_Fountain+1"],"picked":"MariMod:Mari_Dolphin_Strike+1","floor":37.0},{"not_picked":["MariMod:Mari_Collect_Thoughts+1","MariMod:Mari_Glimmer","MariMod:Mari_Cash_Back+1","MariMod:Mari_Choreography"],"picked":"MariMod:Mari_Lie_In_Wait+1","floor":40.0},{"not_picked":["MariMod:Mari_Lie_In_Wait","MariMod:Mari_Defiance","MariMod:Mari_Golden_Glint","MariMod:Mari_Choreography+1"],"picked":"MariMod:Mari_Slap+1","floor":41.0},{"not_picked":["MariMod:Mari_Research+1","MariMod:Mari_Reflection","MariMod:Mari_zzz","MariMod:Mari_Old_Costume"],"picked":"MariMod:Mari_Reckless_Driving","floor":42.0},{"not_picked":["MariMod:Mari_Character_Development","MariMod:Mari_Research+1","MariMod:Mari_Unveiled_Secret","MariMod:Mari_Pent_Up_Emotions"],"picked":"MariMod:Mari_All_Or_Nothing","floor":43.0},{"not_picked":["MariMod:Mari_Flaunt+1","MariMod:Mari_Glow","MariMod:Mari_Excitement+1","MariMod:Mari_Fire_Strike"],"picked":"MariMod:Mari_Dolphin_Strike+1","floor":47.0},{"not_picked":["MariMod:Mari_Tea_Time","MariMod:Mari_Glow","MariMod:Mari_Self_Care","MariMod:Mari_Emotional_Episode+1"],"picked":"MariMod:Mari_Shine","floor":48.0},{"not_picked":["ForeignInfluence","Run Through","Bane+1","TheCursedMod:CursedMace"],"picked":"Replay:AtTheReady+1","floor":56}],"player_experience":236618,"relics_obtained":[{"floor":1.0,"key":"SynthV:TestCard"},{"floor":7.0,"key":"conspire:DeflatedDodgeball"},{"floor":11.0,"key":"Dota2Spire:MaskOfMadness"},{"floor":21.0,"key":"testmod-AssaultLearning"},{"floor":25.0,"key":"CeramicFish"},{"floor":28.0,"key":"Dota2Spire:MonkeyKingBar"},{"floor":39.0,"key":"Ring of Searing"},{"floor":39.0,"key":"Ring of Chaos"},{"floor":43.0,"key":"AT_BellDemon"},{"floor":45.0,"key":"AT_DeathDance"},{"floor":47.0,"key":"Kunai"},{"floor":56,"key":"Dota2Spire:EtherealBlade"}],"event_choices":[{"cards_removed":["Vault"],"damage_healed":0.0,"max_hp_gain":10.0,"max_hp_loss":0.0,"gold_gain":0.0,"event_name":"Bonfire Elementals","player_choice":"Offered Rare","floor":2.0,"gold_loss":0.0,"damage_taken":0.0},{"damage_healed":0.0,"max_hp_gain":0.0,"max_hp_loss":0.0,"gold_gain":0.0,"event_name":"WeMeetAgain","player_choice":"Gave Potion","floor":12.0,"gold_loss":0.0,"damage_taken":0.0,"relics_obtained":["Onion Ring"]},{"damage_healed":0.0,"max_hp_gain":0.0,"max_hp_loss":0.0,"gold_gain":0.0,"event_name":"Vampires","player_choice":"Ignored","floor":20.0,"gold_loss":0.0,"damage_taken":0.0},{"damage_healed":28.0,"max_hp_gain":0.0,"max_hp_loss":0.0,"gold_gain":0.0,"event_name":"Wheel of Change","player_choice":"Full Heal","floor":27.0,"gold_loss":0.0,"damage_taken":0.0},{"damage_healed":0.0,"max_hp_gain":0.0,"max_hp_loss":0.0,"gold_gain":0.0,"event_name":"conspire:Investor","player_choice":"Leave","floor":38.0,"gold_loss":0.0,"damage_taken":0.0},{"damage_healed":0.0,"max_hp_gain":0.0,"max_hp_loss":0.0,"gold_gain":999.0,"event_name":"恩洛斯的?子","player_choice":"Sell","floor":44.0,"relics_lost":["Astrolabe"],"gold_loss":0.0,"damage_taken":0.0},{"damage_healed":0.0,"max_hp_gain":0.0,"max_hp_loss":0.0,"gold_gain":0.0,"event_name":"?自己的盒子","player_choice":"Ignored","floor":50.0,"gold_loss":0.0,"damage_taken":0.0}],"is_beta":false,"boss_relics":[{"not_picked":["energizedSpire:NeverEndingSparkler","Fusion Hammer"],"picked":"Astrolabe"},{"not_picked":["Black Star","testmod-SaigiyounoYou"],"picked":"Tiny House"}],"items_purged_floors":[49,51],"is_endless":false,"potions_floor_spawned":[1,3,6,13,16,18,25,31,33,37,40,48,56],"ascension_level":0}}