{"host":"ewe4oe702q4ujr6i","time":1612252701,"event":{"mods":["BaseMod","Colored Map","Colored Powertips","DeckTracker","Minty Spire (QoL Compilation)","SuperFastMode"],"gold_per_floor":[114,126,301,301,376,407,42,61,85,68,68,68,79,91,91,91,91],"floor_reached":16,"language":"KOR","playtime":605,"items_purged":["Doubt"],"score":102,"play_id":"69dd5a74-b005-49b6-a08b-d316c344d777","local_time":"20210202165821","is_ascension_mode":false,"campfire_choices":[{"data":"After Image","floor":11,"key":"SMITH"},{"data":"Neutralize","floor":15,"key":"SMITH"}],"circlet_count":0,"master_deck":["Strike_G","Strike_G","Strike_G","Strike_G","Strike_G","Defend_G","Defend_G","Defend_G","Defend_G+1","Defend_G","Survivor+1","Neutralize+1","Deadly Poison","Flying Knee","After Image+1","Bouncing Flask+1","Backflip","PiercingWail"],"relics":["Ring of the Snake","Art of War","Lantern","Eternal Feather","Toy Ornithopter"],"acts_visited":["Exordium"],"potions_floor_usage":[16],"damage_taken":[{"damage":0,"enemies":"Jaw Worm","floor":1,"turns":5},{"damage":0,"enemies":"Small Slimes","floor":2,"turns":4},{"damage":36,"enemies":"Lagavulin","floor":6,"turns":10},{"damage":0,"enemies":"2 Louse","floor":8,"turns":2},{"damage":0,"enemies":"Exordium Thugs","floor":10,"turns":4},{"damage":1,"enemies":"3 Louse","floor":13,"turns":3},{"damage":1,"enemies":"2 Fungi Beasts","floor":14,"turns":3},{"damage":39,"enemies":"Slime Boss","floor":16,"turns":8}],"seed_played":"-4064531337401849573","potions_obtained":[{"floor":2,"key":"SmokeBomb"},{"floor":10,"key":"FearPotion"}],"is_trial":false,"path_per_floor":["M","M","?","?","?","E","$","M","T","M","R","?","M","M","R","B"],"character_chosen":"THE_SILENT","items_purchased":["Bouncing Flask","Eternal Feather"],"campfire_rested":0,"item_purchase_floors":[7,7],"current_hp_per_floor":[70,70,70,56,45,9,9,9,9,9,18,18,17,16,25,0,0],"gold":91,"neow_bonus":"RANDOM_COMMON_RELIC","is_daily":false,"chose_seed":false,"campfire_upgraded":2,"win_rate":0.0,"timestamp":1612252701,"path_taken":["M","M","?","?","?","E","$","?","T","M","R","?","M","M","R","BOSS"],"items_purchased_type":["Card","Relic"],"build_version":"2020-12-22","purchased_purges":1,"victory":false,"max_hp_per_floor":[70,70,70,70,70,70,70,70,70,70,70,70,70,70,70,70,70],"card_choices":[{"not_picked":["Bane","Expertise"],"picked":"Deadly Poison","floor":1},{"not_picked":["Dagger Spray","Dodge and Roll"],"picked":"Flying Knee","floor":2},{"not_picked":["PiercingWail","Backflip"],"picked":"After Image","floor":6},{"not_picked":["PiercingWail","Underhanded Strike"],"picked":"Backflip","floor":8},{"not_picked":["Infinite Blades","Slice"],"picked":"PiercingWail","floor":10},{"not_picked":["Flying Knee","Deflect","Dagger Throw"],"picked":"SKIP","floor":13},{"not_picked":["Dagger Throw","Accuracy","All Out Attack"],"picked":"SKIP","floor":14}],"player_experience":189983,"relics_obtained":[{"floor":6,"key":"Lantern"},{"floor":9,"key":"Toy Ornithopter"}],"event_choices":[{"damage_healed":0,"gold_gain":175,"player_choice":"AGREE","damage_taken":0,"max_hp_gain":0,"max_hp_loss":0,"event_name":"Liars Game","floor":3,"gold_loss":0,"cards_obtained":["Doubt"]},{"damage_healed":0,"gold_gain":0,"player_choice":"Entered Light","damage_taken":14,"max_hp_gain":0,"max_hp_loss":0,"event_name":"Shining Light","floor":4,"gold_loss":0,"cards_upgraded":["Survivor","Defend_G"]},{"damage_healed":0,"gold_gain":75,"player_choice":"Gather Gold","damage_taken":11,"max_hp_gain":0,"max_hp_loss":0,"event_name":"World of Goop","floor":5,"gold_loss":0},{"damage_healed":0,"gold_gain":0,"player_choice":"Grow","damage_taken":0,"max_hp_gain":0,"max_hp_loss":0,"event_name":"Living Wall","floor":12,"gold_loss":0,"cards_upgraded":["Bouncing Flask"]}],"is_beta":false,"boss_relics":[],"items_purged_floors":[7],"is_endless":false,"potions_floor_spawned":[2,10],"killed_by":"Slime Boss","ascension_level":0}}