{"host":"bakf0s4odzu8z5xt","time":1612252093,"event":{"mods":["BaseMod","Downfall","Friendly Minions","Minty Spire (QoL Compilation)","StSLib"],"gold_per_floor":[99,118,132,132,152,164,245,245,255,255,268,288,48,67,85,182,182,182,192,203,203,10,10,10,20,20,20,20,20,37,64,82,184,184,184,203,220,233,233,233,233,233],"floor_reached":40,"language":"ENG","playtime":3224,"items_purged":["hexamod:Strike","hexamod:Strike"],"score":431,"play_id":"aa547f30-e544-419f-af62-a88189a59010","local_time":"20210202014813","is_ascension_mode":false,"campfire_choices":[{"data":"hexamod:Sear","floor":1.0,"key":"SMITH"},{"data":"hexamod:Float","floor":8.0,"key":"SMITH"},{"data":"hexamod:ThermalTransfer","floor":10.0,"key":"SMITH"},{"data":"hexamod:ExtraCrispy","floor":18.0,"key":"SMITH"},{"data":"hexamod:SpectersWail","floor":23,"key":"SMITH"},{"data":"hexamod:VolcanoVisage","floor":26,"key":"SMITH"},{"data":"hexamod:PhantomCloak","floor":28,"key":"SMITH"},{"data":"hexamod:BurningTouch","floor":35,"key":"SMITH"}],"circlet_count":0,"master_deck":["hexamod:Defend+1","hexamod:Defend","hexamod:Defend+1","hexamod:Defend","hexamod:Sear+1","hexamod:Float+1","hexamod:ExtraCrispy+1","hexamod:SpectersWail+1","hexamod:ThermalTransfer+1","hexamod:BurningTouch+1","hexamod:FlamesFromBeyond+1","hexamod:ThermalTransfer","hexamod:BurningTouch","hexamod:AdvancingGuard","hexamod:HeatCrush+1","hexamod:PhantomCloak+1","hexamod:VolcanoVisage+1","hexamod:GhostOfSpirePresent+1","hexamod:SixthSeal","hexamod:Firestarter+1","hexamod:PhantomFireball","hexamod:ChargedBarrage"],"relics":["hexamod:SpiritBrand","Bottled Flame","Membership Card","hexamod:IceCube","hexamod:CandleOfCauterizing","PreservedInsect","Toy Ornithopter","Snecko Eye"],"acts_visited":["Exordium","TheCity","TheBeyond"],"potions_floor_usage":[27,30,31,32,36],"damage_taken":[{"damage":0.0,"enemies":"2 Louse","floor":2.0,"turns":4.0},{"damage":0.0,"enemies":"Cultist","floor":3.0,"turns":3.0},{"damage":5.0,"enemies":"Small Slimes","floor":5.0,"turns":4.0},{"damage":0.0,"enemies":"Blue Slaver","floor":6.0,"turns":3.0},{"damage":0.0,"enemies":"3 Louse","floor":9.0,"turns":3.0},{"damage":3.0,"enemies":"Red Slaver","floor":11.0,"turns":3.0},{"damage":0.0,"enemies":"Gremlin Gang","floor":12.0,"turns":3.0},{"damage":0.0,"enemies":"downfall:FleeingMerchant","floor":13.0,"turns":4.0},{"damage":0.0,"enemies":"Exordium Wildlife","floor":14.0,"turns":3.0},{"damage":2.0,"enemies":"Blue Slaver","floor":15.0,"turns":3.0},{"damage":9.0,"enemies":"IC_STATUS_ARCHETYPE","floor":16.0,"turns":6.0},{"damage":8.0,"enemies":"3 Byrds","floor":19.0,"turns":5.0},{"damage":0.0,"enemies":"Chosen","floor":20.0,"turns":4.0},{"damage":0.0,"enemies":"downfall:FleeingMerchant","floor":22.0,"turns":4.0},{"damage":2,"enemies":"Snecko","floor":25,"turns":5},{"damage":0,"enemies":"Snake Plant","floor":27,"turns":1},{"damage":0,"enemies":"Chosen and Byrds","floor":30,"turns":4},{"damage":14,"enemies":"Slavers","floor":31,"turns":4},{"damage":16,"enemies":"Cultist and Chosen","floor":32,"turns":7},{"damage":9,"enemies":"WA_ARCHETYPE_CALM","floor":33,"turns":8},{"damage":0,"enemies":"3 Shapes","floor":36,"turns":4},{"damage":5,"enemies":"3 Darklings","floor":37,"turns":4},{"damage":45,"enemies":"Jaw Worm Horde","floor":38,"turns":4},{"damage":29,"enemies":"2 Orb Walkers","floor":40,"turns":2}],"seed_played":"1906059594443999752","potions_obtained":[{"floor":2.0,"key":"hexamod:EctoCoolerPotion"},{"floor":4.0,"key":"DuplicationPotion"},{"floor":4.0,"key":"LiquidMemories"},{"floor":4.0,"key":"Ancient Potion"},{"floor":12.0,"key":"Weak Potion"},{"floor":15.0,"key":"hexamod:DoubleChargePotion"},{"floor":19.0,"key":"SmokeBomb"},{"floor":25,"key":"SkillPotion"},{"floor":31,"key":"Block Potion"},{"floor":32,"key":"Explosive Potion"},{"floor":33,"key":"sneckomod:MuddlingPotion"},{"floor":37,"key":"LiquidBronze"}],"is_trial":false,"path_per_floor":["R","M","M","?","M","M","T","R","M","R","M","M","$","M","M","B",null,"R","M","M","?","$","R","T","M","R","M","R","?","M","E","M","B",null,"R","M","M","M","?","?"],"character_chosen":"THE_SPIRIT","items_purchased":["Membership Card","hexamod:HeatCrush","hexamod:CandleOfCauterizing"],"campfire_rested":0,"item_purchase_floors":[13,13,22],"current_hp_per_floor":[77,77,77,77,72,72,72,72,72,72,69,69,69,69,67,58,77,77,69,69,69,69,69,69,67,67,67,67,67,67,53,42,33,77,77,77,72,27,27,0,0,0],"gold":233,"neow_bonus":"TEN_PERCENT_HP_BONUS","is_daily":false,"chose_seed":false,"campfire_upgraded":8,"win_rate":0.0,"timestamp":1612252093,"path_taken":["R","M","M","?","M","?","T","R","M","R","M","M","$","M","M","BOSS","R","M","M","?","$","R","T","M","R","M","R","?","M","E","M","BOSS","R","M","M","M","?","?"],"items_purchased_type":["Relic","Card","Relic"],"build_version":"2020-12-22","purchased_purges":2,"victory":false,"max_hp_per_floor":[77,77,77,77,77,77,77,77,77,77,77,77,77,77,77,77,77,77,77,77,77,77,77,77,77,77,77,77,77,77,77,77,77,77,77,77,77,77,77,77,77,77],"card_choices":[{"not_picked":["hexamod:GhostOfSpirePast","hexamod:ThermalTransfer"],"picked":"hexamod:ExtraCrispy","floor":2.0},{"not_picked":["hexamod:EtherealExpedition","hexamod:Hexaguard"],"picked":"hexamod:SpectersWail","floor":3.0},{"not_picked":["hexamod:FirstSeal","hexamod:HauntingEcho"],"picked":"hexamod:ThermalTransfer","floor":5.0},{"not_picked":["hexamod:RetreatToShadows","hexamod:SpectersWail"],"picked":"hexamod:BurningTouch","floor":6.0},{"not_picked":["hexamod:InspiringFlames","hexamod:NightmareStrike"],"picked":"hexamod:FlamesFromBeyond","floor":9.0},{"not_picked":["hexamod:SkipABeat","hexamod:FlamesFromBeyond"],"picked":"hexamod:ThermalTransfer","floor":11.0},{"not_picked":["hexamod:UnlimitedPower","hexamod:GhostShield"],"picked":"hexamod:BurningTouch","floor":12.0},{"not_picked":["hexamod:NecessarySacrifice","hexamod:Firestarter"],"picked":"hexamod:AdvancingGuard","floor":13.0},{"not_picked":["hexamod:Firestarter","hexamod:SpectersWail","hexamod:GhostShield"],"picked":"SKIP","floor":14.0},{"not_picked":["hexamod:GhostOfSpirePast","hexamod:BurningTouch"],"picked":"hexamod:PhantomCloak","floor":15.0},{"not_picked":["hexamod:TimeWarp","hexamod:HexaLevel"],"picked":"hexamod:VolcanoVisage","floor":16.0},{"not_picked":["hexamod:FlamesFromBeyond","hexamod:EmpoweredFlame","hexamod:PowerFromBeyond"],"picked":"SKIP","floor":19.0},{"not_picked":["hexamod:ThirdSeal","hexamod:NightmareStrike+1","hexamod:PowerFromBeyond"],"picked":"SKIP","floor":20.0},{"not_picked":["hexamod:EmpoweredFlame","hexamod:SpectersWail","hexamod:SwordOfDarkness+1"],"picked":"SKIP","floor":22},{"not_picked":["hexamod:SpectralAdrenaline","hexamod:NightmareGuise+1"],"picked":"hexamod:Firestarter+1","floor":25},{"not_picked":["hexamod:SwordOfDarkness+1","hexamod:Incineration+1"],"picked":"hexamod:PhantomFireball","floor":30},{"not_picked":["hexamod:StepThrough","hexamod:FlamesFromBeyond","hexamod:TurnItUp"],"picked":"SKIP","floor":31},{"not_picked":["hexamod:InspiringFlames","hexamod:FlamesFromBeyond"],"picked":"hexamod:ChargedBarrage","floor":32},{"not_picked":["hexamod:GhostShield+1","hexamod:BacktrackSmack+1","hexamod:SwordOfDarkness"],"picked":"SKIP","floor":36},{"not_picked":["hexamod:GhostLash","hexamod:SpectralAdrenaline+1","hexamod:DynamicBlow"],"picked":"SKIP","floor":37},{"not_picked":["hexamod:GhostOfSpirePast+1","hexamod:FlamesFromBeyond+1","hexamod:GhostShield"],"picked":"SKIP","floor":38}],"player_experience":2054782,"relics_obtained":[{"floor":7.0,"key":"Bottled Flame"},{"floor":24,"key":"PreservedInsect"},{"floor":31,"key":"Toy Ornithopter"}],"event_choices":[{"damage_healed":0.0,"max_hp_gain":0.0,"max_hp_loss":0.0,"gold_gain":0.0,"event_name":"Lab","player_choice":"Got Potions","floor":4.0,"gold_loss":0.0,"damage_taken":0.0},{"damage_healed":0.0,"max_hp_gain":0.0,"max_hp_loss":0.0,"gold_gain":0.0,"cards_transformed":["hexamod:Strike","hexamod:Strike"],"event_name":"Drug Dealer","player_choice":"Became Test Subject","floor":21.0,"gold_loss":0.0,"damage_taken":0.0,"cards_obtained":["hexamod:GhostOfSpirePresent","hexamod:SixthSeal"]},{"damage_healed":0,"gold_gain":0,"player_choice":"Fight","damage_taken":0,"max_hp_gain":0,"max_hp_loss":0,"event_name":"Mysterious Sphere","floor":40,"gold_loss":0}],"is_beta":false,"boss_relics":[{"not_picked":["sneckomod:SneckoTalon","Sozu"],"picked":"hexamod:IceCube"},{"not_picked":["Astrolabe","expansioncontent:StudyCardRelic"],"picked":"Snecko Eye"}],"items_purged_floors":[13,22],"is_endless":false,"potions_floor_spawned":[2,6,12,15,19,25,31,32,33,37],"killed_by":"2 Orb Walkers","ascension_level":0}}