{"host":"8o45mh5p3pp1o2mi","time":1612309205,"event":{"mods":["BaseMod","Bestiary","Better Match","Better Third Choice","BetterRewards","Dark Map","Downfall","Fox Events","Minty Spire (QoL Compilation)","Rare Cards Sparkle","Relic Stats","Replay The Spire","Shop Mod","Spire Exporter","StSLib","everything is the same but u backflip on backflip"],"gold_per_floor":[117,224,53,53,53,53,53],"floor_reached":6,"language":"ENG","playtime":567,"items_purged":["Strike_G"],"score":42,"play_id":"d1fcd1fc-72a3-4db8-990c-dd547c7513ab","local_time":"20210202234005","is_ascension_mode":true,"campfire_choices":[],"circlet_count":0,"master_deck":["Strike_G","Strike_G","Strike_G","Defend_G","Defend_G","Defend_G","Defend_G","Defend_G","Survivor","Neutralize","Cloak And Dagger","Acrobatics","ReplayTheSpireMod:The Works","Crow Ritual","Accuracy+1","Prepared"],"relics":["Ring of the Snake","TungstenRod","Singing Bowl","Tough Bandages"],"acts_visited":["Exordium"],"potions_floor_usage":[],"damage_taken":[{"damage":2,"enemies":"Jaw Worm","floor":1,"turns":6},{"damage":9,"enemies":"Lagavulin","floor":6,"turns":11}],"seed_played":"7885589273162337557","potions_obtained":[],"is_trial":false,"path_per_floor":["M","?","$","?","?","E"],"character_chosen":"THE_SILENT","items_purchased":["TungstenRod","Singing Bowl","Crow Ritual"],"campfire_rested":0,"item_purchase_floors":[0,0,3],"current_hp_per_floor":[61,34,34,34,34,25,25],"gold":53,"neow_bonus":"","is_daily":false,"chose_seed":false,"campfire_upgraded":0,"win_rate":0.0,"timestamp":1612309205,"path_taken":["M","?","$","?","?","E"],"items_purchased_type":["Relic","Relic","Card"],"build_version":"2020-12-22","purchased_purges":1,"victory":false,"max_hp_per_floor":[70,70,70,70,70,70,70],"relic_stats":{"Tough Bandages":[54],"Singing Bowl":0,"counters":[63,290],"obtain_stats":[{"TwistedFunnel":20,"Ice Cream":23,"Vajra":25,"Whetstone":12,"Old Coin":30,"Blood Vial":0,"Sundial":0,"Strawberry":26,"Replay:Bronze Core":17,"Philosopher\u0027s Stone":34,"Iron Hammer":23,"MerchantsRug":0,"Pear":29,"ReplayTheSpireMod:CursedCoin":4,"Dead Branch":0,"Question Card":0,"Onion Ring":26,"foxEvents:LuckyCharm":3,"Black Star":34,"Grinning Jar":8,"bronze:BronzeCore":0,"Replay:PocketPolymizer":0,"Torii":3,"Singing Bowl":22,"Mango":6,"Painkiller Herb":17,"Snake Skull":9,"Juzu Bracelet":11,"Bag of Preparation":43,"Replay:Mystery Machine":0,"BranchBurnRelic":6,"SsserpentHead":13,"Nunchaku":41,"Tough Bandages":0,"Chameleon Ring":9,"Tiny Chest":11,"Replay:Bottled Eggs":23,"InkBottle":42,"Ring of the Snake":7,"Gremlin Food":22,"Replay:Towering Pillar of Hats":0,"Guide Book":5,"Orichalcum":6,"White Beast Statue":10,"Calling Bell":0,"sneckomod:BabySnecko":20,"Anchor":4,"Busted Crown":17,"Art of War":4,"Membership Card":0,"TungstenRod":0},{"TwistedFunnel":18,"Ice Cream":43,"Vajra":22,"Whetstone":38,"Old Coin":57,"Blood Vial":9,"Sundial":45,"Strawberry":22,"Replay:Bronze Core":52,"Philosopher\u0027s Stone":26,"Iron Hammer":20,"MerchantsRug":9,"Pear":24,"ReplayTheSpireMod:CursedCoin":46,"Dead Branch":32,"Question Card":32,"Onion Ring":56,"foxEvents:LuckyCharm":2,"Black Star":59,"Grinning Jar":50,"bronze:BronzeCore":0,"Replay:PocketPolymizer":45,"Torii":34,"Singing Bowl":55,"Mango":12,"Painkiller Herb":16,"Snake Skull":13,"Juzu Bracelet":7,"Bag of Preparation":30,"Replay:Mystery Machine":45,"BranchBurnRelic":34,"SsserpentHead":38,"Nunchaku":29,"Tough Bandages":61,"Chameleon Ring":35,"Tiny Chest":51,"Replay:Bottled Eggs":56,"InkBottle":30,"Ring of the Snake":12,"Gremlin Food":42,"Replay:Towering Pillar of Hats":9,"Guide Book":11,"Orichalcum":48,"White Beast Statue":36,"Calling Bell":45,"sneckomod:BabySnecko":41,"Anchor":11,"Busted Crown":40,"Art of War":46,"Membership Card":9,"TungstenRod":9},{"TwistedFunnel":60,"Ice Cream":182,"Vajra":78,"Whetstone":158,"Old Coin":249,"Blood Vial":25,"Sundial":191,"Strawberry":78,"Replay:Bronze Core":226,"Philosopher\u0027s Stone":99,"Iron Hammer":69,"MerchantsRug":25,"Pear":87,"ReplayTheSpireMod:CursedCoin":196,"Dead Branch":132,"Question Card":132,"Onion Ring":246,"foxEvents:LuckyCharm":5,"Black Star":264,"Grinning Jar":213,"bronze:BronzeCore":0,"Replay:PocketPolymizer":191,"Torii":143,"Singing Bowl":241,"Mango":34,"Painkiller Herb":52,"Snake Skull":36,"Juzu Bracelet":19,"Bag of Preparation":118,"Replay:Mystery Machine":191,"BranchBurnRelic":143,"SsserpentHead":158,"Nunchaku":109,"Tough Bandages":273,"Chameleon Ring":146,"Tiny Chest":218,"Replay:Bottled Eggs":246,"InkBottle":118,"Ring of the Snake":34,"Gremlin Food":176,"Replay:Towering Pillar of Hats":25,"Guide Book":30,"Orichalcum":204,"White Beast Statue":151,"Calling Bell":191,"sneckomod:BabySnecko":173,"Anchor":30,"Busted Crown":168,"Art of War":196,"Membership Card":25,"TungstenRod":25}],"TungstenRod":7,"Ring of the Snake":[4]},"card_choices":[{"not_picked":["Quick Slash","Underhanded Strike"],"picked":"Cloak And Dagger","floor":1},{"not_picked":["Setup","Outmaneuver"],"picked":"Acrobatics","floor":2},{"not_picked":["Backflip","Poisoned Stab"],"picked":"Prepared","floor":2},{"not_picked":["Backflip","Flying Knee"],"picked":"ReplayTheSpireMod:The Works","floor":2}],"player_experience":160134,"relics_obtained":[],"event_choices":[{"damage_healed":0,"gold_gain":0,"cards_transformed":["Strike_G"],"player_choice":"Change","damage_taken":0,"max_hp_gain":0,"max_hp_loss":0,"event_name":"Living Wall","floor":5,"gold_loss":0,"cards_obtained":["Prepared"]}],"is_beta":false,"boss_relics":[],"items_purged_floors":[0],"is_endless":false,"potions_floor_spawned":[],"killed_by":"Lagavulin","ascension_level":6}}