{"host":"0k696jvpnlqjk4gh","time":1612281601,"event":{"mods":["AchievementEnabler","BaseMod","Colored Map","Colored Powertips","Minty Spire (QoL Compilation)","Quick Restart"],"gold_per_floor":[117,117,192,48,13,23,23,23,23,43,43,77,77,91,91,186,186,198,215,215,227,240,274,21,21,21,21,21,40,40,69,69,169,169,188,205,205,205,217,217,245,257,257,257,257,272,272,291,291,291],"floor_reached":51,"language":"ENG","playtime":2205,"items_purged":[],"score":815,"play_id":"824fa1d8-fd6c-40fb-a8ab-9812c32def16","local_time":"20210202160001","is_ascension_mode":true,"campfire_choices":[{"data":"Deadly Poison","floor":8,"key":"SMITH"},{"floor":15,"key":"REST"},{"floor":25,"key":"REST"},{"floor":32,"key":"REST"},{"floor":40,"key":"RECALL"},{"floor":45,"key":"REST"},{"floor":47,"key":"REST"},{"floor":49,"key":"REST"}],"circlet_count":0,"master_deck":["Survivor","Neutralize","Die Die Die+1","Deadly Poison+1","Deadly Poison","Burst","PiercingWail","Venomology","Footwork+1","Sucker Punch","A Thousand Cuts+1","Noxious Fumes+1","Quick Slash","Deadly Poison","Adrenaline","Heel Hook","Distraction+1","Outmaneuver","Slice","Infinite Blades+1","Deflect","Dodge and Roll+1","Backflip+1","Blur+1","Blur","Dodge and Roll+1","Blade Dance+1"],"relics":["Ring of the Serpent","NeowsBlessing","Happy Flower","Frozen Egg 2","Boot","Pandora\u0027s Box","Shuriken","Smiling Mask","HornCleat","Toy Ornithopter","Snake Skull","Kunai","Calipers"],"acts_visited":["Exordium","TheCity","TheBeyond"],"potions_floor_usage":[12,18,19,19,21,23,23,23,23,29,29,29,33,33,33,36,39,39,41,41,42,42,46,48,50,50],"damage_taken":[{"damage":0,"enemies":"2 Louse","floor":1,"turns":1},{"damage":0,"enemies":"Jaw Worm","floor":6,"turns":1},{"damage":0,"enemies":"Cultist","floor":10,"turns":1},{"damage":4,"enemies":"Gremlin Nob","floor":12,"turns":3},{"damage":11,"enemies":"Exordium Thugs","floor":14,"turns":2},{"damage":39,"enemies":"Hexaghost","floor":16,"turns":11},{"damage":12,"enemies":"3 Byrds","floor":18,"turns":4},{"damage":11,"enemies":"2 Thieves","floor":19,"turns":3},{"damage":14,"enemies":"Chosen and Byrds","floor":21,"turns":4},{"damage":4,"enemies":"3 Cultists","floor":22,"turns":4},{"damage":27,"enemies":"Book of Stabbing","floor":23,"turns":4},{"damage":3,"enemies":"Sentry and Sphere","floor":29,"turns":4},{"damage":38,"enemies":"Gremlin Leader","floor":31,"turns":5},{"damage":56,"enemies":"Automaton","floor":33,"turns":7},{"damage":9,"enemies":"Orb Walker","floor":35,"turns":3},{"damage":5,"enemies":"3 Darklings","floor":36,"turns":4},{"damage":37,"enemies":"Jaw Worm Horde","floor":39,"turns":5},{"damage":25,"enemies":"Nemesis","floor":41,"turns":7},{"damage":0,"enemies":"Maw","floor":42,"turns":7},{"damage":20,"enemies":"3 Darklings","floor":46,"turns":4},{"damage":38,"enemies":"Spire Growth","floor":48,"turns":5},{"damage":45,"enemies":"Time Eater","floor":50,"turns":13}],"seed_played":"3664766678834329764","potions_obtained":[{"floor":6,"key":"PowerPotion"},{"floor":16,"key":"Swift Potion"},{"floor":18,"key":"Block Potion"},{"floor":21,"key":"SmokeBomb"},{"floor":22,"key":"LiquidBronze"},{"floor":28,"key":"SpeedPotion"},{"floor":28,"key":"Energy Potion"},{"floor":28,"key":"DistilledChaos"},{"floor":31,"key":"PowerPotion"},{"floor":41,"key":"SkillPotion"},{"floor":42,"key":"Dexterity Potion"},{"floor":46,"key":"PowerPotion"},{"floor":48,"key":"AttackPotion"}],"is_trial":false,"path_per_floor":["M","?","?","$","?","M","?","R","T","M","$","E","$","M","R","B",null,"M","M","?","M","M","E","$","R","T","?","?","M","$","E","R","B",null,"M","M","$","T","M","R","E","M","T","?","R","M","R","M","R","B",null],"character_chosen":"THE_SILENT","items_purchased":["Happy Flower","HornCleat"],"campfire_rested":6,"item_purchase_floors":[4,24],"current_hp_per_floor":[70,70,59,59,70,70,56,56,56,56,56,52,52,41,62,23,70,58,47,47,33,29,2,2,23,23,46,46,70,70,32,53,12,70,61,61,61,61,34,34,19,29,29,29,50,35,56,23,44,9],"gold":291,"neow_bonus":"THREE_ENEMY_KILL","is_daily":false,"chose_seed":false,"campfire_upgraded":1,"win_rate":0.0,"timestamp":1612281601,"path_taken":["M","?","?","$","?","M","?","R","T","M","?","E","$","?","R","BOSS","M","M","?","M","?","E","?","R","T","?","?","M","$","E","R","BOSS","M","M","$","?","?","R","E","M","T","?","R","M","R","M","R","BOSS"],"items_purchased_type":["Relic","Relic"],"build_version":"2020-12-22","purchased_purges":0,"victory":true,"max_hp_per_floor":[70,70,70,70,70,70,70,70,70,70,70,70,70,70,70,70,70,70,70,70,70,70,70,70,70,70,70,70,70,70,70,70,70,70,70,70,70,70,70,70,70,70,70,70,70,70,70,70,70,70],"card_choices":[{"not_picked":["Underhanded Strike","Bane","Deflect"],"picked":"SKIP","floor":1},{"not_picked":["Quick Slash","Dodge and Roll"],"picked":"Deadly Poison","floor":6},{"not_picked":["Dash","Flying Knee"],"picked":"Deadly Poison","floor":10},{"not_picked":["Poisoned Stab","Outmaneuver"],"picked":"Burst","floor":12},{"not_picked":["Deadly Poison","Dagger Spray"],"picked":"PiercingWail","floor":14},{"not_picked":["Die Die Die","Malaise"],"picked":"Venomology","floor":16},{"not_picked":["PiercingWail","Dagger Spray+1"],"picked":"Distraction+1","floor":18},{"not_picked":["Dagger Throw","Masterful Stab","PiercingWail"],"picked":"SKIP","floor":19},{"not_picked":["Prepared+1","Dagger Throw"],"picked":"Outmaneuver","floor":21},{"not_picked":["Blade Dance","Poisoned Stab"],"picked":"Slice","floor":22},{"not_picked":["Choke","Flying Knee","Dagger Throw+1"],"picked":"SKIP","floor":23},{"not_picked":["Sucker Punch","Bane"],"picked":"Infinite Blades+1","floor":29},{"not_picked":["Backflip","Infinite Blades+1"],"picked":"Deflect","floor":31},{"not_picked":["Catalyst+1","Bane"],"picked":"Dodge and Roll+1","floor":35},{"not_picked":["Quick Slash+1","Blade Dance"],"picked":"Backflip+1","floor":36},{"not_picked":["Well Laid Plans+1","Riddle With Holes"],"picked":"Blur+1","floor":39},{"not_picked":["Burst","Dagger Spray"],"picked":"Blur","floor":41},{"not_picked":["Catalyst+1","Dagger Spray","Flying Knee+1"],"picked":"SKIP","floor":42},{"not_picked":["Flying Knee","PiercingWail"],"picked":"Dodge and Roll+1","floor":46},{"not_picked":["Eviscerate+1","Infinite Blades+1"],"picked":"Blade Dance+1","floor":48}],"player_experience":103329,"relics_obtained":[{"floor":9,"key":"Frozen Egg 2"},{"floor":12,"key":"Boot"},{"floor":23,"key":"Smiling Mask"},{"floor":26,"key":"Toy Ornithopter"},{"floor":31,"key":"Snake Skull"},{"floor":38,"key":"Kunai"},{"floor":41,"key":"Calipers"}],"event_choices":[{"damage_healed":0,"gold_gain":0,"cards_transformed":["Strike_G"],"player_choice":"Change","damage_taken":0,"max_hp_gain":0,"max_hp_loss":0,"event_name":"Living Wall","floor":2,"gold_loss":0,"cards_obtained":["Die Die Die"]},{"damage_healed":0,"gold_gain":75,"player_choice":"Gather Gold","damage_taken":11,"max_hp_gain":0,"max_hp_loss":0,"event_name":"World of Goop","floor":3,"gold_loss":0},{"damage_healed":17,"gold_gain":0,"player_choice":"Healed","damage_taken":0,"max_hp_gain":0,"max_hp_loss":0,"event_name":"The Cleric","floor":5,"gold_loss":35},{"damage_healed":0,"gold_gain":0,"player_choice":"Entered Light","damage_taken":14,"max_hp_gain":0,"max_hp_loss":0,"event_name":"Shining Light","floor":7,"gold_loss":0,"cards_upgraded":["Die Die Die","Strike_G"]},{"cards_removed":["Endless Agony"],"damage_healed":0,"gold_gain":0,"player_choice":"Gave Card","damage_taken":0,"relics_obtained":["Shuriken"],"max_hp_gain":0,"max_hp_loss":0,"event_name":"WeMeetAgain","floor":20,"gold_loss":0},{"damage_healed":23,"gold_gain":0,"player_choice":"Heal","damage_taken":0,"max_hp_gain":0,"max_hp_loss":0,"event_name":"The Library","floor":27,"gold_loss":0},{"damage_healed":0,"gold_gain":0,"player_choice":"Got Potions","damage_taken":0,"max_hp_gain":0,"max_hp_loss":0,"event_name":"Lab","floor":28,"gold_loss":0},{"damage_healed":0,"gold_gain":0,"player_choice":"Bought 0 Potions","damage_taken":0,"max_hp_gain":0,"max_hp_loss":0,"event_name":"The Woman in Blue","floor":44,"gold_loss":0}],"is_beta":false,"boss_relics":[{"not_picked":["Coffee Dripper","HoveringKite"],"picked":"Pandora\u0027s Box"},{"not_picked":["Velvet Choker","Runic Pyramid"],"picked":"Ring of the Serpent"}],"items_purged_floors":[],"is_endless":false,"potions_floor_spawned":[6,16,18,21,22,31,41,42,46,48],"ascension_level":3}}