{"host":"owfagvjreo3l000m","time":1612224601,"event":{"mods":["BaseMod","Downfall","Hermit","Hubris","Minty Spire (QoL Compilation)","Replay The Spire","StSLib","The Cursed","The Disciple","The Necromancer","The Runesmith","The Witch"],"gold_per_floor":[99,99,99,99,129,145,192,192,192,192,58,58,88,22,32,133,133,133,149,134,134,134,134,134,144,173,173,173],"floor_reached":27,"language":"ENG","playtime":1499,"items_purged":["Runesmith:Strike_RS"],"score":223,"play_id":"0eb37e0c-f172-4edf-a8b9-b2206c823162","local_time":"20210201191001","is_ascension_mode":false,"campfire_choices":[{"data":"Runesmith:Fortify","floor":1,"key":"SMITH"},{"data":"Runesmith:CraftFirestone","floor":8,"key":"SMITH"},{"data":"Runesmith:CraftMagma","floor":12,"key":"SMITH"},{"data":"Runesmith:CraftIndustria","floor":18,"key":"SMITH"},{"data":"Runesmith:CreatorForm","floor":23,"key":"SMITH"}],"circlet_count":0,"master_deck":["Runesmith:Strike_RS","Runesmith:Strike_RS","Runesmith:Strike_RS","Runesmith:Defend_RS","Runesmith:Defend_RS","Runesmith:Defend_RS","Runesmith:Defend_RS","Runesmith:CraftFirestone+1","Runesmith:Fortify+1","Runesmith:PerfectChisel","Runesmith:LithiumIon","Runesmith:CraftSpiculum","Runesmith:HeatExchange","Runesmith:CraftMagma+1","Runesmith:GoWithTheFlow","Runesmith:GoWithTheFlow","Runesmith:Grindstone","Runesmith:GoWithTheFlow","Runesmith:Firewall+1","Runesmith:CraftProtectio","Runesmith:CraftIndustria+1","Runesmith:EarthShield","Runesmith:CreatorForm+1","Runesmith:OneForEveryone+1"],"relics":["Runesmith:BrokenRuby","downfall:HeartsMalice","Blue Doll","Nunchaku","hubris:Towel","Runesmith:Locket","hubris:ScarierMask","Ring of Misfortune","ReplayFunnel","Blood Vial"],"acts_visited":["Exordium","TheCity"],"potions_floor_usage":[13,26],"damage_taken":[{"damage":0,"enemies":"Cultist","floor":2,"turns":1},{"damage":0,"enemies":"Jaw Worm","floor":3,"turns":1},{"damage":0,"enemies":"Small Slimes","floor":4,"turns":1},{"damage":15,"enemies":"Exordium Thugs","floor":6,"turns":4},{"damage":10,"enemies":"downfall:FleeingMerchant","floor":11,"turns":4},{"damage":17,"enemies":"Gremlin Nob","floor":13,"turns":4},{"damage":0,"enemies":"downfall:FleeingMerchant","floor":14,"turns":4},{"damage":2,"enemies":"3 Louse","floor":15,"turns":3},{"damage":19,"enemies":"DF_ARCHETYPE_STREAMLINE","floor":16,"turns":9},{"damage":3,"enemies":"3 Byrds","floor":19,"turns":3},{"damage":5,"enemies":"downfall:FleeingMerchant","floor":20,"turns":4},{"damage":15,"enemies":"Spheric Guardian","floor":25,"turns":6},{"damage":36,"enemies":"Book of Stabbing","floor":26,"turns":5},{"damage":15,"enemies":"Centurion and Healer","floor":27,"turns":3}],"seed_played":"8555091279639252549","potions_obtained":[{"floor":6,"key":"PowerPotion"},{"floor":15,"key":"Adrenaline Potion"},{"floor":19,"key":"hexamod:SoulburnPotion"},{"floor":22,"key":"CultistPotion"},{"floor":26,"key":"FearPotion"}],"is_trial":false,"path_per_floor":["R","M","M","M","?","M","T","R","?","?","$","R","E","$","M","B",null,"R","M","$","?","?","R","T","M","E","M"],"character_chosen":"RUNESMITH_CLASS","items_purchased":["Runesmith:GoWithTheFlow","Runesmith:Firewall+1"],"campfire_rested":0,"item_purchase_floors":[11,14],"current_hp_per_floor":[70,70,70,70,70,55,55,55,55,55,45,45,28,28,26,7,70,70,67,62,62,62,62,62,47,11,0,0],"gold":173,"neow_bonus":"THREE_ENEMY_KILL","is_daily":false,"chose_seed":false,"campfire_upgraded":5,"win_rate":0.0,"timestamp":1612224601,"path_taken":["R","M","M","M","?","M","T","R","?","?","$","R","E","$","M","BOSS","R","M","$","?","?","R","T","M","E","M"],"items_purchased_type":["Card","Card"],"build_version":"2020-12-22","purchased_purges":1,"victory":false,"max_hp_per_floor":[70,70,70,70,70,70,70,70,70,70,70,70,70,70,70,70,70,70,70,70,70,70,70,70,70,70,70,70],"card_choices":[{"not_picked":["Runesmith:HeatExchange","Runesmith:MakeshiftArmor"],"picked":"Runesmith:PerfectChisel","floor":2},{"not_picked":["Runesmith:StaticCage","Runesmith:UnstableHammer"],"picked":"Runesmith:LithiumIon","floor":3},{"not_picked":["Runesmith:GoWithTheFlow","Runesmith:StaticCage"],"picked":"Runesmith:CraftSpiculum","floor":4},{"not_picked":["Runesmith:Overpower","Runesmith:CraftProtectio"],"picked":"Runesmith:HeatExchange","floor":6},{"not_picked":["Runesmith:UnstableHammer","Runesmith:StaticCage"],"picked":"Runesmith:CraftMagma","floor":11},{"not_picked":["Runesmith:EarthShield","Runesmith:Repurpose"],"picked":"Runesmith:Grindstone","floor":13},{"not_picked":["Runesmith:Overpower","Runesmith:Superposition"],"picked":"Runesmith:GoWithTheFlow","floor":14},{"not_picked":["Runesmith:Retool","Runesmith:Refine"],"picked":"Runesmith:CraftProtectio","floor":15},{"not_picked":["Runesmith:LastStand","Runesmith:ReplicatingBarrier"],"picked":"Runesmith:CraftIndustria","floor":16},{"not_picked":["Runesmith:Superposition+1","Runesmith:StaticCage"],"picked":"Runesmith:EarthShield","floor":19},{"not_picked":["Runesmith:HeatedChisel","Runesmith:Discharge"],"picked":"Runesmith:CreatorForm","floor":20},{"not_picked":["Runesmith:ShiftingStrike","Runesmith:DoubleUp"],"picked":"Runesmith:OneForEveryone+1","floor":25},{"not_picked":["Runesmith:UnstableHammer","Runesmith:Empowerment","Runesmith:Terraform"],"picked":"SKIP","floor":26}],"player_experience":629397,"relics_obtained":[{"floor":7,"key":"Nunchaku"},{"floor":13,"key":"Runesmith:Locket"},{"floor":21,"key":"Ring of Misfortune"},{"floor":24,"key":"ReplayFunnel"},{"floor":26,"key":"Blood Vial"}],"event_choices":[],"is_beta":false,"boss_relics":[{"not_picked":["hubris:TerracottaHorce","Coffee Dripper"],"picked":"hubris:ScarierMask"}],"items_purged_floors":[11],"is_endless":false,"potions_floor_spawned":[6,15,19,26],"killed_by":"Centurion and Healer","ascension_level":0}}