{"host":"m7jrdcbl89w2s34c","time":1612291284,"event":{"mods":["AchievementEnabler","BaseMod","Bestiary","Block Reminder","Colored Map","Colored Powertips","Minty Spire (QoL Compilation)","Permanent Neow","Relic Stats","StSLib"],"gold_per_floor":[109,109,184,184,202,202,202,228,253,287,287,314,314,330,330,426,426,441,441,441,457,471,471,500,500,527,527,527,527,17,29,29,132,132,148,448,468,485,497,30,55,82,82,117,117,136,163,213,213,213],"floor_reached":51,"language":"ENG","playtime":5053,"items_purged":["Defend_B","Strike_B"],"score":1005,"play_id":"a21125e2-f8d6-4217-88e5-6b2f4cfbde60","local_time":"20210202194124","is_ascension_mode":true,"campfire_choices":[{"data":"Zap","floor":7,"key":"SMITH"},{"data":"Self Repair","floor":11,"key":"SMITH"},{"data":"Buffer","floor":15,"key":"SMITH"},{"data":"Streamline","floor":23,"key":"SMITH"},{"data":"Echo Form","floor":25,"key":"SMITH"},{"data":"Force Field","floor":27,"key":"SMITH"},{"data":"Panacea","floor":32,"key":"SMITH"},{"data":"Hyperbeam","floor":45,"key":"SMITH"},{"floor":49,"key":"DIG"}],"circlet_count":0,"master_deck":["Strike_B","Strike_B","Defend_B","Defend_B","Zap+1","Dualcast","Force Field+1","FTL","Self Repair+1","Buffer+1","Parasite","Streamline+1","Echo Form+1","Consume+1","Writhe","All For One","Ball Lightning+1","Steam+1","Turbo","Dramatic Entrance","Loop+1","Panacea+1","Cold Snap","Seek","Conserve Battery","Go for the Eyes+1","Compile Driver+1","Doom and Gloom+1","Storm+1","Buffer+1","Hyperbeam+1","Coolheaded+1","Cold Snap+1","Hello World+1","Self Repair+1","Streamline+1"],"relics":["Cracked Core","Lantern","Nunchaku","Pen Nib","Centennial Puzzle","Eternal Feather","SlaversCollar","Frozen Egg 2","DataDisk","Happy Flower","Bottled Tornado","Nuclear Battery","DollysMirror","PreservedInsect","Blood Vial","Dead Branch","Gremlin Horn","Shovel","Mango","Toy Ornithopter"],"acts_visited":["Exordium","TheCity","TheBeyond"],"potions_floor_usage":[10,10,16,18,22,35,46,47,50],"damage_taken":[{"damage":0,"enemies":"Small Slimes","floor":1,"turns":2},{"damage":2,"enemies":"2 Louse","floor":5,"turns":2},{"damage":15,"enemies":"3 Sentries","floor":8,"turns":6},{"damage":18,"enemies":"Lagavulin","floor":10,"turns":5},{"damage":20,"enemies":"Gremlin Nob","floor":12,"turns":4},{"damage":0,"enemies":"Cultist","floor":14,"turns":3},{"damage":32,"enemies":"Hexaghost","floor":16,"turns":9},{"damage":14,"enemies":"3 Byrds","floor":18,"turns":5},{"damage":12,"enemies":"Shell Parasite","floor":21,"turns":5},{"damage":18,"enemies":"Cultist and Chosen","floor":22,"turns":4},{"damage":20,"enemies":"Gremlin Leader","floor":24,"turns":8},{"damage":0,"enemies":"Snake Plant","floor":31,"turns":4},{"damage":43,"enemies":"Collector","floor":33,"turns":7},{"damage":12,"enemies":"3 Shapes","floor":35,"turns":6},{"damage":11,"enemies":"3 Darklings","floor":37,"turns":4},{"damage":22,"enemies":"Sphere and 2 Shapes","floor":38,"turns":4},{"damage":0,"enemies":"Transient","floor":39,"turns":5},{"damage":7,"enemies":"Nemesis","floor":41,"turns":6},{"damage":1,"enemies":"Giant Head","floor":44,"turns":5},{"damage":27,"enemies":"4 Shapes","floor":46,"turns":2},{"damage":0,"enemies":"Reptomancer","floor":47,"turns":3},{"damage":0,"enemies":"Mind Bloom Boss Battle","floor":48,"turns":3},{"damage":38,"enemies":"Awakened One","floor":50,"turns":11}],"seed_played":"6209092573113149295","potions_obtained":[{"floor":5,"key":"Energy Potion"},{"floor":8,"key":"SkillPotion"},{"floor":12,"key":"Dexterity Potion"},{"floor":16,"key":"SpeedPotion"},{"floor":21,"key":"Fire Potion"},{"floor":24,"key":"Weak Potion"},{"floor":31,"key":"SteroidPotion"},{"floor":33,"key":"Block Potion"},{"floor":37,"key":"GamblersBrew"},{"floor":39,"key":"Block Potion"},{"floor":46,"key":"DuplicationPotion"}],"is_trial":false,"path_per_floor":["M","?","?","?","M","?","R","E","T","E","R","E","?","M","R","B",null,"M","?","?","M","M","R","E","R","T","R","?","?","$","M","R","B",null,"M","?","M","M","M","$","E","T","T","E","R","M","E","?","R","B",null],"character_chosen":"DEFECT","items_purchased":["Loop+1","Bottled Tornado","Panacea","Cold Snap","Storm+1","DollysMirror","Hyperbeam"],"campfire_rested":0,"item_purchase_floors":[30,30,30,30,40,40,40],"current_hp_per_floor":[75,68,57,57,55,55,55,40,40,22,22,12,30,40,49,27,63,59,59,59,57,39,51,51,63,63,75,75,63,63,63,75,42,67,75,75,75,73,75,75,75,75,75,75,75,48,70,89,89,61],"gold":213,"neow_bonus":"RANDOM_COMMON_RELIC","is_daily":false,"chose_seed":false,"campfire_upgraded":8,"win_rate":0.0,"timestamp":1612291284,"path_taken":["M","?","?","?","M","?","R","E","T","E","R","E","?","M","R","BOSS","M","?","?","M","?","R","E","R","T","R","?","?","$","?","R","BOSS","M","?","?","?","M","$","E","?","T","E","R","M","E","?","R","BOSS"],"items_purchased_type":["Card","Relic","Card","Card","Card","Relic","Card"],"build_version":"2020-12-22","purchased_purges":2,"victory":true,"max_hp_per_floor":[75,75,75,75,75,75,75,75,75,75,75,75,75,75,75,75,75,75,75,75,75,75,75,75,75,75,75,75,75,75,75,75,75,75,75,75,75,75,75,75,75,75,75,75,75,75,75,89,89,89],"relic_stats":{"Happy Flower":[20],"Gremlin Horn":[8,8],"counters":[23,112],"Dead Branch":[15],"Eternal Feather":57,"Pen Nib":[23],"PreservedInsect":182,"Blood Vial":4,"Nunchaku":[23],"Centennial Puzzle":[42],"Shovel":1,"obtain_stats":[{"Lantern":0,"Happy Flower":26,"Gremlin Horn":44,"Dead Branch":43,"Eternal Feather":12,"Mango":48,"Pen Nib":9,"PreservedInsect":41,"Frozen Egg 2":19,"Bottled Tornado":30,"Nuclear Battery":34,"Blood Vial":42,"SlaversCollar":17,"Nunchaku":8,"Centennial Puzzle":10,"DataDisk":24,"Shovel":47,"DollysMirror":40,"Cracked Core":0,"Toy Ornithopter":49},{"Lantern":0,"Happy Flower":11,"Gremlin Horn":19,"Dead Branch":18,"Eternal Feather":5,"Mango":22,"Pen Nib":3,"PreservedInsect":18,"Frozen Egg 2":8,"Bottled Tornado":11,"Nuclear Battery":13,"Blood Vial":18,"SlaversCollar":7,"Nunchaku":3,"Centennial Puzzle":4,"DataDisk":11,"Shovel":21,"DollysMirror":17,"Cracked Core":0,"Toy Ornithopter":22},{"Lantern":0,"Happy Flower":53,"Gremlin Horn":93,"Dead Branch":88,"Eternal Feather":19,"Mango":101,"Pen Nib":10,"PreservedInsect":88,"Frozen Egg 2":36,"Bottled Tornado":53,"Nuclear Battery":64,"Blood Vial":88,"SlaversCollar":31,"Nunchaku":10,"Centennial Puzzle":15,"DataDisk":53,"Shovel":98,"DollysMirror":83,"Cracked Core":0,"Toy Ornithopter":101}],"Toy Ornithopter":0},"card_choices":[{"not_picked":["Leap","Fusion"],"picked":"Force Field","floor":1},{"not_picked":["Skim","Gash"],"picked":"FTL","floor":5},{"not_picked":["Rebound","Gash","Meteor Strike"],"picked":"SKIP","floor":8},{"not_picked":["Coolheaded","Fission"],"picked":"Self Repair","floor":10},{"not_picked":["Compile Driver","Blizzard"],"picked":"Buffer","floor":12},{"not_picked":["Compile Driver","Rebound"],"picked":"Streamline","floor":14},{"not_picked":["All For One","Core Surge"],"picked":"Echo Form","floor":16},{"not_picked":["Ball Lightning","Hologram"],"picked":"Consume+1","floor":18},{"not_picked":["Cold Snap","Scrape"],"picked":"Ball Lightning+1","floor":21},{"not_picked":["Beam Cell","Stack"],"picked":"Steam+1","floor":22},{"not_picked":["Hologram","Barrage"],"picked":"Turbo","floor":24},{"not_picked":["Redo","Sweeping Beam","Fission"],"picked":"SKIP","floor":31},{"not_picked":["Echo Form+1","Fission"],"picked":"Seek","floor":33},{"not_picked":["Barrage+1","Beam Cell"],"picked":"Conserve Battery","floor":35},{"not_picked":["Sweeping Beam+1","Rebound+1"],"picked":"Go for the Eyes+1","floor":37},{"not_picked":["Skim+1","Gash+1"],"picked":"Compile Driver+1","floor":38},{"not_picked":["Streamline","Melter+1"],"picked":"Doom and Gloom+1","floor":39},{"not_picked":["Core Surge","Auto Shields+1"],"picked":"Coolheaded+1","floor":41},{"not_picked":["Sweeping Beam+1","Static Discharge+1"],"picked":"Cold Snap+1","floor":44},{"not_picked":["Hologram","Conserve Battery+1"],"picked":"Hello World+1","floor":46},{"not_picked":["Sunder","All For One"],"picked":"Self Repair+1","floor":47},{"not_picked":["Loop+1","Beam Cell+1"],"picked":"Streamline+1","floor":48}],"player_experience":197556,"relics_obtained":[{"floor":8,"key":"Nunchaku"},{"floor":9,"key":"Pen Nib"},{"floor":10,"key":"Centennial Puzzle"},{"floor":12,"key":"Eternal Feather"},{"floor":24,"key":"DataDisk"},{"floor":26,"key":"Happy Flower"},{"floor":41,"key":"PreservedInsect"},{"floor":42,"key":"Blood Vial"},{"floor":43,"key":"Dead Branch"},{"floor":44,"key":"Gremlin Horn"},{"floor":47,"key":"Shovel"},{"floor":48,"key":"Mango"},{"floor":49,"key":"Toy Ornithopter"}],"event_choices":[{"cards_removed":["Defend_B"],"damage_healed":0,"gold_gain":0,"player_choice":"Card Removal","damage_taken":7,"max_hp_gain":0,"max_hp_loss":0,"event_name":"Golden Wing","floor":2,"gold_loss":0},{"damage_healed":0,"gold_gain":75,"player_choice":"Gather Gold","damage_taken":11,"max_hp_gain":0,"max_hp_loss":0,"event_name":"World of Goop","floor":3,"gold_loss":0},{"damage_healed":0,"gold_gain":0,"player_choice":"Ignored","damage_taken":0,"max_hp_gain":0,"max_hp_loss":0,"event_name":"Liars Game","floor":4,"gold_loss":0},{"damage_healed":0,"gold_gain":0,"player_choice":"Ignored","damage_taken":0,"max_hp_gain":0,"max_hp_loss":0,"event_name":"Golden Idol","floor":6,"gold_loss":0},{"damage_healed":18,"gold_gain":0,"player_choice":"Healed and dodged fight","damage_taken":0,"max_hp_gain":0,"max_hp_loss":0,"event_name":"Mushrooms","floor":13,"gold_loss":0,"cards_obtained":["Parasite"]},{"damage_healed":0,"gold_gain":0,"player_choice":"Opened","damage_taken":0,"relics_obtained":["Frozen Egg 2"],"max_hp_gain":0,"max_hp_loss":0,"event_name":"The Mausoleum","floor":19,"gold_loss":0,"cards_obtained":["Writhe"]},{"damage_healed":0,"gold_gain":0,"cards_transformed":["Strike_B"],"player_choice":"Transformed","damage_taken":0,"max_hp_gain":0,"max_hp_loss":0,"event_name":"Transmorgrifier","floor":20,"gold_loss":0,"cards_obtained":["All For One"]},{"damage_healed":0,"gold_gain":0,"player_choice":"Ignored","damage_taken":0,"max_hp_gain":0,"max_hp_loss":0,"event_name":"Ghosts","floor":28,"gold_loss":0},{"damage_healed":0,"gold_gain":0,"player_choice":"CARD ","damage_taken":12,"max_hp_gain":0,"max_hp_loss":0,"event_name":"Knowing Skull","floor":29,"potions_obtained":[],"gold_loss":0,"cards_obtained":["Dramatic Entrance"]},{"damage_healed":0,"gold_gain":300,"player_choice":"Gold","damage_taken":0,"max_hp_gain":0,"max_hp_loss":0,"event_name":"Wheel of Change","floor":36,"gold_loss":0},{"damage_healed":0,"gold_gain":0,"player_choice":"Fight","damage_taken":0,"max_hp_gain":0,"max_hp_loss":0,"event_name":"MindBloom","floor":48,"gold_loss":0}],"is_beta":false,"boss_relics":[{"not_picked":["Velvet Choker","Empty Cage"],"picked":"SlaversCollar"},{"not_picked":["Calling Bell","Runic Dome"],"picked":"Nuclear Battery"}],"items_purged_floors":[30,40],"is_endless":false,"potions_floor_spawned":[5,8,12,16,21,24,31,33,37,39,44,46],"ascension_level":5}}