{"host":"Kitsune","time":1612233420,"event":{"mods":["AchievementEnabler","BaseMod","Bestiary","Better Altar","Better Match","Better Note","Better Sensory Stone","Better Skull","Better Third Choice","BetterRewards","Block Reminder","Colored Map","Colored Powertips","Downfall","Highlight Path","Marisa????????","Minty Spire (QoL Compilation)","Permanent Neow","Remilia??????","Shop Mod","StSLib","The Cursed","The Necromancer","The Servant 0.9.4","Waifu the Spire"],"gold_per_floor":[109,109,0,0,13,46,64,64,64,108,33,33,33,53,53,53,53],"floor_reached":16,"language":"ENG","playtime":643,"items_purged":["Defend_W"],"score":158,"play_id":"665f9a56-f97a-4d32-a903-b5206fdd0af0","local_time":"20210201213700","is_ascension_mode":false,"campfire_choices":[{"data":"Enlightenment","floor":8,"key":"SMITH"},{"data":"Slay_Living","floor":12,"key":"SMITH"},{"floor":15,"key":"REST"}],"circlet_count":0,"master_deck":["Strike_W","Strike_W","Strike_W","Strike_W","Defend_W","Defend_W","Defend_W","Negative_Energy_Arrows","Bone_Wall","Enlightenment+1","Blood_Magic","Slay_Living+1","Negative_Energy_Shield","Blood_for_Blood"],"relics":["Vampire_Amulet","NeowsBlessing","Golden Idol","FossilizedHelix","Ice Cream","Lizard Tail"],"acts_visited":["Exordium"],"potions_floor_usage":[],"damage_taken":[{"damage":0,"enemies":"2 Louse","floor":1,"turns":1},{"damage":0,"enemies":"Small Slimes","floor":5,"turns":1},{"damage":0,"enemies":"Gremlin Nob","floor":6,"turns":1},{"damage":0,"enemies":"Cultist","floor":7,"turns":5},{"damage":48,"enemies":"3 Sentries","floor":10,"turns":13},{"damage":0,"enemies":"Red Slaver","floor":14,"turns":4},{"damage":95,"enemies":"Hexaghost","floor":16,"turns":16}],"seed_played":"4141237057047498764","potions_obtained":[{"floor":1,"key":"SkillPotion"},{"floor":14,"key":"LiquidBronze"}],"is_trial":false,"path_per_floor":["M","?","?","?","M","E","M","R","T","E","$","R","$","M","R","B"],"character_chosen":"NECROMANCER","items_purchased":[],"campfire_rested":1,"item_purchase_floors":[],"current_hp_per_floor":[75,57,63,63,67,69,71,71,71,29,29,29,29,31,55,0,0],"gold":53,"neow_bonus":"THREE_ENEMY_KILL","is_daily":false,"chose_seed":false,"campfire_upgraded":2,"win_rate":0.0,"timestamp":1612233420,"path_taken":["M","?","?","?","?","E","M","R","T","E","?","R","$","M","R","BOSS"],"items_purchased_type":[],"build_version":"2020-12-18","purchased_purges":1,"victory":false,"max_hp_per_floor":[75,75,81,81,81,81,81,81,81,81,81,81,81,81,81,81,81],"card_choices":[{"not_picked":["Chill_Blood","Scare","Bones_to_Steel"],"picked":"SKIP","floor":1},{"not_picked":["Shackles_Of_Pain","Bones_to_Steel","Toxic_Smoke_Screen"],"picked":"SKIP","floor":5},{"not_picked":["Blood_Whip","Deaths_Shadow"],"picked":"Slay_Living","floor":6},{"not_picked":["Blood_Wake","Corrupt","Consume_Illness"],"picked":"SKIP","floor":7},{"not_picked":["Thousand_Bone_Knives","Flesh_Made_Foul"],"picked":"Negative_Energy_Shield","floor":10},{"not_picked":["Chill_Blood","Shackles_Of_Pain"],"picked":"Blood_for_Blood","floor":14}],"player_experience":138213,"relics_obtained":[{"floor":6,"key":"FossilizedHelix"},{"floor":9,"key":"Ice Cream"},{"floor":10,"key":"Lizard Tail"}],"event_choices":[{"damage_healed":0,"gold_gain":0,"player_choice":"Take Damage","damage_taken":18,"relics_obtained":["Golden Idol"],"max_hp_gain":0,"max_hp_loss":0,"event_name":"Golden Idol","floor":2,"gold_loss":0},{"damage_healed":0,"gold_gain":0,"player_choice":"RENOUNCE","damage_taken":109,"max_hp_gain":0,"max_hp_loss":0,"event_name":"betterThird:BetterSerpent","floor":3,"gold_loss":109,"cards_obtained":["Enlightenment"]},{"damage_healed":0,"gold_gain":1,"player_choice":"4","damage_taken":0,"max_hp_gain":0,"max_hp_loss":0,"event_name":"betterStone:BetterStone","floor":4,"gold_loss":0,"cards_obtained":["Blood_Magic"]}],"is_beta":true,"boss_relics":[],"items_purged_floors":[11],"is_endless":false,"potions_floor_spawned":[1,14],"killed_by":"Hexaghost","ascension_level":0}}