{"host":"ji1fk25fd1ga4ji1","time":1612240839,"event":{"mods":["2.2 Compatiblity","BaseMod","Colored Map","DeckTracker","Minty Spire (QoL Compilation)","Permanent Neow","Quick Restart","StSLib","SuperFastMode"],"gold_per_floor":[117,117,134,150,170,170,95,95,168,168,196,208,233,296,296,395,395,412,428,428,227,227,227,252,252,275,275,294,321,340,215,215,316,316,336,336,79,95,145,178,178,209,236,249,249,266,266,6,6,6,6,6,6,34,34,34],"floor_reached":55,"language":"KOR","playtime":1402,"items_purged":["Strike_R","Strike_R","Strike_R"],"score":783,"play_id":"2a054e37-7a03-46a8-9c04-5aa247b99205","local_time":"20210202134039","is_ascension_mode":true,"campfire_choices":[{"data":"Wild Strike","floor":6.0,"key":"SMITH"},{"data":"Rampage","floor":8.0,"key":"SMITH"},{"data":"Evolve","floor":10.0,"key":"SMITH"},{"data":"Whirlwind","floor":15.0,"key":"SMITH"},{"data":"Offering","floor":23.0,"key":"SMITH"},{"data":"Offering","floor":25.0,"key":"SMITH"},{"floor":27.0,"key":"RECALL"},{"data":"Power Through","floor":32.0,"key":"SMITH"},{"data":"Berserk","floor":41.0,"key":"SMITH"},{"data":"Battle Trance","floor":45,"key":"SMITH"},{"data":"Second Wind","floor":47,"key":"SMITH"},{"data":"Bash","floor":49,"key":"SMITH"},{"data":"Blood for Blood","floor":52,"key":"SMITH"}],"circlet_count":0,"master_deck":["Defend_R","Defend_R","Bash+1","Wild Strike+1","Evolve+1","Rampage+1","Shrug It Off","Whirlwind+1","Offering+1","Blood for Blood+1","Offering+1","Shrug It Off","Second Wind+1","Headbutt+1","Battle Trance+1","Power Through+1","Feel No Pain+1","Berserk+1","Body Slam+1"],"relics":["Black Blood","Happy Flower","Vajra","Boot","Sozu","TungstenRod","Strawberry","Centennial Puzzle","Gremlin Horn","Potion Belt","Juzu Bracelet","Ancient Tea Set","Self Forming Clay","Akabeko"],"acts_visited":["Exordium","TheCity","TheBeyond","TheEnding"],"potions_floor_usage":[55,55],"damage_taken":[{"damage":5.0,"enemies":"Small Slimes","floor":1.0,"turns":4.0},{"damage":6.0,"enemies":"Cultist","floor":3.0,"turns":3.0},{"damage":1.0,"enemies":"Jaw Worm","floor":4.0,"turns":3.0},{"damage":18.0,"enemies":"Large Slime","floor":5.0,"turns":6.0},{"damage":6.0,"enemies":"Gremlin Nob","floor":11.0,"turns":3.0},{"damage":11.0,"enemies":"Red Slaver","floor":12.0,"turns":3.0},{"damage":20.0,"enemies":"3 Sentries","floor":13.0,"turns":5.0},{"damage":0.0,"enemies":"Gremlin Nob","floor":14.0,"turns":2.0},{"damage":8.0,"enemies":"Slime Boss","floor":16.0,"turns":5.0},{"damage":10.0,"enemies":"Spheric Guardian","floor":18.0,"turns":3.0},{"damage":0.0,"enemies":"3 Byrds","floor":19.0,"turns":3.0},{"damage":17.0,"enemies":"Book of Stabbing","floor":24.0,"turns":3.0},{"damage":18.0,"enemies":"Shelled Parasite and Fungi","floor":28.0,"turns":3.0},{"damage":5.0,"enemies":"Gremlin Leader","floor":29.0,"turns":3.0},{"damage":14.0,"enemies":"Snake Plant","floor":30.0,"turns":2.0},{"damage":13.0,"enemies":"Collector","floor":33.0,"turns":8.0},{"damage":5.0,"enemies":"3 Shapes","floor":35.0,"turns":3.0},{"damage":10.0,"enemies":"Orb Walker","floor":38.0,"turns":2.0},{"damage":6.0,"enemies":"Mind Bloom Boss Battle","floor":39.0,"turns":5.0},{"damage":24.0,"enemies":"Giant Head","floor":40.0,"turns":7.0},{"damage":10,"enemies":"Nemesis","floor":42,"turns":5},{"damage":10,"enemies":"Writhing Mass","floor":44,"turns":4},{"damage":5,"enemies":"Sphere and 2 Shapes","floor":46,"turns":1},{"damage":25,"enemies":"Donu and Deca","floor":50,"turns":10},{"damage":19,"enemies":"Shield and Spear","floor":54,"turns":6},{"damage":74,"enemies":"The Heart","floor":55,"turns":5}],"seed_played":"4221704076141875512","potions_obtained":[{"floor":5.0,"key":"SmokeBomb"},{"floor":12.0,"key":"SpeedPotion"},{"floor":13.0,"key":"SteroidPotion"},{"floor":14.0,"key":"Block Potion"},{"floor":16.0,"key":"Block Potion"}],"is_trial":false,"path_per_floor":["M","?","M","M","M","R","$","R","T","R","E","M","E","?","R","B",null,"M","M","?","$","?","R","E","R","T","R","M","E","M","$","R","B",null,"M","?","$","M","?","E","R","E","T","M","R","M","R","$","R","B",null,"R","$","E","B"],"character_chosen":"IRONCLAD","items_purchased":["Shrug It Off","Second Wind","Gremlin Horn","Self Forming Clay"],"campfire_rested":0,"item_purchase_floors":[21,21,37,48],"current_hp_per_floor":[72,72,72,72,60,60,60,60,60,60,60,55,41,47,47,45,72,68,72,72,72,72,72,61,61,68,68,56,57,49,49,49,42,79,79,73,73,75,79,67,67,69,69,71,71,78,78,78,78,65,79,79,79,72,0,0],"gold":34,"neow_bonus":"REMOVE_TWO","is_daily":false,"chose_seed":false,"campfire_upgraded":12,"win_rate":0.0,"timestamp":1612240839,"path_taken":["M","?","M","?","M","R","$","R","T","R","E","M","E","?","R","BOSS","M","M","?","$","?","R","E","R","T","R","?","E","M","$","R","BOSS","M","?","$","?","?","E","R","E","T","M","R","M","R","?","R","BOSS","R","$","E","BOSS"],"items_purchased_type":["Card","Card","Relic","Relic"],"build_version":"2020-12-22","purchased_purges":3,"victory":false,"max_hp_per_floor":[72,72,72,72,72,72,72,72,72,72,72,72,72,72,72,72,72,72,72,72,72,72,72,72,72,79,79,79,79,79,79,79,79,79,79,79,79,79,79,79,79,79,79,79,79,79,79,79,79,79,79,79,79,79,79,79],"card_choices":[{"not_picked":["Clash","Thunderclap"],"picked":"Wild Strike","floor":1.0},{"not_picked":["Dropkick","Dark Embrace"],"picked":"Evolve","floor":3.0},{"not_picked":["Shrug It Off","Infernal Blade"],"picked":"Rampage","floor":4.0},{"not_picked":["Hemokinesis","Bloodletting","Iron Wave"],"picked":"SKIP","floor":5.0},{"not_picked":["Rupture","Uppercut","Thunderclap"],"picked":"SKIP","floor":11.0},{"not_picked":["Shrug It Off","Hemokinesis","Havoc"],"picked":"SKIP","floor":12.0},{"not_picked":["Hemokinesis","Havoc"],"picked":"Shrug It Off","floor":12.0},{"not_picked":["Uppercut","Cleave","Exhume"],"picked":"SKIP","floor":13.0},{"not_picked":["Uppercut","Cleave","Exhume"],"picked":"SKIP","floor":13.0},{"not_picked":["Anger","Clothesline"],"picked":"Whirlwind","floor":14.0},{"not_picked":["Barricade","Demon Form"],"picked":"Offering","floor":16.0},{"not_picked":["Flame Barrier+1","Rage+1","Thunderclap"],"picked":"SKIP","floor":18.0},{"not_picked":["Burning Pact","Body Slam","Clothesline"],"picked":"SKIP","floor":19.0},{"not_picked":["Burning Pact","Body Slam","Clothesline"],"picked":"SKIP","floor":19.0},{"not_picked":["Burning Pact","Body Slam","Clothesline"],"picked":"SKIP","floor":19.0},{"not_picked":["Headbutt+1","Thunderclap","Bloodletting"],"picked":"SKIP","floor":24.0},{"not_picked":["Thunderclap","Bloodletting"],"picked":"Headbutt+1","floor":24.0},{"not_picked":["Sword Boomerang","Anger"],"picked":"Battle Trance","floor":28.0},{"not_picked":["Twin Strike","Fire Breathing+1","Wild Strike"],"picked":"SKIP","floor":29.0},{"not_picked":["Flex+1","Headbutt"],"picked":"Power Through","floor":30.0},{"not_picked":["Sentinel","Dark Embrace+1","Body Slam+1"],"picked":"SKIP","floor":35.0},{"not_picked":["Spot Weakness","Shockwave+1","Inflame+1"],"picked":"SKIP","floor":38.0},{"not_picked":["Wild Strike","Havoc+1"],"picked":"Feel No Pain+1","floor":39.0},{"not_picked":["Rampage","Battle Trance+1"],"picked":"Berserk","floor":40.0},{"not_picked":["Metallicize","Warcry","Rage"],"picked":"SKIP","floor":42},{"not_picked":["Dropkick","Anger","Perfected Strike+1"],"picked":"SKIP","floor":44},{"not_picked":["Dual Wield","Havoc+1","Body Slam"],"picked":"SKIP","floor":46},{"not_picked":["Thunderclap","Sword Boomerang"],"picked":"Body Slam+1","floor":54}],"player_experience":487475,"relics_obtained":[{"floor":11.0,"key":"Happy Flower"},{"floor":13.0,"key":"Vajra"},{"floor":14.0,"key":"Boot"},{"floor":24.0,"key":"TungstenRod"},{"floor":26.0,"key":"Strawberry"},{"floor":29.0,"key":"Centennial Puzzle"},{"floor":40.0,"key":"Potion Belt"},{"floor":42,"key":"Juzu Bracelet"},{"floor":43,"key":"Ancient Tea Set"},{"floor":54,"key":"Akabeko"}],"event_choices":[{"damage_healed":0.0,"max_hp_gain":0.0,"max_hp_loss":0.0,"gold_gain":0.0,"event_name":"NoteForYourself","player_choice":"Ignored","floor":2.0,"gold_loss":0.0,"damage_taken":0.0},{"damage_healed":0.0,"max_hp_gain":0.0,"max_hp_loss":0.0,"gold_gain":30.0,"event_name":"Dead Adventurer","player_choice":"Searched \u00272\u0027 times","floor":14.0,"gold_loss":0.0,"damage_taken":0.0},{"damage_healed":0.0,"max_hp_gain":0.0,"max_hp_loss":0.0,"gold_gain":0.0,"cards_transformed":["Strike_R","Defend_R"],"event_name":"Drug Dealer","player_choice":"Became Test Subject","floor":20.0,"gold_loss":0.0,"damage_taken":0.0,"cards_obtained":["Blood for Blood","Offering"]},{"damage_healed":0.0,"max_hp_gain":0.0,"max_hp_loss":0.0,"gold_gain":0.0,"event_name":"Lab","player_choice":"Got Potions","floor":22.0,"gold_loss":0.0,"damage_taken":0.0},{"damage_healed":0.0,"max_hp_gain":0.0,"max_hp_loss":0.0,"gold_gain":0.0,"event_name":"Wheel of Change","player_choice":"Damaged","floor":36.0,"gold_loss":0.0,"damage_taken":7.0},{"damage_healed":0.0,"max_hp_gain":0.0,"max_hp_loss":0.0,"gold_gain":0.0,"event_name":"MindBloom","player_choice":"Fight","floor":39.0,"gold_loss":0.0,"damage_taken":0.0}],"is_beta":false,"boss_relics":[{"not_picked":["Fusion Hammer","Runic Cube"],"picked":"Sozu"},{"not_picked":["Snecko Eye","Black Star"],"picked":"Black Blood"}],"items_purged_floors":[7,21,31],"is_endless":false,"potions_floor_spawned":[5,12,13,14,16,28,38,39,44],"killed_by":"The Heart","ascension_level":1}}