{"host":"nnmmiiw4bez2c8ei","time":1612270015,"event":{"mods":["AchievementEnabler","BaseMod","Colored Map","Colored Powertips","Minty Spire (QoL Compilation)","Rare Cards Sparkle","StSLib"],"gold_per_floor":[111,286,236,236,236,84,104,104,104,379,3,3,19,38,38,157,157,177,177,193,42,55,55,93,107,107,145,145,170,170,204,204,204,204],"floor_reached":33,"language":"KOR","playtime":1410,"items_purged":["Strike_G","Regret","Defend_G"],"score":362,"play_id":"9ad1a8c1-5418-4d9d-9d49-35fcb9382512","local_time":"20210202214655","is_ascension_mode":true,"campfire_choices":[{"data":"Terror","floor":12.0,"key":"SMITH"},{"data":"Venomology","floor":15.0,"key":"SMITH"},{"data":"Cloak And Dagger","floor":23.0,"key":"SMITH"},{"floor":28.0,"key":"REST"},{"floor":30.0,"key":"REST"},{"data":"Blade Dance","floor":32.0,"key":"SMITH"}],"circlet_count":0,"master_deck":["Defend_G","Defend_G","Defend_G","Defend_G","Survivor","Neutralize","Venomology+1","Bouncing Flask","Terror+1","PiercingWail","Blade Dance+1","Well Laid Plans","Backstab","Catalyst","Die Die Die","Terror+1","Bite","Bite","Bite","Bite","Bite","Backflip","Cloak And Dagger+1","Reflex","Expertise","Acrobatics+1","Infinite Blades+1"],"relics":["Ring of the Snake","Golden Idol","Turnip","Tiny Chest","Vajra","WristBlade","Matryoshka","Pen Nib","Ice Cream","Boot","StrikeDummy"],"acts_visited":["Exordium","TheCity"],"potions_floor_usage":[33,33],"damage_taken":[{"damage":5.0,"enemies":"2 Louse","floor":1.0,"turns":5.0},{"damage":6.0,"enemies":"Jaw Worm","floor":7.0,"turns":5.0},{"damage":0.0,"enemies":"Small Slimes","floor":13.0,"turns":3.0},{"damage":0.0,"enemies":"Exordium Thugs","floor":14.0,"turns":4.0},{"damage":8.0,"enemies":"Slime Boss","floor":16.0,"turns":7.0},{"damage":6.0,"enemies":"2 Thieves","floor":18.0,"turns":3.0},{"damage":0.0,"enemies":"Spheric Guardian","floor":20.0,"turns":2.0},{"damage":0.0,"enemies":"Snake Plant","floor":22.0,"turns":3.0},{"damage":23.0,"enemies":"Book of Stabbing","floor":24.0,"turns":4.0},{"damage":25.0,"enemies":"Snecko","floor":25.0,"turns":4.0},{"damage":2.0,"enemies":"Slavers","floor":27.0,"turns":3.0},{"damage":15.0,"enemies":"Centurion and Healer","floor":29.0,"turns":4.0},{"damage":3.0,"enemies":"Book of Stabbing","floor":31.0,"turns":4.0},{"damage":51,"enemies":"Champ","floor":33,"turns":8}],"seed_played":"-6202508180783978893","potions_obtained":[{"floor":13.0,"key":"Poison Potion"},{"floor":14.0,"key":"AttackPotion"},{"floor":18.0,"key":"SkillPotion"},{"floor":22.0,"key":"Energy Potion"},{"floor":25.0,"key":"DistilledChaos"},{"floor":31.0,"key":"Block Potion"}],"is_trial":false,"path_per_floor":["M","?","?","?","?","$","M","?","T","?","$","R","M","M","R","B",null,"M","?","M","$","M","R","E","M","T","E","R","M","R","E","R","B"],"character_chosen":"THE_SILENT","items_purchased":["Terror","Blade Dance","Well Laid Plans","Vajra","Cloak And Dagger"],"campfire_rested":2,"item_purchase_floors":[6,11,11,11,21],"current_hp_per_floor":[58,58,58,58,58,58,52,49,49,49,49,49,49,49,49,41,63,57,44,44,44,44,44,25,6,6,14,27,18,31,32,32,0,0],"gold":204,"neow_bonus":"THREE_RARE_CARDS","is_daily":false,"chose_seed":false,"campfire_upgraded":4,"win_rate":0.0,"timestamp":1612270015,"path_taken":["M","?","?","?","?","$","?","?","T","?","$","R","M","M","R","BOSS","M","?","M","$","M","R","E","M","T","E","R","M","R","E","R","BOSS"],"items_purchased_type":["Card","Card","Card","Relic","Card"],"build_version":"2020-12-22","purchased_purges":3,"victory":false,"max_hp_per_floor":[63,63,63,63,63,63,63,63,63,63,63,63,63,63,63,63,63,63,44,44,44,44,44,44,44,44,44,44,44,44,44,44,44,44],"card_choices":[{"not_picked":["Corpse Explosion","Malaise"],"picked":"Venomology","floor":0.0},{"not_picked":["Deadly Poison","Dagger Spray"],"picked":"Bouncing Flask","floor":1.0},{"not_picked":["Terror","Deflect"],"picked":"PiercingWail","floor":7.0},{"not_picked":["Outmaneuver","Infinite Blades"],"picked":"Backstab","floor":13.0},{"not_picked":["Sucker Punch","Acrobatics"],"picked":"Catalyst","floor":14.0},{"not_picked":["Venomology","Wraith Form v2"],"picked":"Die Die Die","floor":16.0},{"not_picked":["Catalyst","Backflip"],"picked":"Terror+1","floor":18.0},{"not_picked":["Choke","Sucker Punch"],"picked":"Backflip","floor":20.0},{"not_picked":["Dagger Spray+1","Underhanded Strike+1"],"picked":"Reflex","floor":22.0},{"not_picked":["Terror","Leg Sweep","Distraction+1"],"picked":"SKIP","floor":24.0},{"not_picked":["Catalyst","Dagger Spray"],"picked":"Expertise","floor":25.0},{"not_picked":["Bane","Quick Slash"],"picked":"Acrobatics+1","floor":27.0},{"not_picked":["Dodge and Roll","Flying Knee"],"picked":"Infinite Blades+1","floor":29.0},{"not_picked":["Bane","Doppelganger","Skewer+1"],"picked":"SKIP","floor":31.0}],"player_experience":508363,"relics_obtained":[{"floor":9.0,"key":"Tiny Chest"},{"floor":24.0,"key":"Matryoshka"},{"floor":26.0,"key":"Pen Nib"},{"floor":26.0,"key":"Ice Cream"},{"floor":27.0,"key":"Boot"},{"floor":31.0,"key":"StrikeDummy"}],"event_choices":[{"damage_healed":0.0,"max_hp_gain":0.0,"max_hp_loss":0.0,"gold_gain":175.0,"event_name":"Liars Game","player_choice":"AGREE","floor":2.0,"gold_loss":0.0,"damage_taken":0.0,"cards_obtained":["Doubt"]},{"cards_removed":["Doubt"],"damage_healed":0.0,"max_hp_gain":0.0,"max_hp_loss":0.0,"gold_gain":0.0,"event_name":"The Cleric","player_choice":"Card Removal","floor":3.0,"gold_loss":50.0,"damage_taken":0.0},{"damage_healed":0.0,"max_hp_gain":0.0,"max_hp_loss":0.0,"gold_gain":0.0,"event_name":"Golden Idol","player_choice":"Take Wound","floor":4.0,"gold_loss":0.0,"damage_taken":0.0,"relics_obtained":["Golden Idol"],"cards_obtained":["Injury"]},{"cards_removed":["Injury"],"damage_healed":0.0,"max_hp_gain":0.0,"max_hp_loss":0.0,"gold_gain":0.0,"event_name":"Living Wall","player_choice":"Forget","floor":5.0,"gold_loss":0.0,"damage_taken":0.0},{"damage_healed":0.0,"max_hp_gain":0.0,"max_hp_loss":0.0,"gold_gain":0.0,"event_name":"Scrap Ooze","player_choice":"Success","floor":8.0,"gold_loss":0.0,"damage_taken":3.0,"relics_obtained":["Turnip"]},{"damage_healed":0.0,"max_hp_gain":0.0,"max_hp_loss":0.0,"gold_gain":275.0,"event_name":"Golden Shrine","player_choice":"Desecrate","floor":10.0,"gold_loss":0.0,"damage_taken":0.0,"cards_obtained":["Regret"]},{"damage_healed":0.0,"max_hp_gain":0.0,"max_hp_loss":19.0,"gold_gain":0.0,"event_name":"Vampires","player_choice":"Became a vampire","floor":19.0,"gold_loss":0.0,"damage_taken":0.0,"cards_obtained":["Bite","Bite","Bite","Bite","Bite"]}],"is_beta":false,"boss_relics":[{"not_picked":["Fusion Hammer","Astrolabe"],"picked":"WristBlade"}],"items_purged_floors":[6,11,21],"is_endless":false,"potions_floor_spawned":[13,14,18,20,22,25,31],"killed_by":"Champ","ascension_level":3}}