{"host":"0k696jvpnlqjk4gh","time":1612295578,"event":{"mods":["AchievementEnabler","BaseMod","Colored Map","Colored Powertips","Minty Spire (QoL Compilation)","Quick Restart"],"gold_per_floor":[109,119,119,136,311,331,331,341,341,359,359,375,400,465,465,465,465],"floor_reached":16,"language":"ENG","playtime":663,"items_purged":[],"score":120,"play_id":"60864743-6eec-484c-b719-526d2fa1250a","local_time":"20210202195258","is_ascension_mode":true,"campfire_choices":[{"floor":7,"key":"REST"},{"floor":11,"key":"RECALL"},{"floor":15,"key":"REST"}],"circlet_count":0,"master_deck":["Strike_B","Strike_B","Strike_B","Strike_B","Defend_B","Defend_B","Defend_B","Defend_B","Zap","Dualcast","Defragment+1","Capacitor","Conserve Battery","Doubt","Storm","Fusion","Conserve Battery","Conserve Battery"],"relics":["Cracked Core","NeowsBlessing","Oddly Smooth Stone","Incense Burner"],"acts_visited":["Exordium"],"potions_floor_usage":[6,13,14,16],"damage_taken":[{"damage":0,"enemies":"Cultist","floor":1,"turns":1},{"damage":0,"enemies":"Jaw Worm","floor":2,"turns":1},{"damage":0,"enemies":"Small Slimes","floor":4,"turns":1},{"damage":18,"enemies":"3 Louse","floor":6,"turns":3},{"damage":17,"enemies":"Exordium Wildlife","floor":8,"turns":4},{"damage":8,"enemies":"2 Fungi Beasts","floor":10,"turns":4},{"damage":10,"enemies":"Looter","floor":12,"turns":3},{"damage":3,"enemies":"Lagavulin","floor":13,"turns":6},{"damage":32,"enemies":"Lagavulin Event","floor":14,"turns":6},{"damage":48,"enemies":"The Guardian","floor":16,"turns":14}],"seed_played":"-7931504519627724588","potions_obtained":[{"floor":1,"key":"LiquidMemories"},{"floor":4,"key":"BlessingOfTheForge"},{"floor":6,"key":"Dexterity Potion"},{"floor":13,"key":"Fire Potion"}],"is_trial":false,"path_per_floor":["M","M","?","M","?","M","R","M","T","M","R","M","E","?","R","B"],"character_chosen":"DEFECT","items_purchased":[],"campfire_rested":2,"item_purchase_floors":[],"current_hp_per_floor":[75,75,75,75,75,57,75,58,58,50,50,40,37,5,27,0,0],"gold":465,"neow_bonus":"THREE_ENEMY_KILL","is_daily":false,"chose_seed":false,"campfire_upgraded":0,"win_rate":0.0,"timestamp":1612295578,"path_taken":["M","M","?","?","?","M","R","M","T","M","R","M","E","?","R","BOSS"],"items_purchased_type":[],"build_version":"2020-12-22","purchased_purges":0,"victory":false,"max_hp_per_floor":[75,75,75,75,75,75,75,75,75,75,75,75,75,75,75,75,75],"card_choices":[{"not_picked":["Barrage","Streamline"],"picked":"Defragment","floor":1},{"not_picked":["Genetic Algorithm","BootSequence"],"picked":"Capacitor","floor":2},{"not_picked":["Rebound","Redo"],"picked":"Conserve Battery","floor":4},{"not_picked":["Streamline","Gash"],"picked":"Storm","floor":6},{"not_picked":["Gash","Go for the Eyes"],"picked":"Fusion","floor":8},{"not_picked":["Doom and Gloom","Leap"],"picked":"Conserve Battery","floor":10},{"not_picked":["Gash","Go for the Eyes"],"picked":"Conserve Battery","floor":12},{"not_picked":["Rebound","Stack","Reprogram"],"picked":"SKIP","floor":13}],"player_experience":115916,"relics_obtained":[{"floor":13,"key":"Oddly Smooth Stone"}],"event_choices":[{"damage_healed":0,"gold_gain":0,"player_choice":"Forge","damage_taken":0,"max_hp_gain":0,"max_hp_loss":0,"event_name":"Accursed Blacksmith","floor":3,"gold_loss":0,"cards_upgraded":["Defragment"]},{"damage_healed":0,"gold_gain":175,"player_choice":"AGREE","damage_taken":0,"max_hp_gain":0,"max_hp_loss":0,"event_name":"Liars Game","floor":5,"gold_loss":0,"cards_obtained":["Doubt"]},{"damage_healed":0,"gold_gain":0,"player_choice":"Searched \u00272\u0027 times","damage_taken":0,"relics_obtained":["Incense Burner"],"max_hp_gain":0,"max_hp_loss":0,"event_name":"Dead Adventurer","floor":14,"gold_loss":0}],"is_beta":false,"boss_relics":[],"items_purged_floors":[],"is_endless":false,"potions_floor_spawned":[1,4,6,13],"killed_by":"The Guardian","ascension_level":3}}