{"host":"utqe55yv0jihe4d6","time":1612296576,"event":{"mods":["2.2 Compatiblity","AchievementEnabler","BaseMod","Block Reminder","Colored Map","Colored Powertips","Minty Spire (QoL Compilation)","Quick Restart","Rare Cards Sparkle","Relic Stats","SuperFastMode"],"gold_per_floor":[111,123,142,142,162,197,211,211,258,290,290,303,303,43,43,118,118,136,136,150,150,150,150,183,183,265,275,275,275],"floor_reached":28,"language":"ENG","playtime":872,"items_purged":[],"score":496,"play_id":"7023f435-dc7d-456f-8d05-8764b765dafa","local_time":"20210202150936","is_ascension_mode":true,"campfire_choices":[{"data":"Bash","floor":8,"key":"SMITH"},{"floor":11,"key":"REST"},{"data":"Corruption","floor":13,"key":"SMITH"},{"data":"True Grit","floor":15,"key":"SMITH"},{"data":"Bloodletting","floor":23,"key":"SMITH"},{"floor":25,"key":"REST"}],"circlet_count":0,"master_deck":["AscendersBane","Strike_R","Strike_R","Strike_R","Strike_R","Defend_R","Defend_R","Defend_R","Defend_R","Bash+1","Pommel Strike","Shockwave","Metallicize","Infernal Blade","Clothesline","Dropkick","Corruption+1","Second Wind","Dark Embrace+1","Rupture+1","Metallicize+1","Berserk+1","True Grit+1","Juggernaut+1","Bloodletting+1","Feel No Pain+1","RitualDagger","Evolve+1","Disarm","Dropkick+1"],"relics":["Black Blood","Gambling Chip","WingedGreaves","Potion Belt","Frozen Egg 2","Orrery","Akabeko","Matryoshka"],"acts_visited":["Exordium","TheCity"],"potions_floor_usage":[6,10,27,28],"damage_taken":[{"damage":1,"enemies":"Cultist","floor":1,"turns":3},{"damage":9,"enemies":"Jaw Worm","floor":2,"turns":7},{"damage":4,"enemies":"Small Slimes","floor":3,"turns":3},{"damage":8,"enemies":"Exordium Wildlife","floor":5,"turns":4},{"damage":14,"enemies":"Lagavulin","floor":6,"turns":6},{"damage":8,"enemies":"2 Fungi Beasts","floor":7,"turns":4},{"damage":38,"enemies":"3 Sentries","floor":10,"turns":10},{"damage":16,"enemies":"Exordium Thugs","floor":12,"turns":4},{"damage":24,"enemies":"Slime Boss","floor":16,"turns":7},{"damage":19,"enemies":"Spheric Guardian","floor":18,"turns":4},{"damage":3,"enemies":"Chosen","floor":20,"turns":5},{"damage":43,"enemies":"Gremlin Leader","floor":24,"turns":6},{"damage":36,"enemies":"Shelled Parasite and Fungi","floor":27,"turns":8},{"damage":20,"enemies":"Slavers","floor":28,"turns":1}],"seed_played":"-1808632666551103663","potions_obtained":[{"floor":1,"key":"Strength Potion"},{"floor":2,"key":"FairyPotion"},{"floor":6,"key":"Ancient Potion"},{"floor":7,"key":"Block Potion"},{"floor":20,"key":"PowerPotion"},{"floor":27,"key":"FearPotion"}],"is_trial":false,"path_per_floor":["M","M","M","?","M","E","M","R","T","E","R","M","R","$","R","B",null,"M","?","M","?","?","R","E","R","T","M","E"],"character_chosen":"IRONCLAD","items_purchased":["Dark Embrace+1","Orrery"],"campfire_rested":2,"item_purchase_floors":[14,14],"current_hp_per_floor":[68,65,67,67,65,57,55,55,55,23,43,33,33,33,33,15,55,48,48,57,51,51,51,20,40,40,16,0,0],"gold":275,"neow_bonus":"ONE_RARE_RELIC","is_daily":false,"chose_seed":false,"campfire_upgraded":4,"win_rate":0.0,"timestamp":1612296576,"path_taken":["M","?","M","?","?","E","M","R","T","E","R","M","R","$","R","BOSS","M","?","M","?","?","R","E","R","T","?","E"],"items_purchased_type":["Card","Relic"],"build_version":"2020-12-22","purchased_purges":0,"victory":false,"max_hp_per_floor":[68,68,68,68,68,68,68,68,68,68,68,68,68,68,68,68,68,68,68,68,68,68,68,68,68,68,68,68,68],"relic_stats":{"counters":[14,72],"Gambling Chip":[33],"Black Blood":97,"obtain_stats":[{"Potion Belt":9,"Matryoshka":26,"Gambling Chip":0,"Orrery":14,"Black Blood":17,"WingedGreaves":6,"Frozen Egg 2":10,"Burning Blood":0,"Akabeko":24},{"Potion Belt":6,"Matryoshka":12,"Gambling Chip":0,"Orrery":8,"Black Blood":9,"WingedGreaves":5,"Frozen Egg 2":7,"Burning Blood":0,"Akabeko":12},{"Potion Belt":27,"Matryoshka":63,"Gambling Chip":0,"Orrery":41,"Black Blood":48,"WingedGreaves":23,"Frozen Egg 2":37,"Burning Blood":0,"Akabeko":63}]},"card_choices":[{"not_picked":["Rampage","Burning Pact"],"picked":"Pommel Strike","floor":1},{"not_picked":["Evolve","Sword Boomerang"],"picked":"Shockwave","floor":2},{"not_picked":["Body Slam","Armaments"],"picked":"Metallicize","floor":3},{"not_picked":["Clash","Sever Soul"],"picked":"Clothesline","floor":5},{"not_picked":["Armaments","Shrug It Off"],"picked":"Dropkick","floor":6},{"not_picked":["Armaments","Clothesline"],"picked":"Corruption","floor":7},{"not_picked":["Entrench","Havoc"],"picked":"Second Wind","floor":10},{"not_picked":["Thunderclap","Pummel","Havoc"],"picked":"SKIP","floor":12},{"not_picked":["Flex","Flame Barrier"],"picked":"Rupture+1","floor":14},{"not_picked":["Clothesline","Shrug It Off"],"picked":"Metallicize+1","floor":14},{"not_picked":["Sentinel","Headbutt"],"picked":"Berserk+1","floor":14},{"not_picked":["Sever Soul","Flex"],"picked":"True Grit","floor":14},{"not_picked":["Fiend Fire","Double Tap"],"picked":"Juggernaut+1","floor":16},{"not_picked":["Headbutt","Clash"],"picked":"Bloodletting","floor":18},{"not_picked":["Shrug It Off","Clothesline"],"picked":"Feel No Pain+1","floor":20},{"not_picked":["Evolve+1","True Grit"],"picked":"Disarm","floor":24},{"not_picked":["Entrench","Cleave"],"picked":"Dropkick+1","floor":27}],"player_experience":2991525,"relics_obtained":[{"floor":6,"key":"WingedGreaves"},{"floor":9,"key":"Potion Belt"},{"floor":10,"key":"Frozen Egg 2"},{"floor":24,"key":"Akabeko"},{"floor":26,"key":"Matryoshka"}],"event_choices":[{"damage_healed":0,"gold_gain":0,"cards_transformed":["Strike_R"],"player_choice":"Transformed","damage_taken":0,"max_hp_gain":0,"max_hp_loss":0,"event_name":"Transmorgrifier","floor":4,"gold_loss":0,"cards_obtained":["Infernal Blade"]},{"damage_healed":0,"gold_gain":0,"player_choice":"Ignored","damage_taken":0,"max_hp_gain":0,"max_hp_loss":0,"event_name":"Vampires","floor":19,"gold_loss":0},{"damage_healed":0,"gold_gain":0,"player_choice":"Joined the Cult","damage_taken":6,"max_hp_gain":0,"max_hp_loss":0,"event_name":"Nest","floor":21,"gold_loss":0,"cards_obtained":["RitualDagger"]},{"damage_healed":0,"gold_gain":0,"player_choice":"Read","damage_taken":0,"max_hp_gain":0,"max_hp_loss":0,"event_name":"The Library","floor":22,"gold_loss":0,"cards_obtained":["Evolve"]}],"is_beta":false,"boss_relics":[{"not_picked":["SlaversCollar","Velvet Choker"],"picked":"Black Blood"}],"items_purged_floors":[],"is_endless":false,"potions_floor_spawned":[1,2,6,7,20,27],"killed_by":"Slavers","ascension_level":20}}