{"host":"1z4hbl9vfqrhg136","time":1612307290,"event":{"mods":["BaseMod","Minty Spire (QoL Compilation)"],"gold_per_floor":[15,28,28,38,54,54,70,104,116,128,151,192,204,216,228,318,330,250,250,250,161,0,0,0,0],"floor_reached":24,"language":"ENG","playtime":1311,"items_purged":[],"score":412,"play_id":"a09127c5-c727-46e5-be57-eae609a5c79b","local_time":"20210202230810","is_ascension_mode":true,"campfire_choices":[{"data":"Sweeping Beam","floor":6.0,"key":"SMITH"},{"floor":10.0,"key":"REST"},{"data":"Ball Lightning","floor":13.0,"key":"SMITH"},{"data":"Cold Snap","floor":15.0,"key":"SMITH"},{"floor":23,"key":"REST"}],"circlet_count":0,"master_deck":["AscendersBane","Strike_B","Strike_B","Strike_B","Strike_B","Defend_B","Defend_B","Defend_B","Defend_B","Zap","Dualcast","Ball Lightning","Sweeping Beam+1","Ball Lightning+1","Coolheaded","Cold Snap+1","Turbo","Echo Form","Self Repair","Defragment","Genetic Algorithm"],"relics":["Cracked Core","Calipers","MawBank","Blood Vial","Bronze Scales","Ectoplasm","Nilry\u0027s Codex"],"acts_visited":["Exordium","TheCity"],"potions_floor_usage":[],"damage_taken":[{"damage":7.0,"enemies":"Jaw Worm","floor":1.0,"turns":3.0},{"damage":1.0,"enemies":"Cultist","floor":2.0,"turns":3.0},{"damage":8.0,"enemies":"Small Slimes","floor":4.0,"turns":2.0},{"damage":7.0,"enemies":"Looter","floor":5.0,"turns":3.0},{"damage":9.0,"enemies":"3 Louse","floor":7.0,"turns":2.0},{"damage":7.0,"enemies":"Gremlin Nob","floor":8.0,"turns":3.0},{"damage":1.0,"enemies":"Exordium Wildlife","floor":11.0,"turns":2.0},{"damage":8.0,"enemies":"3 Sentries","floor":12.0,"turns":6.0},{"damage":31.0,"enemies":"Slime Boss","floor":16.0,"turns":8.0},{"damage":25,"enemies":"2 Thieves","floor":18,"turns":4},{"damage":8,"enemies":"Spheric Guardian","floor":20,"turns":4},{"damage":38,"enemies":"Book of Stabbing","floor":24,"turns":3}],"seed_played":"-3645754606282208851","potions_obtained":[{"floor":2.0,"key":"DistilledChaos"},{"floor":7.0,"key":"DuplicationPotion"},{"floor":8.0,"key":"AttackPotion"},{"floor":12.0,"key":"Ancient Potion"},{"floor":18,"key":"Explosive Potion"}],"is_trial":false,"path_per_floor":["M","M","?","M","M","R","M","E","T","R","M","E","R","?","R","B",null,"M","?","M","$","?","R","E"],"character_chosen":"DEFECT","items_purchased":["Genetic Algorithm"],"campfire_rested":2,"item_purchase_floors":[21],"current_hp_per_floor":[57,56,56,48,41,41,32,25,25,46,47,41,41,41,41,12,56,33,12,13,13,13,34,0,0],"gold":0,"neow_bonus":"ONE_RARE_RELIC","is_daily":false,"chose_seed":false,"campfire_upgraded":3,"win_rate":0.0,"timestamp":1612307290,"path_taken":["M","M","?","M","M","R","?","E","T","R","M","E","R","?","R","BOSS","M","?","M","$","?","R","E"],"items_purchased_type":["Card"],"build_version":"2020-12-22","purchased_purges":0,"victory":false,"max_hp_per_floor":[71,71,71,71,71,71,71,71,71,71,71,71,71,71,71,71,71,71,71,71,71,71,71,71,71],"card_choices":[{"not_picked":["Beam Cell","Redo"],"picked":"Ball Lightning","floor":1.0},{"not_picked":["Stack","Coolheaded"],"picked":"Sweeping Beam","floor":2.0},{"not_picked":["Machine Learning","Turbo"],"picked":"Ball Lightning","floor":4.0},{"not_picked":["Steam","Ball Lightning"],"picked":"Coolheaded","floor":5.0},{"not_picked":["BootSequence","Conserve Battery"],"picked":"Cold Snap","floor":7.0},{"not_picked":["All For One","Steam Power","Coolheaded"],"picked":"SKIP","floor":8.0},{"not_picked":["Doom and Gloom","Ball Lightning","Redo"],"picked":"SKIP","floor":11.0},{"not_picked":["Coolheaded","Force Field"],"picked":"Turbo","floor":12.0},{"not_picked":["Biased Cognition","Meteor Strike"],"picked":"Echo Form","floor":16.0},{"not_picked":["Turbo","Ball Lightning"],"picked":"Self Repair","floor":18},{"not_picked":["Aggregate","Hologram"],"picked":"Defragment","floor":20}],"player_experience":1944614,"relics_obtained":[{"floor":8.0,"key":"MawBank"},{"floor":9.0,"key":"Blood Vial"},{"floor":12.0,"key":"Bronze Scales"},{"floor":19,"key":"Nilry\u0027s Codex"}],"event_choices":[{"damage_healed":0.0,"max_hp_gain":0.0,"max_hp_loss":0.0,"gold_gain":0.0,"event_name":"Match and Keep!","player_choice":"0 cards matched","floor":3.0,"gold_loss":0.0,"damage_taken":0.0,"cards_obtained":[]},{"damage_healed":0.0,"max_hp_gain":0.0,"max_hp_loss":0.0,"gold_gain":0.0,"event_name":"Liars Game","player_choice":"Ignored","floor":14.0,"gold_loss":0.0,"damage_taken":0.0},{"damage_healed":0,"gold_gain":0,"player_choice":"Obtained Book","damage_taken":21,"max_hp_gain":0,"max_hp_loss":0,"event_name":"Cursed Tome","floor":19,"gold_loss":0},{"damage_healed":0,"gold_gain":0,"player_choice":"Paid Fearfully","damage_taken":0,"max_hp_gain":0,"max_hp_loss":0,"event_name":"Masked Bandits","floor":22,"gold_loss":161}],"is_beta":false,"boss_relics":[{"not_picked":["Velvet Choker","Empty Cage"],"picked":"Ectoplasm"}],"items_purged_floors":[],"is_endless":false,"potions_floor_spawned":[2,7,8,12,18],"killed_by":"Book of Stabbing","ascension_level":20}}