{"host":"9mz6x6ekz95y53i5","time":1612278110,"event":{"mods":["AchievementEnabler","BaseMod","Downfall","Energized Spire","FoggyMod","Minty Spire (QoL Compilation)","Reliquary","Replay The Spire","Spicy Shops","StSLib","The Bug Knight","The Servant 0.9.4","¡¾ÒÅÎï¿¨ÅÆ¡¿REMEMod"],"gold_per_floor":[119,119,119,119,119,144,144,144,222,254,267,292,292,217,217,289,289,307,307,307,22,22,22,22,54,77,77,88,97,51,51,51,51,51],"floor_reached":33,"language":"ZHS","playtime":1348,"items_purged":["Shame"],"score":720,"play_id":"d78747af-9403-4ea5-8a02-51d9042f9c95","local_time":"20210202230150","is_ascension_mode":true,"campfire_choices":[{"floor":7.0,"key":"RECALL"},{"floor":13.0,"key":"REST"},{"data":"Adrenaline","floor":15.0,"key":"SMITH"},{"floor":23.0,"key":"REST"},{"floor":32,"key":"REST"}],"circlet_count":0,"master_deck":["AscendersBane","Strike_B","Strike_B","Strike_B+1","Defend_B","Defend_B","Zap+1","Dualcast+1","Self Repair+1","Adrenaline+1","ReplayRNGCard+1","Glacier","Gash","Chill","Turbo","Rainbow","Panic Button","Meteor Strike","Storm+1","Hologram","Gash"],"relics":["Cracked Core","REME_ComplimentaryCards","NeowsBlessing","reliquary:Stiletto","Mummified Hand","ReplayTheSpireMod:TigerMarble","Dream Catcher","energizedSpire:OgreHead","reliquary:Sideboard","Replay:Mystery Machine","CeramicFish","Spirit Poop"],"acts_visited":["Exordium","TheCity"],"potions_floor_usage":[33],"damage_taken":[{"damage":0.0,"enemies":"Cultist","floor":1.0,"turns":1.0},{"damage":0.0,"enemies":"HollowMod:MossKnight","floor":6.0,"turns":1.0},{"damage":0.0,"enemies":"3 Sentries","floor":10.0,"turns":1.0},{"damage":7.0,"enemies":"Jaw Worm","floor":11.0,"turns":2.0},{"damage":12.0,"enemies":"Gremlin Nob","floor":12.0,"turns":2.0},{"damage":67.0,"enemies":"Fading Forest","floor":16.0,"turns":13.0},{"damage":15.0,"enemies":"2 Thieves","floor":18.0,"turns":3.0},{"damage":55.0,"enemies":"REME_1_Revenger","floor":25.0,"turns":6.0},{"damage":0.0,"enemies":"Spheric Guardian","floor":28.0,"turns":3.0},{"damage":52,"enemies":"Automaton","floor":33,"turns":8}],"seed_played":"-2612731380398561512","potions_obtained":[{"floor":6.0,"key":"Death Potion"},{"floor":11.0,"key":"BlessingOfTheForge"},{"floor":18.0,"key":"Languid Potion"},{"floor":28.0,"key":"ColorlessPotion"}],"is_trial":false,"path_per_floor":["M","M","M","M","M","E","R","M","T","E","M","E","R","?","R","B",null,"M","?","?","$","?","R","$","E","T","?","M","?","$","M","R","B"],"character_chosen":"DEFECT","items_purchased":["Meteor Strike","Gash"],"campfire_rested":3,"item_purchase_floors":[21,30],"current_hp_per_floor":[64,64,64,64,64,64,64,64,64,71,64,62,71,71,71,22,59,44,44,44,44,44,65,65,20,20,20,24,24,24,24,45,0,0],"gold":51,"neow_bonus":"THREE_ENEMY_KILL","is_daily":false,"chose_seed":false,"campfire_upgraded":1,"win_rate":0.0,"timestamp":1612278110,"path_taken":["M","?","?","?","?","E","R","?","T","E","?","E","R","?","R","BOSS","M","?","?","$","?","R","?","E","T","?","?","?","?","?","R","BOSS"],"items_purchased_type":["Card","Card"],"build_version":"2020-12-22","purchased_purges":1,"victory":false,"max_hp_per_floor":[71,71,71,71,71,71,71,71,71,71,71,71,71,71,71,71,71,71,71,71,71,71,71,71,71,71,71,71,71,71,71,71,71,71],"card_choices":[{"not_picked":["Beam Cell","Turbo"],"picked":"Self Repair","floor":1.0},{"not_picked":["BasicCrystalCard","REME_SelfUpgrade"],"picked":"ReplayRNGCard","floor":6.0},{"not_picked":["Panic Button","Conserve Battery"],"picked":"Glacier","floor":10.0},{"not_picked":["Recycle","Leap"],"picked":"Gash","floor":11.0},{"not_picked":["Rebound","Leap"],"picked":"Chill","floor":12.0},{"not_picked":["Coolheaded","Stack"],"picked":"Turbo","floor":13.0},{"not_picked":["REME_ForAll","Mirror Shield"],"picked":"Rainbow","floor":16.0},{"not_picked":["Cold Snap","BootSequence"],"picked":"Panic Button","floor":18.0},{"not_picked":["Undo+1","Reinforced Body"],"picked":"Gash+1","floor":23.0},{"not_picked":["Conserve Battery","Stack"],"picked":"Heatsinks+1","floor":25.0},{"not_picked":["Turbo","Leap"],"picked":"Barrage+1","floor":28.0},{"not_picked":["Stack","Turbo"],"picked":"Crystallizer","floor":32}],"player_experience":201523,"relics_obtained":[{"floor":6.0,"key":"reliquary:Stiletto"},{"floor":9.0,"key":"Mummified Hand"},{"floor":10.0,"key":"ReplayTheSpireMod:TigerMarble"},{"floor":12.0,"key":"Dream Catcher"},{"floor":25.0,"key":"Replay:Mystery Machine"},{"floor":26.0,"key":"CeramicFish"}],"event_choices":[{"damage_healed":0.0,"max_hp_gain":0.0,"max_hp_loss":0.0,"gold_gain":0.0,"event_name":"Upgrade Shrine","player_choice":"Upgraded","floor":2.0,"gold_loss":0.0,"damage_taken":0.0,"cards_upgraded":["Zap"]},{"damage_healed":0.0,"max_hp_gain":0.0,"max_hp_loss":0.0,"gold_gain":0.0,"event_name":"Upgrade Shrine","player_choice":"Upgraded","floor":3.0,"gold_loss":0.0,"damage_taken":0.0,"cards_upgraded":["Self Repair"]},{"damage_healed":0.0,"max_hp_gain":0.0,"max_hp_loss":0.0,"gold_gain":0.0,"event_name":"Upgrade Shrine","player_choice":"Upgraded","floor":4.0,"gold_loss":0.0,"damage_taken":0.0,"cards_upgraded":["Dualcast"]},{"damage_healed":0.0,"max_hp_gain":0.0,"max_hp_loss":0.0,"gold_gain":0.0,"event_name":"Upgrade Shrine","player_choice":"Upgraded","floor":5.0,"gold_loss":0.0,"damage_taken":0.0,"cards_upgraded":["Strike_B"]},{"damage_healed":0.0,"max_hp_gain":0.0,"max_hp_loss":0.0,"gold_gain":0.0,"event_name":"Upgrade Shrine","player_choice":"Upgraded","floor":8.0,"gold_loss":0.0,"damage_taken":0.0,"cards_upgraded":["ReplayRNGCard"]},{"cards_removed":["Defend_B"],"damage_healed":0.0,"max_hp_gain":0.0,"max_hp_loss":0.0,"gold_gain":0.0,"event_name":"The Cleric","player_choice":"Card Removal","floor":14.0,"gold_loss":75.0,"damage_taken":0.0},{"damage_healed":0.0,"max_hp_gain":0.0,"max_hp_loss":0.0,"gold_gain":0.0,"event_name":"Addict","player_choice":"Stole Relic","floor":19.0,"gold_loss":0.0,"damage_taken":0.0,"relics_obtained":["reliquary:Sideboard"],"cards_obtained":["Shame"]},{"damage_healed":0.0,"max_hp_gain":0.0,"max_hp_loss":0.0,"gold_gain":0.0,"event_name":"Ghosts","player_choice":"Ignored","floor":20.0,"gold_loss":0.0,"damage_taken":0.0},{"damage_healed":0.0,"max_hp_gain":0.0,"max_hp_loss":0.0,"gold_gain":0.0,"cards_transformed":["Defend_B","Strike_B"],"event_name":"Drug Dealer","player_choice":"Became Test Subject","floor":22.0,"gold_loss":0.0,"damage_taken":0.0,"cards_obtained":["Storm","Hologram"]},{"damage_healed":0.0,"max_hp_gain":0.0,"max_hp_loss":0.0,"gold_gain":0.0,"event_name":"Accursed Blacksmith","player_choice":"Forge","floor":27.0,"gold_loss":0.0,"damage_taken":0.0,"cards_upgraded":["Storm"]},{"damage_healed":0.0,"max_hp_gain":0.0,"max_hp_loss":0.0,"gold_gain":0.0,"event_name":"Forgotten Altar","player_choice":"Smashed Altar","floor":29.0,"gold_loss":0.0,"damage_taken":0.0,"cards_obtained":["Decay"]},{"cards_removed":["Decay"],"damage_healed":0,"gold_gain":0,"player_choice":"Offered Curse","damage_taken":0,"relics_obtained":["Spirit Poop"],"max_hp_gain":0,"max_hp_loss":0,"event_name":"Bonfire Elementals","floor":31,"gold_loss":0}],"is_beta":false,"boss_relics":[{"not_picked":["Sozu","ChewingGum"],"picked":"energizedSpire:OgreHead"}],"items_purged_floors":[21],"is_endless":false,"potions_floor_spawned":[6,11,18,28],"killed_by":"Automaton","ascension_level":20}}