{"host":"jcp2nz6q7v3b3vtq","time":1612282665,"event":{"mods":["BaseMod","Marisa????????","Minty Spire (QoL Compilation)","The Servant 0.9.4"],"gold_per_floor":[124,124,4,4,20,31,94,41,93,180,192,238,260,284,296,422,484,514,168,0,19,39,39,73,73,73,73,73],"floor_reached":27,"language":"ENG","playtime":647,"items_purged":["WitchOfGreed"],"score":231,"play_id":"3364f62b-9624-4c46-a780-9e3ba5c0e671","local_time":"20210202171745","daily_mods":["Draft"],"is_ascension_mode":false,"campfire_choices":[{"floor":15,"key":"REST"},{"floor":23,"key":"REST"}],"circlet_count":0,"master_deck":["MysteriousBeam","WitchLeyline+1","EnergyFlow","UnstableBomb","UnstableBomb","PowerUp","StarBarrage+1","StarBarrage","EnergyFlow","MachineGunSpark","DoubleSpark","FairyDestructionRay","SuperPerseids","OrrerysSun+1","WitchLeyline","Bandage Up","WitchLeyline","MysteriousBeam+1","DoubleSpark","CasketOfStar","StarBarrage","EnergyFlow","OrrerysSun","OortCloud","MachineGunSpark+1"],"relics":["MiniHakkero","MawBank","Darkstone Periapt","Tiny House","Membership Card","Tiny Chest","Whetstone","Girya","Vajra"],"acts_visited":["Exordium","TheCity"],"potions_floor_usage":[6,12,16,16,18,18,24],"damage_taken":[{"damage":9,"enemies":"Small Slimes","floor":1,"turns":2},{"damage":0,"enemies":"Cultist","floor":5,"turns":2},{"damage":0,"enemies":"Jaw Worm","floor":6,"turns":1},{"damage":2,"enemies":"Gremlin Nob","floor":12,"turns":2},{"damage":0,"enemies":"2 Fungi Beasts","floor":13,"turns":2},{"damage":10,"enemies":"Looter","floor":14,"turns":2},{"damage":35,"enemies":"The Guardian","floor":16,"turns":6},{"damage":0,"enemies":"Shell Parasite","floor":18,"turns":2},{"damage":49,"enemies":"2 Thieves","floor":21,"turns":4},{"damage":6,"enemies":"Snake Plant","floor":22,"turns":3},{"damage":53,"enemies":"Slavers","floor":24,"turns":5},{"damage":0,"enemies":"Centurion and Healer","floor":27,"turns":1}],"seed_played":"2525607197569477021","potions_obtained":[{"floor":1,"key":"ColorlessPotion"},{"floor":5,"key":"DuplicationPotion"},{"floor":6,"key":"Strength Potion"},{"floor":12,"key":"CultistPotion"},{"floor":16,"key":"ShroomBrew"},{"floor":16,"key":"FearPotion"},{"floor":17,"key":"Block Potion"},{"floor":24,"key":"DuplicationPotion"}],"is_trial":true,"path_per_floor":["M","?","$","$","M","M","?","$","T","?","?","E","M","M","R","B",null,"M","$","?","M","M","R","E","?","T","M"],"character_chosen":"MARISA","items_purchased":["WitchLeyline","Bandage Up","MysteriousBeam","Membership Card","OrrerysSun","Tiny Chest","Whetstone"],"campfire_rested":2,"item_purchase_floors":[3,3,8,19,19,19,19],"current_hp_per_floor":[66,66,66,66,66,66,66,66,66,55,55,53,57,51,73,42,80,80,80,80,35,33,57,8,8,8,8,8],"gold":73,"neow_bonus":"","is_daily":false,"chose_seed":false,"campfire_upgraded":0,"win_rate":0.0,"timestamp":1612282665,"path_taken":["M","?","?","$","?","M","?","$","T","?","?","E","?","M","R","BOSS","M","$","?","M","M","R","E","?","T","M"],"items_purchased_type":["Card","Card","Card","Relic","Card","Relic","Relic"],"build_version":"2020-12-22","purchased_purges":1,"victory":false,"max_hp_per_floor":[75,75,75,75,75,75,75,75,75,75,75,75,75,75,75,75,80,80,80,80,80,80,80,80,80,80,80,80],"card_choices":[{"not_picked":["GalacticHalo","Acceleration"],"picked":"MysteriousBeam","floor":0},{"not_picked":["6A","DragonMeteor"],"picked":"WitchLeyline","floor":0},{"not_picked":["6A","GasGiant"],"picked":"EnergyFlow","floor":0},{"not_picked":["NonDirectionalLaser","ChargeUpSpray"],"picked":"UnstableBomb","floor":0},{"not_picked":["NonDirectionalLaser","MilkyWay"],"picked":"WitchOfGreed","floor":0},{"not_picked":["GravityBeat","PowerUp"],"picked":"UnstableBomb","floor":0},{"not_picked":["SprinkleStarSeal","DarkMatter"],"picked":"PowerUp","floor":0},{"not_picked":["Acceleration","DC"],"picked":"StarBarrage","floor":0},{"not_picked":["6A","GravityBeat"],"picked":"StarBarrage","floor":0},{"not_picked":["Occultation","ManaConvection"],"picked":"EnergyFlow","floor":0},{"not_picked":["DarkSpark","GravityBeat"],"picked":"MachineGunSpark","floor":0},{"not_picked":["MeteoricShower","RefractionSpark"],"picked":"DoubleSpark","floor":0},{"not_picked":["ManaConvection","GalacticHalo"],"picked":"RefractionSpark","floor":0},{"not_picked":["ChargeUpSpray","EventHorizon"],"picked":"FairyDestructionRay","floor":0},{"not_picked":["GrandCross","FairyDestructionRay"],"picked":"SuperPerseids","floor":0},{"not_picked":["SporeBomb","FairyDestructionRay"],"picked":"OrrerysSun","floor":1},{"not_picked":["6A","WitchOfGreed"],"picked":"WitchLeyline","floor":5},{"not_picked":["IllusionStar","6A","RefractionSpark"],"picked":"SKIP","floor":6},{"not_picked":["MeteoricShower","EnergyFlow"],"picked":"DoubleSpark","floor":12},{"not_picked":["DC","AlicesGift","GravityBeat"],"picked":"SKIP","floor":13},{"not_picked":["GalacticHalo","PowerUp","AlicesGift"],"picked":"SKIP","floor":14},{"not_picked":["MaximisePower","CollectingQuirk"],"picked":"CasketOfStar","floor":16},{"not_picked":["GalacticHalo","GrandCross"],"picked":"StarBarrage","floor":17},{"not_picked":["Occultation","6A"],"picked":"EnergyFlow","floor":18},{"not_picked":["OneTimeOff","GrandCross","ShootTheMoon"],"picked":"SKIP","floor":21},{"not_picked":["GalacticHalo","Acceleration"],"picked":"OortCloud","floor":22},{"not_picked":["GrandCross","GalacticHalo"],"picked":"MachineGunSpark+1","floor":24}],"player_experience":29982,"relics_obtained":[{"floor":9,"key":"MawBank"},{"floor":12,"key":"Darkstone Periapt"},{"floor":24,"key":"Girya"},{"floor":26,"key":"Vajra"}],"event_choices":[{"cards_removed":["RefractionSpark"],"damage_healed":0,"gold_gain":0,"player_choice":"Purged","damage_taken":0,"max_hp_gain":0,"max_hp_loss":0,"event_name":"Purifier","floor":2,"gold_loss":0},{"damage_healed":0,"gold_gain":63,"player_choice":"Gained Gold","damage_taken":0,"max_hp_gain":0,"max_hp_loss":0,"event_name":"Golden Wing","floor":7,"gold_loss":0},{"damage_healed":0,"gold_gain":75,"player_choice":"Gather Gold","damage_taken":11,"max_hp_gain":0,"max_hp_loss":0,"event_name":"World of Goop","floor":10,"gold_loss":0},{"damage_healed":0,"gold_gain":0,"player_choice":"Grow","damage_taken":0,"max_hp_gain":0,"max_hp_loss":0,"event_name":"Living Wall","floor":11,"gold_loss":0,"cards_upgraded":["MysteriousBeam"]},{"damage_healed":0,"gold_gain":0,"player_choice":"Paid Fearfully","damage_taken":0,"max_hp_gain":0,"max_hp_loss":0,"event_name":"Masked Bandits","floor":20,"gold_loss":168},{"damage_healed":0,"gold_gain":0,"player_choice":"Ignored","damage_taken":0,"max_hp_gain":0,"max_hp_loss":0,"event_name":"Cursed Tome","floor":25,"gold_loss":0}],"is_beta":false,"boss_relics":[{"not_picked":["RampagingMagicTools","Coffee Dripper"],"picked":"Tiny House"}],"items_purged_floors":[19],"is_endless":false,"potions_floor_spawned":[5,6,12,16,24],"killed_by":"Centurion and Healer","ascension_level":0}}