{"host":"mmz2kvn5kzkhi5zs","time":1612264654,"event":{"mods":["Act Like it!","BaseMod","Downfall","Hallownest","Marisa????????","Minty Spire (QoL Compilation)","Replay The Spire","StSLib","The Bug Knight","The Cursed","The Jungle"],"gold_per_floor":[99,99,99,99,113,3,29,49,49,62,75,75,94,94,107,210,210,210,229,229,241,257,17,94,94,13,27,27,27,27,27,43,43,143,153,153,153,153],"floor_reached":36,"language":"ENG","playtime":4077,"items_purged":[],"score":279,"play_id":"23e88fa4-d497-46ec-93d5-33dd4c8cc718","local_time":"20210202051734","is_ascension_mode":false,"campfire_choices":[{"data":"champ:Taunt","floor":1,"key":"SMITH"},{"data":"champ:Lariat","floor":9,"key":"SMITH"},{"data":"champ:PerfectedStrike","floor":12,"key":"SMITH"},{"floor":29,"key":"REST"},{"floor":33,"key":"REST"}],"circlet_count":0,"master_deck":["champ:Strike","champ:Strike","champ:Defend","champ:Defend","champ:Defend","champ:Defend","champ:Execute","champ:Taunt+1","champ:FanOfKnives","champ:TornadoPunch","champ:PerfectedStrike+1","champ:Lariat+1","champ:FocusedDefense","champ:Duel","champ:FlashCut","champ:Circumvent","champ:SkillfulDodge","champ:Improvising","Apotheosis","Midas Touch","Secret Technique","champ:CalledShot","champ:ShieldWall","champ:PreciseThrust","champ:AdrenalArmor","champ:RapidStrikes","champ:IronFortress","champ:TripleStrike","ReplayTheSpireMod:Faulty Equipment","ReplayTheSpireMod:IOU","ReplayTheSpireMod:IOU","ReplayUltimateDefense","Replay:SS_hec_1","champ:ShieldWall","champ:ArenaPreparation","champ:TornadoPunch+1","champ:ArenaPreparation"],"relics":["champ:ChampionCrown","ReplayTheSpireMod:Ring of Exchange","Ring of Fury","Toy Ornithopter","Blood Vial","Hallownest:DreamNailRelic","ReplayTheSpireMod:ShopPack","MealTicket","Bottled Flame","ReplayTheSpireMod:CursedCoin","Replay:Wax Seal","MutagenicStrength"],"acts_visited":["Hallownest:Greenpath","TheCity"],"potions_floor_usage":[6,16,16,19,35,36,36],"damage_taken":[{"damage":10,"enemies":"Hallownest:monsterHuskWarrior","floor":5,"turns":3},{"damage":12,"enemies":"downfall:FleeingMerchant","floor":6,"turns":4},{"damage":0,"enemies":"2_ Uuma","floor":8,"turns":3},{"damage":12,"enemies":"Hallownest:2_MossCreeps","floor":10,"turns":3},{"damage":10,"enemies":"Hallownest:monsterAspidMother","floor":11,"turns":3},{"damage":5,"enemies":"Hallownest:MossCreep_and_Mosskin","floor":13,"turns":4},{"damage":25,"enemies":"Hallownest:1_Baldur_1_Crawlid_1_Warrior","floor":15,"turns":5},{"damage":38,"enemies":"WA_ARCHETYPE_RETAIN","floor":16,"turns":6},{"damage":9,"enemies":"3 Byrds","floor":19,"turns":5},{"damage":14,"enemies":"Spheric Guardian","floor":21,"turns":4},{"damage":21,"enemies":"Snake Plant","floor":22,"turns":3},{"damage":15,"enemies":"downfall:FleeingMerchant","floor":23,"turns":4},{"damage":19,"enemies":"downfall:FleeingMerchant","floor":26,"turns":4},{"damage":39,"enemies":"Sentry and Sphere","floor":27,"turns":7},{"damage":17,"enemies":"Centurion and Healer","floor":32,"turns":4},{"damage":11,"enemies":"Cultist and Chosen","floor":35,"turns":6},{"damage":82,"enemies":"DF_ARCHETYPE_CLAW","floor":36,"turns":5}],"seed_played":"-7025199292118262723","potions_obtained":[{"floor":5,"key":"champ:CounterPotion"},{"floor":13,"key":"Cursed Concoction"},{"floor":15,"key":"hexamod:SoulburnPotion"},{"floor":16,"key":"ColorlessPotion"},{"floor":27,"key":"Ancient Potion"},{"floor":32,"key":"Energy Potion"},{"floor":35,"key":"BlessingOfTheForge"}],"is_trial":false,"path_per_floor":["R","?","?","T","M","$","T","M","R","M","M","R","M","?","M","B",null,"R","M","?","M","M","$","T","?","$","M","?","R","PTL","PTL","M","R","?","M","B"],"character_chosen":"THE_CHAMP","items_purchased":["champ:PerfectedStrike","champ:Lariat","MealTicket","champ:IronFortress","ReplayTheSpireMod:CursedCoin","Replay:Wax Seal","ReplayUltimateDefense","Replay:SS_hec_1","champ:ShieldWall"],"campfire_rested":2,"item_purchase_floors":[6,6,23,23,26,26,26,26,26],"current_hp_per_floor":[99,99,99,99,99,97,97,99,99,97,99,99,94,94,91,81,99,99,92,92,80,66,53,53,53,61,24,24,53,53,53,43,72,72,68,0,0,0],"gold":153,"neow_bonus":"TEN_PERCENT_HP_BONUS","is_daily":false,"chose_seed":false,"campfire_upgraded":3,"win_rate":0.0,"timestamp":1612264654,"path_taken":["R","?","?","?","M","$","T","M","R","M","M","R","M","?","M","BOSS","R","M","?","M","M","$","T","?","$","?","?","R","PTL","PTL","M","R","?","M","BOSS"],"items_purchased_type":["Card","Card","Relic","Card","Relic","Relic","Card","Card","Card"],"build_version":"2020-12-22","purchased_purges":0,"victory":false,"max_hp_per_floor":[99,99,99,99,99,99,99,99,99,99,99,99,99,99,99,99,99,99,99,99,99,99,99,99,99,99,99,99,99,99,99,99,99,99,99,99,99,99],"card_choices":[{"not_picked":["champ:CrownThrow","champ:Devastate"],"picked":"champ:FanOfKnives","floor":5},{"not_picked":["champ:BringItOn","champ:DefensiveShout"],"picked":"champ:TornadoPunch","floor":6},{"not_picked":["champ:EnGarde","champ:PreciseThrust"],"picked":"champ:FocusedDefense","floor":8},{"not_picked":["champ:AdrenalArmor","champ:CrookedStrike"],"picked":"champ:Duel","floor":10},{"not_picked":["champ:HeavySlash","champ:FocusedBerserking"],"picked":"champ:FlashCut","floor":11},{"not_picked":["champ:DefensiveShout","champ:FalseCounter"],"picked":"champ:Circumvent","floor":13},{"not_picked":["champ:SetATrap","champ:PerfectedStrike"],"picked":"champ:SkillfulDodge","floor":15},{"not_picked":["champ:SteelEdge","champ:TripleStrike"],"picked":"champ:Improvising","floor":16},{"not_picked":["Violence","Mayhem"],"picked":"Apotheosis","floor":17},{"not_picked":["PanicButton","Replay:Parry"],"picked":"Midas Touch","floor":17},{"not_picked":["ReplayTheSpireMod:Uncanny Aura","PanicButton"],"picked":"Secret Technique","floor":17},{"not_picked":["champ:Encircle","champ:DefensiveShout"],"picked":"champ:ShieldWall","floor":19},{"not_picked":["champ:FanOfKnives","champ:PerfectedStrike"],"picked":"champ:PreciseThrust","floor":21},{"not_picked":["champ:RisingSlash","champ:FancyFootwork"],"picked":"champ:AdrenalArmor","floor":22},{"not_picked":["champ:CrookedStrike","champ:PerfectedStrike"],"picked":"champ:RapidStrikes","floor":23},{"not_picked":["champ:TornadoPunch","champ:FanOfKnives"],"picked":"champ:TripleStrike","floor":26},{"not_picked":["champ:StanceDance","champ:GutPunch"],"picked":"champ:ArenaPreparation","floor":27},{"not_picked":["champ:AdrenalArmor","champ:BerserkersShout"],"picked":"champ:TornadoPunch+1","floor":32},{"not_picked":["champ:StanceDance","champ:PerfectedStrike+1"],"picked":"champ:ArenaPreparation","floor":35}],"player_experience":52608,"relics_obtained":[{"floor":2,"key":"ReplayTheSpireMod:Ring of Exchange"},{"floor":2,"key":"Ring of Fury"},{"floor":4,"key":"Toy Ornithopter"},{"floor":7,"key":"Blood Vial"},{"floor":24,"key":"Bottled Flame"}],"event_choices":[{"cards_removed":["champ:Strike"],"damage_healed":0,"gold_gain":0,"player_choice":"Card Removal","damage_taken":0,"max_hp_gain":0,"max_hp_loss":0,"event_name":"Wheel of Change","floor":25,"gold_loss":0},{"damage_healed":0,"gold_gain":0,"player_choice":"Inject Mutagens","damage_taken":0,"relics_obtained":["MutagenicStrength"],"max_hp_gain":0,"max_hp_loss":0,"event_name":"Drug Dealer","floor":28,"gold_loss":0}],"is_beta":false,"boss_relics":[{"not_picked":["Medical Kit","Frozen Eye"],"picked":"ReplayTheSpireMod:ShopPack"}],"items_purged_floors":[],"is_endless":false,"potions_floor_spawned":[5,13,15,16,27,32,35],"killed_by":"DF_ARCHETYPE_CLAW","ascension_level":0}}