{"host":"lnrxyx1mebyhalma","time":1612235721,"event":{"mods":["2.2 Compatiblity","BaseMod","Best Route Mod","Block Reminder","Colored Powertips","Downfall","Minty Spire (QoL Compilation)","Rare Cards Sparkle","Smile Girya","StSLib"],"gold_per_floor":[99,110,128,42,54,115,115,130,19,36,36,36,36,62,78,179,179,79,95,107,125,143,143,143,143],"floor_reached":23,"language":"PTB","playtime":1346,"items_purged":["Slimebound:Defend_Slimebound"],"score":195,"play_id":"dc353e95-ab82-43e3-919f-bdf055df1baf","local_time":"20210202011521","is_ascension_mode":false,"campfire_choices":[{"floor":1,"key":"RECALL"},{"data":"Slimebound:SlimeBarrage","floor":11,"key":"SMITH"},{"floor":13,"key":"REST"},{"data":"Slimebound:SplitMire","floor":18,"key":"SMITH"}],"circlet_count":0,"master_deck":["Slimebound:Strike_Slimebound","Slimebound:Strike_Slimebound","Slimebound:Strike_Slimebound","Slimebound:Tackle","Slimebound:Defend_Slimebound","Slimebound:Defend_Slimebound","Slimebound:Defend_Slimebound","Slimebound:Split","Slimebound:CorrosiveSpit","Slimebound:SplitBruiser","Slimebound:SplitLeeching","Slimebound:LeadByExample","Slimebound:SpikyOuterGoop","Slimebound:RainOfGoop","Slimebound:SplitMire+1","Slimebound:SplitAcid","Slimebound:ServeAndProtect","Slimebound:Repurpose","Slimebound:LeechEnergy","Slimebound:SlimeBarrage+1","Slimebound:DisruptingSlam","Slimebound:Dissolve","Slimebound:LeechLife","Slimebound:FinishingTackle","Slimebound:LivingWall","Slimebound:SpikyOuterGoop","Slimebound:HauntingLick+1"],"relics":["Slimebound:AbsorbEndCombat","Mango","Darkstone Periapt","SlaversCollar","downfall:HeartBlessingRed"],"acts_visited":["Exordium","TheCity"],"potions_floor_usage":[16,16,16,22,23],"damage_taken":[{"damage":7,"enemies":"Jaw Worm","floor":2,"turns":3},{"damage":6,"enemies":"Cultist","floor":3,"turns":3},{"damage":10,"enemies":"downfall:FleeingMerchant","floor":4,"turns":4},{"damage":0,"enemies":"2 Louse","floor":5,"turns":3},{"damage":19,"enemies":"Lagavulin Event","floor":6,"turns":5},{"damage":9,"enemies":"2 Fungi Beasts","floor":8,"turns":4},{"damage":12,"enemies":"downfall:FleeingMerchant","floor":9,"turns":4},{"damage":7,"enemies":"3 Louse","floor":10,"turns":3},{"damage":28,"enemies":"Lagavulin","floor":14,"turns":5},{"damage":18,"enemies":"Exordium Thugs","floor":15,"turns":4},{"damage":22,"enemies":"DF_ARCHETYPE_STREAMLINE","floor":16,"turns":7},{"damage":10,"enemies":"Chosen","floor":19,"turns":4},{"damage":45,"enemies":"3 Byrds","floor":20,"turns":5},{"damage":32,"enemies":"Cultist and Chosen","floor":21,"turns":7},{"damage":17,"enemies":"Snecko","floor":22,"turns":4},{"damage":13,"enemies":"Shelled Parasite and Fungi","floor":23,"turns":1}],"seed_played":"9050224560441382643","potions_obtained":[{"floor":3,"key":"SkillPotion"},{"floor":6,"key":"AttackPotion"},{"floor":8,"key":"SkillPotion"},{"floor":12,"key":"Slimebound:ThreeZeroPotion"},{"floor":12,"key":"DuplicationPotion"},{"floor":16,"key":"hexamod:SoulburnPotion"},{"floor":20,"key":"champ:CounterPotion"},{"floor":22,"key":"FearPotion"}],"is_trial":false,"path_per_floor":["R","M","M","$","M","?","T","M","$","M","R","?","R","E","M","B",null,"R","M","M","M","M","M"],"character_chosen":"SLIMEBOUND","items_purchased":["Slimebound:RainOfGoop","Slimebound:LeechEnergy"],"campfire_rested":1,"item_purchase_floors":[4,9],"current_hp_per_floor":[65,60,58,50,52,39,53,46,40,35,35,35,58,38,26,12,79,79,71,32,16,9,0,0,0],"gold":143,"neow_bonus":"THREE_CARDS","is_daily":false,"chose_seed":false,"campfire_upgraded":2,"win_rate":0.0,"timestamp":1612235721,"path_taken":["R","M","M","$","M","?","T","M","$","M","R","?","R","E","M","BOSS","R","M","M","?","?","M"],"items_purchased_type":["Card","Card"],"build_version":"2020-12-22","purchased_purges":1,"victory":false,"max_hp_per_floor":[65,65,65,65,65,65,79,79,79,79,79,79,79,79,79,79,79,79,79,79,79,79,79,79,79],"card_choices":[{"not_picked":["Slimebound:HauntingLick","Slimebound:ComboTackle"],"picked":"Slimebound:SplitBruiser","floor":0},{"not_picked":["Slimebound:SpikyOuterGoop","Slimebound:SplitBruiser"],"picked":"Slimebound:SplitLeeching","floor":2},{"not_picked":["Slimebound:ComboTackle","Slimebound:SplitBruiser"],"picked":"Slimebound:LeadByExample","floor":3},{"not_picked":["Slimebound:Gluttony","Slimebound:Equalize"],"picked":"Slimebound:SpikyOuterGoop","floor":4},{"not_picked":["Slimebound:SlimeTap","Slimebound:SamplingLick"],"picked":"Slimebound:SplitMire","floor":5},{"not_picked":["Slimebound:LeechingTouch","Slimebound:GoopSpray"],"picked":"Slimebound:SplitAcid","floor":6},{"not_picked":["Slimebound:ViciousTackle","Slimebound:MegaLick"],"picked":"Slimebound:ServeAndProtect","floor":8},{"not_picked":["Slimebound:HauntingLick","Slimebound:SamplingLick"],"picked":"Slimebound:Repurpose","floor":9},{"not_picked":["Slimebound:HauntingLick","Slimebound:Grow"],"picked":"Slimebound:SlimeBarrage","floor":10},{"not_picked":["Slimebound:ViciousTackle","Slimebound:Prepare"],"picked":"Slimebound:DisruptingSlam","floor":14},{"not_picked":["Slimebound:SplitMire","Slimebound:TongueLash"],"picked":"Slimebound:Dissolve","floor":15},{"not_picked":["Slimebound:OneTwoCombo","Slimebound:MassFeed"],"picked":"Slimebound:LeechLife","floor":16},{"not_picked":["Slimebound:SplitBruiser","Slimebound:SplitMire"],"picked":"Slimebound:FinishingTackle","floor":19},{"not_picked":["Slimebound:LeechingTouch","Slimebound:LeechEnergy"],"picked":"Slimebound:LivingWall","floor":20},{"not_picked":["Slimebound:Prepare","Slimebound:RollThrough"],"picked":"Slimebound:SpikyOuterGoop","floor":21},{"not_picked":["Slimebound:FlameTackle","Slimebound:Dissolve"],"picked":"Slimebound:HauntingLick+1","floor":22}],"player_experience":108102,"relics_obtained":[{"floor":6,"key":"Smiling Mask"},{"floor":7,"key":"Mango"},{"floor":14,"key":"Darkstone Periapt"}],"event_choices":[],"is_beta":false,"boss_relics":[{"not_picked":["Calling Bell","Snecko Eye"],"picked":"SlaversCollar"}],"items_purged_floors":[9],"is_endless":false,"potions_floor_spawned":[3,6,8,14,16,20,22],"killed_by":"Shelled Parasite and Fungi","ascension_level":0}}