{"host":"a00pwxwvvpsg0jw6","time":1612246659,"event":{"mods":["AchievementEnabler","BaseMod","Minty Spire (QoL Compilation)","Replay The Spire","StSLib"],"gold_per_floor":[116,116,116,135,150,150,36,46,116,151,101,130,30,49,49,153,153,167,167,220,95,95,95,112,112,112,112,112,141,141,160,160,257,257,271,19,36,36,52,52,102,113,113,113,147,163,197,209,209,209],"floor_reached":51,"language":"ENG","playtime":2133,"items_purged":["Strike_R","Strike_R","Defend_R"],"score":883,"play_id":"14b13513-2f69-432e-bcc6-8ff811c9a245","local_time":"20210202001739","is_ascension_mode":false,"campfire_choices":[{"data":"Limit Break","floor":6,"key":"SMITH"},{"data":"Pommel Strike","floor":15,"key":"SMITH"},{"data":"Flex","floor":23,"key":"SMITH"},{"data":"Bash","floor":25,"key":"SMITH"},{"data":"Double Tap","floor":30,"key":"SMITH"},{"floor":32,"key":"DIG"},{"data":"Offering","floor":40,"key":"SMITH"},{"data":"Iron Wave","floor":49,"key":"PURGE"}],"circlet_count":0,"master_deck":["Strike_R+1","Strike_R+1","Bash+1","Limit Break+1","Heavy Blade+1","Pommel Strike+1","Headbutt","Iron Wave","Twin Strike+1","Hemogenesis+1","Replay:Many Hands+1","Flex+1","Flex+1","RitualDagger","J.A.X.","Double Tap+1","Bloodletting","Offering+1","Thunderclap+1","ReplayTheSpireMod:Stacked+1","Flex+1","Flex+1","Spot Weakness+1"],"relics":["Burning Blood","Whetstone","Dream Catcher","Self Forming Clay","Paper Frog","Ornamental Fan","Astrolabe","Anchor","Red Skull","Shuriken","King of Hearts","ReplayTheSpireMod:Shallot","Blood Vial","Snecko Eye","Onion Ring","CaptainsWheel","Snack Pack","Frozen Egg 2","Counterbalance"],"acts_visited":["Exordium","TheCity","TheBeyond"],"potions_floor_usage":[16,16,29,33,33],"damage_taken":[{"damage":1,"enemies":"2 Louse","floor":1,"turns":4},{"damage":0,"enemies":"Small Slimes","floor":4,"turns":3},{"damage":1,"enemies":"Jaw Worm","floor":5,"turns":3},{"damage":0,"enemies":"2 Fungi Beasts","floor":8,"turns":3},{"damage":17,"enemies":"Gremlin Nob","floor":10,"turns":4},{"damage":26,"enemies":"3 Sentries","floor":12,"turns":8},{"damage":11,"enemies":"Red Slaver","floor":14,"turns":4},{"damage":33,"enemies":"Slime Boss","floor":16,"turns":15},{"damage":0,"enemies":"Chosen","floor":18,"turns":4},{"damage":10,"enemies":"3 Byrds","floor":24,"turns":3},{"damage":23,"enemies":"Gremlin Leader","floor":29,"turns":3},{"damage":3,"enemies":"Snecko","floor":31,"turns":2},{"damage":6,"enemies":"Automaton","floor":33,"turns":2},{"damage":14,"enemies":"3 Shapes","floor":35,"turns":4},{"damage":21,"enemies":"3 Darklings","floor":37,"turns":3},{"damage":13,"enemies":"4 Shapes","floor":39,"turns":3},{"damage":6,"enemies":"2 Orb Walkers","floor":41,"turns":2},{"damage":0,"enemies":"Transient","floor":42,"turns":5},{"damage":12,"enemies":"Reptomancer","floor":45,"turns":2},{"damage":3,"enemies":"Spire Growth","floor":46,"turns":2},{"damage":10,"enemies":"R_Hoarder","floor":47,"turns":4},{"damage":0,"enemies":"3 Darklings","floor":48,"turns":4},{"damage":40,"enemies":"Donu and Deca","floor":50,"turns":6}],"seed_played":"-1202488077606180585","potions_obtained":[{"floor":8,"key":"Elixir"},{"floor":14,"key":"EssenceOfSteel"},{"floor":16,"key":"Swift Potion"},{"floor":18,"key":"Explosive Potion"},{"floor":20,"key":"FearPotion"},{"floor":20,"key":"FearPotion"},{"floor":29,"key":"Energy Potion"},{"floor":41,"key":"SteroidPotion"},{"floor":42,"key":"Dexterity Potion"},{"floor":45,"key":"Explosive Potion"},{"floor":48,"key":"FearPotion"}],"is_trial":false,"path_per_floor":["M","?","?","M","M","R","$","M","T","E","?","E","$","M","R","B",null,"M","?","?","$","?","R","M","R","T","?","?","E","R","M","R","B",null,"M","$","M","?","M","R","?","M","T","$","E","M","E","M","R","B",null],"character_chosen":"IRONCLAD","items_purchased":["Heavy Blade+1","Onion Ring"],"campfire_rested":0,"item_purchase_floors":[7,36],"current_hp_per_floor":[80,80,73,79,80,80,80,80,80,69,69,49,49,44,44,17,80,80,80,80,80,80,80,76,76,76,70,70,53,53,56,56,58,80,80,80,65,65,60,60,76,76,76,76,72,76,76,76,76,46],"gold":209,"neow_bonus":"RANDOM_COMMON_RELIC","is_daily":false,"chose_seed":false,"campfire_upgraded":6,"win_rate":0.0,"timestamp":1612246659,"path_taken":["M","?","?","M","M","R","$","M","T","E","?","E","?","M","R","BOSS","M","?","?","?","?","R","?","R","T","?","?","E","R","M","R","BOSS","M","$","M","?","M","R","?","M","T","?","E","?","E","M","R","BOSS"],"items_purchased_type":["Card","Relic"],"build_version":"2020-12-22","purchased_purges":3,"victory":true,"max_hp_per_floor":[80,80,80,80,80,80,80,80,80,80,80,80,80,80,80,80,80,80,80,80,80,80,80,80,80,80,80,80,80,80,80,80,80,80,80,80,80,76,76,76,76,76,76,76,76,76,76,76,76,76],"card_choices":[{"not_picked":["Heavy Blade","Clothesline","Clash"],"picked":"SKIP","floor":1},{"not_picked":["Pummel","Warcry"],"picked":"Iron Wave","floor":4},{"not_picked":["Hemokinesis","Rupture"],"picked":"Limit Break","floor":5},{"not_picked":["Bloodletting","Sword Boomerang"],"picked":"Pommel Strike","floor":8},{"not_picked":["Dropkick","Rage"],"picked":"Headbutt","floor":10},{"not_picked":["Power Through","Abandon","True Grit"],"picked":"SKIP","floor":12},{"not_picked":["Carnage","Heavy Blade"],"picked":"Iron Wave","floor":14},{"not_picked":["Headbutt","Cleave+1"],"picked":"Flex+1","floor":18},{"not_picked":["Body Slam","Thunderclap"],"picked":"Flex","floor":20},{"not_picked":["Iron Wave","Power Through","True Grit"],"picked":"SKIP","floor":24},{"not_picked":["Eclipse","Disarm+1"],"picked":"Double Tap","floor":29},{"not_picked":["Twin Strike","Abandon"],"picked":"Bloodletting","floor":31},{"not_picked":["Berserk","Impervious"],"picked":"Offering","floor":33},{"not_picked":["True Grit+1","Uppercut+1"],"picked":"Thunderclap+1","floor":35},{"not_picked":["Pommel Strike","Intimidate+1","Entrench+1"],"picked":"SKIP","floor":37},{"not_picked":["Perfected Strike","Clothesline","Dropkick"],"picked":"SKIP","floor":39},{"not_picked":["Ghostly Armor+1","Anger+1"],"picked":"ReplayTheSpireMod:Stacked+1","floor":41},{"not_picked":["Body Slam","Rage","Cleave+1"],"picked":"SKIP","floor":42},{"not_picked":["Burning Pact+1","Uppercut+1"],"picked":"Flex+1","floor":45},{"not_picked":["Perfected Strike","ReplayTheSpireMod:Strike From Hell"],"picked":"Flex+1","floor":46},{"not_picked":["Juggernaut+1","Anger+1"],"picked":"Spot Weakness+1","floor":47},{"not_picked":["Iron Wave","ReplayTheSpireMod:Muscle Training","Pommel Strike"],"picked":"SKIP","floor":48}],"player_experience":3651,"relics_obtained":[{"floor":9,"key":"Self Forming Clay"},{"floor":10,"key":"Paper Frog"},{"floor":12,"key":"Ornamental Fan"},{"floor":20,"key":"Red Skull"},{"floor":26,"key":"King of Hearts"},{"floor":29,"key":"ReplayTheSpireMod:Shallot"},{"floor":32,"key":"Blood Vial"},{"floor":41,"key":"CaptainsWheel"},{"floor":43,"key":"Snack Pack"},{"floor":45,"key":"Frozen Egg 2"},{"floor":47,"key":"Counterbalance"}],"event_choices":[{"damage_healed":0,"gold_gain":0,"player_choice":"Ignored","damage_taken":0,"max_hp_gain":0,"max_hp_loss":0,"event_name":"Liars Game","floor":2,"gold_loss":0},{"damage_healed":0,"gold_gain":0,"player_choice":"Success","damage_taken":7,"relics_obtained":["Dream Catcher"],"max_hp_gain":0,"max_hp_loss":0,"event_name":"Scrap Ooze","floor":3,"gold_loss":0},{"cards_removed":["Strike_R"],"damage_healed":0,"gold_gain":0,"player_choice":"Card Removal","damage_taken":0,"max_hp_gain":0,"max_hp_loss":0,"event_name":"The Cleric","floor":11,"gold_loss":50},{"damage_healed":0,"gold_gain":0,"player_choice":"Gave Potion","damage_taken":0,"relics_obtained":["Shuriken"],"max_hp_gain":0,"max_hp_loss":0,"event_name":"WeMeetAgain","floor":22,"gold_loss":0},{"damage_healed":0,"gold_gain":0,"player_choice":"Joined the Cult","damage_taken":6,"max_hp_gain":0,"max_hp_loss":0,"event_name":"Nest","floor":27,"gold_loss":0,"cards_obtained":["RitualDagger"]},{"damage_healed":0,"gold_gain":0,"player_choice":"Obtain J.A.X.","damage_taken":0,"max_hp_gain":0,"max_hp_loss":0,"event_name":"Drug Dealer","floor":28,"gold_loss":0,"cards_obtained":["J.A.X."]},{"damage_healed":0,"gold_gain":0,"player_choice":"Max HP","damage_taken":0,"max_hp_gain":0,"max_hp_loss":4,"event_name":"Winding Halls","floor":38,"gold_loss":0},{"damage_healed":0,"gold_gain":0,"player_choice":"Fight","damage_taken":0,"max_hp_gain":0,"max_hp_loss":0,"event_name":"Mysterious Sphere","floor":41,"gold_loss":0}],"is_beta":false,"boss_relics":[{"not_picked":["Honey Jar","Mark of Pain"],"picked":"Astrolabe"},{"not_picked":["Runic Pyramid","Cursed Key"],"picked":"Snecko Eye"}],"items_purged_floors":[7,13,21],"is_endless":false,"potions_floor_spawned":[8,14,16,18,29,37,41,42,45,48],"ascension_level":0}}