{"host":"gfxjwtol062e9znw","time":1612258277,"event":{"mods":["BaseMod","Colored Map","Minty Spire (QoL Compilation)"],"gold_per_floor":[109,124,138,63,73,73,105,105,157,28,44,44,44,59,59,155,155,175,186,204,229,229,261,281,281,308,340,353,353,367,24,24,125,125,144,164,182,182,193,193,23,37,86,86,98,108,126,0,0,0,0],"floor_reached":50,"language":"ENG","playtime":4180,"items_purged":["Defend_G","Defend_G"],"score":781,"play_id":"9dfafe11-9048-4f60-ac01-11662a961934","local_time":"20210202203117","is_ascension_mode":true,"campfire_choices":[{"floor":6.0,"key":"REST"},{"floor":8.0,"key":"REST"},{"data":"Phantasmal Killer","floor":12.0,"key":"SMITH"},{"data":"Terror","floor":15.0,"key":"SMITH"},{"floor":25,"key":"REST"},{"floor":32,"key":"REST"},{"floor":40,"key":"REST"},{"floor":44,"key":"REST"},{"floor":49,"key":"REST"}],"circlet_count":0,"master_deck":["Strike_G","Strike_G","Strike_G","Strike_G+1","Defend_G","Defend_G","Survivor","Neutralize+1","Skewer","Backflip","Sucker Punch","Dodge and Roll","Phantasmal Killer+1","Terror+1","Slice","Crippling Poison","Bouncing Flask","Backstab","PiercingWail","Glass Knife","Setup","Bouncing Flask+1","Deflect","Die Die Die","Acrobatics","Phantasmal Killer+1","Heel Hook","Footwork","Wraith Form v2","Dodge and Roll+1","Bane","Secret Technique","Escape Plan","Blur+1"],"relics":["Ring of the Snake","Snake Skull","Singing Bowl","Whetstone","Smiling Mask","Fusion Hammer","Anchor","Regal Pillow","Centennial Puzzle","Darkstone Periapt","Orrery","Velvet Choker","PreservedInsect","Red Mask"],"acts_visited":["Exordium","TheCity","TheBeyond"],"potions_floor_usage":[27,27,33,33,37,39,46,50],"damage_taken":[{"damage":10.0,"enemies":"Cultist","floor":1.0,"turns":5.0},{"damage":7.0,"enemies":"Small Slimes","floor":2.0,"turns":4.0},{"damage":0.0,"enemies":"2 Louse","floor":3.0,"turns":2.0},{"damage":8.0,"enemies":"Exordium Thugs","floor":5.0,"turns":6.0},{"damage":23.0,"enemies":"Gremlin Nob","floor":7.0,"turns":5.0},{"damage":6.0,"enemies":"Lots of Slimes","floor":11.0,"turns":5.0},{"damage":0.0,"enemies":"3 Louse","floor":14.0,"turns":2.0},{"damage":0.0,"enemies":"Hexaghost","floor":16.0,"turns":2.0},{"damage":0.0,"enemies":"Chosen","floor":18.0,"turns":3.0},{"damage":11.0,"enemies":"3 Byrds","floor":19.0,"turns":5.0},{"damage":14,"enemies":"Snake Plant","floor":20,"turns":4},{"damage":11,"enemies":"Slavers","floor":23,"turns":6},{"damage":3,"enemies":"Snecko","floor":24,"turns":3},{"damage":27,"enemies":"Gremlin Leader","floor":27,"turns":5},{"damage":4,"enemies":"Shelled Parasite and Fungi","floor":28,"turns":3},{"damage":0,"enemies":"Snake Plant","floor":30,"turns":3},{"damage":39,"enemies":"Collector","floor":33,"turns":8},{"damage":5,"enemies":"3 Shapes","floor":35,"turns":5},{"damage":0,"enemies":"Orb Walker","floor":36,"turns":2},{"damage":12,"enemies":"Spire Growth","floor":37,"turns":3},{"damage":31,"enemies":"Sphere and 2 Shapes","floor":39,"turns":6},{"damage":18,"enemies":"Writhing Mass","floor":42,"turns":6},{"damage":27,"enemies":"Jaw Worm Horde","floor":45,"turns":4},{"damage":3,"enemies":"Sphere and 2 Shapes","floor":46,"turns":4},{"damage":13,"enemies":"Writhing Mass","floor":47,"turns":6},{"damage":103,"enemies":"Time Eater","floor":50,"turns":10}],"seed_played":"57062629207764150","potions_obtained":[{"floor":3.0,"key":"Fire Potion"},{"floor":7.0,"key":"SteroidPotion"},{"floor":11.0,"key":"AttackPotion"},{"floor":18.0,"key":"Poison Potion"},{"floor":23,"key":"LiquidBronze"},{"floor":27,"key":"Energy Potion"},{"floor":30,"key":"Energy Potion"},{"floor":36,"key":"SpeedPotion"},{"floor":37,"key":"Poison Potion"},{"floor":45,"key":"Dexterity Potion"}],"is_trial":false,"path_per_floor":["M","M","M","$","M","R","E","R","T","$","M","R","T","M","R","B",null,"M","M","M","T","?","E","M","R","T","E","M","?","M","$","R","B",null,"M","M","M","?","M","R","$","M","T","R","M","M","M","?","R","B"],"character_chosen":"THE_SILENT","items_purchased":["Terror","Block Potion","Orrery","Footwork","EssenceOfSteel","Secret Technique"],"campfire_rested":7,"item_purchase_floors":[10,10,31,31,31,41],"current_hp_per_floor":[53,46,46,46,38,59,36,57,57,57,51,51,51,51,51,53,67,67,56,42,42,42,31,28,64,64,37,33,33,35,43,82,43,72,67,69,57,57,28,68,68,50,50,86,59,58,47,47,89,0,0],"gold":0,"neow_bonus":"RANDOM_COMMON_RELIC","is_daily":false,"chose_seed":false,"campfire_upgraded":2,"win_rate":0.0,"timestamp":1612258277,"path_taken":["M","M","M","$","M","R","E","R","T","$","M","R","?","M","R","BOSS","M","M","M","?","?","E","M","R","T","E","M","?","?","$","R","BOSS","M","M","?","?","M","R","$","M","T","R","M","M","M","?","R","BOSS"],"items_purchased_type":["Card","Potion","Relic","Card","Potion","Card"],"build_version":"2020-12-22","purchased_purges":2,"victory":false,"max_hp_per_floor":[70,70,70,70,70,70,70,70,70,70,70,70,70,70,70,72,72,72,72,72,72,72,72,72,72,72,72,72,72,74,82,82,82,82,82,84,84,84,86,86,86,86,86,86,86,88,90,90,90,90,90],"card_choices":[{"not_picked":["Outmaneuver","Eviscerate"],"picked":"Skewer","floor":1.0},{"not_picked":["Eviscerate","Dagger Spray"],"picked":"Backflip","floor":2.0},{"not_picked":["Underhanded Strike","Riddle With Holes"],"picked":"Sucker Punch","floor":3.0},{"not_picked":["Bullet Time","Dagger Spray"],"picked":"Dodge and Roll","floor":5.0},{"not_picked":["Cloak And Dagger","Riddle With Holes"],"picked":"Phantasmal Killer","floor":7.0},{"not_picked":["Bane","Flechettes"],"picked":"Slice","floor":11.0},{"not_picked":["Blade Dance","Poisoned Stab"],"picked":"Crippling Poison","floor":14.0},{"not_picked":["Glass Knife","Envenom","A Thousand Cuts"],"picked":"Singing Bowl","floor":16.0},{"not_picked":["Blade Dance","Backflip"],"picked":"Bouncing Flask","floor":18.0},{"not_picked":["Masterful Stab","Prepared"],"picked":"Backstab","floor":19},{"not_picked":["Blade Dance","Flying Knee"],"picked":"PiercingWail","floor":20},{"not_picked":["Slice","Deadly Poison"],"picked":"Bouncing Flask+1","floor":23},{"not_picked":["Tactician+1","Blade Dance"],"picked":"Deflect","floor":24},{"not_picked":["Calculated Gamble","Reflex"],"picked":"Die Die Die","floor":27},{"not_picked":["Concentrate+1","Dagger Spray"],"picked":"Acrobatics","floor":28},{"not_picked":["Reflex","Terror","Dagger Throw"],"picked":"Singing Bowl","floor":30},{"not_picked":["Malaise","Masterful Stab"],"picked":"Heel Hook","floor":31},{"not_picked":["Glass Knife","Doppelganger","Expertise"],"picked":"Singing Bowl","floor":31},{"not_picked":["Flying Knee","Choke","Reflex+1"],"picked":"Singing Bowl","floor":31},{"not_picked":["Blade Dance+1","Crippling Poison","After Image"],"picked":"Singing Bowl","floor":31},{"not_picked":["Reflex","Slice","Flying Knee+1"],"picked":"Singing Bowl","floor":31},{"not_picked":["Doppelganger","Phantasmal Killer"],"picked":"Wraith Form v2","floor":33},{"not_picked":["Poisoned Stab","Footwork+1"],"picked":"Dodge and Roll+1","floor":35},{"not_picked":["Flying Knee","PiercingWail","Slice"],"picked":"Singing Bowl","floor":36},{"not_picked":["Bouncing Flask","Slice"],"picked":"Bane","floor":37},{"not_picked":["Outmaneuver","PiercingWail+1","Acrobatics+1"],"picked":"Singing Bowl","floor":39},{"not_picked":["Finisher+1","Dagger Spray"],"picked":"Escape Plan","floor":42},{"not_picked":["Choke+1","Blade Dance"],"picked":"Blur+1","floor":45},{"not_picked":["Dodge and Roll+1","Reflex","Blade Dance+1"],"picked":"Singing Bowl","floor":46},{"not_picked":["Prepared","Masterful Stab","Setup"],"picked":"Singing Bowl","floor":47}],"player_experience":68258,"relics_obtained":[{"floor":7.0,"key":"Singing Bowl"},{"floor":9.0,"key":"Whetstone"},{"floor":13.0,"key":"Smiling Mask"},{"floor":21,"key":"Anchor"},{"floor":23,"key":"Regal Pillow"},{"floor":26,"key":"Centennial Puzzle"},{"floor":27,"key":"Darkstone Periapt"},{"floor":43,"key":"PreservedInsect"}],"event_choices":[{"damage_healed":0,"gold_gain":0,"cards_transformed":["Strike_G","Defend_G"],"player_choice":"Became Test Subject","damage_taken":0,"max_hp_gain":0,"max_hp_loss":0,"event_name":"Drug Dealer","floor":22,"gold_loss":0,"cards_obtained":["Glass Knife","Setup"]},{"damage_healed":0,"gold_gain":0,"player_choice":"Copied","damage_taken":0,"max_hp_gain":0,"max_hp_loss":0,"event_name":"Duplicator","floor":29,"gold_loss":0,"cards_obtained":["Phantasmal Killer"]},{"damage_healed":0,"gold_gain":0,"player_choice":"Ignored","damage_taken":0,"max_hp_gain":0,"max_hp_loss":0,"event_name":"Mysterious Sphere","floor":38,"gold_loss":0},{"damage_healed":0,"gold_gain":0,"player_choice":"Paid","damage_taken":0,"relics_obtained":["Red Mask"],"max_hp_gain":0,"max_hp_loss":0,"event_name":"Tomb of Lord Red Mask","floor":48,"gold_loss":126}],"is_beta":false,"boss_relics":[{"not_picked":["Busted Crown","Sozu"],"picked":"Fusion Hammer"},{"not_picked":["Runic Dome","SacredBark"],"picked":"Velvet Choker"}],"items_purged_floors":[4,31],"is_endless":false,"potions_floor_spawned":[3,7,11,18,23,27,30,36,37,45],"killed_by":"Time Eater","ascension_level":8}}