{"host":"osk2oboccoevp2u5","time":1612283202,"event":{"mods":["AchievementEnabler","Alarm Clock","BaseMod","Colored Powertips","Disable Question Mark Monsters","Displayed Cursed Tome","Key Reminder","Koishi","Minty Spire (QoL Compilation)","Potion Indicator Mod","Quick Restart","Rare Cards Sparkle","Reorder Act Four","StSLib","Useless Jewels Mod"],"gold_per_floor":[112,112,122,136,136,136,36,50,102,102,102,2,2,27,27,146,146,170,170,45,58,73,73,92,92,115,115,30,54,79,79,79,202,202,222,225,273,14,30,30,38,38,63,63,8,43,6,16,16,6,6],"floor_reached":50,"language":"ENG","playtime":3716,"items_purged":["Koishi:BasicStrike","Koishi:BasicStrike","Writhe","Koishi:BasicDefend"],"score":497,"play_id":"35448e8b-afaf-4538-a717-da7f3703692f","local_time":"20210202122642","is_ascension_mode":false,"campfire_choices":[{"floor":15,"key":"REST"},{"data":"Koishi:Whimsy","floor":23,"key":"SMITH"},{"data":"Koishi:FreudianInstinct","floor":27,"key":"SMITH"},{"data":"RitualDagger","floor":32,"key":"SMITH"},{"floor":40,"key":"REST"},{"data":"Koishi:HauntingSlash","floor":49,"key":"SMITH"}],"circlet_count":0,"master_deck":["Koishi:BasicStrike","Koishi:BasicStrike","Koishi:BasicDefend+1","Koishi:BasicDefend","Koishi:BasicDefend","Koishi:HauntingSlash+1","Koishi:Jaunt","Iron Wave","Koishi:LastRemote","Koishi:ReleaseOfTheId+1","Koishi:ReflexRadar","Koishi:ReflexRadar+1","Koishi:Whimsy+1","Koishi:FreudianInstinct+1","RitualDagger+1","Koishi:RollingInRichesHeart","Parasite","Writhe"],"relics":["Runic Pyramid","Juzu Bracelet","War Paint","Golden Idol","Busted Crown","StrikeDummy","Pen Nib","Art of War","StoneCalendar","Membership Card","Bag of Preparation","Omamori","Happy Flower"],"acts_visited":["Exordium","TheCity","TheBeyond"],"potions_floor_usage":[6,16,16,33,33,36,37,37,37,39,46,46,48],"damage_taken":[{"damage":1,"enemies":"Jaw Worm","floor":1,"turns":4},{"damage":0,"enemies":"Cultist","floor":3,"turns":4},{"damage":2,"enemies":"2 Louse","floor":4,"turns":3},{"damage":0,"enemies":"Lagavulin","floor":6,"turns":1},{"damage":6,"enemies":"Exordium Wildlife","floor":8,"turns":3},{"damage":3,"enemies":"Red Slaver","floor":14,"turns":4},{"damage":5,"enemies":"Slime Boss","floor":16,"turns":10},{"damage":0,"enemies":"Shell Parasite","floor":18,"turns":5},{"damage":0,"enemies":"Spheric Guardian","floor":21,"turns":3},{"damage":3,"enemies":"Snake Plant","floor":22,"turns":3},{"damage":0,"enemies":"Snecko","floor":24,"turns":3},{"damage":0,"enemies":"Centurion and Healer","floor":29,"turns":3},{"damage":0,"enemies":"Snake Plant","floor":30,"turns":5},{"damage":8,"enemies":"Champ","floor":33,"turns":9},{"damage":17,"enemies":"Orb Walker","floor":35,"turns":4},{"damage":5,"enemies":"3 Shapes","floor":36,"turns":6},{"damage":10,"enemies":"Mind Bloom Boss Battle","floor":37,"turns":8},{"damage":22,"enemies":"Writhing Mass","floor":39,"turns":5},{"damage":17,"enemies":"Maw","floor":41,"turns":6},{"damage":64,"enemies":"Giant Head","floor":46,"turns":8},{"damage":8,"enemies":"Sphere and 2 Shapes","floor":48,"turns":3},{"damage":56,"enemies":"Time Eater","floor":50,"turns":6}],"seed_played":"-8257899778199218971","potions_obtained":[{"floor":3,"key":"SmokeBomb"},{"floor":4,"key":"Regen Potion"},{"floor":14,"key":"Swift Potion"},{"floor":16,"key":"SkillPotion"},{"floor":18,"key":"Ancient Potion"},{"floor":24,"key":"DuplicationPotion"},{"floor":30,"key":"PowerPotion"},{"floor":33,"key":"Energy Potion"},{"floor":35,"key":"CultistPotion"},{"floor":36,"key":"EssenceOfSteel"},{"floor":37,"key":"CultistPotion"},{"floor":41,"key":"PowerPotion"}],"is_trial":false,"path_per_floor":["M","?","M","M","?","E","$","M","T","?","?","$","?","M","R","B",null,"M","?","$","M","M","R","M","?","T","R","?","M","M","?","R","B",null,"M","M","?","$","M","R","M","?","T","?","?","E","$","M","R","B"],"character_chosen":"KOISHI","items_purchased":["Koishi:ReflexRadar","Membership Card","Regen Potion","Regen Potion"],"campfire_rested":2,"item_purchase_floors":[7,38,38,47],"current_hp_per_floor":[60,60,60,59,64,64,64,58,58,58,42,42,42,40,59,65,65,65,65,65,65,63,63,64,64,64,64,64,65,65,59,59,52,65,49,45,38,38,32,51,36,36,36,52,52,46,46,47,47,0,0],"gold":6,"neow_bonus":"BOSS_RELIC","is_daily":false,"chose_seed":false,"campfire_upgraded":4,"win_rate":0.0,"timestamp":1612283202,"path_taken":["M","?","M","?","?","E","$","M","T","?","?","$","?","M","R","BOSS","M","?","$","M","M","R","M","?","T","R","?","M","M","?","R","BOSS","M","M","?","?","M","R","M","?","T","?","?","E","$","M","R","BOSS"],"items_purchased_type":["Card","Relic","Potion","Potion"],"build_version":"2020-12-22","purchased_purges":4,"victory":false,"max_hp_per_floor":[60,60,60,60,65,65,65,65,65,65,65,65,65,65,65,65,65,65,65,65,65,65,65,65,65,65,65,65,65,65,65,65,65,65,65,65,65,65,65,65,65,65,65,65,65,65,65,65,65,65,65],"card_choices":[{"not_picked":["Koishi:FleetingPhantom","Koishi:UnansweredLove"],"picked":"Koishi:Jaunt","floor":1},{"not_picked":["Koishi:BramblyRoseGarden","Koishi:ParalyzingFear"],"picked":"Koishi:LastRemote","floor":3},{"not_picked":["Koishi:UnconsciousUprising","Koishi:YoukaiPolygraph"],"picked":"Koishi:ReleaseOfTheId","floor":4},{"not_picked":["Koishi:DreadfulBlow","Koishi:ParalyzingFear"],"picked":"Koishi:ReflexRadar","floor":8},{"not_picked":["Koishi:BloodcurdlingScream","Koishi:GhostParty","Koishi:ReflexRadar"],"picked":"SKIP","floor":14},{"not_picked":["Koishi:BramblyRoseGarden"],"picked":"SKIP","floor":18},{"not_picked":["Koishi:SubterraneanRose+1"],"picked":"SKIP","floor":21},{"not_picked":[],"picked":"Koishi:Whimsy","floor":22},{"not_picked":["Koishi:Whimsy"],"picked":"SKIP","floor":24},{"not_picked":["Koishi:JumpScare"],"picked":"SKIP","floor":29},{"not_picked":["Koishi:SubconsciousSweep"],"picked":"SKIP","floor":30},{"not_picked":[],"picked":"Koishi:RollingInRichesHeart","floor":33},{"not_picked":["Koishi:JumpScare"],"picked":"SKIP","floor":35},{"not_picked":["Koishi:BloodcurdlingScream"],"picked":"SKIP","floor":36},{"not_picked":["Koishi:StingingMind"],"picked":"SKIP","floor":39},{"not_picked":["Koishi:CatchAndRose+1"],"picked":"SKIP","floor":41},{"not_picked":["Koishi:ParalyzingFear"],"picked":"SKIP","floor":46},{"not_picked":["Koishi:SpiritedAway+1"],"picked":"SKIP","floor":48}],"player_experience":921797,"relics_obtained":[{"floor":9,"key":"Juzu Bracelet"},{"floor":26,"key":"Pen Nib"},{"floor":37,"key":"StoneCalendar"},{"floor":43,"key":"Bag of Preparation"},{"floor":46,"key":"Happy Flower"}],"event_choices":[{"cards_removed":["Koishi:Provoke"],"damage_healed":0,"gold_gain":0,"player_choice":"Took Card","damage_taken":0,"max_hp_gain":0,"max_hp_loss":0,"event_name":"NoteForYourself","floor":2,"gold_loss":0,"cards_obtained":["Iron Wave"]},{"damage_healed":0,"gold_gain":0,"player_choice":"Donut","damage_taken":0,"max_hp_gain":5,"max_hp_loss":0,"event_name":"Big Fish","floor":5,"gold_loss":0},{"damage_healed":0,"gold_gain":0,"player_choice":"Searched \u00272\u0027 times","damage_taken":0,"relics_obtained":["War Paint"],"max_hp_gain":0,"max_hp_loss":0,"event_name":"Dead Adventurer","floor":10,"gold_loss":0},{"damage_healed":0,"gold_gain":0,"player_choice":"Take Damage","damage_taken":16,"relics_obtained":["Golden Idol"],"max_hp_gain":0,"max_hp_loss":0,"event_name":"Golden Idol","floor":11,"gold_loss":0},{"damage_healed":0,"gold_gain":0,"player_choice":"Forge","damage_taken":0,"max_hp_gain":0,"max_hp_loss":0,"event_name":"Accursed Blacksmith","floor":13,"gold_loss":0,"cards_upgraded":["Koishi:ReleaseOfTheId"]},{"damage_healed":0,"gold_gain":0,"player_choice":"Opened","damage_taken":0,"relics_obtained":["StrikeDummy"],"max_hp_gain":0,"max_hp_loss":0,"event_name":"The Mausoleum","floor":19,"gold_loss":0,"cards_obtained":["Writhe"]},{"damage_healed":0,"gold_gain":0,"player_choice":"Read","damage_taken":0,"max_hp_gain":0,"max_hp_loss":0,"event_name":"The Library","floor":25,"gold_loss":0,"cards_obtained":["Koishi:FreudianInstinct"]},{"damage_healed":0,"gold_gain":0,"player_choice":"Obtained Relic","damage_taken":0,"relics_obtained":["Art of War"],"max_hp_gain":0,"max_hp_loss":0,"event_name":"Addict","floor":28,"gold_loss":85},{"damage_healed":0,"gold_gain":0,"player_choice":"Joined the Cult","damage_taken":6,"max_hp_gain":0,"max_hp_loss":0,"event_name":"Nest","floor":31,"gold_loss":0,"cards_obtained":["RitualDagger"]},{"damage_healed":0,"gold_gain":0,"player_choice":"Fight","damage_taken":0,"max_hp_gain":0,"max_hp_loss":0,"event_name":"MindBloom","floor":37,"gold_loss":0},{"damage_healed":0,"gold_gain":0,"player_choice":"Ignored","damage_taken":0,"max_hp_gain":0,"max_hp_loss":0,"event_name":"Mysterious Sphere","floor":42,"gold_loss":0},{"damage_healed":16,"gold_gain":0,"player_choice":"Writhe","damage_taken":0,"max_hp_gain":0,"max_hp_loss":0,"event_name":"Winding Halls","floor":44,"gold_loss":0,"cards_obtained":["Writhe"]},{"damage_healed":0,"gold_gain":0,"player_choice":"Paid Gold","damage_taken":0,"relics_obtained":["Omamori"],"max_hp_gain":0,"max_hp_loss":0,"event_name":"WeMeetAgain","floor":45,"gold_loss":55}],"is_beta":false,"boss_relics":[{"not_picked":["Ectoplasm","Astrolabe"],"picked":"Busted Crown"},{"not_picked":["Snecko Eye","Pandora\u0027s Box","Cursed Key"]}],"items_purged_floors":[7,12,20,38],"is_endless":false,"potions_floor_spawned":[3,4,14,16,18,24,30,33,35,36,37,41],"killed_by":"Time Eater","ascension_level":0}}