{"host":"y3h3n3f7seyagppx","time":1612294565,"event":{"mods":["AlwaysNeverKeys","BaseMod","Better Vampires","Colored Powertips","DeckTracker","Emptier Cage","Minty Spire (QoL Compilation)","Permanent Neow","Quick Restart","Rare Cards Sparkle","Relic Sorter","Relic Stats","StSLib","Transform Curses"],"gold_per_floor":[215,215,231,231,249,285,36,71,71,94,94,94,133,152,152,242,242,261,261,261,261,102,137,137,162,242,242,258,258,271,35,35,109,109,125,141,1140,1140,771,781,781,808,833,866,332,332,350,379,379,379,379,379,379,11,46,46],"floor_reached":57,"language":"ENG","playtime":5515,"items_purged":["Defend_G","Writhe","Strike_G","Normality","Normality","Strike_G"],"score":2788,"play_id":"d456b194-fb4c-472b-bf8a-a56b6ebb6aae","local_time":"20210202143605","is_ascension_mode":true,"campfire_choices":[{"floor":12.0,"key":"REST"},{"data":"1","floor":15.0,"key":"LIFT"},{"floor":24.0,"key":"REST"},{"data":"2","floor":29.0,"key":"LIFT"},{"data":"3","floor":32.0,"key":"LIFT"},{"floor":41.0,"key":"REST"},{"floor":49.0,"key":"REST"},{"floor":53.0,"key":"REST"}],"circlet_count":0,"master_deck":["AscendersBane","Strike_G","Strike_G","Strike_G+1","Defend_G","Defend_G","Defend_G","Survivor","Neutralize+1","Poisoned Stab","Blade Dance","Slice","Dash","Wraith Form v2","Infinite Blades","Dagger Spray","Sucker Punch+1","RitualDagger","Accuracy","Acrobatics","Backflip","Dagger Spray","Blade Dance","Wraith Form v2","Well Laid Plans","Wraith Form v2","Storm of Steel+1","Cloak And Dagger+1","A Thousand Cuts","Apotheosis+1","Good Instincts+1","Panacea+1","Acrobatics+1","Malaise+1","Blade Dance+1"],"relics":["Ring of the Snake","Bloody Idol","Pen Nib","Singing Bowl","Smiling Mask","Girya","Fusion Hammer","HornCleat","Kunai","Whetstone","Mummified Hand","ClockworkSouvenir","HoveringKite","PreservedInsect","TheAbacus","Toxic Egg 2","Vajra","Tough Bandages","Potion Belt","CaptainsWheel","Toolbox","Bronze Scales"],"acts_visited":["Exordium","TheCity","TheBeyond","TheEnding"],"potions_floor_usage":[55],"damage_taken":[{"damage":12.0,"enemies":"Jaw Worm","floor":1.0,"turns":6.0},{"damage":6.0,"enemies":"2 Louse","floor":3.0,"turns":4.0},{"damage":3.0,"enemies":"Small Slimes","floor":5.0,"turns":3.0},{"damage":31.0,"enemies":"3 Sentries","floor":6.0,"turns":14.0},{"damage":9.0,"enemies":"Gremlin Nob","floor":8.0,"turns":5.0},{"damage":3.0,"enemies":"3 Louse","floor":10.0,"turns":4.0},{"damage":1.0,"enemies":"Lagavulin","floor":13.0,"turns":5.0},{"damage":9.0,"enemies":"Lots of Slimes","floor":14.0,"turns":3.0},{"damage":10.0,"enemies":"Slime Boss","floor":16.0,"turns":8.0},{"damage":9.0,"enemies":"2 Thieves","floor":18.0,"turns":4.0},{"damage":27.0,"enemies":"Slavers","floor":23.0,"turns":5.0},{"damage":8.0,"enemies":"Gremlin Leader","floor":25.0,"turns":7.0},{"damage":0.0,"enemies":"Chosen","floor":28.0,"turns":2.0},{"damage":0.0,"enemies":"Snake Plant","floor":30.0,"turns":4.0},{"damage":45.0,"enemies":"Champ","floor":33.0,"turns":11.0},{"damage":0.0,"enemies":"3 Darklings","floor":35.0,"turns":4.0},{"damage":1.0,"enemies":"3 Shapes","floor":36.0,"turns":3.0},{"damage":5.0,"enemies":"3 Darklings","floor":40.0,"turns":2.0},{"damage":1.0,"enemies":"Giant Head","floor":42.0,"turns":5.0},{"damage":11.0,"enemies":"Nemesis","floor":44.0,"turns":5.0},{"damage":10.0,"enemies":"Writhing Mass","floor":47.0,"turns":6.0},{"damage":3.0,"enemies":"Giant Head","floor":48.0,"turns":5.0},{"damage":11.0,"enemies":"Time Eater","floor":50.0,"turns":11.0},{"damage":18.0,"enemies":"Awakened One","floor":51.0,"turns":11.0},{"damage":0,"enemies":"Shield and Spear","floor":55,"turns":6},{"damage":23,"enemies":"The Heart","floor":56,"turns":9}],"seed_played":"3497680017426470661","potions_obtained":[{"floor":6.0,"key":"SkillPotion"},{"floor":8.0,"key":"GamblersBrew"},{"floor":10.0,"key":"Strength Potion"},{"floor":13.0,"key":"Swift Potion"},{"floor":18.0,"key":"SkillPotion"},{"floor":25.0,"key":"CunningPotion"},{"floor":33.0,"key":"LiquidMemories"},{"floor":48.0,"key":"BlessingOfTheForge"}],"is_trial":false,"path_per_floor":["M","?","M","?","M","E","$","E","T","M","?","R","E","M","R","B",null,"M","?","?","?","$","E","R","E","T","?","M","R","M","$","R","B",null,"M","M","?","?","$","M","R","E","T","E","$","?","M","E","R","B","B",null,"R","$","E","B",null],"character_chosen":"THE_SILENT","items_purchased":["Wraith Form v2","Accuracy","Acrobatics","ClockworkSouvenir","Blade Dance","PreservedInsect","TheAbacus","Potion Belt","BlessingOfTheForge","Cloak And Dagger+1","Ancient Potion","A Thousand Cuts","Malaise+1","Toolbox"],"campfire_rested":5,"item_purchase_floors":[7,22,22,31,31,39,39,45,45,45,45,45,54,54],"current_hp_per_floor":[47,66,60,60,57,26,26,19,19,18,18,37,36,27,27,19,54,45,45,39,39,39,17,36,33,38,38,45,45,52,52,52,12,56,63,67,72,72,72,74,74,74,74,68,68,58,55,57,76,65,47,69,76,76,76,53],"gold":46,"neow_bonus":"HUNDRED_GOLD","is_daily":false,"chose_seed":false,"campfire_upgraded":0,"win_rate":0.0,"timestamp":1612294565,"path_taken":["M","?","M","?","M","E","$","E","T","M","?","R","E","M","R","BOSS","M","?","?","?","$","E","R","E","T","?","M","R","M","$","R","BOSS","M","?","?","?","$","M","R","E","T","E","?","?","?","E","R","BOSS","BOSS","R","$","E","BOSS"],"items_purchased_type":["Card","Card","Card","Relic","Card","Relic","Relic","Relic","Potion","Card","Potion","Card","Card","Relic"],"build_version":"2020-12-22","purchased_purges":6,"victory":true,"max_hp_per_floor":[66,66,66,60,60,60,60,62,62,64,64,64,64,64,64,66,66,66,66,66,66,66,66,66,66,66,66,68,68,70,70,70,70,70,72,72,72,72,72,74,74,74,74,74,74,74,76,76,76,76,76,76,76,76,76,76],"relic_stats":{"Singing Bowl":16,"counters":[26,152],"HoveringKite":[19],"Pen Nib":[46],"PreservedInsect":387,"Whetstone":["Strike_G","Neutralize"],"Smiling Mask":500,"Tough Bandages":[69],"TheAbacus":[54],"Mummified Hand":[72],"Bloody Idol":66,"Bronze Scales":[141],"Kunai":[94],"obtain_stats":[{"Potion Belt":45,"Girya":13,"Singing Bowl":8,"Golden Idol":4,"HoveringKite":34,"Vajra":43,"Pen Nib":6,"PreservedInsect":39,"Whetstone":25,"Smiling Mask":9,"ClockworkSouvenir":31,"Tough Bandages":44,"CaptainsWheel":48,"HornCleat":19,"TheAbacus":39,"Mummified Hand":26,"Bloody Idol":21,"Bronze Scales":55,"Toolbox":54,"Fusion Hammer":17,"Kunai":23,"Toxic Egg 2":42,"Ring of the Snake":0},{"Potion Belt":20,"Girya":7,"Singing Bowl":5,"Golden Idol":2,"HoveringKite":15,"Vajra":19,"Pen Nib":4,"PreservedInsect":17,"Whetstone":12,"Smiling Mask":5,"ClockworkSouvenir":14,"Tough Bandages":20,"CaptainsWheel":22,"HornCleat":10,"TheAbacus":17,"Mummified Hand":12,"Bloody Idol":10,"Bronze Scales":25,"Toolbox":24,"Fusion Hammer":9,"Kunai":11,"Toxic Egg 2":19,"Ring of the Snake":0},{"Potion Belt":104,"Girya":41,"Singing Bowl":32,"Golden Idol":10,"HoveringKite":85,"Vajra":99,"Pen Nib":27,"PreservedInsect":92,"Whetstone":68,"Smiling Mask":32,"ClockworkSouvenir":74,"Tough Bandages":104,"CaptainsWheel":115,"HornCleat":56,"TheAbacus":92,"Mummified Hand":68,"Bloody Idol":56,"Bronze Scales":143,"Toolbox":137,"Fusion Hammer":52,"Kunai":61,"Toxic Egg 2":99,"Ring of the Snake":0}],"Ring of the Snake":[52]},"card_choices":[{"not_picked":["Dodge and Roll","Escape Plan"],"picked":"Poisoned Stab","floor":1.0},{"not_picked":["Deadly Poison","Prepared"],"picked":"Blade Dance","floor":3.0},{"not_picked":["Catalyst","Reflex"],"picked":"Slice","floor":5.0},{"not_picked":["Predator","Eviscerate"],"picked":"Dash","floor":6.0},{"not_picked":["Bane","Flechettes","Dash"],"picked":"Singing Bowl","floor":8.0},{"not_picked":["Tactician","Quick Slash","Acrobatics"],"picked":"Singing Bowl","floor":10.0},{"not_picked":["Catalyst","Doppelganger"],"picked":"Infinite Blades","floor":13.0},{"not_picked":["Slice","Predator"],"picked":"Dagger Spray","floor":14.0},{"not_picked":["Unload","Burst","Phantasmal Killer"],"picked":"Singing Bowl","floor":16.0},{"not_picked":["Eviscerate","Catalyst"],"picked":"Sucker Punch+1","floor":18.0},{"not_picked":["Flying Knee","Infinite Blades"],"picked":"Backflip","floor":23.0},{"not_picked":["Bouncing Flask","Dagger Throw"],"picked":"Dagger Spray","floor":25.0},{"not_picked":["Dagger Spray","Quick Slash","Acrobatics"],"picked":"Singing Bowl","floor":28.0},{"not_picked":["Dash+1","Dagger Spray","Reflex"],"picked":"Singing Bowl","floor":30.0},{"not_picked":["Malaise","Bullet Time"],"picked":"Wraith Form v2","floor":33.0},{"not_picked":["Underhanded Strike+1","Outmaneuver+1","Poisoned Stab"],"picked":"Singing Bowl","floor":35.0},{"not_picked":["Blur","Acrobatics"],"picked":"Well Laid Plans","floor":36.0},{"not_picked":["Dodge and Roll","Caltrops","Dash"],"picked":"Singing Bowl","floor":40.0},{"not_picked":["Slice","Quick Slash+1"],"picked":"Wraith Form v2","floor":42.0},{"not_picked":["Dash","Bane"],"picked":"Storm of Steel+1","floor":44.0},{"not_picked":["Discovery+1","Transmutation+1"],"picked":"Apotheosis+1","floor":46.0},{"not_picked":["PanicButton+1","Blind+1"],"picked":"Good Instincts+1","floor":46.0},{"not_picked":["Secret Weapon+1","Swift Strike"],"picked":"Panacea+1","floor":46.0},{"not_picked":["Skewer","Dagger Spray","Flechettes"],"picked":"Singing Bowl","floor":47.0},{"not_picked":["Deflect+1","Slice+1"],"picked":"Acrobatics+1","floor":48.0},{"not_picked":["Setup+1","Bouncing Flask+1"],"picked":"Blade Dance+1","floor":55}],"player_experience":21910246,"relics_obtained":[{"floor":6.0,"key":"Pen Nib"},{"floor":8.0,"key":"Singing Bowl"},{"floor":9.0,"key":"Smiling Mask"},{"floor":13.0,"key":"Girya"},{"floor":23.0,"key":"Kunai"},{"floor":25.0,"key":"Whetstone"},{"floor":26.0,"key":"Mummified Hand"},{"floor":42.0,"key":"Toxic Egg 2"},{"floor":43.0,"key":"Vajra"},{"floor":44.0,"key":"Tough Bandages"},{"floor":48.0,"key":"CaptainsWheel"},{"floor":55,"key":"Bronze Scales"}],"event_choices":[{"damage_healed":22.0,"max_hp_gain":0.0,"max_hp_loss":0.0,"gold_gain":0.0,"event_name":"Big Fish","player_choice":"Banana","floor":2.0,"gold_loss":0.0,"damage_taken":0.0},{"damage_healed":0.0,"max_hp_gain":0.0,"max_hp_loss":6.0,"gold_gain":0.0,"event_name":"Golden Idol","player_choice":"Lose Max HP","floor":4.0,"gold_loss":0.0,"damage_taken":0.0,"relics_obtained":["Golden Idol"]},{"damage_healed":0.0,"max_hp_gain":0.0,"max_hp_loss":0.0,"gold_gain":0.0,"event_name":"Liars Game","player_choice":"Ignored","floor":11.0,"gold_loss":0.0,"damage_taken":0.0},{"damage_healed":0.0,"max_hp_gain":0.0,"max_hp_loss":0.0,"gold_gain":0.0,"event_name":"The Mausoleum","player_choice":"Opened","floor":19.0,"gold_loss":0.0,"damage_taken":0.0,"relics_obtained":["HornCleat"],"cards_obtained":["Writhe"]},{"damage_healed":0.0,"max_hp_gain":0.0,"max_hp_loss":0.0,"gold_gain":0.0,"event_name":"Nest","player_choice":"Joined the Cult","floor":20.0,"gold_loss":0.0,"damage_taken":6.0,"cards_obtained":["RitualDagger"]},{"damage_healed":0.0,"max_hp_gain":0.0,"max_hp_loss":0.0,"gold_gain":0.0,"event_name":"Forgotten Altar","player_choice":"Gave Idol","floor":21.0,"relics_lost":["Golden Idol"],"gold_loss":0.0,"damage_taken":0.0,"relics_obtained":["Bloody Idol"]},{"damage_healed":0.0,"max_hp_gain":0.0,"max_hp_loss":0.0,"gold_gain":0.0,"event_name":"Lab","player_choice":"Got Potions","floor":27.0,"gold_loss":0.0,"damage_taken":0.0},{"damage_healed":0.0,"max_hp_gain":0.0,"max_hp_loss":0.0,"gold_gain":999.0,"event_name":"MindBloom","player_choice":"Gold","floor":37.0,"gold_loss":0.0,"damage_taken":0.0,"cards_obtained":["Normality","Normality"]},{"cards_removed":["Defend_G"],"damage_healed":0.0,"max_hp_gain":0.0,"max_hp_loss":0.0,"gold_gain":0.0,"event_name":"Falling","player_choice":"Removed Skill","floor":38.0,"gold_loss":0.0,"damage_taken":0.0},{"damage_healed":0.0,"max_hp_gain":0.0,"max_hp_loss":0.0,"gold_gain":0.0,"event_name":"SensoryStone","player_choice":"Memory 3","floor":46.0,"gold_loss":0.0,"damage_taken":10.0}],"is_beta":false,"boss_relics":[{"not_picked":["Runic Dome","Astrolabe"],"picked":"Fusion Hammer"},{"not_picked":["Sozu","Tiny House"],"picked":"HoveringKite"}],"items_purged_floors":[7,22,31,39,45,54],"is_endless":false,"potions_floor_spawned":[6,8,10,13,18,25,28,33,36,48],"ascension_level":20}}