{"host":"takgv9cv6xf64vhq","time":1612248847,"event":{"mods":["BaseMod","Colored Powertips","Conspire","Decade(王小明)","Downfall","Energized Spire","Hermit","Hubris","LagranYue(拉格朗・月)","Marisa（F雨　魔理沙）","Minty Spire (QoL Compilation)","Replay The Spire","StSLib","The Cursed","The Hierophant","The Jungle","The Servant 0.9.4","TheHeartMod"],"gold_per_floor":[109,59,149,3,19,19,35,45,45,60,60,160,160,178,178,180,180],"floor_reached":16,"language":"ZHS","playtime":742,"items_purged":[],"score":138,"play_id":"3aea72ef-f59f-42eb-830d-044edcdf0b9a","local_time":"20210202145407","is_ascension_mode":true,"campfire_choices":[{"data":"Caltrops","floor":11,"key":"SMITH"},{"data":"Doubt","floor":15,"key":"PURGE"}],"circlet_count":0,"master_deck":["AscendersBane","Strike_G","Strike_G","Strike_G","Strike_G","Defend_G","Defend_G","Defend_G","Defend_G","Defend_G","Survivor","Neutralize","Toxin Wave","Masterful Stab","Caltrops+1","Poisoned Stab","Cloak And Dagger","Deflect","Doppelganger","CurseOfTheBell","CurseOfTheBell","Writhe","Malaise","Sucker Punch+1"],"relics":["bronze:MakeshiftBattery","Pen Nib","Shuriken","downfall:ExtraCursedBell","Blood Vial","ReplayTheSpireMod:Shallot","hubris:Zylophone"],"acts_visited":["Exordium"],"potions_floor_usage":[8,16,16],"damage_taken":[{"damage":3.0,"enemies":"Small Slimes","floor":1.0,"turns":5.0},{"damage":0,"enemies":"Jaw Worm","floor":5,"turns":2},{"damage":0,"enemies":"2 Louse","floor":7,"turns":2},{"damage":0,"enemies":"2 Fungi Beasts","floor":8,"turns":4},{"damage":0,"enemies":"Looter","floor":10,"turns":3},{"damage":1,"enemies":"Blue Slaver","floor":14,"turns":4},{"damage":64,"enemies":"Slime Boss","floor":16,"turns":9}],"seed_played":"8446581806070295831","potions_obtained":[{"floor":5,"key":"Block Potion"},{"floor":7,"key":"Explosive Potion"},{"floor":14,"key":"Regen Potion"}],"is_trial":false,"path_per_floor":["M","?","?","$","M","?","M","M","T","M","R","?","?","M","R","B"],"character_chosen":"THE_SILENT","items_purchased":["Pen Nib"],"campfire_rested":0,"item_purchase_floors":[4],"current_hp_per_floor":[60,60,43,43,43,43,43,43,43,43,43,43,43,44,44,0,0],"gold":180,"neow_bonus":"BOSS_RELIC","is_daily":false,"chose_seed":false,"campfire_upgraded":1,"win_rate":0.0,"timestamp":1612248847,"path_taken":["M","?","?","$","M","?","M","M","T","M","R","?","?","M","R","BOSS"],"items_purchased_type":["Relic"],"build_version":"2020-12-22","purchased_purges":0,"victory":false,"max_hp_per_floor":[70,70,70,70,70,70,70,70,70,70,70,70,70,70,70,70,70],"card_choices":[{"not_picked":["Cloak And Dagger","Deadly Poison"],"picked":"Toxin Wave","floor":1.0},{"not_picked":["Flying Knee","Crippling Poison"],"picked":"Masterful Stab","floor":3},{"not_picked":["Toxin Wave","Outmaneuver"],"picked":"Caltrops","floor":3},{"not_picked":["Prepared","Deadly Poison"],"picked":"Poisoned Stab","floor":3},{"not_picked":["Quick Slash","Slice"],"picked":"Cloak And Dagger","floor":5},{"not_picked":["Flechettes","Deadly Poison"],"picked":"Deflect","floor":7},{"not_picked":["Sucker Punch","Choke"],"picked":"Doppelganger","floor":8},{"not_picked":["Quick Slash","ReplayTheSpireMod:Exploit Weakness"],"picked":"Crippling Poison","floor":10},{"not_picked":["hubris:Counter","Dagger Throw","Flechettes"],"picked":"SKIP","floor":14}],"player_experience":317410,"relics_obtained":[{"floor":9,"key":"Shuriken"},{"floor":12,"key":"Blood Vial"},{"floor":12,"key":"ReplayTheSpireMod:Shallot"},{"floor":12,"key":"hubris:Zylophone"}],"event_choices":[{"cards_removed":["Strike_G"],"damage_healed":0.0,"max_hp_gain":0.0,"max_hp_loss":0.0,"gold_gain":0.0,"event_name":"The Cleric","player_choice":"Card Removal","floor":2.0,"gold_loss":50.0,"damage_taken":0.0},{"damage_healed":0,"gold_gain":0,"player_choice":"Leave","damage_taken":0,"max_hp_gain":0,"max_hp_loss":0,"event_name":"conspire:Investor","floor":6,"gold_loss":0}],"is_beta":false,"boss_relics":[],"items_purged_floors":[],"is_endless":false,"potions_floor_spawned":[5,7,14],"killed_by":"Slime Boss","ascension_level":10}}