{"host":"nozk9xg7ssf2drdi","time":1612254213,"event":{"mods":["BaseMod","Colored Map","Minty Spire (QoL Compilation)","Relic Stats","Slay the Relics Exporter","StSLib","everything is the same but u backflip on backflip"],"gold_per_floor":[410,20,36,47,62,89,89,123,191,209,224,253,253,288,288,362,362,376,376,50,63,80,112,112,126,152,186,286,303,334,365,365,443,443,456,456,482,501,514,545,545,572,572,595,595,626,626,639,639,639,639,639,639,29,56,56],"floor_reached":57,"language":"ENG","playtime":7475,"items_purged":["Strike_R"],"score":3235,"play_id":"dd89a19d-50ad-4189-a04f-e50a8d715a23","local_time":"20210202022333","is_ascension_mode":true,"campfire_choices":[{"data":"Fire Breathing","floor":13,"key":"SMITH"},{"data":"Bludgeon","floor":15,"key":"SMITH"},{"floor":32,"key":"REST"},{"floor":41,"key":"RECALL"},{"data":"Apotheosis","floor":49,"key":"SMITH"},{"floor":53,"key":"REST"}],"circlet_count":0,"master_deck":["AscendersBane","Strike_R","Strike_R","Defend_R","Defend_R+1","Defend_R+1","Defend_R","Bash","Clothesline","Apotheosis+1","Fire Breathing+1","Dark Shackles","Bloodletting","Disarm","Shrug It Off","Barricade","Headbutt","True Grit","Warcry","Impervious","Shrug It Off","RitualDagger","Shrug It Off","Feel No Pain","Evolve","Disarm","Headbutt","True Grit","Spot Weakness","Uppercut","Corruption","Shrug It Off+1","Violence","Metamorphosis","Secret Weapon","Burning Pact","Body Slam","Battle Trance","Sword Boomerang","Spot Weakness"],"relics":["Burning Blood","Old Coin","HornCleat","Ice Cream","InkBottle","War Paint","Omamori","Runic Dome","Anchor","Medical Kit","Bottled Tornado","Lizard Tail","MealTicket","StrikeDummy","Turnip","Bottled Lightning","Red Mask","Orichalcum","Black Star","Oddly Smooth Stone","Juzu Bracelet","Singing Bowl","Potion Belt","Paper Frog","Bronze Scales","Toy Ornithopter","Vajra","Self Forming Clay","Bag of Preparation","Du-Vu Doll"],"acts_visited":["Exordium","TheCity","TheBeyond","TheEnding"],"potions_floor_usage":[6,12,21,23,28,31,33,50,56,56,56],"damage_taken":[{"damage":7,"enemies":"Cultist","floor":1,"turns":4},{"damage":4,"enemies":"Small Slimes","floor":3,"turns":4},{"damage":2,"enemies":"2 Louse","floor":4,"turns":4},{"damage":11,"enemies":"Looter","floor":5,"turns":2},{"damage":32,"enemies":"Gremlin Nob","floor":6,"turns":4},{"damage":5,"enemies":"3 Sentries","floor":8,"turns":5},{"damage":6,"enemies":"3 Louse","floor":10,"turns":6},{"damage":0,"enemies":"Large Slime","floor":11,"turns":5},{"damage":0,"enemies":"Gremlin Nob","floor":12,"turns":3},{"damage":15,"enemies":"3 Sentries","floor":14,"turns":5},{"damage":5,"enemies":"Slime Boss","floor":16,"turns":7},{"damage":3,"enemies":"Chosen","floor":18,"turns":6},{"damage":4,"enemies":"2 Thieves","floor":21,"turns":4},{"damage":3,"enemies":"Cultist and Chosen","floor":22,"turns":6},{"damage":41,"enemies":"Slavers","floor":23,"turns":7},{"damage":9,"enemies":"Shelled Parasite and Fungi","floor":25,"turns":13},{"damage":3,"enemies":"Gremlin Leader","floor":27,"turns":8},{"damage":9,"enemies":"Colosseum Slavers","floor":28,"turns":5},{"damage":0,"enemies":"Colosseum Nobs","floor":28,"turns":6},{"damage":14,"enemies":"Snake Plant","floor":29,"turns":8},{"damage":13,"enemies":"Masked Bandits","floor":30,"turns":6},{"damage":9,"enemies":"Slavers","floor":31,"turns":8},{"damage":0,"enemies":"Collector","floor":33,"turns":7},{"damage":2,"enemies":"3 Shapes","floor":35,"turns":6},{"damage":0,"enemies":"3 Darklings","floor":38,"turns":7},{"damage":17,"enemies":"Jaw Worm Horde","floor":39,"turns":11},{"damage":3,"enemies":"Giant Head","floor":40,"turns":5},{"damage":99,"enemies":"Reptomancer","floor":42,"turns":6},{"damage":3,"enemies":"Giant Head","floor":46,"turns":8},{"damage":23,"enemies":"Transient","floor":48,"turns":6},{"damage":30,"enemies":"Time Eater","floor":50,"turns":8},{"damage":17,"enemies":"Donu and Deca","floor":51,"turns":9},{"damage":26,"enemies":"Shield and Spear","floor":55,"turns":5},{"damage":37,"enemies":"The Heart","floor":56,"turns":9}],"seed_played":"-4544055904808625243","potions_obtained":[{"floor":5,"key":"ColorlessPotion"},{"floor":8,"key":"LiquidMemories"},{"floor":10,"key":"BlessingOfTheForge"},{"floor":14,"key":"Explosive Potion"},{"floor":27,"key":"DistilledChaos"},{"floor":28,"key":"Ancient Potion"},{"floor":30,"key":"PowerPotion"},{"floor":33,"key":"FairyPotion"},{"floor":42,"key":"GamblersBrew"},{"floor":48,"key":"Weak Potion"}],"is_trial":false,"path_per_floor":["M","$","M","M","M","E","?","E","T","M","M","E","R","E","R","B",null,"M","?","$","M","M","E","?","M","T","E","?","M","?","E","R","B",null,"M","?","T","M","M","E","R","E","T","T","?","E","?","M","R","B","B",null,"R","$","E","B",null],"character_chosen":"IRONCLAD","items_purchased":["Apotheosis","Fire Breathing","Dark Shackles","Anchor","Medical Kit","Strength Potion","PowerPotion","Regen Potion","Self Forming Clay","Sword Boomerang"],"campfire_rested":2,"item_purchase_floors":[2,2,2,20,20,54,54,54,54,54],"current_hp_per_floor":[67,67,68,68,63,37,37,38,38,38,44,50,50,41,41,42,62,65,59,59,61,64,29,29,26,26,29,32,24,17,14,34,40,61,65,55,55,61,50,53,53,40,40,40,40,43,78,63,63,44,33,68,80,80,60,59],"gold":56,"neow_bonus":"ONE_RARE_RELIC","is_daily":false,"chose_seed":false,"campfire_upgraded":3,"win_rate":0.0,"timestamp":1612254213,"path_taken":["M","?","M","M","M","E","?","E","T","M","M","E","R","E","R","BOSS","M","?","$","M","M","E","?","M","T","E","?","M","?","E","R","BOSS","M","?","?","?","M","E","R","E","T","?","?","E","?","M","R","BOSS","BOSS","R","$","E","BOSS"],"items_purchased_type":["Card","Card","Card","Relic","Relic","Potion","Potion","Potion","Relic","Card"],"build_version":"2020-12-22","purchased_purges":1,"victory":true,"max_hp_per_floor":[68,68,68,68,68,68,68,68,68,68,68,68,68,68,68,68,68,68,68,68,68,68,68,68,68,68,68,68,68,68,68,68,68,68,68,68,68,68,68,68,68,68,68,68,68,68,78,80,80,80,80,80,80,80,80,80],"relic_stats":{"Singing Bowl":2,"counters":[34,213],"Self Forming Clay":[48],"Juzu Bracelet":0,"Bag of Preparation":[2],"War Paint":["Defend_R","Defend_R"],"Orichalcum":[18],"Medical Kit":[22],"Burning Blood":199,"Lizard Tail":34,"Bronze Scales":[210],"MealTicket":0,"Turnip":[13],"Black Star":4,"obtain_stats":[{"Ice Cream":8,"Singing Bowl":40,"Vajra":46,"Juzu Bracelet":40,"Bag of Preparation":55,"Bottled Tornado":23,"Burning Blood":0,"Old Coin":0,"Lizard Tail":24,"HornCleat":6,"MealTicket":26,"Red Mask":30,"InkBottle":9,"Paper Frog":42,"Potion Belt":42,"Self Forming Clay":54,"Oddly Smooth Stone":37,"Omamori":14,"War Paint":12,"Orichalcum":31,"Medical Kit":20,"Du-Vu Doll":55,"Runic Dome":17,"Anchor":20,"Bronze Scales":44,"Turnip":28,"Black Star":34,"Bottled Lightning":28,"StrikeDummy":27,"Toy Ornithopter":46},{"Ice Cream":6,"Singing Bowl":27,"Vajra":29,"Juzu Bracelet":27,"Bag of Preparation":33,"Bottled Tornado":15,"Burning Blood":0,"Old Coin":0,"Lizard Tail":15,"HornCleat":5,"MealTicket":16,"Red Mask":21,"InkBottle":6,"Paper Frog":28,"Potion Belt":28,"Self Forming Clay":32,"Oddly Smooth Stone":24,"Omamori":10,"War Paint":9,"Orichalcum":22,"Medical Kit":12,"Du-Vu Doll":33,"Runic Dome":11,"Anchor":12,"Bronze Scales":28,"Turnip":19,"Black Star":23,"Bottled Lightning":19,"StrikeDummy":17,"Toy Ornithopter":29},{"Ice Cream":23,"Singing Bowl":162,"Vajra":176,"Juzu Bracelet":162,"Bag of Preparation":204,"Bottled Tornado":72,"Burning Blood":0,"Old Coin":0,"Lizard Tail":72,"HornCleat":18,"MealTicket":85,"Red Mask":118,"InkBottle":23,"Paper Frog":168,"Potion Belt":168,"Self Forming Clay":199,"Oddly Smooth Stone":139,"Omamori":42,"War Paint":37,"Orichalcum":126,"Medical Kit":55,"Du-Vu Doll":204,"Runic Dome":49,"Anchor":55,"Bronze Scales":168,"Turnip":104,"Black Star":133,"Bottled Lightning":104,"StrikeDummy":93,"Toy Ornithopter":176}],"InkBottle":[66],"Toy Ornithopter":20},"card_choices":[{"not_picked":["Warcry","Rampage"],"picked":"Clothesline","floor":1},{"not_picked":["Clash","Sword Boomerang"],"picked":"Bloodletting","floor":3},{"not_picked":["Sword Boomerang","Spot Weakness"],"picked":"Disarm","floor":4},{"not_picked":["Twin Strike","Reckless Charge","Dropkick"],"picked":"SKIP","floor":5},{"not_picked":["Thunderclap","Anger"],"picked":"Shrug It Off","floor":6},{"not_picked":["Shrug It Off","Heavy Blade"],"picked":"Barricade","floor":8},{"not_picked":["Flex","Heavy Blade"],"picked":"Headbutt","floor":10},{"not_picked":["Blood for Blood","Thunderclap"],"picked":"True Grit","floor":11},{"not_picked":["Pommel Strike","Iron Wave","Sentinel"],"picked":"SKIP","floor":12},{"not_picked":["Wild Strike","Headbutt","Warcry"],"picked":"SKIP","floor":14},{"not_picked":["Wild Strike","Headbutt"],"picked":"Warcry","floor":14},{"not_picked":["Bludgeon","Exhume"],"picked":"Impervious","floor":16},{"not_picked":["Armaments","Cleave"],"picked":"Shrug It Off","floor":18},{"not_picked":["Pommel Strike","Havoc"],"picked":"Shrug It Off","floor":21},{"not_picked":["Havoc","Anger"],"picked":"Feel No Pain","floor":22},{"not_picked":["Anger","Perfected Strike"],"picked":"Evolve","floor":23},{"not_picked":["Searing Blow","Iron Wave"],"picked":"Disarm","floor":25},{"not_picked":["Shrug It Off","Hemokinesis"],"picked":"Headbutt","floor":27},{"not_picked":["Armaments","Cleave"],"picked":"True Grit","floor":28},{"not_picked":["Sentinel+1","Carnage"],"picked":"Spot Weakness","floor":29},{"not_picked":["Pommel Strike+1","Armaments"],"picked":"Uppercut","floor":31},{"not_picked":["Brutality","Exhume"],"picked":"Corruption","floor":33},{"not_picked":["Iron Wave","Blood for Blood"],"picked":"Shrug It Off+1","floor":35},{"not_picked":["Mind Blast","Sadistic Nature"],"picked":"Violence","floor":36},{"not_picked":["Trip","Impatience"],"picked":"Metamorphosis","floor":36},{"not_picked":["Mind Blast","Purity"],"picked":"Secret Weapon","floor":36},{"not_picked":["Evolve","Sword Boomerang","Anger+1"],"picked":"SKIP","floor":38},{"not_picked":["Reckless Charge","Rage","Sentinel"],"picked":"SKIP","floor":39},{"not_picked":["Clash","Flex"],"picked":"Burning Pact","floor":40},{"not_picked":["Blood for Blood","Pommel Strike"],"picked":"Body Slam","floor":42},{"not_picked":["Wild Strike","Pommel Strike"],"picked":"Battle Trance","floor":46},{"not_picked":["Havoc","Thunderclap","Armaments"],"picked":"Singing Bowl","floor":48},{"not_picked":["Battle Trance","Seeing Red"],"picked":"Spot Weakness","floor":55}],"player_experience":6032643,"relics_obtained":[{"floor":6,"key":"HornCleat"},{"floor":8,"key":"Ice Cream"},{"floor":9,"key":"InkBottle"},{"floor":12,"key":"War Paint"},{"floor":14,"key":"Omamori"},{"floor":23,"key":"Bottled Tornado"},{"floor":26,"key":"MealTicket"},{"floor":27,"key":"StrikeDummy"},{"floor":28,"key":"Turnip"},{"floor":28,"key":"Bottled Lightning"},{"floor":30,"key":"Red Mask"},{"floor":31,"key":"Orichalcum"},{"floor":37,"key":"Oddly Smooth Stone"},{"floor":40,"key":"Juzu Bracelet"},{"floor":40,"key":"Singing Bowl"},{"floor":42,"key":"Potion Belt"},{"floor":42,"key":"Paper Frog"},{"floor":44,"key":"Bronze Scales"},{"floor":46,"key":"Toy Ornithopter"},{"floor":46,"key":"Vajra"},{"floor":55,"key":"Bag of Preparation"},{"floor":55,"key":"Du-Vu Doll"}],"event_choices":[{"damage_healed":0,"gold_gain":0,"cards_transformed":["Strike_R"],"player_choice":"Transformed","damage_taken":0,"max_hp_gain":0,"max_hp_loss":0,"event_name":"Transmorgrifier","floor":7,"gold_loss":0,"cards_obtained":["Bludgeon"]},{"damage_healed":0,"gold_gain":0,"player_choice":"Joined the Cult","damage_taken":6,"max_hp_gain":0,"max_hp_loss":0,"event_name":"Nest","floor":19,"gold_loss":0,"cards_obtained":["RitualDagger"]},{"damage_healed":0,"gold_gain":0,"player_choice":"Opened","damage_taken":0,"relics_obtained":["Lizard Tail"],"max_hp_gain":0,"max_hp_loss":0,"event_name":"The Mausoleum","floor":24,"gold_loss":0,"cards_obtained":["Writhe"]},{"damage_healed":0,"gold_gain":0,"player_choice":"Fight","damage_taken":0,"max_hp_gain":0,"max_hp_loss":0,"event_name":"Colosseum","floor":28,"gold_loss":0},{"damage_healed":0,"gold_gain":0,"player_choice":"Fought Nobs","damage_taken":0,"max_hp_gain":0,"max_hp_loss":0,"event_name":"Colosseum","floor":28,"gold_loss":0},{"damage_healed":0,"gold_gain":0,"player_choice":"Fought Bandits","damage_taken":0,"max_hp_gain":0,"max_hp_loss":0,"event_name":"Masked Bandits","floor":30,"gold_loss":0},{"damage_healed":0,"gold_gain":0,"player_choice":"Memory 3","damage_taken":10,"max_hp_gain":0,"max_hp_loss":0,"event_name":"SensoryStone","floor":36,"gold_loss":0},{"cards_removed":["Strike_R"],"damage_healed":0,"gold_gain":0,"player_choice":"Removed Attack","damage_taken":0,"max_hp_gain":0,"max_hp_loss":0,"event_name":"Falling","floor":45,"gold_loss":0},{"cards_removed":["Bludgeon"],"damage_healed":25,"gold_gain":0,"player_choice":"Offered Rare","damage_taken":0,"max_hp_gain":10,"max_hp_loss":0,"event_name":"Bonfire Elementals","floor":47,"gold_loss":0}],"is_beta":false,"boss_relics":[{"not_picked":["Tiny House","Mark of Pain"],"picked":"Runic Dome"},{"not_picked":["SacredBark","SlaversCollar"],"picked":"Black Star"}],"items_purged_floors":[54],"is_endless":false,"potions_floor_spawned":[5,8,10,11,14,16,18,27,28,28,30,33,42,48],"ascension_level":20}}