{"host":"utqe55yv0jihe4d6","time":1612224981,"event":{"mods":["2.2 Compatiblity","AchievementEnabler","BaseMod","Block Reminder","Colored Map","Colored Powertips","Minty Spire (QoL Compilation)","Quick Restart","Rare Cards Sparkle","Relic Stats","SuperFastMode"],"gold_per_floor":[10,10,10,27,39,39,74,74,74,74,90,90,104,114,114,186,186,197,11,11,28,43,43,43,43],"floor_reached":24,"language":"ENG","playtime":803,"items_purged":["Strike_P"],"score":396,"play_id":"7bb1387a-832c-47ef-99c0-b07d35baf829","local_time":"20210201191621","is_ascension_mode":true,"campfire_choices":[{"data":"LikeWater","floor":6.0,"key":"SMITH"},{"data":"Eruption","floor":8.0,"key":"SMITH"},{"floor":10.0,"key":"REST"},{"data":"CrushJoints","floor":12.0,"key":"SMITH"},{"data":"Tantrum","floor":15.0,"key":"SMITH"},{"floor":23,"key":"REST"}],"circlet_count":0,"master_deck":["AscendersBane","Strike_P","Strike_P","Defend_P","Defend_P","Defend_P","Eruption+1","Vigilance","CrushJoints+1","Nirvana","FearNoEvil","LikeWater+1","Crescendo","FollowUp","Tantrum+1","FlurryOfBlows","Ragnarok","ClearTheMind","TalkToTheHand","JustLucky","Nirvana","EmptyMind"],"relics":["PureWater","Darkstone Periapt","TeardropLocket","Blue Candle","Cursed Key"],"acts_visited":["Exordium","TheCity"],"potions_floor_usage":[16,16,18],"damage_taken":[{"damage":0.0,"enemies":"Cultist","floor":1.0,"turns":3.0},{"damage":0.0,"enemies":"Jaw Worm","floor":4.0,"turns":3.0},{"damage":9.0,"enemies":"2 Louse","floor":5.0,"turns":3.0},{"damage":21.0,"enemies":"3 Sentries","floor":7.0,"turns":13.0},{"damage":7.0,"enemies":"Exordium Wildlife","floor":11.0,"turns":5.0},{"damage":5.0,"enemies":"3 Louse","floor":13.0,"turns":4.0},{"damage":7.0,"enemies":"Red Slaver","floor":14.0,"turns":2.0},{"damage":36,"enemies":"The Guardian","floor":16,"turns":11},{"damage":9,"enemies":"Shell Parasite","floor":18,"turns":2},{"damage":8,"enemies":"3 Byrds","floor":21,"turns":3},{"damage":28,"enemies":"Snake Plant","floor":22,"turns":5},{"damage":32,"enemies":"Masked Bandits","floor":24,"turns":2}],"seed_played":"-6732425924367377326","potions_obtained":[{"floor":4.0,"key":"Regen Potion"},{"floor":5.0,"key":"ColorlessPotion"},{"floor":14.0,"key":"ColorlessPotion"},{"floor":16,"key":"FearPotion"}],"is_trial":false,"path_per_floor":["M","$","?","M","M","R","E","R","T","R","M","R","M","M","R","B",null,"M","$","?","M","M","R","?"],"character_chosen":"WATCHER","items_purchased":["TalkToTheHand","JustLucky"],"campfire_rested":2,"item_purchase_floors":[19,19],"current_hp_per_floor":[61,61,61,61,52,52,31,31,31,51,44,44,39,32,32,10,54,45,45,45,37,9,29,0,0],"gold":43,"neow_bonus":"TRANSFORM_TWO_CARDS","is_daily":false,"chose_seed":false,"campfire_upgraded":4,"win_rate":0.0,"timestamp":1612224981,"path_taken":["M","?","?","M","M","R","E","R","T","R","?","R","M","M","R","BOSS","M","$","?","M","M","R","?"],"items_purchased_type":["Card","Card"],"build_version":"2020-12-22","purchased_purges":1,"victory":false,"max_hp_per_floor":[68,68,68,68,68,68,68,68,68,68,68,68,68,68,68,68,68,68,68,68,68,68,68,68,68],"relic_stats":{"Darkstone Periapt":0,"counters":[12,56],"Blue Candle":[0],"Cursed Key":0,"obtain_stats":[{"Darkstone Periapt":3,"Blue Candle":9,"TeardropLocket":7,"PureWater":0,"Cursed Key":17},{"Darkstone Periapt":1,"Blue Candle":4,"TeardropLocket":4,"PureWater":0,"Cursed Key":8},{"Darkstone Periapt":3,"Blue Candle":22,"TeardropLocket":22,"PureWater":0,"Cursed Key":44}]},"card_choices":[{"not_picked":["FollowUp","ThirdEye"],"picked":"EmptyBody","floor":1.0},{"not_picked":["DeceiveReality","ThirdEye"],"picked":"FearNoEvil","floor":4.0},{"not_picked":["Consecrate","DeusExMachina"],"picked":"LikeWater","floor":5.0},{"not_picked":["FlurryOfBlows","BowlingBash"],"picked":"Crescendo","floor":7.0},{"not_picked":["EmptyFist","BowlingBash"],"picked":"FollowUp","floor":11.0},{"not_picked":["FlurryOfBlows","Halt"],"picked":"Tantrum","floor":13.0},{"not_picked":["FollowUp","PathToVictory"],"picked":"FlurryOfBlows","floor":14.0},{"not_picked":["Alpha","Devotion"],"picked":"Ragnarok","floor":16},{"not_picked":["CutThroughFate","Consecrate"],"picked":"ClearTheMind","floor":18},{"not_picked":["FlyingSleeves+1","FearNoEvil"],"picked":"Nirvana","floor":21},{"not_picked":["Protect","SashWhip"],"picked":"EmptyMind","floor":22}],"player_experience":2977383,"relics_obtained":[{"floor":7.0,"key":"TeardropLocket"},{"floor":9.0,"key":"Blue Candle"}],"event_choices":[{"cards_removed":["EmptyBody"],"damage_healed":0.0,"max_hp_gain":0.0,"max_hp_loss":0.0,"gold_gain":0.0,"event_name":"WeMeetAgain","player_choice":"Gave Card","floor":3.0,"gold_loss":0.0,"damage_taken":0.0,"relics_obtained":["Darkstone Periapt"]},{"damage_healed":0,"gold_gain":0,"player_choice":"Ignored","damage_taken":0,"max_hp_gain":0,"max_hp_loss":0,"event_name":"Vampires","floor":20,"gold_loss":0},{"damage_healed":0,"gold_gain":0,"player_choice":"Fought Bandits","damage_taken":0,"max_hp_gain":0,"max_hp_loss":0,"event_name":"Masked Bandits","floor":24,"gold_loss":0}],"is_beta":false,"boss_relics":[{"not_picked":["Pandora\u0027s Box","Velvet Choker"],"picked":"Cursed Key"}],"items_purged_floors":[19],"is_endless":false,"potions_floor_spawned":[4,5,14,16],"killed_by":"Masked Bandits","ascension_level":20}}