{"host":"9vk21r6l9dtkpvh9","time":1612290108,"event":{"mods":["100% Spire Juice","2.2 Compatiblity","AchievementEnabler","Act Like it!","Astrologer","Bartender","BaseMod","Better Altar","Better Match","Better Note","Better Sensory Stone","Better Skull","Better Third Choice","BetterRewards","CapriCore","CatGirl Mod","Colored Map","Colored Powertips","Conspire","DeckTracker","Downfall","Energized Spire","Gensokyo","GifTheSpireLib","Hermit","Hubris","Infinite Spire","Jorbs\u0027s Wanderer Trilogy","Koishi","LagranYue(???·?)","Luminous","Mad Scientist","Marisa????????","Mimic Mod","Minty Spire (QoL Compilation)","Potionbrewer","Rare Cards Sparkle","Relic Stats","Replay The Spire","SOS???????","Shade Mod","Spicy Shops","StSLib","SuperFastMode","Td1madao Mod","The Animator","The Forsaken","The Gatherer","The Hierophant","The Immortal","The Jungle","The Marked","The Mystic","The Necromancer","The Runesmith","The Senshi","The Servant 0.9.4","The Valiant","The Wild Card","TheBandit","TheSwordswoman","TheWitcher","WarShipGirlsR/????R mod","???Mod??????Boss"],"gold_per_floor":[110,124,149,149,163,188,188,201,225,242,260,260,260,339,339,438,438,457,476,476,486,486,486,519,519,554,588,513,530,561,575,575,680,680,696,746,759,776,776,776,776,776,776,776,807,270,300,365,365,365,365],"floor_reached":50,"language":"ENG","playtime":4177,"items_purged":["Strike_B"],"score":938,"play_id":"cfd2ea58-d579-4a09-bc16-fc09a6eb47db","local_time":"20210202132148","is_ascension_mode":true,"campfire_choices":[{"floor":7,"key":"REST"},{"floor":12,"key":"REST"},{"data":"ReplayTheSpireMod:Calculation Training","floor":15,"key":"SMITH"},{"floor":23,"key":"REST"},{"data":"Fission","floor":25,"key":"SMITH"},{"data":"A Thousand Cuts","floor":32,"key":"SMITH"},{"floor":40,"key":"RECALL"},{"data":"Defragment","floor":42,"key":"SMITH"},{"data":"Strike_B","floor":44,"key":"PURGE"},{"data":"infinitespire:Fortify","floor":49,"key":"SMITH"}],"circlet_count":0,"master_deck":["Strike_B","Defend_B","Defend_B","Defend_B","Defend_B","Zap","Dualcast","Defragment+1","Sweeping Beam","Coolheaded","Steam","A Thousand Cuts+1","Ball Lightning","ReplayTheSpireMod:Calculation Training+1","Self Repair","Cold Snap","White Noise","Fission+1","Leap","Static Discharge","Hologram","Consume+1","Cold Snap+1","Coolheaded","Seek","Loop","Compile Driver","infinitespire:Fortify+1","Hologram+1","ReplayTheSpireMod:Calculation Training+1","Barrage","Parasite","Go for the Eyes"],"relics":["Cracked Core","LagranYue:RandomDrawCardRelic","Cables","Juzu Bracelet","Akabeko","ReplayTheSpireMod:TigerMarble","Blue Candle","hubris:MobiusCoin","LagranYue:SoulBurningRelic","Kunai","Ancient Tea Set","Replay:Ringing Soul","Pocketwatch","Mummified Hand","energizedSpire:UnstableMolecules","Peace Pipe","Regal Pillow","Orichalcum","hubris:CrystalStatue","LagranYue:MagicReflectiveArmorRelic","OrangePellets","DollysMirror","Boot"],"acts_visited":["Exordium","TheCity","TheBeyond"],"potions_floor_usage":[14,18,36],"damage_taken":[{"damage":1,"enemies":"Cultist","floor":1,"turns":3},{"damage":10,"enemies":"2 Louse","floor":2,"turns":2},{"damage":0,"enemies":"Small Slimes","floor":5,"turns":3},{"damage":24,"enemies":"3 Sentries","floor":6,"turns":4},{"damage":0,"enemies":"Looter","floor":8,"turns":3},{"damage":23,"enemies":"Exordium Thugs","floor":10,"turns":4},{"damage":0,"enemies":"3 Louse","floor":11,"turns":1},{"damage":12,"enemies":"Lagavulin","floor":14,"turns":4},{"damage":28,"enemies":"Hexaghost","floor":16,"turns":10},{"damage":8,"enemies":"2 Thieves","floor":18,"turns":4},{"damage":10,"enemies":"conspire:FuzzyDice","floor":19,"turns":7},{"damage":37,"enemies":"Snake Plant","floor":21,"turns":3},{"damage":0,"enemies":"Book of Stabbing","floor":24,"turns":4},{"damage":0,"enemies":"conspire:HollyBat","floor":26,"turns":4},{"damage":20,"enemies":"conspire:SneckoGhost","floor":27,"turns":6},{"damage":4,"enemies":"conspire:HollyBat","floor":29,"turns":11},{"damage":0,"enemies":"Gremlin Leader","floor":30,"turns":6},{"damage":0,"enemies":"Cultist and Chosen","floor":31,"turns":7},{"damage":59,"enemies":"hubris:MusketHawk","floor":33,"turns":9},{"damage":0,"enemies":"3 Shapes","floor":35,"turns":4},{"damage":8,"enemies":"Mind Bloom Boss Battle","floor":36,"turns":7},{"damage":12,"enemies":"3 Darklings","floor":37,"turns":3},{"damage":0,"enemies":"4 Shapes","floor":38,"turns":4},{"damage":18,"enemies":"Reptomancer","floor":45,"turns":6},{"damage":0,"enemies":"conspire:MimicChest","floor":47,"turns":5},{"damage":0,"enemies":"Writhing Mass","floor":48,"turns":4},{"damage":51,"enemies":"infinitespire:MassOfShapes","floor":50,"turns":26}],"seed_played":"3967431966221378363","potions_obtained":[{"floor":2,"key":"potionbrewer:BoundlessPotion"},{"floor":6,"key":"PotionOfCapacity"},{"floor":10,"key":"potionbrewer:HastePotion"},{"floor":14,"key":"ColorlessPotion"},{"floor":16,"key":"potionbrewer:BarricadePotion"},{"floor":24,"key":"LiquidMemories"},{"floor":37,"key":"Energy Potion"}],"is_trial":false,"path_per_floor":["M","M","T","?","M","E","R","M","T","M","M","R","?","E","R","B",null,"M","M","?","M","AVR","R","E","R","MIM","E","?","M","E","M","R_BF","B",null,"M","?","M","M","?","R","AVR","R","T","R","E","$","?","M","R","B"],"character_chosen":"DEFECT","items_purchased":["Cables","Defragment","Juzu Bracelet","Sweeping Beam","LagranYue:MagicReflectiveArmorRelic","OrangePellets","DollysMirror"],"campfire_rested":3,"item_purchase_floors":[0,0,0,0,46,46,46],"current_hp_per_floor":[74,64,64,59,59,35,57,57,57,34,34,56,61,56,56,35,80,78,80,80,49,49,72,80,80,80,66,66,70,78,84,84,36,89,91,89,85,91,91,91,93,93,93,93,83,85,93,95,95,44,44],"gold":365,"neow_bonus":"","is_daily":false,"chose_seed":false,"campfire_upgraded":5,"win_rate":0.0,"timestamp":1612290108,"path_taken":["M","M","?","?","M","E","R","M","T","M","M","R","?","E","R","BOSS","M","M","?","M","AVR","R","E","R","MIM","E","?","M","E","M","R_BF","BOSS","M","?","M","M","?","R","AVR","R","T","R","E","$","?","M","R","BOSS"],"items_purchased_type":["Relic","Card","Relic","Card","Relic","Relic","Relic"],"build_version":"2020-12-22","purchased_purges":1,"victory":false,"max_hp_per_floor":[75,75,75,75,75,75,75,75,75,75,75,75,80,80,80,80,80,80,80,80,80,80,80,80,80,80,80,80,83,86,86,86,89,89,92,92,95,95,95,95,98,98,98,98,101,104,107,110,110,110,110],"relic_stats":{"Regal Pillow":0,"counters":[31,171],"Blue Candle":[1],"Juzu Bracelet":1,"Orichalcum":[18],"Boot":[35],"Cables":[133,65,66,2,0],"Peace Pipe":1,"OrangePellets":[2],"Mummified Hand":[55],"Kunai":[22],"obtain_stats":[{"hubris:MobiusCoin":14,"Regal Pillow":41,"energizedSpire:UnstableMolecules":34,"hubris:CrystalStatue":45,"LagranYue:RandomDrawCardRelic":0,"Blue Candle":6,"LagranYue:SoulBurningRelic":17,"Juzu Bracelet":0,"Orichalcum":43,"Ancient Tea Set":24,"LagranYue:MagicReflectiveArmorRelic":46,"Boot":47,"Akabeko":3,"Cables":0,"Peace Pipe":36,"Replay:Ringing Soul":26,"OrangePellets":46,"Mummified Hand":30,"DollysMirror":46,"Black Star":0,"ReplayTheSpireMod:TigerMarble":4,"Kunai":22,"Cracked Core":0,"Pocketwatch":27},{"hubris:MobiusCoin":12,"Regal Pillow":27,"energizedSpire:UnstableMolecules":23,"hubris:CrystalStatue":28,"LagranYue:RandomDrawCardRelic":0,"Blue Candle":8,"LagranYue:SoulBurningRelic":13,"Juzu Bracelet":4,"Orichalcum":27,"Ancient Tea Set":17,"LagranYue:MagicReflectiveArmorRelic":28,"Boot":29,"Akabeko":6,"Cables":4,"Peace Pipe":25,"Replay:Ringing Soul":18,"OrangePellets":28,"Mummified Hand":21,"DollysMirror":28,"Black Star":0,"ReplayTheSpireMod:TigerMarble":6,"Kunai":16,"Cracked Core":0,"Pocketwatch":19},{"hubris:MobiusCoin":42,"Regal Pillow":131,"energizedSpire:UnstableMolecules":113,"hubris:CrystalStatue":136,"LagranYue:RandomDrawCardRelic":0,"Blue Candle":30,"LagranYue:SoulBurningRelic":52,"Juzu Bracelet":18,"Orichalcum":131,"Ancient Tea Set":70,"LagranYue:MagicReflectiveArmorRelic":136,"Boot":141,"Akabeko":23,"Cables":18,"Peace Pipe":124,"Replay:Ringing Soul":74,"OrangePellets":136,"Mummified Hand":97,"DollysMirror":136,"Black Star":0,"ReplayTheSpireMod:TigerMarble":23,"Kunai":66,"Cracked Core":0,"Pocketwatch":80}],"Pocketwatch":[36]},"card_choices":[{"not_picked":["Tempest","Cold Snap"],"picked":"Coolheaded","floor":1},{"not_picked":["FTL","Sweeping Beam"],"picked":"Steam","floor":2},{"not_picked":["Sweeping Beam","BootSequence"],"picked":"Ball Lightning","floor":5},{"not_picked":["Beam Cell","Redo","Sweeping Beam"],"picked":"SKIP","floor":6},{"not_picked":["Coolheaded","Sweeping Beam"],"picked":"ReplayTheSpireMod:Calculation Training","floor":8},{"not_picked":["Redo","BootSequence"],"picked":"Self Repair","floor":10},{"not_picked":["Gash","Chaos"],"picked":"Cold Snap","floor":11},{"not_picked":["BasicCrystalCard","Compile Driver"],"picked":"White Noise","floor":14},{"not_picked":["hubris:SpecializedCircuitry","hubris:Prefetch"],"picked":"Fission","floor":16},{"not_picked":["Crystallizer+1","Beam Cell"],"picked":"Leap","floor":18},{"not_picked":["Meteor Strike","Sweeping Beam"],"picked":"Static Discharge","floor":19},{"not_picked":["Rebound","Steam+1"],"picked":"Hologram","floor":21},{"not_picked":["Panic Button+1","Compile Driver"],"picked":"Consume+1","floor":24},{"not_picked":["Turbo","Beam Cell","Gash"],"picked":"SKIP","floor":27},{"not_picked":["hubris:Prefetch","Sweeping Beam"],"picked":"Cold Snap+1","floor":29},{"not_picked":["Gash","Redo+1"],"picked":"Coolheaded","floor":30},{"not_picked":["ReplayGash+1","Doom and Gloom","Steam"],"picked":"SKIP","floor":31},{"not_picked":["Meteor Strike","hubris:DoWhile"],"picked":"Seek","floor":33},{"not_picked":["BasicCrystalCard+1","Rebound+1"],"picked":"Loop","floor":35},{"not_picked":["Sunder","Go for the Eyes+1"],"picked":"Compile Driver","floor":37},{"not_picked":["Compile Driver","Gash","Streamline"],"picked":"SKIP","floor":38},{"not_picked":["Double Energy+1","ReplayGash+1"],"picked":"Hologram+1","floor":45},{"not_picked":["ReplayTheSpireMod:Repulse+1","Electrodynamics"],"picked":"Barrage","floor":47},{"not_picked":["ReplayTheSpireMod:Dual Polarity+1","Compile Driver+1"],"picked":"Go for the Eyes","floor":48}],"player_experience":681646,"relics_obtained":[{"floor":3,"key":"Akabeko"},{"floor":6,"key":"Blue Candle"},{"floor":14,"key":"hubris:MobiusCoin"},{"floor":24,"key":"Ancient Tea Set"},{"floor":26,"key":"Replay:Ringing Soul"},{"floor":27,"key":"Pocketwatch"},{"floor":30,"key":"Mummified Hand"},{"floor":36,"key":"Peace Pipe"},{"floor":43,"key":"Orichalcum"},{"floor":45,"key":"hubris:CrystalStatue"},{"floor":47,"key":"Boot"}],"event_choices":[{"damage_healed":0,"gold_gain":0,"player_choice":"Donut","damage_taken":0,"max_hp_gain":5,"max_hp_loss":0,"event_name":"Big Fish","floor":13,"gold_loss":0},{"cards_removed":["Strike_B"],"damage_healed":0,"gold_gain":0,"player_choice":"Gave Gold","damage_taken":0,"max_hp_gain":0,"max_hp_loss":0,"event_name":"Beggar","floor":28,"gold_loss":75},{"damage_healed":0,"gold_gain":0,"player_choice":"Fight","damage_taken":0,"max_hp_gain":0,"max_hp_loss":0,"event_name":"MindBloom","floor":36,"gold_loss":0}],"is_beta":false,"boss_relics":[{"not_picked":["Replay:Ancient Bell","Empty Cage"],"picked":"LagranYue:SoulBurningRelic"},{"not_picked":["Busted Crown","conspire:RunicOctahedron"],"picked":"energizedSpire:UnstableMolecules"}],"items_purged_floors":[46],"is_endless":false,"potions_floor_spawned":[2,6,10,14,16,24,27,30,31,33,35,37,38,47],"killed_by":"infinitespire:MassOfShapes","ascension_level":4}}