{"host":"mmqs5ul2bvb60kyc","time":1612274058,"event":{"mods":["AchievementEnabler","BaseMod","Colored Map","Colored Powertips","Minty Spire (QoL Compilation)","Quick Restart","StSLib"],"gold_per_floor":[116,131,131,131,143,143,143,155,178,178,196,213,213,213,223,223,299,299,318,338,287,299,299,325,345,345,394,241,270,282,282,310,310,388,388,400,417,189,202,213,213,239,139,218,218,234,234,245,270,270,270],"floor_reached":52,"language":"ZHS","playtime":2083,"items_purged":["CutThroughFate","Vigilance+1"],"score":1907,"play_id":"6328bf8c-a80d-4c11-9ac3-43fc5a885efa","local_time":"20210202215418","is_ascension_mode":true,"campfire_choices":[{"data":"Eruption","floor":6.0,"key":"SMITH"},{"floor":13.0,"key":"REST"},{"data":"Vigilance","floor":16.0,"key":"SMITH"},{"floor":26.0,"key":"REST"},{"floor":31.0,"key":"REST"},{"floor":33.0,"key":"DIG"},{"floor":41.0,"key":"DIG"},{"floor":45.0,"key":"DIG"},{"floor":47,"key":"DIG"},{"floor":50,"key":"DIG"}],"circlet_count":0,"master_deck":["AscendersBane","Eruption+1","InnerPeace","Adaptation","Prostrate"],"relics":["Pandora\u0027s Box","Question Card","Calling Bell","Nunchaku","Letter Opener","Shovel","Ancient Tea Set","Bronze Scales","Oddly Smooth Stone","Orrery","Dead Branch","HornCleat","Damaru","SlaversCollar","Lee\u0027s Waffle","Whetstone","Bottled Lightning","Blue Candle","Thread and Needle","Lizard Tail","Mango","TungstenRod"],"acts_visited":["Exordium","TheCity","TheBeyond"],"potions_floor_usage":[48],"damage_taken":[{"damage":32.0,"enemies":"Cultist","floor":1.0,"turns":4.0},{"damage":6.0,"enemies":"2 Louse","floor":2.0,"turns":6.0},{"damage":6.0,"enemies":"Small Slimes","floor":5.0,"turns":4.0},{"damage":7.0,"enemies":"Exordium Thugs","floor":8.0,"turns":4.0},{"damage":0.0,"enemies":"3 Louse","floor":11.0,"turns":2.0},{"damage":6.0,"enemies":"Red Slaver","floor":12.0,"turns":2.0},{"damage":3.0,"enemies":"Looter","floor":15.0,"turns":2.0},{"damage":0.0,"enemies":"Hexaghost","floor":17.0,"turns":1.0},{"damage":9.0,"enemies":"3 Byrds","floor":19.0,"turns":5.0},{"damage":0.0,"enemies":"Chosen","floor":20.0,"turns":3.0},{"damage":24.0,"enemies":"Snake Plant","floor":22.0,"turns":3.0},{"damage":2.0,"enemies":"Book of Stabbing","floor":24.0,"turns":3.0},{"damage":22.0,"enemies":"Shelled Parasite and Fungi","floor":25.0,"turns":4.0},{"damage":41.0,"enemies":"Gremlin Leader","floor":29.0,"turns":6.0},{"damage":5.0,"enemies":"Snecko","floor":30.0,"turns":4.0},{"damage":0.0,"enemies":"Book of Stabbing","floor":32.0,"turns":2.0},{"damage":0.0,"enemies":"Collector","floor":34.0,"turns":1.0},{"damage":11.0,"enemies":"3 Shapes","floor":36.0,"turns":2.0},{"damage":22.0,"enemies":"3 Darklings","floor":37.0,"turns":2.0},{"damage":0.0,"enemies":"Transient","floor":39.0,"turns":5.0},{"damage":0.0,"enemies":"Jaw Worm Horde","floor":40.0,"turns":1.0},{"damage":0.0,"enemies":"Giant Head","floor":42.0,"turns":1.0},{"damage":24,"enemies":"4 Shapes","floor":46,"turns":1},{"damage":0,"enemies":"Transient","floor":48,"turns":5},{"damage":0,"enemies":"Mind Bloom Boss Battle","floor":49,"turns":1},{"damage":0,"enemies":"Donu and Deca","floor":51,"turns":2}],"seed_played":"-3629718617870049368","potions_obtained":[{"floor":8.0,"key":"DistilledChaos"},{"floor":11.0,"key":"PowerPotion"},{"floor":17.0,"key":"Regen Potion"},{"floor":22.0,"key":"Energy Potion"},{"floor":24.0,"key":"BottledMiracle"},{"floor":25.0,"key":"FairyPotion"},{"floor":34.0,"key":"LiquidMemories"},{"floor":37.0,"key":"Dexterity Potion"}],"is_trial":false,"path_per_floor":["M","M","$","?","M","R","?","M","T","T","M","M","R","?","M","R","B",null,"M","M","?","M","$","E","M","R","T","$","E","M","R","E","R","B",null,"M","M","$","M","M","R","E","$","T","R","M","R","M","?","R","B",null],"character_chosen":"WATCHER","items_purchased":["Orrery","Lee\u0027s Waffle"],"campfire_rested":3,"item_purchase_floors":[28,38],"current_hp_per_floor":[29,23,23,23,17,17,17,10,10,10,10,4,24,24,21,21,21,56,61,61,61,37,37,35,13,33,33,33,20,15,35,35,35,35,60,49,27,75,75,75,75,75,75,75,75,51,51,51,65,65,65],"gold":270,"neow_bonus":"BOSS_RELIC","is_daily":false,"chose_seed":false,"campfire_upgraded":2,"win_rate":0.0,"timestamp":1612274058,"path_taken":["M","?","$","?","M","R","?","M","T","T","M","?","R","?","M","R","BOSS","M","M","?","M","$","E","M","R","T","$","E","?","R","E","R","BOSS","M","M","$","M","M","R","E","$","T","R","M","R","M","?","R","BOSS"],"items_purchased_type":["Relic","Relic"],"build_version":"2020-12-22","purchased_purges":2,"victory":true,"max_hp_per_floor":[68,68,68,68,68,68,68,68,68,68,68,68,68,68,68,68,68,68,68,68,68,68,68,68,68,68,68,68,68,68,68,68,68,68,68,68,68,75,75,75,75,75,75,75,75,75,75,75,89,89,89],"card_choices":[{"not_picked":["SashWhip","Crescendo"],"picked":"InnerPeace","floor":1.0},{"not_picked":["JustLucky","Halt"],"picked":"CutThroughFate","floor":2.0},{"not_picked":["MentalFortress","BowlingBash","Conclude"],"picked":"SKIP","floor":5.0},{"not_picked":["Pray","Consecrate","Judgement"],"picked":"SKIP","floor":8.0},{"not_picked":["Weave","Protect","EmptyBody","CrushJoints"],"picked":"SKIP","floor":11.0},{"not_picked":["Wireheading","CarveReality","FollowUp","BowlingBash"],"picked":"SKIP","floor":12.0},{"not_picked":["Evaluate","Vengeance","Indignation","Sanctity"],"picked":"SKIP","floor":15.0},{"not_picked":["MentalFortress","JustLucky","SashWhip","FlurryOfBlows"],"picked":"SKIP","floor":19.0},{"not_picked":["BowlingBash","Blasphemy","FollowUp","FlurryOfBlows"],"picked":"SKIP","floor":20.0},{"not_picked":["DeceiveReality+1","Perseverance","BowlingBash","WaveOfTheHand+1"],"picked":"SKIP","floor":22.0},{"not_picked":["ClearTheMind","Pray","WaveOfTheHand","FlyingSleeves"],"picked":"SKIP","floor":24.0},{"not_picked":["SashWhip+1","Fasting2","TalkToTheHand","Prostrate"],"picked":"SKIP","floor":25.0},{"not_picked":["Brilliance","CrushJoints","Indignation","JustLucky"],"picked":"SKIP","floor":29.0},{"not_picked":["WindmillStrike","MentalFortress","CrushJoints"],"picked":"Adaptation","floor":30.0},{"not_picked":["Evaluate","Crescendo","Swivel","ThirdEye"],"picked":"SKIP","floor":32.0},{"not_picked":["Worship","JustLucky+1","Sanctity","ThirdEye"],"picked":"SKIP","floor":36.0},{"not_picked":["Wireheading+1","Sanctity","Prostrate","EmptyBody"],"picked":"SKIP","floor":37.0},{"not_picked":["Fasting2+1","CarveReality","ThirdEye+1","FlurryOfBlows"],"picked":"SKIP","floor":39.0},{"not_picked":["ThirdEye+1","JustLucky","Indignation+1","FlurryOfBlows"],"picked":"SKIP","floor":40.0},{"not_picked":["ClearTheMind","Scrawl","Judgement"],"picked":"Prostrate","floor":42.0},{"not_picked":["EmptyFist+1","ReachHeaven","SandsOfTime","FlyingSleeves"],"picked":"SKIP","floor":46},{"not_picked":["EmptyFist","Halt","FollowUp+1","PathToVictory"],"picked":"SKIP","floor":48}],"player_experience":323047,"relics_obtained":[{"floor":10.0,"key":"Question Card"},{"floor":18.0,"key":"Nunchaku"},{"floor":18.0,"key":"Letter Opener"},{"floor":18.0,"key":"Shovel"},{"floor":24.0,"key":"Bronze Scales"},{"floor":27.0,"key":"Oddly Smooth Stone"},{"floor":29.0,"key":"Dead Branch"},{"floor":32.0,"key":"HornCleat"},{"floor":33.0,"key":"Damaru"},{"floor":41.0,"key":"Whetstone"},{"floor":42.0,"key":"Bottled Lightning"},{"floor":44.0,"key":"Blue Candle"},{"floor":45.0,"key":"Thread and Needle"},{"floor":47,"key":"Lizard Tail"},{"floor":49,"key":"Mango"},{"floor":50,"key":"TungstenRod"}],"event_choices":[{"damage_healed":0.0,"max_hp_gain":0.0,"max_hp_loss":0.0,"gold_gain":0.0,"event_name":"Shining Light","player_choice":"Ignored","floor":4.0,"gold_loss":0.0,"damage_taken":0.0},{"damage_healed":0.0,"max_hp_gain":0.0,"max_hp_loss":0.0,"gold_gain":0.0,"event_name":"Scrap Ooze","player_choice":"Fled","floor":7.0,"gold_loss":0.0,"damage_taken":0.0},{"damage_healed":0.0,"max_hp_gain":0.0,"max_hp_loss":0.0,"gold_gain":0.0,"event_name":"Liars Game","player_choice":"Ignored","floor":14.0,"gold_loss":0.0,"damage_taken":0.0},{"damage_healed":0.0,"max_hp_gain":0.0,"max_hp_loss":0.0,"gold_gain":0.0,"event_name":"WeMeetAgain","player_choice":"Paid Gold","floor":21.0,"gold_loss":51.0,"damage_taken":0.0,"relics_obtained":["Ancient Tea Set"]},{"damage_healed":0,"gold_gain":0,"player_choice":"Fight","damage_taken":0,"max_hp_gain":0,"max_hp_loss":0,"event_name":"MindBloom","floor":49,"gold_loss":0}],"is_beta":false,"boss_relics":[{"not_picked":["Velvet Choker","Snecko Eye"],"picked":"Calling Bell"},{"not_picked":["Fusion Hammer","Runic Dome"],"picked":"SlaversCollar"}],"items_purged_floors":[38,43],"is_endless":false,"potions_floor_spawned":[8,11,12,17,22,24,25,34,37,39,42],"ascension_level":15}}