{"host":"ko40t1o51xotjt2v","time":1612286749,"event":{"mods":["2.2 Compatiblity","AchievementEnabler","Aspiration","BaseMod","Better Match","Better Third Choice","Better Vampires","Conspire","Downfall","Energized Spire","GifTheSpireLib","Halation","Hubris","Jedi Mod","Minty Spire (QoL Compilation)","MostiFishMod","Spicy Shops","Spikes Relics","StSLib","Stuff the Spire","TestMod","??????REMEMod"],"gold_per_floor":[114,129,129,144,159,159,189,204,204,234,234,84,99,114,114,214,214,229,115,115,130,145,175,175,190,190,190,190,205,220,195,195,297,297,312,312,327,342,357,387,387,402,452,452,7,22,97,147,147,147],"floor_reached":51,"language":"SPA","playtime":1768,"items_purged":[],"score":803,"play_id":"5c7ee21f-cf0c-478a-b4d4-30cbdc686055","local_time":"20210202182549","daily_mods":["SealedDeck","Uncertain Future","Lethality"],"is_ascension_mode":false,"campfire_choices":[{"data":"Sword Boomerang","floor":6,"key":"SMITH"},{"data":"hubris:DuctTapeCard","floor":11,"key":"SMITH"},{"data":"Sword Boomerang","floor":15,"key":"SMITH"},{"data":"StuffTheSpire:Brawn","floor":24,"key":"SMITH"},{"data":"jedi:collectorstrike","floor":28,"key":"SMITH"},{"data":"Sword Boomerang","floor":32,"key":"SMITH"},{"data":"Limit Break","floor":41,"key":"SMITH"},{"data":"Flame Barrier","floor":44,"key":"SMITH"},{"data":"StuffTheSpire:Pyroclast","floor":49,"key":"SMITH"}],"circlet_count":0,"master_deck":["conspire:ExplosiveBarrier","Sword Boomerang+1","Flame Barrier+1","hubris:CleavingFinish","jedi:collectorstrike+1","Sword Boomerang+1","REME_FearOfPain","Anger","Anger","hubris:DuctTapeCard+2","StuffTheSpire:Brawn+1","Sword Boomerang+1","Limit Break+1","REME_Scribble","Iron Wave+1","StuffTheSpire:Pyroclast+1","StuffTheSpire:Pyroclast+1","conspire:NecroticWound","downfall:Icky","Doubt"],"relics":["Burning Blood","DaveBox","testmod-TestBox","REME_ComplimentaryCards","BlackRope","hubris:DuctTape","StuffTheSpire:Mouthbags","testmod-IWantAll","bronze:MakeshiftBattery","aspiration:AnachronicSnailShell","SentryEyes","ThornShield","hubris:Backtick","ChiLing","Chi","Ling","Matryoshka","Vajra","Boot","testmod-ArcanaOfDestiny","aspiration:StickyExplosives_weak","Bag of Marbles","aspiration:HummingbirdHeart","testmod-Laevatain"],"acts_visited":["Exordium","TheCity","TheBeyond"],"potions_floor_usage":[2,16,33,50],"damage_taken":[{"damage":0,"enemies":"Cultist","floor":1,"turns":2},{"damage":0,"enemies":"conspire:RoseBush","floor":2,"turns":2},{"damage":0,"enemies":"Small Slimes","floor":4,"turns":2},{"damage":0,"enemies":"Blue Slaver","floor":5,"turns":3},{"damage":0,"enemies":"Exordium Thugs","floor":8,"turns":2},{"damage":9,"enemies":"Lagavulin","floor":10,"turns":4},{"damage":4,"enemies":"Exordium Wildlife","floor":13,"turns":2},{"damage":4,"enemies":"Large Slime","floor":14,"turns":2},{"damage":2,"enemies":"Slime Boss","floor":16,"turns":4},{"damage":8,"enemies":"Shell Parasite","floor":18,"turns":3},{"damage":0,"enemies":"3 Byrds","floor":21,"turns":2},{"damage":3,"enemies":"conspire:HollyBat","floor":22,"turns":4},{"damage":0,"enemies":"conspire:SneckoGhost","floor":23,"turns":2},{"damage":0,"enemies":"Cultist and Chosen","floor":25,"turns":2},{"damage":0,"enemies":"Snecko","floor":29,"turns":1},{"damage":0,"enemies":"Snake Plant","floor":30,"turns":1},{"damage":25,"enemies":"Champ","floor":33,"turns":6},{"damage":0,"enemies":"Orb Walker","floor":35,"turns":2},{"damage":1,"enemies":"3 Shapes","floor":37,"turns":1},{"damage":4,"enemies":"Sphere and 2 Shapes","floor":38,"turns":2},{"damage":2,"enemies":"3 Darklings","floor":39,"turns":2},{"damage":2,"enemies":"Reptomancer","floor":40,"turns":2},{"damage":4,"enemies":"Writhing Mass","floor":42,"turns":2},{"damage":3,"enemies":"Spire Growth","floor":46,"turns":1},{"damage":3,"enemies":"Mind Bloom Boss Battle","floor":48,"turns":2},{"damage":0,"enemies":"Donu and Deca","floor":50,"turns":2}],"seed_played":"-9070903199233054170","potions_obtained":[{"floor":1,"key":"ElixirPotion"},{"floor":2,"key":"Fruit Juice"},{"floor":5,"key":"Guardian:BlockOnCardUsePotion"},{"floor":23,"key":"SteroidPotion"},{"floor":25,"key":"Regen Potion"},{"floor":33,"key":"hexamod:SoulburnPotion"},{"floor":39,"key":"jedi:StrikingPotion"}],"is_trial":false,"path_per_floor":["M","M","?","M","M","R","?","M","T","E","R","$","M","M","R","B",null,"M","?","?","M","M","E","R","M","T","T","R","M","M","$","R","B",null,"M","?","M","M","M","E","R","M","T","R","$","M","T","?","R","B",null],"character_chosen":"IRONCLAD","items_purchased":["testmod-IWantAll","Sword Boomerang","testmod-ArcanaOfDestiny","aspiration:StickyExplosives_weak","StuffTheSpire:Pyroclast"],"campfire_rested":0,"item_purchase_floors":[12,31,45,45,45],"current_hp_per_floor":[80,85,85,85,85,85,85,85,85,82,82,82,84,85,85,85,85,83,83,83,85,85,85,85,85,85,85,85,85,85,85,85,66,85,85,85,85,87,87,89,89,91,91,91,91,91,91,93,93,93],"gold":147,"neow_bonus":"","is_daily":true,"chose_seed":false,"campfire_upgraded":9,"win_rate":0.0,"timestamp":1612286749,"path_taken":["M","?","?","M","M","R","?","M","T","E","R","$","M","M","R","BOSS","M","?","?","M","M","E","R","M","T","?","R","M","M","$","R","BOSS","M","?","M","M","M","E","R","M","T","R","$","M","?","?","R","BOSS"],"items_purchased_type":["Relic","Card","Relic","Relic","Card"],"build_version":"2020-12-22","purchased_purges":0,"victory":true,"max_hp_per_floor":[80,85,85,85,85,85,85,85,85,85,85,85,85,85,85,85,85,85,85,85,85,85,85,85,85,85,85,85,85,85,85,85,85,85,85,85,85,87,87,89,89,91,91,91,91,91,91,93,93,93],"card_choices":[{"not_picked":["Rage","Flex"],"picked":"jedi:collectorstrike","floor":1},{"not_picked":["Twin Strike","Ghostly Armor"],"picked":"jedi:collectorstrike","floor":2},{"not_picked":["Entrench","Clash"],"picked":"Spot Weakness","floor":4},{"not_picked":["Berserk","Uppercut","Evolve"],"picked":"SKIP","floor":5},{"not_picked":["hubris:ReadiedAction","Havoc"],"picked":"jedi:collectorstrike","floor":8},{"not_picked":["MostiFishMod:BrandingRite","conspire:ExplosiveBarrier","Anger"],"picked":"SKIP","floor":10},{"not_picked":["Evolve","Fire Breathing","Seeing Red"],"picked":"SKIP","floor":13},{"not_picked":["Thunderclap","jedi:collectorstrike"],"picked":"jedi:collectorstrike","floor":14},{"not_picked":["Thunderclap","jedi:collectorstrike"],"picked":"jedi:collectorstrike","floor":14},{"not_picked":["MostiFishMod:404NotFound","Brutality"],"picked":"jedi:collectorstrike","floor":16},{"not_picked":["Anger+1","StuffTheSpire:Slingshot"],"picked":"jedi:collectorstrike","floor":18},{"not_picked":["Pommel Strike","jedi:fear"],"picked":"jedi:collectorstrike","floor":21},{"not_picked":["Flex","Clothesline"],"picked":"jedi:collectorstrike","floor":22},{"not_picked":["Entrench","Wild Strike+1"],"picked":"jedi:collectorstrike","floor":23},{"not_picked":["Flex","StuffTheSpire:Pyroclast"],"picked":"jedi:collectorstrike","floor":25},{"not_picked":["Iron Wave","StuffTheSpire:RockThrow"],"picked":"jedi:collectorstrike+1","floor":29},{"not_picked":["Battle Trance+1","Carnage+1","True Grit"],"picked":"SKIP","floor":30},{"not_picked":["jedi:collectorstrike+1","MostiFishMod:OrdinaryWorld"],"picked":"Limit Break","floor":33},{"not_picked":["Pommel Strike+1","Rupture"],"picked":"jedi:collectorstrike+1","floor":35},{"not_picked":["Whirlwind","jedi:suffering+1"],"picked":"jedi:collectorstrike+1","floor":37},{"not_picked":["Pommel Strike","True Grit+1"],"picked":"jedi:collectorstrike+1","floor":38},{"not_picked":["Blood for Blood","StuffTheSpire:Incineration+1"],"picked":"jedi:collectorstrike+1","floor":39},{"not_picked":["jedi:collectorstrike+1","Perfected Strike"],"picked":"Iron Wave+1","floor":40},{"not_picked":["Perfected Strike","Iron Wave+1"],"picked":"jedi:collectorstrike+1","floor":40},{"not_picked":["jedi:collectorstrike+1","Hemokinesis"],"picked":"StuffTheSpire:Pyroclast+1","floor":42},{"not_picked":["Fire Breathing","Headbutt"],"picked":"jedi:collectorstrike+1","floor":46},{"not_picked":["Clash","StuffTheSpire:Incineration+1"],"picked":"jedi:collectorstrike+1","floor":48}],"player_experience":464266,"relics_obtained":[{"floor":9,"key":"hubris:DuctTape"},{"floor":10,"key":"StuffTheSpire:Mouthbags"},{"floor":23,"key":"aspiration:AnachronicSnailShell"},{"floor":26,"key":"SentryEyes"},{"floor":27,"key":"ThornShield"},{"floor":40,"key":"Matryoshka"},{"floor":43,"key":"Vajra"},{"floor":43,"key":"Boot"},{"floor":47,"key":"Bag of Marbles"},{"floor":47,"key":"aspiration:HummingbirdHeart"},{"floor":48,"key":"testmod-Laevatain"}],"event_choices":[{"damage_healed":0,"gold_gain":0,"player_choice":"Disagree","damage_taken":0,"max_hp_gain":0,"max_hp_loss":0,"event_name":"conspire:LoneGhost","floor":3,"gold_loss":0},{"damage_healed":0,"gold_gain":30,"player_choice":"Searched \u00273\u0027 times","damage_taken":0,"relics_obtained":["BlackRope"],"max_hp_gain":0,"max_hp_loss":0,"event_name":"Dead Adventurer","floor":7,"gold_loss":0},{"damage_healed":0,"gold_gain":0,"player_choice":"Fight","damage_taken":0,"max_hp_gain":0,"max_hp_loss":0,"event_name":"MindBloom","floor":48,"gold_loss":0}],"is_beta":false,"boss_relics":[{"not_picked":["EE1DDrone","halation:ForbiddenBikini"],"picked":"bronze:MakeshiftBattery"},{"not_picked":["PatriotShield","energizedSpire:EnergizedDie"],"picked":"hubris:Backtick"}],"items_purged_floors":[],"is_endless":false,"potions_floor_spawned":[1,2,5,23,25,30,33,37,39,46],"ascension_level":0}}