{"host":"kntpungskobv1jqb","time":1612241800,"event":{"mods":["BaseMod","Minty Spire (QoL Compilation)","Replay The Spire","StSLib","SuperFastMode"],"gold_per_floor":[118,74,92,92,106,106,136,136,136,136,136,136],"floor_reached":11,"language":"ZHS","playtime":267,"items_purged":[],"score":142,"play_id":"033fbd7e-a3fd-4a54-84bd-9c0e2f6525bb","local_time":"20210202125640","is_ascension_mode":true,"campfire_choices":[{"floor":6,"key":"REST"},{"floor":8,"key":"REST"},{"data":"Crystallizer","floor":10,"key":"SMITH"}],"circlet_count":0,"master_deck":["AscendersBane","Strike_B","Strike_B","Strike_B","Strike_B","Defend_B","Defend_B","Defend_B","Defend_B","Zap","Dualcast","Panacea","BasicCrystalCard","Crystallizer+1","Leap","Delirium","Coolheaded","Cold Snap"],"relics":["Cracked Core","Ring of Misfortune","Ring of Shattering","Mummified Hand","Toxic Egg 2"],"acts_visited":["Exordium"],"potions_floor_usage":[7],"damage_taken":[{"damage":12,"enemies":"Small Slimes","floor":1,"turns":3},{"damage":7,"enemies":"Jaw Worm","floor":3,"turns":2},{"damage":0,"enemies":"Cultist","floor":5,"turns":4},{"damage":19,"enemies":"3 Sentries","floor":7,"turns":13},{"damage":81,"enemies":"Gremlin Nob","floor":11,"turns":4}],"seed_played":"7221179917652204371","potions_obtained":[{"floor":1,"key":"LiquidBronze"}],"is_trial":false,"path_per_floor":["M","$","M","?","M","R","E","R","T","R","E"],"character_chosen":"DEFECT","items_purchased":["Crystallizer"],"campfire_rested":2,"item_purchase_floors":[2],"current_hp_per_floor":[52,52,45,45,45,66,47,68,68,68,0,0],"gold":136,"neow_bonus":"RANDOM_COLORLESS","is_daily":false,"chose_seed":false,"campfire_upgraded":1,"win_rate":0.0,"timestamp":1612241800,"path_taken":["M","$","M","?","M","R","E","R","T","R","E"],"items_purchased_type":["Card"],"build_version":"2020-12-22","purchased_purges":0,"victory":false,"max_hp_per_floor":[71,71,71,71,71,71,71,71,71,71,71,71],"card_choices":[{"not_picked":["Impatience","Dark Shackles"],"picked":"Panacea","floor":0},{"not_picked":["Rebound","Turbo"],"picked":"BasicCrystalCard","floor":1},{"not_picked":["Streamline","Steam"],"picked":"Leap","floor":3},{"not_picked":["Doom and Gloom","Scrape"],"picked":"Coolheaded","floor":5},{"not_picked":["Ball Lightning","Conserve Battery"],"picked":"Cold Snap","floor":7}],"player_experience":530294,"relics_obtained":[{"floor":4,"key":"Ring of Misfortune"},{"floor":4,"key":"Ring of Shattering"},{"floor":7,"key":"Mummified Hand"},{"floor":9,"key":"Toxic Egg 2"}],"event_choices":[],"is_beta":false,"boss_relics":[],"items_purged_floors":[],"is_endless":false,"potions_floor_spawned":[1],"killed_by":"Gremlin Nob","ascension_level":20}}