{"host":"j7koecyuyeg298fi","time":1612286070,"event":{"mods":["BaseMod","Minty Spire (QoL Compilation)"],"gold_per_floor":[112,126,51,1,17,17,36,136,136,169,169,180,194,194,194,298,298,312,326,326,326,376,376,392,392,418,225,225,225,225,315,315,412,412,431,445,445,445],"floor_reached":37,"language":"ENG","playtime":2657,"items_purged":["Defend_G","Strike_G"],"score":367,"play_id":"97d876ec-6f8e-44ad-a2ff-621232e122b7","local_time":"20210202191430","is_ascension_mode":false,"campfire_choices":[{"data":"Infinite Blades","floor":6,"key":"SMITH"},{"data":"Survivor","floor":11,"key":"SMITH"},{"floor":15,"key":"REST"},{"data":"Accuracy","floor":23,"key":"SMITH"},{"data":"Outmaneuver","floor":25,"key":"SMITH"},{"data":"Blade Dance","floor":28,"key":"SMITH"},{"data":"Storm of Steel","floor":32,"key":"SMITH"}],"circlet_count":0,"master_deck":["Strike_G","Strike_G","Strike_G","Strike_G","Defend_G","Survivor+1","Neutralize","Prepared","Infinite Blades+1","Slice","Cloak And Dagger+1","Crippling Poison","Accuracy+1","Sucker Punch","Tools of the Trade+1","Footwork","Blade Dance+1","Outmaneuver+1","Masterful Stab","Storm of Steel+1","Underhanded Strike+1","Dramatic Entrance","Purity","A Thousand Cuts"],"relics":["Ring of the Snake","NeowsBlessing","Blue Candle","Eternal Feather","Runic Pyramid","Juzu Bracelet","WristBlade"],"acts_visited":["Exordium","TheCity","TheBeyond"],"potions_floor_usage":[10,12,13,33,33],"damage_taken":[{"damage":0,"enemies":"Jaw Worm","floor":1,"turns":1},{"damage":0,"enemies":"Small Slimes","floor":2,"turns":1},{"damage":0,"enemies":"Cultist","floor":5,"turns":1},{"damage":5,"enemies":"2 Fungi Beasts","floor":7,"turns":4},{"damage":21,"enemies":"Lagavulin","floor":10,"turns":7},{"damage":25,"enemies":"Gremlin Gang","floor":12,"turns":7},{"damage":7,"enemies":"3 Louse","floor":13,"turns":3},{"damage":34,"enemies":"Slime Boss","floor":16,"turns":11},{"damage":3,"enemies":"3 Byrds","floor":18,"turns":5},{"damage":13,"enemies":"Chosen","floor":19,"turns":5},{"damage":0,"enemies":"Snecko","floor":24,"turns":3},{"damage":50,"enemies":"Champ","floor":33,"turns":9},{"damage":38,"enemies":"Orb Walker","floor":35,"turns":5},{"damage":40,"enemies":"3 Darklings","floor":36,"turns":4},{"damage":15,"enemies":"Sphere and 2 Shapes","floor":37,"turns":3}],"seed_played":"-9208360631597711006","potions_obtained":[{"floor":1,"key":"Regen Potion"},{"floor":5,"key":"AttackPotion"},{"floor":7,"key":"Fire Potion"},{"floor":10,"key":"Poison Potion"},{"floor":24,"key":"GhostInAJar"},{"floor":33,"key":"LiquidBronze"},{"floor":35,"key":"FairyPotion"}],"is_trial":false,"path_per_floor":["M","M","$","?","M","R","M","?","T","E","R","M","M","?","R","B",null,"M","M","?","?","?","R","M","R","T","$","R","?","?","?","R","B",null,"M","M","M"],"character_chosen":"THE_SILENT","items_purchased":["Dramatic Entrance"],"campfire_rested":1,"item_purchase_floors":[27],"current_hp_per_floor":[70,70,70,70,70,70,65,65,65,56,65,40,33,33,63,29,70,67,54,54,54,54,66,66,70,70,70,70,70,70,52,64,14,70,32,13,0,0],"gold":445,"neow_bonus":"THREE_ENEMY_KILL","is_daily":false,"chose_seed":false,"campfire_upgraded":6,"win_rate":0.0,"timestamp":1612286070,"path_taken":["M","M","$","?","M","R","M","?","T","E","R","M","?","?","R","BOSS","M","?","?","?","?","R","M","R","T","$","R","?","?","?","R","BOSS","M","M","M"],"items_purchased_type":["Card"],"build_version":"2020-12-22","purchased_purges":2,"victory":false,"max_hp_per_floor":[70,70,70,70,70,70,70,70,70,70,70,70,70,70,70,70,70,70,70,70,70,70,70,70,70,70,70,70,70,70,70,70,70,70,70,70,70,70],"card_choices":[{"not_picked":["Endless Agony","Dash"],"picked":"Prepared","floor":1},{"not_picked":["Deflect","Crippling Poison"],"picked":"Infinite Blades","floor":2},{"not_picked":["Choke","Masterful Stab"],"picked":"Slice","floor":5},{"not_picked":["Bane","Flying Knee"],"picked":"Cloak And Dagger","floor":7},{"not_picked":["Predator","Quick Slash"],"picked":"Crippling Poison","floor":10},{"not_picked":["Heel Hook","Deflect"],"picked":"Accuracy","floor":12},{"not_picked":["Finisher","Bane"],"picked":"Sucker Punch","floor":13},{"not_picked":["Doppelganger","Burst"],"picked":"Tools of the Trade","floor":16},{"not_picked":["Flying Knee","Eviscerate"],"picked":"Footwork","floor":18},{"not_picked":["Poisoned Stab","Predator"],"picked":"Blade Dance","floor":19},{"not_picked":["Well Laid Plans","Dagger Throw"],"picked":"Underhanded Strike+1","floor":24},{"not_picked":["Phantasmal Killer","Tools of the Trade"],"picked":"A Thousand Cuts","floor":33},{"not_picked":["Poisoned Stab","Flying Knee","Deadly Poison+1"],"picked":"SKIP","floor":35},{"not_picked":["Poisoned Stab+1","Deadly Poison+1","Quick Slash+1"],"picked":"SKIP","floor":36}],"player_experience":209986,"relics_obtained":[{"floor":9,"key":"Blue Candle"},{"floor":10,"key":"Eternal Feather"},{"floor":26,"key":"Juzu Bracelet"}],"event_choices":[{"cards_removed":["Defend_G"],"damage_healed":0,"gold_gain":0,"player_choice":"Card Removal","damage_taken":0,"max_hp_gain":0,"max_hp_loss":0,"event_name":"The Cleric","floor":4,"gold_loss":50},{"damage_healed":0,"gold_gain":100,"player_choice":"Pray","damage_taken":0,"max_hp_gain":0,"max_hp_loss":0,"event_name":"Golden Shrine","floor":8,"gold_loss":0},{"damage_healed":0,"gold_gain":0,"player_choice":"Upgraded","damage_taken":0,"max_hp_gain":0,"max_hp_loss":0,"event_name":"Upgrade Shrine","floor":14,"gold_loss":0,"cards_upgraded":["Cloak And Dagger"]},{"damage_healed":0,"gold_gain":0,"player_choice":"Read","damage_taken":0,"max_hp_gain":0,"max_hp_loss":0,"event_name":"The Library","floor":20,"gold_loss":0,"cards_obtained":["Outmaneuver"]},{"damage_healed":0,"gold_gain":0,"cards_transformed":["Defend_G","Defend_G"],"player_choice":"Became Test Subject","damage_taken":0,"max_hp_gain":0,"max_hp_loss":0,"event_name":"Drug Dealer","floor":21,"gold_loss":0,"cards_obtained":["Masterful Stab","Storm of Steel"]},{"damage_healed":0,"gold_gain":100,"player_choice":"Bet on Murderer","damage_taken":0,"max_hp_gain":0,"max_hp_loss":0,"event_name":"The Joust","floor":22,"gold_loss":50},{"damage_healed":0,"gold_gain":0,"player_choice":"Upgraded","damage_taken":0,"max_hp_gain":0,"max_hp_loss":0,"event_name":"Upgrade Shrine","floor":29,"gold_loss":0,"cards_upgraded":["Tools of the Trade"]},{"damage_healed":0,"gold_gain":0,"player_choice":"Ignored","damage_taken":0,"max_hp_gain":0,"max_hp_loss":0,"event_name":"Ghosts","floor":30,"gold_loss":0},{"damage_healed":0,"gold_gain":90,"player_choice":"CARD GOLD ","damage_taken":18,"max_hp_gain":0,"max_hp_loss":0,"event_name":"Knowing Skull","floor":31,"potions_obtained":[],"gold_loss":0,"cards_obtained":["Purity"]}],"is_beta":false,"boss_relics":[{"not_picked":["Ring of the Serpent","Coffee Dripper"],"picked":"Runic Pyramid"},{"not_picked":["SacredBark","Fusion Hammer"],"picked":"WristBlade"}],"items_purged_floors":[3,27],"is_endless":false,"potions_floor_spawned":[1,5,7,10,24,33,35],"killed_by":"Sphere and 2 Shapes","ascension_level":0}}