{"host":"y24pqu7jih1n8m3t","time":1612307943,"event":{"mods":["AchievementEnabler","BaseMod","Bestiary","Block Reminder","Colored Map","Colored Powertips","DeckTracker","Highlight Path","Minty Spire (QoL Compilation)","Permanent Neow","Quick Restart","Rare Cards Sparkle","Relic Stats"],"gold_per_floor":[112,129,0,15,28,28,63,76,76,112,112,112,140,166,166,276,285,309,123,150,78,99,99,119,156,211,211,211],"floor_reached":27,"language":"ENG","playtime":1624,"items_purged":["Strike_R","Strike_R"],"score":309,"play_id":"04a94f09-088d-40c3-84b8-72cfa9b424a3","local_time":"20210202181903","is_ascension_mode":true,"campfire_choices":[{"data":"Body Slam","floor":6,"key":"SMITH"},{"floor":12,"key":"REST"},{"data":"Body Slam","floor":15,"key":"SMITH"},{"floor":23,"key":"REST"}],"circlet_count":0,"master_deck":["Strike_R","Strike_R","Strike_R","Defend_R","Defend_R","Defend_R","Defend_R+1","Bash","Iron Wave","Body Slam+1","Shrug It Off","Pommel Strike","Pommel Strike","Berserk","Burning Pact+1","Shrug It Off","Body Slam+1","Clothesline","Immolate","CurseOfTheBell","Spot Weakness","Iron Wave","Shrug It Off","Heavy Blade","Inflame","Pummel+1","Cleave","Pommel Strike+1"],"relics":["Sozu","Pen Nib","Regal Pillow","CeramicFish","Calling Bell","Strawberry","Pear","Lizard Tail","Molten Egg 2","War Paint"],"acts_visited":["Exordium","TheCity"],"potions_floor_usage":[],"damage_taken":[{"damage":1,"enemies":"Cultist","floor":1,"turns":4},{"damage":0,"enemies":"Small Slimes","floor":2,"turns":2},{"damage":7,"enemies":"2 Louse","floor":4,"turns":3},{"damage":2,"enemies":"Lots of Slimes","floor":5,"turns":4},{"damage":11,"enemies":"Gremlin Nob","floor":7,"turns":3},{"damage":5,"enemies":"2 Fungi Beasts","floor":8,"turns":3},{"damage":20,"enemies":"3 Sentries","floor":10,"turns":8},{"damage":14,"enemies":"Gremlin Gang","floor":13,"turns":5},{"damage":0,"enemies":"Large Slime","floor":14,"turns":2},{"damage":31,"enemies":"The Guardian","floor":16,"turns":9},{"damage":19,"enemies":"Spheric Guardian","floor":18,"turns":4},{"damage":0,"enemies":"Chosen","floor":20,"turns":3},{"damage":44,"enemies":"Snake Plant","floor":22,"turns":5},{"damage":29,"enemies":"Snecko","floor":24,"turns":5},{"damage":30,"enemies":"Gremlin Leader","floor":25,"turns":6},{"damage":39,"enemies":"Book of Stabbing","floor":27,"turns":5}],"seed_played":"8562162873441799846","potions_obtained":[],"is_trial":false,"path_per_floor":["M","M","$","M","M","R","E","M","T","E","?","R","M","M","R","B",null,"M","$","M","$","M","R","M","E","T","E"],"character_chosen":"IRONCLAD","items_purchased":["Shrug It Off","Iron Wave","Shrug It Off","Inflame"],"campfire_rested":2,"item_purchase_floors":[3,19,19,21],"current_hp_per_floor":[79,79,79,72,70,70,59,54,54,34,26,65,51,51,51,20,97,78,78,78,78,34,78,49,19,19,34,34],"gold":211,"neow_bonus":"BOSS_RELIC","is_daily":false,"chose_seed":false,"campfire_upgraded":2,"win_rate":0.0,"timestamp":1612307943,"path_taken":["M","M","$","M","M","R","E","M","T","E","?","R","M","M","R","BOSS","M","$","?","$","M","R","M","E","T","E"],"items_purchased_type":["Card","Card","Card","Card"],"build_version":"2020-12-22","purchased_purges":2,"victory":false,"max_hp_per_floor":[80,80,80,80,80,80,80,80,80,80,80,80,80,80,80,80,97,97,97,97,97,97,97,97,97,97,97,97],"relic_stats":{"Sozu":8,"Regal Pillow":30,"Lizard Tail":48,"counters":[16,70],"CeramicFish":117,"Pen Nib":[12],"War Paint":["Burning Pact","Defend_R"],"obtain_stats":[{"Sozu":0,"Calling Bell":17,"Regal Pillow":9,"Lizard Tail":17,"Pear":17,"CeramicFish":10,"Strawberry":17,"Molten Egg 2":25,"Pen Nib":7,"War Paint":26,"Burning Blood":0},{"Sozu":0,"Calling Bell":10,"Regal Pillow":6,"Lizard Tail":10,"Pear":10,"CeramicFish":7,"Strawberry":10,"Molten Egg 2":15,"Pen Nib":5,"War Paint":15,"Burning Blood":0},{"Sozu":0,"Calling Bell":43,"Regal Pillow":19,"Lizard Tail":43,"Pear":43,"CeramicFish":27,"Strawberry":43,"Molten Egg 2":66,"Pen Nib":16,"War Paint":66,"Burning Blood":0}]},"card_choices":[{"not_picked":["Feel No Pain","Anger"],"picked":"Iron Wave","floor":1},{"not_picked":["Ghostly Armor","Warcry"],"picked":"Body Slam","floor":2},{"not_picked":["Armaments","Anger"],"picked":"Pommel Strike","floor":4},{"not_picked":["Twin Strike","Headbutt"],"picked":"Pommel Strike","floor":5},{"not_picked":["Flex","Exhume"],"picked":"Berserk","floor":7},{"not_picked":["Heavy Blade","Clothesline"],"picked":"Burning Pact","floor":8},{"not_picked":["Body Slam","Feel No Pain"],"picked":"Shrug It Off","floor":10},{"not_picked":["Sword Boomerang","Burning Pact"],"picked":"Body Slam","floor":13},{"not_picked":["Seeing Red","Ghostly Armor"],"picked":"Clothesline","floor":14},{"not_picked":["Barricade","Fiend Fire"],"picked":"Immolate","floor":16},{"not_picked":["Wild Strike","Combust"],"picked":"Spot Weakness","floor":18},{"not_picked":["Perfected Strike","Twin Strike+1"],"picked":"Heavy Blade","floor":20},{"not_picked":["Flame Barrier","Bloodletting"],"picked":"Pummel+1","floor":22},{"not_picked":["Havoc","Thunderclap"],"picked":"Cleave","floor":24},{"not_picked":["Brutality","Wild Strike+1"],"picked":"Pommel Strike+1","floor":25}],"player_experience":213372,"relics_obtained":[{"floor":7,"key":"Pen Nib"},{"floor":9,"key":"Regal Pillow"},{"floor":10,"key":"CeramicFish"},{"floor":17,"key":"Strawberry"},{"floor":17,"key":"Pear"},{"floor":17,"key":"Lizard Tail"},{"floor":25,"key":"Molten Egg 2"},{"floor":26,"key":"War Paint"}],"event_choices":[{"damage_healed":0,"gold_gain":0,"player_choice":"Damaged","damage_taken":8,"max_hp_gain":0,"max_hp_loss":0,"event_name":"Wheel of Change","floor":11,"gold_loss":0}],"is_beta":false,"boss_relics":[{"not_picked":["SacredBark","Runic Cube"],"picked":"Calling Bell"}],"items_purged_floors":[3,19],"is_endless":false,"potions_floor_spawned":[1,2,8,13,14,18,20,22],"killed_by":"Book of Stabbing","ascension_level":3}}