{"host":"ul3z8ex5o8l5j7mh","time":1612287101,"event":{"mods":["AchievementEnabler","BaseMod","Colored Map","Colored Powertips","DeckTracker","Minty Spire (QoL Compilation)","SuperFastMode"],"gold_per_floor":[117,117,292,67,80,80,80,101,101,140,140,140,154,174,174,304,304,327,327,311,164,180,216,216,216,216,64,85,98,119,133,133,256,256,269,86,86,154,154,154,29,92,117,137,470,470,173,187,187,187,187],"floor_reached":50,"language":"ENG","playtime":2022,"items_purged":["Doubt","Pain","Writhe","Parasite"],"score":485,"play_id":"dd27a100-e638-46fd-a0ce-29f904731a0a","local_time":"20210202183141","is_ascension_mode":false,"campfire_choices":[{"data":"Uppercut","floor":6.0,"key":"SMITH"},{"floor":11.0,"key":"RECALL"},{"data":"Anger","floor":15.0,"key":"SMITH"},{"data":"Corruption","floor":25.0,"key":"SMITH"},{"data":"Barricade","floor":32.0,"key":"SMITH"},{"data":"Double Tap","floor":40.0,"key":"SMITH"},{"data":"Carnage","floor":46,"key":"SMITH"},{"data":"Clothesline","floor":49,"key":"SMITH"}],"circlet_count":0,"master_deck":["Strike_R","Strike_R","Strike_R","Strike_R","Strike_R","Defend_R","Defend_R","Defend_R","Bash+1","Perfected Strike","Uppercut+1","Anger+1","Rampage","Reaper","Corruption+1","Armaments+1","Heavy Blade","Dropkick+1","Barricade+1","Shrug It Off","Clothesline+1","Heavy Blade+1","Searing Blow+1","Shrug It Off","Double Tap+1","Searing Blow","Carnage+1","CarveReality+1","Steam+1"],"relics":["Burning Blood","Sling","Self Forming Clay","Pocketwatch","Cursed Key","Juzu Bracelet","Art of War","Busted Crown","PrismaticShard","Champion Belt","Du-Vu Doll","Orichalcum","Lantern"],"acts_visited":["Exordium","TheCity","TheBeyond"],"potions_floor_usage":[50,50,50],"damage_taken":[{"damage":11.0,"enemies":"2 Louse","floor":1.0,"turns":3.0},{"damage":6.0,"enemies":"Jaw Worm","floor":5.0,"turns":2.0},{"damage":0.0,"enemies":"Cultist","floor":8.0,"turns":3.0},{"damage":18.0,"enemies":"Gremlin Nob","floor":10.0,"turns":4.0},{"damage":1.0,"enemies":"3 Louse","floor":13.0,"turns":5.0},{"damage":0.0,"enemies":"Looter","floor":14.0,"turns":2.0},{"damage":34.0,"enemies":"The Guardian","floor":16.0,"turns":8.0},{"damage":9.0,"enemies":"Shell Parasite","floor":18.0,"turns":3.0},{"damage":19.0,"enemies":"2 Thieves","floor":20.0,"turns":4.0},{"damage":24.0,"enemies":"Sentry and Sphere","floor":22.0,"turns":5.0},{"damage":29.0,"enemies":"Slavers","floor":23.0,"turns":5.0},{"damage":0.0,"enemies":"Cultist and Chosen","floor":28.0,"turns":6.0},{"damage":21.0,"enemies":"Snake Plant","floor":29.0,"turns":4.0},{"damage":5.0,"enemies":"Snecko","floor":30.0,"turns":4.0},{"damage":21.0,"enemies":"Chosen and Byrds","floor":31.0,"turns":6.0},{"damage":49.0,"enemies":"Champ","floor":33.0,"turns":12.0},{"damage":37.0,"enemies":"3 Darklings","floor":35.0,"turns":5.0},{"damage":45.0,"enemies":"2 Orb Walkers","floor":38.0,"turns":5.0},{"damage":10.0,"enemies":"Mind Bloom Boss Battle","floor":42.0,"turns":7.0},{"damage":15,"enemies":"3 Shapes","floor":44,"turns":4},{"damage":11,"enemies":"3 Darklings","floor":48,"turns":6},{"damage":122,"enemies":"Donu and Deca","floor":50,"turns":8}],"seed_played":"-1684746159891338161","potions_obtained":[{"floor":1.0,"key":"BlessingOfTheForge"},{"floor":5.0,"key":"EssenceOfSteel"},{"floor":10.0,"key":"SpeedPotion"},{"floor":13.0,"key":"Energy Potion"},{"floor":16.0,"key":"FearPotion"},{"floor":22.0,"key":"Energy Potion"},{"floor":23.0,"key":"SkillPotion"},{"floor":30.0,"key":"DuplicationPotion"},{"floor":33.0,"key":"PowerPotion"},{"floor":42.0,"key":"BloodPotion"},{"floor":44,"key":"Ancient Potion"},{"floor":48,"key":"BloodPotion"}],"is_trial":false,"path_per_floor":["M","?","?","$","M","R","?","M","T","E","R","?","M","M","R","B",null,"M","?","M","$","M","E","?","R","T","$","M","M","M","M","R","B",null,"M","$","?","?","?","R","$","?","T","M","?","R","$","M","R","B"],"character_chosen":"IRONCLAD","items_purchased":["Sling","Juzu Bracelet","Shrug It Off","PrismaticShard","Carnage","Lantern"],"campfire_rested":0,"item_purchase_floors":[4,21,27,36,36,47],"current_hp_per_floor":[83,83,83,83,83,83,83,88,88,76,76,76,81,87,87,59,88,85,85,72,72,59,48,77,77,77,77,87,72,73,61,61,18,88,67,67,67,38,60,60,60,64,64,75,75,75,75,82,82,0,0],"gold":187,"neow_bonus":"TEN_PERCENT_HP_BONUS","is_daily":false,"chose_seed":false,"campfire_upgraded":7,"win_rate":0.0,"timestamp":1612287101,"path_taken":["M","?","?","$","M","R","?","?","T","E","R","?","M","M","R","BOSS","M","?","M","$","M","E","?","R","T","$","M","M","M","M","R","BOSS","M","$","?","?","?","R","$","?","T","M","?","R","$","M","R","BOSS"],"items_purchased_type":["Relic","Relic","Card","Relic","Card","Relic"],"build_version":"2020-12-22","purchased_purges":4,"victory":false,"max_hp_per_floor":[88,88,88,88,88,88,88,88,88,88,88,88,88,88,88,88,88,88,88,88,88,88,88,88,88,88,88,88,88,88,88,88,88,88,88,88,88,88,88,88,88,88,88,88,88,88,85,85,85,85,85],"card_choices":[{"not_picked":["Power Through","Shockwave"],"picked":"Perfected Strike","floor":1.0},{"not_picked":["Rampage","Sentinel"],"picked":"Uppercut","floor":5.0},{"not_picked":["Wild Strike","Havoc","Bloodletting"],"picked":"SKIP","floor":8.0},{"not_picked":["Fire Breathing","Pummel"],"picked":"Anger","floor":10.0},{"not_picked":["Shrug It Off","Body Slam"],"picked":"Rampage","floor":13.0},{"not_picked":["Havoc","Pummel"],"picked":"Reaper","floor":14.0},{"not_picked":["Exhume","Berserk"],"picked":"Corruption","floor":16.0},{"not_picked":["Sentinel+1","Pommel Strike+1"],"picked":"Armaments+1","floor":18.0},{"not_picked":["Anger","Havoc+1"],"picked":"Heavy Blade","floor":20.0},{"not_picked":["Bloodletting","Perfected Strike"],"picked":"Dropkick+1","floor":22.0},{"not_picked":["Body Slam","Immolate"],"picked":"Barricade","floor":23.0},{"not_picked":["Warcry","Evolve+1"],"picked":"Clothesline","floor":28.0},{"not_picked":["Combust","Fiend Fire"],"picked":"Heavy Blade+1","floor":29.0},{"not_picked":["Heavy Blade","Clothesline"],"picked":"Searing Blow+1","floor":30.0},{"not_picked":["Warcry","Heavy Blade+1"],"picked":"Shrug It Off","floor":31.0},{"not_picked":["Reaper","Bludgeon"],"picked":"Double Tap","floor":33.0},{"not_picked":[],"picked":"Searing Blow","floor":35.0},{"not_picked":[],"picked":"CarveReality+1","floor":42.0},{"not_picked":[],"picked":"Steam+1","floor":44},{"not_picked":["Ball Lightning+1"],"picked":"SKIP","floor":48}],"player_experience":301997,"relics_obtained":[{"floor":9.0,"key":"Self Forming Clay"},{"floor":10.0,"key":"Pocketwatch"},{"floor":23.0,"key":"Art of War"},{"floor":38.0,"key":"Champion Belt"},{"floor":42.0,"key":"Du-Vu Doll"},{"floor":43.0,"key":"Orichalcum"}],"event_choices":[{"damage_healed":0.0,"max_hp_gain":0.0,"max_hp_loss":0.0,"gold_gain":0.0,"event_name":"Living Wall","player_choice":"Grow","floor":2.0,"gold_loss":0.0,"damage_taken":0.0,"cards_upgraded":["Bash"]},{"damage_healed":0.0,"max_hp_gain":0.0,"max_hp_loss":0.0,"gold_gain":175.0,"event_name":"Liars Game","player_choice":"AGREE","floor":3.0,"gold_loss":0.0,"damage_taken":0.0,"cards_obtained":["Doubt"]},{"damage_healed":0.0,"max_hp_gain":0.0,"max_hp_loss":0.0,"gold_gain":0.0,"event_name":"Golden Idol","player_choice":"Take Wound","floor":7.0,"gold_loss":0.0,"damage_taken":0.0,"relics_obtained":["Golden Idol"],"cards_obtained":["Injury"]},{"cards_removed":["Injury"],"damage_healed":0.0,"max_hp_gain":0.0,"max_hp_loss":0.0,"gold_gain":0.0,"event_name":"Fountain of Cleansing","player_choice":"Removed Curses","floor":12.0,"gold_loss":0.0,"damage_taken":0.0},{"damage_healed":0.0,"max_hp_gain":0.0,"max_hp_loss":0.0,"gold_gain":0.0,"event_name":"Ghosts","player_choice":"Ignored","floor":19.0,"gold_loss":0.0,"damage_taken":0.0},{"damage_healed":29.0,"max_hp_gain":0.0,"max_hp_loss":0.0,"gold_gain":0.0,"event_name":"The Library","player_choice":"Heal","floor":24.0,"gold_loss":0.0,"damage_taken":0.0},{"cards_removed":["Defend_R"],"damage_healed":0.0,"max_hp_gain":0.0,"max_hp_loss":0.0,"gold_gain":0.0,"event_name":"Falling","player_choice":"Removed Skill","floor":37.0,"gold_loss":0.0,"damage_taken":0.0},{"damage_healed":0.0,"max_hp_gain":0.0,"max_hp_loss":0.0,"gold_gain":0.0,"event_name":"Mysterious Sphere","player_choice":"Fight","floor":38.0,"gold_loss":0.0,"damage_taken":0.0},{"damage_healed":22.0,"max_hp_gain":0.0,"max_hp_loss":0.0,"gold_gain":0.0,"event_name":"Winding Halls","player_choice":"Writhe","floor":39.0,"gold_loss":0.0,"damage_taken":0.0,"cards_obtained":["Writhe"]},{"damage_healed":0.0,"max_hp_gain":0.0,"max_hp_loss":0.0,"gold_gain":0.0,"event_name":"MindBloom","player_choice":"Fight","floor":42.0,"gold_loss":0.0,"damage_taken":0.0},{"damage_healed":0,"gold_gain":333,"player_choice":"Gave Idol","damage_taken":0,"max_hp_gain":0,"max_hp_loss":0,"event_name":"The Moai Head","floor":45,"relics_lost":["Golden Idol"],"gold_loss":0}],"is_beta":false,"boss_relics":[{"not_picked":["Philosopher\u0027s Stone","Empty Cage"],"picked":"Cursed Key"},{"not_picked":["Coffee Dripper","Black Star"],"picked":"Busted Crown"}],"items_purged_floors":[4,27,41,47],"is_endless":false,"potions_floor_spawned":[1,5,10,13,16,22,23,30,33,42,44,48],"killed_by":"Donu and Deca","ascension_level":0}}