{"host":"sav7uxregyirlf69","time":1612247472,"event":{"mods":["AchievementEnabler","BaseMod","Colored Map","DeckTracker","Keyboard Shortcuts","Minty Spire (QoL Compilation)","READ ME - Guardian Mod","StSLib","SuperFastMode"],"gold_per_floor":[111,127,127,144,144,144,161,174,174,3,22,22,55,55,55,126,126,138,154,168,168,93,93,93,93],"floor_reached":24,"language":"KOR","playtime":448,"items_purged":[],"score":396,"play_id":"b61c931a-e743-411c-8c45-84fd8377975c","local_time":"20210202153112","is_ascension_mode":true,"campfire_choices":[{"data":"Noxious Fumes","floor":6,"key":"SMITH"},{"data":"Deadly Poison","floor":12,"key":"SMITH"},{"data":"Reflex","floor":15,"key":"SMITH"},{"floor":23,"key":"REST"}],"circlet_count":0,"master_deck":["AscendersBane","Strike_G+1","Strike_G","Strike_G","Defend_G","Defend_G","Defend_G","Defend_G","Defend_G","Survivor","Neutralize+1","Noxious Fumes+1","Dagger Spray+1","Reflex+1","Deadly Poison+1","Backflip","Escape Plan","Grand Finale","Prepared"],"relics":["Ring of the Snake","Oddly Smooth Stone","Ninja Scroll","Lee\u0027s Waffle","Whetstone","SacredBark"],"acts_visited":["Exordium","TheCity"],"potions_floor_usage":[8,16,24,24],"damage_taken":[{"damage":5,"enemies":"Jaw Worm","floor":1,"turns":6},{"damage":10,"enemies":"2 Louse","floor":2,"turns":4},{"damage":0,"enemies":"Cultist","floor":4,"turns":4},{"damage":14,"enemies":"Large Slime","floor":7,"turns":6},{"damage":0,"enemies":"Lots of Slimes","floor":8,"turns":1},{"damage":1,"enemies":"Blue Slaver","floor":11,"turns":4},{"damage":29,"enemies":"Gremlin Nob","floor":13,"turns":4},{"damage":14,"enemies":"The Guardian","floor":16,"turns":9},{"damage":18,"enemies":"Chosen","floor":18,"turns":5},{"damage":7,"enemies":"3 Byrds","floor":19,"turns":5},{"damage":24,"enemies":"Centurion and Healer","floor":20,"turns":9},{"damage":22,"enemies":"Book of Stabbing","floor":24,"turns":4}],"seed_played":"-594631029099429188","potions_obtained":[{"floor":2,"key":"BlessingOfTheForge"},{"floor":4,"key":"Explosive Potion"},{"floor":11,"key":"Explosive Potion"},{"floor":18,"key":"AttackPotion"}],"is_trial":false,"path_per_floor":["M","M","?","M","?","R","M","M","T","$","M","R","E","?","R","B",null,"M","M","M","?","?","R","E"],"character_chosen":"THE_SILENT","items_purchased":["Lee\u0027s Waffle"],"campfire_rested":1,"item_purchase_floors":[10],"current_hp_per_floor":[54,44,37,37,42,42,28,28,28,78,77,77,48,48,48,34,67,49,42,18,18,18,41,19,19],"gold":93,"neow_bonus":"RANDOM_COMMON_RELIC","is_daily":false,"chose_seed":false,"campfire_upgraded":3,"win_rate":0.0,"timestamp":1612247472,"path_taken":["M","M","?","M","?","R","?","M","T","$","?","R","E","?","R","BOSS","M","?","M","?","?","R","E"],"items_purchased_type":["Relic"],"build_version":"2020-12-22","purchased_purges":0,"victory":false,"max_hp_per_floor":[66,66,66,66,71,71,71,71,71,78,78,78,78,78,78,78,78,78,78,78,78,78,78,78,78],"card_choices":[{"not_picked":["Slice","Blur"],"picked":"Noxious Fumes","floor":1},{"not_picked":["Heel Hook","Sucker Punch"],"picked":"Dagger Spray","floor":2},{"not_picked":["Setup","Endless Agony"],"picked":"Reflex","floor":4},{"not_picked":["Sucker Punch","Skewer"],"picked":"Deadly Poison","floor":7},{"not_picked":["Terror","Grand Finale","Choke"],"picked":"SKIP","floor":8},{"not_picked":["Setup","Prepared"],"picked":"Backflip","floor":11},{"not_picked":["Masterful Stab","Infinite Blades"],"picked":"Escape Plan","floor":13},{"not_picked":["Wraith Form v2","Burst"],"picked":"Grand Finale","floor":16},{"not_picked":["Dagger Throw","Accuracy+1"],"picked":"Prepared","floor":18},{"not_picked":["Dash+1","Dagger Spray","Flechettes"],"picked":"SKIP","floor":19},{"not_picked":["Choke","Crippling Poison","Backstab"],"picked":"SKIP","floor":20}],"player_experience":1457488,"relics_obtained":[{"floor":9,"key":"Ninja Scroll"},{"floor":13,"key":"Whetstone"}],"event_choices":[{"cards_removed":["Strike_G"],"damage_healed":0,"gold_gain":0,"player_choice":"Card Removal","damage_taken":7,"max_hp_gain":0,"max_hp_loss":0,"event_name":"Golden Wing","floor":3,"gold_loss":0},{"damage_healed":0,"gold_gain":0,"player_choice":"Donut","damage_taken":0,"max_hp_gain":5,"max_hp_loss":0,"event_name":"Big Fish","floor":5,"gold_loss":0},{"damage_healed":0,"gold_gain":0,"player_choice":"Forge","damage_taken":0,"max_hp_gain":0,"max_hp_loss":0,"event_name":"Accursed Blacksmith","floor":14,"gold_loss":0,"cards_upgraded":["Neutralize"]},{"damage_healed":0,"gold_gain":0,"player_choice":"Ignored","damage_taken":0,"max_hp_gain":0,"max_hp_loss":0,"event_name":"The Mausoleum","floor":21,"gold_loss":0},{"cards_removed":["Strike_G"],"damage_healed":0,"gold_gain":0,"player_choice":"Gave Gold","damage_taken":0,"max_hp_gain":0,"max_hp_loss":0,"event_name":"Beggar","floor":22,"gold_loss":75}],"is_beta":false,"boss_relics":[{"not_picked":["Philosopher\u0027s Stone","Black Star"],"picked":"SacredBark"}],"items_purged_floors":[],"is_endless":false,"potions_floor_spawned":[2,4,7,11,18,19],"killed_by":"Book of Stabbing","ascension_level":20}}