{"host":"15dd7v8o90xso62x","time":1612234781,"event":{"mods":["BaseMod","Minty Spire (QoL Compilation)","Quick Restart","StSLib","SuperFastMode"],"gold_per_floor":[119,194,119,61,61,61,31,31,83,93,120,145,145,156,156,232,232,242,242,27,39,39,39,89,89,89,105,186,186,186],"floor_reached":29,"language":"KOR","playtime":791,"items_purged":["Strike_G"],"score":434,"play_id":"b1c9776b-1558-4f18-8036-6d10ad6ceb0b","local_time":"20210202115941","is_ascension_mode":true,"campfire_choices":[{"data":"Dagger Spray","floor":6.0,"key":"SMITH"},{"data":"Acrobatics","floor":8.0,"key":"SMITH"},{"data":"Blade Dance","floor":15.0,"key":"SMITH"},{"data":"Burst","floor":23.0,"key":"SMITH"},{"floor":25.0,"key":"REST"}],"circlet_count":0,"master_deck":["AscendersBane","Strike_G","Strike_G","Defend_G","Survivor","Neutralize","Acrobatics+1","Dagger Spray+1","Blade Dance+1","Finisher","Burst+1","Leg Sweep+1","Malaise+1","Crippling Poison+1","Noxious Fumes"],"relics":["Ring of the Snake","Juzu Bracelet","Odd Mushroom","Happy Flower","Smiling Mask","Astrolabe","TheAbacus","SsserpentHead","Enchiridion","Pantograph","Red Mask"],"acts_visited":["Exordium","TheCity"],"potions_floor_usage":[29],"damage_taken":[{"damage":3.0,"enemies":"Small Slimes","floor":1.0,"turns":5.0},{"damage":0.0,"enemies":"2 Louse","floor":10.0,"turns":2.0},{"damage":0.0,"enemies":"The Mushroom Lair","floor":11.0,"turns":2.0},{"damage":27.0,"enemies":"3 Sentries","floor":12.0,"turns":7.0},{"damage":1.0,"enemies":"Jaw Worm","floor":14.0,"turns":3.0},{"damage":4.0,"enemies":"Hexaghost","floor":16.0,"turns":8.0},{"damage":4.0,"enemies":"Spheric Guardian","floor":18.0,"turns":6.0},{"damage":12.0,"enemies":"Shell Parasite","floor":21.0,"turns":6.0},{"damage":0.0,"enemies":"Centurion and Healer","floor":27.0,"turns":7.0},{"damage":15.0,"enemies":"Masked Bandits","floor":28.0,"turns":3.0},{"damage":18,"enemies":"Gremlin Leader","floor":29,"turns":3}],"seed_played":"5155905043120429498","potions_obtained":[{"floor":7.0,"key":"DistilledChaos"},{"floor":7.0,"key":"Fruit Juice"},{"floor":10.0,"key":"Ancient Potion"},{"floor":14.0,"key":"GamblersBrew"},{"floor":16.0,"key":"GhostInAJar"},{"floor":21.0,"key":"LiquidBronze"},{"floor":27.0,"key":"ColorlessPotion"}],"is_trial":false,"path_per_floor":["M","?","?","$","?","R","?","R","T","M","?","E","?","M","R","B",null,"M","?","$","M","?","R","?","R","T","M","?","E"],"character_chosen":"THE_SILENT","items_purchased":["Dagger Spray","TheAbacus"],"campfire_rested":1,"item_purchase_floors":[4,20],"current_hp_per_floor":[56,45,45,45,45,45,45,45,45,50,50,23,12,11,11,7,51,47,47,47,35,35,35,14,33,33,33,18,0,0],"gold":186,"neow_bonus":"REMOVE_TWO","is_daily":false,"chose_seed":false,"campfire_upgraded":4,"win_rate":0.0,"timestamp":1612234781,"path_taken":["M","?","?","$","?","R","?","R","T","M","?","E","?","M","R","BOSS","M","?","$","M","?","R","?","R","T","M","?","E"],"items_purchased_type":["Card","Relic"],"build_version":"2020-12-22","purchased_purges":1,"victory":false,"max_hp_per_floor":[60,60,60,60,60,60,60,60,60,65,65,65,65,65,65,65,65,65,65,65,65,65,65,65,65,65,65,65,65,65],"card_choices":[{"not_picked":["Leg Sweep","Skewer"],"picked":"Acrobatics","floor":1.0},{"not_picked":["Sucker Punch","Acrobatics","Quick Slash"],"picked":"SKIP","floor":10.0},{"not_picked":["Sucker Punch","Cloak And Dagger"],"picked":"Blade Dance","floor":11.0},{"not_picked":["Catalyst","Slice"],"picked":"Finisher","floor":12.0},{"not_picked":["Dodge and Roll","PiercingWail","Bane"],"picked":"SKIP","floor":14.0},{"not_picked":["Tools of the Trade","Envenom"],"picked":"Burst","floor":16.0},{"not_picked":["All Out Attack","Dodge and Roll","Deadly Poison"],"picked":"SKIP","floor":18.0},{"not_picked":["Bane","Crippling Poison","Dagger Throw"],"picked":"SKIP","floor":21.0},{"not_picked":["Leg Sweep","Outmaneuver","Caltrops"],"picked":"SKIP","floor":27.0},{"not_picked":["Dagger Throw+1","PiercingWail"],"picked":"Noxious Fumes","floor":28.0}],"player_experience":929242,"relics_obtained":[{"floor":9.0,"key":"Juzu Bracelet"},{"floor":11.0,"key":"Odd Mushroom"},{"floor":12.0,"key":"Happy Flower"},{"floor":24.0,"key":"Enchiridion"},{"floor":26.0,"key":"Pantograph"},{"floor":28.0,"key":"Red Mask"}],"event_choices":[{"damage_healed":0.0,"max_hp_gain":0.0,"max_hp_loss":0.0,"gold_gain":75.0,"event_name":"World of Goop","player_choice":"Gather Gold","floor":2.0,"gold_loss":0.0,"damage_taken":11.0},{"cards_removed":["Defend_G"],"damage_healed":0.0,"max_hp_gain":0.0,"max_hp_loss":0.0,"gold_gain":0.0,"event_name":"The Cleric","player_choice":"Card Removal","floor":3.0,"gold_loss":75.0,"damage_taken":0.0},{"damage_healed":0.0,"max_hp_gain":0.0,"max_hp_loss":0.0,"gold_gain":0.0,"event_name":"Liars Game","player_choice":"Ignored","floor":5.0,"gold_loss":0.0,"damage_taken":0.0},{"damage_healed":0.0,"max_hp_gain":0.0,"max_hp_loss":0.0,"gold_gain":0.0,"event_name":"The Woman in Blue","player_choice":"Bought 2 Potions","floor":7.0,"gold_loss":0.0,"damage_taken":0.0},{"damage_healed":0.0,"max_hp_gain":0.0,"max_hp_loss":0.0,"gold_gain":0.0,"event_name":"Mushrooms","player_choice":"Fought Mushrooms","floor":11.0,"gold_loss":0.0,"damage_taken":0.0},{"damage_healed":0.0,"max_hp_gain":0.0,"max_hp_loss":0.0,"gold_gain":0.0,"event_name":"Scrap Ooze","player_choice":"Success","floor":13.0,"gold_loss":0.0,"damage_taken":11.0,"relics_obtained":["Smiling Mask"]},{"damage_healed":0.0,"max_hp_gain":0.0,"max_hp_loss":0.0,"gold_gain":0.0,"event_name":"Ghosts","player_choice":"Ignored","floor":19.0,"gold_loss":0.0,"damage_taken":0.0},{"damage_healed":0.0,"max_hp_gain":0.0,"max_hp_loss":0.0,"gold_gain":0.0,"event_name":"FaceTrader","player_choice":"Trade","floor":22.0,"gold_loss":0.0,"damage_taken":0.0,"relics_obtained":["SsserpentHead"]},{"damage_healed":0.0,"max_hp_gain":0.0,"max_hp_loss":0.0,"gold_gain":0.0,"event_name":"Cursed Tome","player_choice":"Obtained Book","floor":24.0,"gold_loss":0.0,"damage_taken":21.0},{"damage_healed":0.0,"max_hp_gain":0.0,"max_hp_loss":0.0,"gold_gain":0.0,"event_name":"Masked Bandits","player_choice":"Fought Bandits","floor":28.0,"gold_loss":0.0,"damage_taken":0.0}],"is_beta":false,"boss_relics":[{"not_picked":["Empty Cage","SlaversCollar"],"picked":"Astrolabe"}],"items_purged_floors":[20],"is_endless":false,"potions_floor_spawned":[10,14,16,21,27],"killed_by":"Gremlin Leader","ascension_level":20}}