{"host":"bq4pt811tk9yrmjl","time":1612270698,"event":{"mods":["AchievementEnabler","BaseMod","Colored Map","Colored Powertips","Defuse TimeMaze Blight","Hermit","Minty Spire (QoL Compilation)","Smile Girya","StSLib","SuperFastMode"],"gold_per_floor":[117,117,117,132,132,132,157,218,288,288,45,70,86,105,105,209,209,219,231,45,45,57,98,160,172,230,270,260,279,279,279,279,382,382,397,397,397,397,416,444,444,38,83,7,33,33,48,62,62,62,62,62,11,42,42],"floor_reached":56,"language":"ENG","playtime":1523,"items_purged":[],"score":1503,"play_id":"f2a9d6ed-ba16-48c5-85b5-678e8754a1cd","local_time":"20210202105818","is_ascension_mode":true,"campfire_choices":[{"data":"Neutralize","floor":6.0,"key":"SMITH"},{"data":"Leg Sweep","floor":10.0,"key":"SMITH"},{"data":"Noxious Fumes","floor":15.0,"key":"SMITH"},{"data":"After Image","floor":25,"key":"SMITH"},{"data":"Accuracy","floor":32,"key":"SMITH"},{"data":"Envenom","floor":41,"key":"SMITH"},{"floor":46,"key":"RECALL"},{"data":"Survivor","floor":49,"key":"SMITH"},{"data":"Defend_G","floor":52,"key":"SMITH"}],"circlet_count":0,"master_deck":["Strike_G","Strike_G+1","Defend_G","Defend_G+1","Defend_G+1","Defend_G","Defend_G+1","Survivor+1","Neutralize+1","Leg Sweep+1","Poisoned Stab+1","Concentrate+1","Noxious Fumes+1","Dodge and Roll+1","Escape Plan+1","Blade Dance+1","After Image+1","Leg Sweep+1","Accuracy+1","Blade Dance+1","PiercingWail+1","Envenom+1","All Out Attack+1","Outmaneuver+1","Catalyst+1","Blur+1","Cloak And Dagger+1"],"relics":["Ring of the Snake","NeowsBlessing","Toxic Egg 2","Incense Burner","Gremlin Horn","ClockworkSouvenir","Calipers","Busted Crown","Bronze Scales","MawBank","Art of War","War Paint","Snake Skull","HornCleat","Astrolabe","Sundial","Bottled Flame","Kunai","Lee\u0027s Waffle","PreservedInsect","Pear","Nunchaku"],"acts_visited":["Exordium","TheCity","TheBeyond","TheEnding"],"potions_floor_usage":[27,50,55],"damage_taken":[{"damage":0.0,"enemies":"2 Louse","floor":1.0,"turns":1.0},{"damage":0.0,"enemies":"Small Slimes","floor":4.0,"turns":1.0},{"damage":0.0,"enemies":"Lagavulin","floor":7.0,"turns":1.0},{"damage":2.0,"enemies":"3 Sentries","floor":8.0,"turns":13.0},{"damage":12.0,"enemies":"3 Sentries","floor":12.0,"turns":10.0},{"damage":0.0,"enemies":"Cultist","floor":13.0,"turns":4.0},{"damage":1.0,"enemies":"Exordium Thugs","floor":14.0,"turns":5.0},{"damage":26.0,"enemies":"The Guardian","floor":16.0,"turns":11.0},{"damage":0.0,"enemies":"Chosen","floor":18.0,"turns":6.0},{"damage":0.0,"enemies":"Shell Parasite","floor":19.0,"turns":7.0},{"damage":0.0,"enemies":"Gremlin Leader","floor":23.0,"turns":6.0},{"damage":0,"enemies":"Book of Stabbing","floor":27,"turns":6},{"damage":0,"enemies":"Snecko","floor":29,"turns":5},{"damage":0,"enemies":"Automaton","floor":33,"turns":10},{"damage":0,"enemies":"Orb Walker","floor":35,"turns":5},{"damage":3,"enemies":"3 Darklings","floor":39,"turns":4},{"damage":0,"enemies":"Giant Head","floor":40,"turns":8},{"damage":0,"enemies":"Nemesis","floor":45,"turns":7},{"damage":0,"enemies":"Transient","floor":47,"turns":5},{"damage":0,"enemies":"Maw","floor":48,"turns":8},{"damage":28,"enemies":"Time Eater","floor":50,"turns":14},{"damage":1,"enemies":"Shield and Spear","floor":54,"turns":8},{"damage":47,"enemies":"The Heart","floor":55,"turns":12}],"seed_played":"-1270750554144138892","potions_obtained":[{"floor":1.0,"key":"FearPotion"},{"floor":7.0,"key":"PowerPotion"},{"floor":16.0,"key":"PowerPotion"},{"floor":19.0,"key":"LiquidMemories"},{"floor":23.0,"key":"CunningPotion"},{"floor":39,"key":"SteroidPotion"},{"floor":45,"key":"Block Potion"}],"is_trial":false,"path_per_floor":["M","$","?","M","?","R","E","?","T","R","$","E","M","M","R","B",null,"M","M","$","?","$","E","?","R","T","E","$","M","T","T","R","B",null,"M","?","?","T","M","E","R","$","T","$","E","R","M","M","R","B",null,"R","$","E","B",null],"character_chosen":"THE_SILENT","items_purchased":["Noxious Fumes","Dodge and Roll+1","ClockworkSouvenir","Accuracy","Bronze Scales","Blade Dance+1","Kunai","Lee\u0027s Waffle","Blur+1","Block Potion"],"campfire_rested":0,"item_purchase_floors":[11,11,11,20,20,28,42,42,44,53],"current_hp_per_floor":[70,70,70,70,56,56,56,54,54,54,54,42,42,41,41,15,70,70,70,70,70,70,70,70,70,70,70,70,70,70,70,70,70,70,70,70,70,70,67,67,67,77,77,77,87,87,87,87,87,59,87,87,87,86,39],"gold":42,"neow_bonus":"THREE_ENEMY_KILL","is_daily":false,"chose_seed":false,"campfire_upgraded":8,"win_rate":0.0,"timestamp":1612270698,"path_taken":["M","$","?","M","?","R","E","?","T","R","$","E","M","M","R","BOSS","M","M","$","?","$","E","?","R","T","E","$","?","?","?","R","BOSS","M","?","?","?","?","E","R","?","T","$","E","R","M","M","R","BOSS","R","$","E","BOSS"],"items_purchased_type":["Card","Card","Relic","Card","Relic","Card","Relic","Relic","Card","Potion"],"build_version":"2020-12-22","purchased_purges":0,"victory":true,"max_hp_per_floor":[70,70,70,70,70,70,70,70,70,70,70,70,70,70,70,70,70,70,70,70,70,70,70,70,70,70,70,70,70,70,70,70,70,70,70,70,70,70,70,70,70,77,77,77,87,87,87,87,87,87,87,87,87,87,87],"card_choices":[{"not_picked":["Sucker Punch","Flechettes"],"picked":"Leg Sweep","floor":1.0},{"not_picked":["Deadly Poison","Acrobatics"],"picked":"Poisoned Stab","floor":4.0},{"not_picked":["Bane","Finisher","Masterful Stab"],"picked":"SKIP","floor":7.0},{"not_picked":["Expertise+1","Choke"],"picked":"Concentrate+1","floor":8.0},{"not_picked":["Outmaneuver+1","Flechettes"],"picked":"Escape Plan+1","floor":12.0},{"not_picked":["Flying Knee","Dodge and Roll+1"],"picked":"Blade Dance+1","floor":13.0},{"not_picked":["Outmaneuver+1","Bane","Acrobatics+1"],"picked":"SKIP","floor":14.0},{"not_picked":["Adrenaline+1","Malaise+1"],"picked":"After Image","floor":16.0},{"not_picked":[],"picked":"Leg Sweep+1","floor":18.0},{"not_picked":["Deadly Poison+1"],"picked":"SKIP","floor":19.0},{"not_picked":["Finisher"],"picked":"SKIP","floor":23.0},{"not_picked":["Outmaneuver+1"],"picked":"SKIP","floor":27},{"not_picked":[],"picked":"PiercingWail+1","floor":29},{"not_picked":[],"picked":"Envenom","floor":33},{"not_picked":["Eviscerate+1"],"picked":"SKIP","floor":35},{"not_picked":["Acrobatics+1"],"picked":"SKIP","floor":39},{"not_picked":["Skewer"],"picked":"SKIP","floor":40},{"not_picked":["Quick Slash"],"picked":"SKIP","floor":45},{"not_picked":["Riddle With Holes"],"picked":"SKIP","floor":47},{"not_picked":[],"picked":"Cloak And Dagger+1","floor":48},{"not_picked":["Sucker Punch+1"],"picked":"SKIP","floor":54}],"player_experience":296194,"relics_obtained":[{"floor":7.0,"key":"Toxic Egg 2"},{"floor":8.0,"key":"Incense Burner"},{"floor":9.0,"key":"Gremlin Horn"},{"floor":12.0,"key":"Calipers"},{"floor":23.0,"key":"Art of War"},{"floor":27,"key":"War Paint"},{"floor":30,"key":"Snake Skull"},{"floor":31,"key":"HornCleat"},{"floor":38,"key":"Sundial"},{"floor":40,"key":"Bottled Flame"},{"floor":43,"key":"PreservedInsect"},{"floor":45,"key":"Pear"},{"floor":54,"key":"Nunchaku"}],"event_choices":[{"damage_healed":0.0,"max_hp_gain":0.0,"max_hp_loss":0.0,"gold_gain":0.0,"event_name":"Liars Game","player_choice":"Ignored","floor":3.0,"gold_loss":0.0,"damage_taken":0.0},{"damage_healed":0.0,"max_hp_gain":0.0,"max_hp_loss":0.0,"gold_gain":0.0,"event_name":"Shining Light","player_choice":"Entered Light","floor":5.0,"gold_loss":0.0,"damage_taken":14.0,"cards_upgraded":["Strike_G","Poisoned Stab"]},{"damage_healed":0.0,"max_hp_gain":0.0,"max_hp_loss":0.0,"gold_gain":0.0,"event_name":"Dead Adventurer","player_choice":"Searched \u00271\u0027 times","floor":8.0,"gold_loss":0.0,"damage_taken":0.0},{"damage_healed":0.0,"max_hp_gain":0.0,"max_hp_loss":0.0,"gold_gain":0.0,"event_name":"The Mausoleum","player_choice":"Opened","floor":21.0,"gold_loss":0.0,"damage_taken":0.0,"relics_obtained":["MawBank"]},{"damage_healed":0,"gold_gain":100,"player_choice":"Bet on Murderer","damage_taken":0,"max_hp_gain":0,"max_hp_loss":0,"event_name":"The Joust","floor":24,"gold_loss":50},{"damage_healed":0,"gold_gain":0,"player_choice":"Memory 1","damage_taken":0,"max_hp_gain":0,"max_hp_loss":0,"event_name":"SensoryStone","floor":36,"gold_loss":0},{"damage_healed":0,"gold_gain":0,"player_choice":"Ignored","damage_taken":0,"max_hp_gain":0,"max_hp_loss":0,"event_name":"Tomb of Lord Red Mask","floor":37,"gold_loss":0}],"is_beta":false,"boss_relics":[{"not_picked":["Pandora\u0027s Box","Ring of the Serpent"],"picked":"Busted Crown"},{"not_picked":["Runic Pyramid","Snecko Eye"],"picked":"Astrolabe"}],"items_purged_floors":[],"is_endless":false,"potions_floor_spawned":[1,7,16,19,23,39,45,48],"ascension_level":1}}