{"host":"815dqs41i1y8uxms","time":1612281720,"event":{"mods":["A Penny For Your Troubles","Act Like it!","BaseMod","Elementarium","Fox Events","Jorbs\u0027s Wanderer Trilogy","Minty Spire (QoL Compilation)","Rare Cards Sparkle","Shop Mod","Spire Arcade","StSLib","The Marked"],"gold_per_floor":[110,185,185,198,212,237,237,271,374,374,387,417,38,49,49,154,231,250,100,100,114,5,5,15,15,15],"floor_reached":25,"language":"ENG","playtime":1369,"items_purged":[],"score":211,"play_id":"40f7bdf8-3f89-4852-abf8-30ca5c72cb14","local_time":"20210202170200","is_ascension_mode":false,"campfire_choices":[{"floor":7,"key":"REST"},{"floor":15,"key":"REST"},{"floor":23,"key":"REST"}],"circlet_count":0,"master_deck":["theMarked:Strike","theMarked:Strike","theMarked:Defend","theMarked:Defend","theMarked:Defend","theMarked:SoldierOfQuellstein","theMarked:ParalyzingBlade","theMarked:ParalyzingBlade","theMarked:ChainLightning","theMarked:EmpowerWeapon","theMarked:EmpowerWeapon","theMarked:EternalStudent","theMarked:GodGivenPower","theMarked:Aftermath","theMarked:MagusForm","theMarked:Seal+1","theMarked:Electrify+1","theMarked:BindingBlade+1","theMarked:Memento","theMarked:RepellingDischarge","theMarked:KeepCalmAndFight","theMarked:ElectricStrings"],"relics":["theMarked:ArtifactOfAir","NeowsBlessing","Boot","foxEvents:LuckyCharm","Anchor","Bag of Marbles","MerchantsRug","OrangePellets","Potion Belt"],"acts_visited":["Exordium","TheCity"],"potions_floor_usage":[6,8,12,16,18,19,21,21],"damage_taken":[{"damage":0,"enemies":"Small Slimes","floor":1,"turns":1},{"damage":0,"enemies":"2 Louse","floor":4,"turns":2},{"damage":0,"enemies":"Jaw Worm","floor":5,"turns":1},{"damage":39,"enemies":"3 Sentries","floor":6,"turns":11},{"damage":9,"enemies":"Colosseum Slavers","floor":8,"turns":4},{"damage":0,"enemies":"Large Slime","floor":11,"turns":6},{"damage":16,"enemies":"Lagavulin","floor":12,"turns":7},{"damage":0,"enemies":"2 Fungi Beasts","floor":14,"turns":2},{"damage":26,"enemies":"Hexaghost","floor":16,"turns":10},{"damage":51,"enemies":"3 Byrds","floor":18,"turns":6},{"damage":2,"enemies":"Shell Parasite","floor":21,"turns":5},{"damage":14,"enemies":"Centurion and Healer","floor":24,"turns":5},{"damage":39,"enemies":"Gremlin Leader","floor":25,"turns":2}],"seed_played":"-879460390339706279","potions_obtained":[{"floor":1,"key":"AttackPotion"},{"floor":4,"key":"SpeedPotion"},{"floor":6,"key":"Weak Potion"},{"floor":11,"key":"Strength Potion"},{"floor":16,"key":"Swift Potion"},{"floor":19,"key":"Fruit Juice"},{"floor":19,"key":"LiquidBronze"},{"floor":19,"key":"Regen Potion"},{"floor":19,"key":"Block Potion"},{"floor":21,"key":"FearPotion"}],"is_trial":false,"path_per_floor":["M","?","?","M","M","E","R","?","T","?","M","E","$","M","R","B",null,"M","$","?","M","$","R","M","E"],"character_chosen":"THE_DEFAULT","items_purchased":["MerchantsRug","OrangePellets","theMarked:GodGivenPower","Cauldron","theMarked:RepellingDischarge","Potion Belt"],"campfire_rested":3,"item_purchase_floors":[13,13,13,19,19,22],"current_hp_per_floor":[70,59,59,59,59,20,41,32,32,32,32,16,16,16,37,11,70,19,24,10,22,22,46,32,0,0],"gold":15,"neow_bonus":"THREE_ENEMY_KILL","is_daily":false,"chose_seed":false,"campfire_upgraded":0,"win_rate":0.0,"timestamp":1612281720,"path_taken":["M","?","?","M","?","E","R","?","T","?","M","E","$","M","R","BOSS","M","$","?","M","$","R","M","E"],"items_purchased_type":["Relic","Relic","Card","Relic","Card","Relic"],"build_version":"2020-12-22","purchased_purges":0,"victory":false,"max_hp_per_floor":[70,70,70,70,70,70,70,70,70,70,70,70,70,70,70,70,70,70,75,80,80,80,80,80,80,80],"card_choices":[{"not_picked":["theMarked:LightningStrikesTwice","theMarked:PowerFlow"],"picked":"theMarked:ParalyzingBlade","floor":1},{"not_picked":["theMarked:ShockingTouch","theMarked:Parkour"],"picked":"theMarked:ParalyzingBlade","floor":4},{"not_picked":["theMarked:Overcharge","theMarked:WardOff"],"picked":"theMarked:ChainLightning","floor":5},{"not_picked":["theMarked:PowerFlow","theMarked:WardOff"],"picked":"theMarked:EmpowerWeapon","floor":6},{"not_picked":["theMarked:ParalyzingBlade","theMarked:ElectricStrings"],"picked":"theMarked:EmpowerWeapon","floor":11},{"not_picked":["theMarked:ParalyzingBlade","theMarked:WardOff"],"picked":"theMarked:EternalStudent","floor":12},{"not_picked":["theMarked:Improvise","theMarked:HeightenedSenses"],"picked":"theMarked:Aftermath","floor":14},{"not_picked":["theMarked:EternalStudent","theMarked:SuspiciousRaven"],"picked":"theMarked:MagusForm","floor":16},{"not_picked":["theMarked:ChainLightning","theMarked:ElectricStrings"],"picked":"theMarked:Memento","floor":18},{"not_picked":["theMarked:WastefulAttack","theMarked:Frustration+1"],"picked":"theMarked:KeepCalmAndFight","floor":21},{"not_picked":["theMarked:KeepCalmAndFight","theMarked:Frustration"],"picked":"theMarked:ElectricStrings","floor":24}],"player_experience":3855602,"relics_obtained":[{"floor":6,"key":"Boot"},{"floor":8,"key":"foxEvents:LuckyCharm"},{"floor":9,"key":"Anchor"},{"floor":12,"key":"Bag of Marbles"}],"event_choices":[{"damage_healed":0,"gold_gain":75,"player_choice":"Gather Gold","damage_taken":11,"max_hp_gain":0,"max_hp_loss":0,"event_name":"World of Goop","floor":2,"gold_loss":0},{"damage_healed":0,"gold_gain":0,"player_choice":"Leave","damage_taken":0,"max_hp_gain":0,"max_hp_loss":0,"event_name":"The Cleric","floor":3,"gold_loss":0},{"cards_removed":["theMarked:Strike"],"damage_healed":0,"gold_gain":0,"player_choice":"Card Removal","damage_taken":0,"max_hp_gain":0,"max_hp_loss":0,"event_name":"Wheel of Change","floor":10,"gold_loss":0},{"damage_healed":0,"gold_gain":0,"player_choice":"Shed Blood","damage_taken":19,"max_hp_gain":5,"max_hp_loss":0,"event_name":"Forgotten Altar","floor":20,"gold_loss":0}],"is_beta":false,"boss_relics":[{"not_picked":["Runic Dome","Coffee Dripper"],"picked":"Astrolabe"}],"items_purged_floors":[],"is_endless":false,"potions_floor_spawned":[1,4,6,11,16,21],"killed_by":"Gremlin Leader","ascension_level":0}}