{"host":"j4nfyhit1dl35m08","time":1612308336,"event":{"mods":["BaseMod","Downfall","Highlight Path","Minty Spire (QoL Compilation)","StSLib"],"gold_per_floor":[99,114,131,131,486,486,486,500,520,820,820,830,861,861,878,981,981,981,999,1015,286,297,297,323,323,340,369,369,369,369,41,51,153,153,153,172,172,189,189,202,202,213,226,239,239,26,26,46,60,60],"floor_reached":51,"language":"ENG","playtime":5808,"items_purged":["downfall:Icky","Pride"],"score":648,"play_id":"e6ce8836-c8d2-42be-8d37-872b61b31f89","local_time":"20210202172536","is_ascension_mode":false,"campfire_choices":[{"data":"bronze:Goto","floor":1.0,"key":"SMITH"},{"data":"bronze:CutThrough","floor":6.0,"key":"SMITH"},{"data":"bronze:BronzeOrb","floor":11.0,"key":"SMITH"},{"data":"bronze:Assembly","floor":18.0,"key":"SMITH"},{"data":"bronze:DarkDash","floor":29,"key":"SMITH"},{"data":"bronze:RecursiveStrike","floor":35,"key":"SMITH"},{"data":"expansioncontent:AwakenDeath","floor":45,"key":"SMITH"}],"circlet_count":0,"master_deck":["bronze:Strike","bronze:Defend","bronze:Defend","bronze:Defend","bronze:Defend","bronze:Replicate","bronze:Goto+1","bronze:Overload","bronze:BronzeOrb+1","bronze:CutThrough+1","bronze:Overheat","bronze:ChosenStrike","bronze:GetLatest","bronze:DarkDash+1","bronze:ClassDefault","bronze:Assembly+1","bronze:OilSpill+1","Master of Strategy","bronze:Overheat","bronze:Repulsor+1","bronze:Format","bronze:RecursiveStrike+1","bronze:Boost+1","bronze:Mutator+1","bronze:FollowUp+1","bronze:Terminator+1","expansioncontent:PrepareCrush","expansioncontent:AwakenDeath+1","bronze:CloningBeam","bronze:Frontload+1","bronze:BuggyMess+1","Doubt","bronze:Deprecate+1","bronze:Repair+1"],"relics":["Coffee Dripper","Boot","Old Coin","Gremlin Horn","Lizard Tail","Busted Crown","Matryoshka","Medical Kit","Centennial Puzzle","Art of War","Letter Opener","Dead Branch","Membership Card","Bottled Lightning","Astrolabe","Toxic Egg 2","Kunai","Anchor"],"acts_visited":["Exordium","TheCity","TheBeyond"],"potions_floor_usage":[27,50,50,50],"damage_taken":[{"damage":6.0,"enemies":"Jaw Worm","floor":2.0,"turns":2.0},{"damage":0.0,"enemies":"2 Louse","floor":3.0,"turns":2.0},{"damage":4.0,"enemies":"3 Sentries","floor":5.0,"turns":7.0},{"damage":0.0,"enemies":"Small Slimes","floor":8.0,"turns":1.0},{"damage":0.0,"enemies":"3 Louse","floor":9.0,"turns":2.0},{"damage":0.0,"enemies":"2 Fungi Beasts","floor":12.0,"turns":3.0},{"damage":6.0,"enemies":"Gremlin Nob","floor":13.0,"turns":3.0},{"damage":0.0,"enemies":"Exordium Wildlife","floor":15.0,"turns":3.0},{"damage":21.0,"enemies":"WA_ARCHETYPE_RETAIN","floor":16.0,"turns":7.0},{"damage":5.0,"enemies":"Chosen","floor":19.0,"turns":4.0},{"damage":4.0,"enemies":"Shell Parasite","floor":20.0,"turns":3.0},{"damage":0.0,"enemies":"downfall:FleeingMerchant","floor":21.0,"turns":4.0},{"damage":27.0,"enemies":"Shelled Parasite and Fungi","floor":22.0,"turns":5.0},{"damage":12.0,"enemies":"Snake Plant","floor":26.0,"turns":3.0},{"damage":22,"enemies":"Gremlin Leader","floor":27,"turns":5},{"damage":12,"enemies":"downfall:FleeingMerchant","floor":31,"turns":4},{"damage":0,"enemies":"Centurion and Healer","floor":32,"turns":5},{"damage":4,"enemies":"DF_ARCHETYPE_CLAW","floor":33,"turns":7},{"damage":0,"enemies":"Orb Walker","floor":36,"turns":3},{"damage":4,"enemies":"3 Darklings","floor":38,"turns":6},{"damage":2,"enemies":"Jaw Worm Horde","floor":40,"turns":3},{"damage":0,"enemies":"4 Shapes","floor":42,"turns":4},{"damage":2,"enemies":"Sphere and 2 Shapes","floor":43,"turns":5},{"damage":20,"enemies":"Spire Growth","floor":44,"turns":3},{"damage":7,"enemies":"downfall:FleeingMerchant","floor":46,"turns":4},{"damage":5,"enemies":"4 Shapes","floor":48,"turns":3},{"damage":0,"enemies":"Sphere and 2 Shapes","floor":49,"turns":1},{"damage":213,"enemies":"IC_BLOCK_ARCHETYPE","floor":50,"turns":10}],"seed_played":"-6426486992057947781","potions_obtained":[{"floor":3.0,"key":"Explosive Potion"},{"floor":8.0,"key":"bronze:BuildAFunctionPotion"},{"floor":9.0,"key":"Slimebound:ThreeZeroPotion"},{"floor":12.0,"key":"PowerPotion"},{"floor":20.0,"key":"LiquidBronze"},{"floor":26.0,"key":"hexamod:SoulburnPotion"},{"floor":27,"key":"LiquidBronze"},{"floor":32,"key":"bronze:CleanCodePotion"},{"floor":33,"key":"LiquidMemories"},{"floor":38,"key":"SkillPotion"},{"floor":40,"key":"bronze:FreeFunctionsPotion"},{"floor":49,"key":"Regen Potion"}],"is_trial":false,"path_per_floor":["R","M","M","?","?","R","T","M","M","?","R","M","E","?","M","B",null,"R","M","M","$","M","?","T","?","M","E","?","R","?","$","M","B",null,"R","M","?","M","?","M","T","M","M","M","R","$","?","M","M","B",null],"character_chosen":"THE_AUTOMATON","items_purchased":["Matryoshka","Master of Strategy","bronze:Overheat","Medical Kit","Membership Card","Bottled Lightning","bronze:Format","bronze:CloningBeam","bronze:Frontload+1","Anchor","bronze:BuggyMess+1"],"campfire_rested":0,"item_purchase_floors":[21,21,21,21,31,31,31,46,46,46,46],"current_hp_per_floor":[70,64,64,52,48,48,48,48,48,48,48,48,42,42,42,21,70,70,65,61,61,34,57,57,57,45,23,23,23,23,11,11,7,70,70,70,70,66,61,59,59,59,57,37,37,30,70,65,65,26],"gold":60,"neow_bonus":"BOSS_RELIC","is_daily":false,"chose_seed":false,"campfire_upgraded":7,"win_rate":0.0,"timestamp":1612308336,"path_taken":["R","M","M","?","?","R","T","M","M","?","R","M","E","?","M","BOSS","R","M","M","$","M","?","T","?","M","E","?","R","?","$","M","BOSS","R","M","?","M","?","M","T","?","M","M","R","$","?","M","M","BOSS"],"items_purchased_type":["Relic","Card","Card","Relic","Relic","Relic","Card","Card","Card","Relic","Card"],"build_version":"2020-12-22","purchased_purges":2,"victory":true,"max_hp_per_floor":[70,70,70,70,70,70,70,70,70,70,70,70,70,70,70,70,70,70,70,70,70,70,70,70,70,70,70,70,70,70,70,70,70,70,70,70,70,70,70,70,70,70,70,70,70,70,70,70,70,70],"card_choices":[{"not_picked":["bronze:BugBarrage","bronze:Separator"],"picked":"bronze:Overload","floor":2.0},{"not_picked":["bronze:FineTuning","bronze:DelayedGuard"],"picked":"bronze:BronzeOrb","floor":3.0},{"not_picked":["bronze:Frontload","bronze:Constructor"],"picked":"bronze:CutThrough","floor":5.0},{"not_picked":["bronze:Invalidate","bronze:BitShift","bronze:BugBarrage"],"picked":"SKIP","floor":8.0},{"not_picked":["bronze:DelayedGuard","bronze:Invalidate"],"picked":"bronze:Overheat","floor":9.0},{"not_picked":["bronze:Frontload","bronze:Constructor"],"picked":"bronze:ChosenStrike","floor":12.0},{"not_picked":["bronze:FindAndReplace","bronze:CutThrough"],"picked":"bronze:GetLatest","floor":13.0},{"not_picked":["bronze:DigitalCarnage","bronze:Allocate"],"picked":"bronze:ClassDefault","floor":15.0},{"not_picked":["bronze:RecursiveStrike","bronze:HyperBeam"],"picked":"bronze:Assembly","floor":16.0},{"not_picked":[],"picked":"bronze:CutThrough","floor":19.0},{"not_picked":["bronze:Iterate"],"picked":"SKIP","floor":20.0},{"not_picked":[],"picked":"bronze:OilSpill+1","floor":21.0},{"not_picked":["bronze:BitShift"],"picked":"SKIP","floor":22.0},{"not_picked":["bronze:Backtrace"],"picked":"SKIP","floor":26.0},{"not_picked":[],"picked":"bronze:Repulsor+1","floor":27},{"not_picked":["bronze:CutThrough"],"picked":"SKIP","floor":31},{"not_picked":["bronze:Invalidate"],"picked":"SKIP","floor":32},{"not_picked":[],"picked":"bronze:RecursiveStrike","floor":33},{"not_picked":[],"picked":"bronze:Terminator+1","floor":36},{"not_picked":["bronze:Branch"],"picked":"SKIP","floor":38},{"not_picked":["expansioncontent:GuardianWhirl","expansioncontent:YouAreMine"],"picked":"expansioncontent:PrepareCrush","floor":39},{"not_picked":["expansioncontent:PrepareCrush","expansioncontent:YouAreMine"],"picked":"expansioncontent:AwakenDeath","floor":39},{"not_picked":["bronze:Branch"],"picked":"SKIP","floor":40},{"not_picked":["bronze:Constructor+1"],"picked":"SKIP","floor":42},{"not_picked":["bronze:NullPointer"],"picked":"SKIP","floor":43},{"not_picked":["bronze:ForLoop+1"],"picked":"SKIP","floor":44},{"not_picked":["bronze:Overload+1"],"picked":"SKIP","floor":46},{"not_picked":[],"picked":"bronze:Deprecate+1","floor":48},{"not_picked":[],"picked":"bronze:Repair+1","floor":49}],"player_experience":364892,"relics_obtained":[{"floor":7.0,"key":"Gremlin Horn"},{"floor":13.0,"key":"Lizard Tail"},{"floor":24.0,"key":"Centennial Puzzle"},{"floor":24.0,"key":"Art of War"},{"floor":27,"key":"Dead Branch"},{"floor":41,"key":"Toxic Egg 2"},{"floor":41,"key":"Kunai"}],"event_choices":[{"damage_healed":0.0,"max_hp_gain":0.0,"max_hp_loss":0.0,"gold_gain":0.0,"event_name":"Scrap Ooze","player_choice":"Success","floor":4.0,"gold_loss":0.0,"damage_taken":12.0,"relics_obtained":["Boot"]},{"damage_healed":23.0,"max_hp_gain":0.0,"max_hp_loss":0.0,"gold_gain":0.0,"event_name":"The Library","player_choice":"Heal","floor":23.0,"gold_loss":0.0,"damage_taken":0.0},{"damage_healed":0.0,"max_hp_gain":0.0,"max_hp_loss":0.0,"gold_gain":0.0,"event_name":"Addict","player_choice":"Stole Relic","floor":25.0,"gold_loss":0.0,"damage_taken":0.0,"relics_obtained":["Letter Opener"],"cards_obtained":["Pride"]},{"damage_healed":0,"gold_gain":0,"player_choice":"Ignored","damage_taken":0,"max_hp_gain":0,"max_hp_loss":0,"event_name":"Ghosts","floor":28,"gold_loss":0},{"cards_removed":["bronze:CutThrough"],"damage_healed":0,"gold_gain":0,"player_choice":"Removed Attack","damage_taken":0,"max_hp_gain":0,"max_hp_loss":0,"event_name":"Falling","floor":37,"gold_loss":0}],"is_beta":false,"boss_relics":[{"not_picked":["SacredBark","Tiny House"],"picked":"Busted Crown"},{"not_picked":["Fusion Hammer","Empty Cage"],"picked":"Astrolabe"}],"items_purged_floors":[21,46],"is_endless":false,"potions_floor_spawned":[3,8,9,12,20,26,27,32,33,38,40,43,49],"ascension_level":0}}