{"host":"6vexsag1oua9h4b1","time":1612294336,"event":{"mods":["AchievementEnabler","BaseMod","Conspire","Downfall","Luminous","Minty Spire (QoL Compilation)","StSLib","The Alterego","The Marked"],"gold_per_floor":[212,287,43,61,80,80,32,43,43,59,94,107,137,137,137,235,235,247,275,275,288,288,323,323,355,403,161,196,196,196,62,62,159,159,179,196,86,103,121,146,146,158,209,146,146,165,165,183,183,183],"floor_reached":51,"language":"ENG","playtime":3060,"items_purged":[],"score":820,"play_id":"b7e9cc0b-2457-4d3b-8945-9abdb5628787","local_time":"20210202203216","is_ascension_mode":false,"campfire_choices":[{"data":"Luminous:Switch_Luminous","floor":6,"key":"SMITH"},{"data":"Luminous:Photic_Meditation_Luminous","floor":15,"key":"SMITH"},{"data":"Luminous:Light_Track","floor":24,"key":"SMITH"},{"data":"Luminous:Freud_Wisdom1_Luminous","floor":29,"key":"SMITH"},{"data":"Luminous:Dark_Pressure_Void","floor":32,"key":"SMITH"},{"data":"Luminous:Lania_Blessing_Luminous","floor":41,"key":"SMITH"},{"data":"Luminous:Balance_Ender","floor":45,"key":"SMITH"},{"data":"Luminous:Lunar_Tide_Luminous","floor":47,"key":"SMITH"},{"data":"Luminous:Freud_Wisdom1_Luminous+1","floor":49,"key":"SMITH"}],"circlet_count":0,"master_deck":["Luminous:Light_Flash_Shower+1","Luminous:Light_Flash_Shower+1","Luminous:Light_Flash_Shower+1","Luminous:Dark_Abyssal_Drop+1","Luminous:Dark_Abyssal_Drop+1","Luminous:Dark_Abyssal_Drop+1","Luminous:Defend_Luminous+1","Luminous:Defend_Luminous+1","Luminous:Defend_Luminous+1","Luminous:Defend_Luminous+1","Luminous:Switch_Luminous+1","Luminous:Light_Glare","Luminous:Photic_Meditation_Luminous+1","Luminous:Light_Track+1","Luminous:Light_Wash_Luminous+1","Luminous:Light_Gather","Luminous:Dark_Raid","Luminous:Dark_Extract","Luminous:Light_Glare","Luminous:Dark_Pressure_Void+1","Luminous:Flash_Blink_Luminous+1","Luminous:Magic_Accelerate_Luminous+1","Luminous:Freud_Wisdom1_Luminous+2","Luminous:Light_Wash_Luminous","Luminous:Dark_Pressure_Void+1","Luminous:Light_Track+1","Luminous:Lania_Blessing_Luminous+1","Luminous:Balance_Ender+1","Luminous:Mana_Well_Luminous+1","Luminous:Concentrate_Luminous","Luminous:Light_Gather","Luminous:Lunar_Tide_Luminous+1","Luminous:Light_Sylvan_Lance"],"relics":["Luminous:MirrorRelic","Shuriken","CaptainsWheel","Sundial","Bag of Marbles","Black Star","Lizard Tail","Pocketwatch","conspire:DeflatedDodgeball","The Courier","Du-Vu Doll","Ancient Tea Set","conspire:GiftBox","StoneCalendar","Toy Ornithopter","Nunchaku","conspire:SeveredTorchhead","Omamori","InkBottle","PreservedInsect"],"acts_visited":["Exordium","TheCity","TheBeyond"],"potions_floor_usage":[10,50],"damage_taken":[{"damage":12,"enemies":"Jaw Worm","floor":1,"turns":5},{"damage":0,"enemies":"conspire:RoseBush","floor":4,"turns":4},{"damage":5,"enemies":"Small Slimes","floor":5,"turns":3},{"damage":12,"enemies":"2 Fungi Beasts","floor":8,"turns":4},{"damage":0,"enemies":"Large Slime","floor":10,"turns":5},{"damage":4,"enemies":"Gremlin Nob","floor":11,"turns":4},{"damage":0,"enemies":"Looter","floor":12,"turns":3},{"damage":13,"enemies":"3 Sentries","floor":13,"turns":6},{"damage":4,"enemies":"Hexaghost","floor":16,"turns":7},{"damage":0,"enemies":"Chosen","floor":18,"turns":4},{"damage":0,"enemies":"conspire:MimicChest","floor":19,"turns":6},{"damage":0,"enemies":"Shell Parasite","floor":21,"turns":3},{"damage":0,"enemies":"Book of Stabbing","floor":23,"turns":6},{"damage":0,"enemies":"Gremlin Leader","floor":25,"turns":5},{"damage":9,"enemies":"Slavers","floor":28,"turns":6},{"damage":0,"enemies":"Champ","floor":33,"turns":11},{"damage":0,"enemies":"3 Shapes","floor":35,"turns":7},{"damage":0,"enemies":"Orb Walker","floor":36,"turns":2},{"damage":2,"enemies":"Transient","floor":38,"turns":5},{"damage":0,"enemies":"Maw","floor":39,"turns":8},{"damage":4,"enemies":"Giant Head","floor":40,"turns":9},{"damage":43,"enemies":"Spire Growth","floor":42,"turns":6},{"damage":0,"enemies":"Transient","floor":46,"turns":5},{"damage":11,"enemies":"Jaw Worm Horde","floor":48,"turns":7},{"damage":15,"enemies":"Awakened One","floor":50,"turns":11}],"seed_played":"7940947043719072007","potions_obtained":[{"floor":4,"key":"SpeedPotion"},{"floor":5,"key":"PowerPotion"},{"floor":10,"key":"Fruit Juice"},{"floor":11,"key":"Strength Potion"}],"is_trial":false,"path_per_floor":["M","?","$","M","M","R","$","M","T","M","E","M","E","?","R","B",null,"M","?","$","M","?","E","R","E","T","$","E","R","?","$","R","B",null,"M","M","$","M","M","E","R","M","T","$","R","M","R","M","R","B",null],"character_chosen":"LuminousClass","items_purchased":["Shuriken","Luminous:Light_Wash_Luminous","conspire:GiftBox","Nunchaku","Luminous:Light_Wash_Luminous","Luminous:Lania_Blessing_Luminous","Luminous:Lunar_Tide_Luminous"],"campfire_rested":0,"item_purchase_floors":[3,7,27,31,31,37,44],"current_hp_per_floor":[63,52,52,52,50,50,50,38,38,43,44,44,37,37,37,39,80,80,80,80,80,80,80,80,80,80,80,80,80,65,65,65,75,85,85,85,85,85,85,85,85,49,49,49,49,56,56,55,55,70],"gold":183,"neow_bonus":"HUNDRED_GOLD","is_daily":false,"chose_seed":false,"campfire_upgraded":9,"win_rate":0.0,"timestamp":1612294336,"path_taken":["M","?","$","M","M","R","$","M","T","M","E","M","E","?","R","BOSS","M","?","$","M","?","E","R","E","T","$","E","R","?","?","R","BOSS","M","M","$","M","M","E","R","M","T","$","R","M","R","M","R","BOSS"],"items_purchased_type":["Relic","Card","Relic","Relic","Card","Card","Card"],"build_version":"2020-12-22","purchased_purges":0,"victory":true,"max_hp_per_floor":[75,75,75,75,75,75,75,75,75,80,80,80,80,80,80,80,80,80,80,80,80,80,80,80,80,80,80,80,80,85,85,85,85,85,85,85,85,85,85,85,85,85,85,85,85,85,85,85,85,85],"card_choices":[{"not_picked":["Luminous:Concentrate_Luminous","Luminous:Blinding_Pillar_Luminous"],"picked":"Luminous:Light_Glare","floor":1},{"not_picked":["Luminous:Accumulation_Luminous","Luminous:Concentrate_Luminous"],"picked":"Luminous:Photic_Meditation_Luminous","floor":4},{"not_picked":["Luminous:Light_Glare","Luminous:Light_Wash_Luminous"],"picked":"Luminous:Light_Track","floor":5},{"not_picked":["Luminous:Light_Glare","Luminous:Equalize_Luminous"],"picked":"Luminous:Light_Gather","floor":8},{"not_picked":["Luminous:Light_Gather","Luminous:Accumulation_Luminous"],"picked":"Luminous:Dark_Raid","floor":10},{"not_picked":["Luminous:Blinding_Pillar_Luminous","Luminous:Accumulation_Luminous"],"picked":"Luminous:Dark_Extract","floor":11},{"not_picked":["Luminous:Accumulation_Luminous","Luminous:Hero_Will_Luminous"],"picked":"Luminous:Light_Glare","floor":12},{"not_picked":["Luminous:Dark_Raid","Luminous:Accumulation_Luminous"],"picked":"Luminous:Dark_Pressure_Void","floor":13},{"not_picked":["Luminous:Dark_Morning_Star","Luminous:Dark_Dim_Erosion+1","Luminous:Reverse_Spell_Luminous"],"picked":"SKIP","floor":18},{"not_picked":["Luminous:Dark_Pressure_Void+1","Luminous:Hero_Will_Luminous"],"picked":"Luminous:Flash_Blink_Luminous+1","floor":19},{"not_picked":["Luminous:Light_Wash_Luminous","Luminous:Dark_Raid+1","Luminous:Light_Disperse"],"picked":"SKIP","floor":21},{"not_picked":["Luminous:Balance_Death_Scythe","Luminous:Light_Wash_Luminous","Luminous:Dark_Pressure_Void"],"picked":"SKIP","floor":23},{"not_picked":["Luminous:Light_Sylvan_Lance+1","Luminous:Mirror_Force_Luminous"],"picked":"Luminous:Magic_Accelerate_Luminous+1","floor":25},{"not_picked":["Luminous:Ethereal_Form_Luminous","Luminous:Chaos_Field_Luminous"],"picked":"Luminous:Freud_Wisdom1_Luminous","floor":27},{"not_picked":["Luminous:Dark_Raid","Luminous:Balance_Death_Scythe","Luminous:Dark_Morning_Star"],"picked":"SKIP","floor":28},{"not_picked":["Luminous:Accumulation_Luminous","Luminous:Light_Gather+1"],"picked":"Luminous:Dark_Pressure_Void+1","floor":35},{"not_picked":["Luminous:Magic_Boost_Luminous","Luminous:Dark_Apocalypse"],"picked":"Luminous:Light_Track+1","floor":36},{"not_picked":["Luminous:Light_Sylvan_Lance+1","Luminous:Light_Glare+1"],"picked":"Luminous:Balance_Ender","floor":38},{"not_picked":["Luminous:Chase_Spell_Luminous+1","Luminous:Light_Wash_Luminous+1"],"picked":"Luminous:Mana_Well_Luminous+1","floor":39},{"not_picked":["Luminous:Light_Glare+1","Luminous:Accumulation_Luminous"],"picked":"Luminous:Concentrate_Luminous","floor":40},{"not_picked":["Luminous:Mirror_Force_Luminous","Luminous:Chase_Spell_Luminous+1"],"picked":"Luminous:Light_Gather","floor":42},{"not_picked":["Luminous:Lunar_Tide_Luminous","Luminous:Light_Glare+1"],"picked":"Luminous:Light_Sylvan_Lance","floor":46},{"not_picked":["Luminous:Magic_Guard_Luminous","Luminous:Flash_Blink_Luminous+1","Luminous:Dark_Raid"],"picked":"SKIP","floor":48}],"player_experience":254995,"relics_obtained":[{"floor":9,"key":"CaptainsWheel"},{"floor":11,"key":"Sundial"},{"floor":13,"key":"Bag of Marbles"},{"floor":19,"key":"Lizard Tail"},{"floor":23,"key":"Pocketwatch"},{"floor":23,"key":"conspire:DeflatedDodgeball"},{"floor":25,"key":"The Courier"},{"floor":25,"key":"Du-Vu Doll"},{"floor":26,"key":"Ancient Tea Set"},{"floor":28,"key":"StoneCalendar"},{"floor":28,"key":"Toy Ornithopter"},{"floor":40,"key":"Omamori"},{"floor":40,"key":"InkBottle"},{"floor":43,"key":"PreservedInsect"}],"event_choices":[{"damage_healed":0,"gold_gain":75,"player_choice":"Gather Gold","damage_taken":11,"max_hp_gain":0,"max_hp_loss":0,"event_name":"World of Goop","floor":2,"gold_loss":0},{"damage_healed":0,"gold_gain":0,"player_choice":"Grow","damage_taken":0,"max_hp_gain":0,"max_hp_loss":0,"event_name":"Living Wall","floor":14,"gold_loss":0,"cards_upgraded":["Luminous:Light_Wash_Luminous"]},{"damage_healed":0,"gold_gain":0,"player_choice":"Simplicity","damage_taken":0,"max_hp_gain":0,"max_hp_loss":0,"event_name":"Back to Basics","floor":22,"gold_loss":0,"cards_upgraded":["Luminous:Light_Flash_Shower","Luminous:Light_Flash_Shower","Luminous:Light_Flash_Shower","Luminous:Dark_Abyssal_Drop","Luminous:Dark_Abyssal_Drop","Luminous:Dark_Abyssal_Drop","Luminous:Defend_Luminous","Luminous:Defend_Luminous","Luminous:Defend_Luminous","Luminous:Defend_Luminous"]},{"damage_healed":0,"gold_gain":0,"player_choice":"Shed Blood","damage_taken":20,"max_hp_gain":5,"max_hp_loss":0,"event_name":"Forgotten Altar","floor":30,"gold_loss":0}],"is_beta":false,"boss_relics":[{"not_picked":["Sozu","Empty Cage"],"picked":"Black Star"},{"not_picked":["Philosopher\u0027s Stone","conspire:SlowCooker"],"picked":"conspire:SeveredTorchhead"}],"items_purged_floors":[],"is_endless":false,"potions_floor_spawned":[4,5,10,11,16,19,23,25,28,36,39,40],"ascension_level":0}}