{"host":"61ejhfsushs0xmcl","time":1612247332,"event":{"mods":["ATMod(阿瑾Mod)","Act Like it!","BaseMod","Colored Map","Gold Saver","Minty Spire (QoL Compilation)","MostiFishMod","Reliquary","Spicy Shops","StSLib","TestMod","[IsaacMod]以撒尖塔","【遗物卡牌】REMEMod","篝火指南"],"gold_per_floor":[1766,1787,1317,1338,1356,914,962,996,1033,1121,1162,1194,989,1281,1293,1391,1403,1437,1374,1396,1408,1437,955,982,1025,1111,1145,1196,1320,1368,1780,1546,1668,1730,1794,1756,1865,1755,1755,1818,1818,1818,1818,1866,1971,1971,1971,2037,2037,2072,2214,2214,2223,2223,2310,2404],"floor_reached":57,"language":"ZHS","playtime":1852,"items_purged":["Zap","Defend_B","Strike_B","Defend_B","Strike_B","Hello World","MostiFishMod:ReadyAimFire","Parasite","Shame"],"score":3320,"play_id":"9d5c39f9-6a98-4903-ad3d-7f9c5890a4e7","local_time":"20210202142852","is_ascension_mode":true,"campfire_choices":[{"floor":15,"key":"RECALL"}],"circlet_count":0,"master_deck":["AscendersBane","Dualcast+1","AT_Dispersion+1","MostiFishMod:KamiSmash+1","Gash+1","Gash+1","Undo+1","MostiFishMod:Overload+1","MostiFishMod:IntelligentEquipment+1","Reprogram+1","Meteor Strike+1"],"relics":["Cracked Core","testmod-TestBox","AT_ATBox","REME_ComplimentaryCards","HushsDoor","D6","testmod-DeterminationOfClimber","ChiXiaoBlade","SynthV:TestCard","SteamSale","reliquary:TuningFork","DollysMirror","Technique","Chemical X","MawBank","Vajra","Centennial Puzzle","reliquary:Aerogel","AT_DeathDance","Medical Kit","reliquary:Firecrackers","Prayer Wheel","testmod-Alchemist","UnicornStump","AT_BellDemon","Ancient Tea Set","xbg","Damocles","Nunchaku","Mummified Hand","Ornamental Fan","Du-Vu Doll","Kunai","HowToJump","Gremlin Horn","testmod-Maize","War Paint","AT_ForceNature","testmod-IndustrialRevolution","Blood Vial","Cables","AT_EbonyIvory","Smiling Mask","Lantern","Whetstone","Torii","Singing Bowl","Pantograph","AT_SunfireAegis","Darkstone Periapt","AT_MibuBalloonWealth","Juzu Bracelet","Runic Capacitor","TheBible","AT_PhaseBoots","Tiny House","Damocles","Anchor","Happy Flower","Bottled Tornado","AT_RedTearstoneRing","PreservedInsect","Membership Card","TuHaoJin","SalivaCoin","testmod-TurbochargingSystem","reliquary:SilkGlove","reliquary:RoseTintedGlasses","Bottled Flame","TheAbacus","AT_BladeRuinedKing","reliquary:Buckler","CeramicFish","testmod-Antiphasic","Dodecahedron","testmod-OneHitWonder","AT_ArchangelStaff","Art of War","reliquary:NewFriend","PrismaticShard","Symbiotic Virus","testmod-Acrobat","Molten Egg 2","Thread and Needle","YumHeart","testmod-LifeArmor","DataDisk","DoctorsRemote","Sundial","reliquary:RosewoodLute","reliquary:LoveEmittingDiode","reliquary:ShortFuse","Toy Ornithopter","Blue Candle","Bronze Scales","Bird Faced Urn","reliquary:TridentHead","Orrery","Lee\u0027s Waffle","BookOfRevelations","BelialBook","HandDrill","GuppysHead","TheBean","testmod-Brilliant","Pear","Shuriken","Cauldron","Bottled Lightning","BloodDonationMachine","AnarchistCookbook","GnawedLeaf"],"acts_visited":["Exordium","TheCity","TheBeyond","TheEnding"],"potions_floor_usage":[16,53,56,56],"damage_taken":[{"damage":3.0,"enemies":"Small Slimes","floor":1.0,"turns":3.0},{"damage":0.0,"enemies":"Cultist","floor":2.0,"turns":3.0},{"damage":7.0,"enemies":"Jaw Worm","floor":4.0,"turns":2.0},{"damage":3.0,"enemies":"Looter","floor":5.0,"turns":3.0},{"damage":21.0,"enemies":"3 Sentries","floor":7.0,"turns":6.0},{"damage":7.0,"enemies":"2 Fungi Beasts","floor":8.0,"turns":3.0},{"damage":0.0,"enemies":"Gremlin Nob","floor":11.0,"turns":3.0},{"damage":0.0,"enemies":"3 Louse","floor":12.0,"turns":2.0},{"damage":99999999,"enemies":"Blue Slaver","floor":14,"turns":1},{"damage":0,"enemies":"Hexaghost","floor":16,"turns":2},{"damage":0,"enemies":"Chosen","floor":18,"turns":1},{"damage":0,"enemies":"2 Thieves","floor":20,"turns":1},{"damage":0,"enemies":"Sentry and Sphere","floor":22,"turns":1},{"damage":0,"enemies":"Snecko","floor":24,"turns":1},{"damage":0,"enemies":"Gremlin Leader","floor":25,"turns":1},{"damage":0,"enemies":"3 Cultists","floor":27,"turns":1},{"damage":0,"enemies":"Slavers","floor":28,"turns":1},{"damage":0,"enemies":"Colosseum Slavers","floor":29,"turns":1},{"damage":0,"enemies":"Colosseum Nobs","floor":29,"turns":1},{"damage":0,"enemies":"Gremlin Leader","floor":30,"turns":1},{"damage":0,"enemies":"Automaton","floor":33,"turns":1},{"damage":0,"enemies":"Orb Walker","floor":35,"turns":1},{"damage":0,"enemies":"3 Shapes","floor":37,"turns":1},{"damage":0,"enemies":"Nemesis","floor":40,"turns":1},{"damage":0,"enemies":"Maw","floor":44,"turns":1},{"damage":0,"enemies":"Reptomancer","floor":45,"turns":1},{"damage":0,"enemies":"Giant Head","floor":48,"turns":1},{"damage":0,"enemies":"Time Eater","floor":50,"turns":1},{"damage":0,"enemies":"Awakened One","floor":51,"turns":2},{"damage":0,"enemies":"Shield and Spear","floor":55,"turns":1},{"damage":0,"enemies":"Delirium","floor":56,"turns":2}],"seed_played":"815242667713032879","potions_obtained":[{"floor":7.0,"key":"Fruit Juice"},{"floor":8.0,"key":"Dexterity Potion"},{"floor":12.0,"key":"PowerPotion"},{"floor":14,"key":"FearPotion"},{"floor":14,"key":"SkillPotion"},{"floor":18,"key":"DuplicationPotion"},{"floor":20,"key":"PotionOfCapacity"},{"floor":54,"key":"PowerPotion"}],"is_trial":false,"path_per_floor":["M","M","$","M","M","R","E","M","T","?","E","M","R","M","R","B",null,"M","?","M","?","M","R","M","E","T","M","E","?","E","?","R","B",null,"M","?","M","$","?","E","$","R","T","M","E","R","?","E","R","B","B",null,"R","$","E","B",null],"character_chosen":"DEFECT","items_purchased":["SteamSale","reliquary:TuningFork","DollysMirror","Technique","Chemical X","MawBank","Vajra","Centennial Puzzle","Medical Kit","FairyPotion","Damocles","MostiFishMod:IntelligentEquipment","Gremlin Horn","testmod-Maize","Runic Capacitor","TheBible","Fruit Juice","Damocles","PreservedInsect","Membership Card","TuHaoJin","SalivaCoin","TheAbacus","AT_BladeRuinedKing","reliquary:Buckler","CeramicFish","testmod-Antiphasic","Dodecahedron","testmod-OneHitWonder","AT_ArchangelStaff","Art of War","reliquary:NewFriend","PrismaticShard","Sundial","reliquary:RosewoodLute","reliquary:LoveEmittingDiode","Bird Faced Urn","reliquary:TridentHead","Orrery","Fruit Juice","Lee\u0027s Waffle","BookOfRevelations","BelialBook","HandDrill","GuppysHead","TheBean","testmod-Brilliant","Pear","Shuriken","Cauldron","Bottled Lightning"],"campfire_rested":0,"item_purchase_floors":[3,3,3,6,6,6,6,6,13,13,17,17,23,23,32,32,32,34,38,38,38,38,41,41,41,41,41,42,42,42,42,42,42,46,46,46,49,49,49,53,53,53,53,53,53,53,54,54,54,54,54],"current_hp_per_floor":[62,63,63,59,59,59,48,45,45,30,39,43,43,28,28,42,53,57,57,57,57,57,57,57,57,57,57,57,59,59,59,62,69,66,70,70,74,74,74,81,81,81,81,90,92,92,92,94,102,102,107,107,125,135,137,147],"gold":2404,"neow_bonus":"REMOVE_CARD","is_daily":false,"chose_seed":false,"campfire_upgraded":0,"win_rate":0.0,"timestamp":1612247332,"path_taken":["M","M","$","M","M","R","E","M","T","?","E","M","R","M","R","BOSS","M","?","M","?","M","R","M","E","T","M","E","?","E","?","R","BOSS","M","?","M","$","?","E","$","R","T","M","E","R","?","E","R","BOSS","BOSS","R","$","E","BOSS"],"items_purchased_type":["Relic","Relic","Relic","Relic","Relic","Relic","Relic","Relic","Relic","Potion","Relic","Card","Relic","Relic","Relic","Relic","Potion","Relic","Relic","Relic","Relic","Relic","Relic","Relic","Relic","Relic","Relic","Relic","Relic","Relic","Relic","Relic","Relic","Relic","Relic","Relic","Relic","Relic","Relic","Potion","Relic","Relic","Relic","Relic","Relic","Relic","Relic","Relic","Relic","Relic","Relic"],"build_version":"2020-12-22","purchased_purges":9,"victory":true,"max_hp_per_floor":[71,71,71,71,71,71,71,71,71,71,76,76,76,76,76,76,57,57,57,57,57,57,57,57,57,57,57,57,59,59,59,62,69,66,70,70,74,74,74,81,81,81,81,90,92,92,92,94,102,102,107,107,125,135,137,147],"card_choices":[{"not_picked":[],"picked":"SuicideKing","floor":0.0},{"not_picked":["Sweeping Beam","Barrage","Ball Lightning"],"picked":"SKIP","floor":1.0},{"not_picked":["Barrage","Redo","MostiFishMod:Hijack","MostiFishMod:PushDownKick"],"picked":"Gash","floor":2.0},{"not_picked":["Aggregate","Turbo","MostiFishMod:LinkProtocol","Steam","Sweeping Beam"],"picked":"SKIP","floor":4.0},{"not_picked":["Streamline","Barrage","Leap","Ball Lightning","Steam"],"picked":"SKIP","floor":5.0},{"not_picked":["Streamline","Stack","Aggregate","Go for the Eyes"],"picked":"Bomb","floor":7.0},{"not_picked":["Redo","ElectricPowerLearning","Beam Cell","Sweeping Beam","Conserve Battery"],"picked":"SKIP","floor":8.0},{"not_picked":["Sweeping Beam","Barrage","Turbo","Redo","Fan"],"picked":"SKIP","floor":11.0},{"not_picked":["Force Field","Hologram","Bomb","MostiFishMod:PushDownKick"],"picked":"Undo","floor":12.0},{"not_picked":["Hologram","Rip and Tear","Beam Cell","Barrage","Blizzard"],"picked":"SKIP","floor":14},{"not_picked":["AT_EMC2","Static Discharge","Turbo","ElectricPowerLearning","Streamline"],"picked":"SKIP","floor":14},{"not_picked":["Conserve Battery","Stack","Multi-Cast","Steam","Self Repair"],"picked":"SKIP","floor":14},{"not_picked":["MostiFishMod:Hijack","Thunder Strike","MostiFishMod:ActiveDefenseSystem","All For One"],"picked":"MostiFishMod:Overload","floor":16},{"not_picked":["Undo","Auto Shields","Go for the Eyes","AT_WarpDrive","Static Discharge"],"picked":"SKIP","floor":18},{"not_picked":["Hologram+1","Distribution","White Noise","Streamline+1","REME_Whirling+1"],"picked":"SKIP","floor":18},{"not_picked":["MostiFishMod:FluxCapactior","Steam","Hello World","Turbo","Sweeping Beam"],"picked":"SKIP","floor":20},{"not_picked":["Compile Driver","Steam","Self Repair","Chaos+1","Pulse"],"picked":"SKIP","floor":20},{"not_picked":["Hologram","Rebound","Barrage","Streamline","Ball Lightning"],"picked":"SKIP","floor":22},{"not_picked":["REME_DataAnalysis","Turbo+1","MostiFishMod:Exploitation","Sweeping Beam","Storm"],"picked":"SKIP","floor":22},{"not_picked":["Redo","Capacitor","Storm+1","Sunder"],"picked":"Reprogram","floor":24},{"not_picked":["Leap","Static Discharge","Recycle","Go for the Eyes+1","MostiFishMod:IceShield+1"],"picked":"SKIP","floor":24},{"not_picked":["Defragment+1","Sweeping Beam","Hologram","AT_ThreeBodyProblem","Ball Lightning+1"],"picked":"SKIP","floor":25},{"not_picked":["Steam","Stack","Thunder Strike","Genetic Algorithm","Cold Snap"],"picked":"SKIP","floor":27},{"not_picked":["MostiFishMod:PushDownKick","Distribution+1","Compile Driver","Turbo+1","Fusion"],"picked":"SKIP","floor":27},{"not_picked":["MostiFishMod:FluxCapactior","AT_DarkMatter","MostiFishMod:Distribution","Distribution","Redo"],"picked":"SKIP","floor":28},{"not_picked":["Redo","AT_EMC2","Steam","Sweeping Beam","Gash"],"picked":"Singing Bowl","floor":29},{"not_picked":["Blizzard+1","Undo","Auto Shields","Barrage"],"picked":"Meteor Strike","floor":30},{"not_picked":["Thunder Strike","MostiFishMod:InterfaceCompatibility","MostiFishMod:Nova","MostiFishMod:TalkingToTheRain","Amplify"],"picked":"Singing Bowl","floor":33},{"not_picked":["Barrage","Lockon","AT_HeatAcrobatics+1","Heatsinks","Streamline"],"picked":"Singing Bowl","floor":34},{"not_picked":["Redo","Fusion","Recycle+1","Stack+1","Coolheaded"],"picked":"Singing Bowl","floor":35},{"not_picked":["Stack","Gash","Steam","Doom and Gloom","Cold Snap"],"picked":"Singing Bowl","floor":35},{"not_picked":["Barrage","Aggregate","Sunder","Reboot","Coolheaded"],"picked":"Singing Bowl","floor":37},{"not_picked":["Sweeping Beam","Sunder+1","Compile Driver","Rebound","Redo"],"picked":"Singing Bowl","floor":37},{"not_picked":["Blizzard","Gash","AT_WarpDrive","Pulse","Static Discharge+1"],"picked":"Singing Bowl","floor":40},{"not_picked":["Rebound+1","Beam Cell+1","MostiFishMod:PerfectParry","EmptyFist+1","testmod-Wormhole"],"picked":"Singing Bowl","floor":44},{"not_picked":["JustLucky+1","MostiFishMod:PerfectParry+1","Barrage+1","ThirdEye+1","AT_BodySlamDance"],"picked":"Singing Bowl","floor":44},{"not_picked":["Poisoned Stab+1","Metallicize","Deflect","Prostrate","Clash+1"],"picked":"Singing Bowl","floor":45},{"not_picked":["AT_TwilightShroud","AT_ChampionStep","Inflame","Endless Agony+1","Thunderclap+1"],"picked":"Singing Bowl","floor":48},{"not_picked":["Headbutt+1","Searing Blow+1","Redo+1","MostiFishMod:GatherIntelligence","Hologram"],"picked":"Singing Bowl","floor":49},{"not_picked":["Ball Lightning+1","Choke+1","AT_WarpDrive","REME_DataAnalysis+1","Conserve Battery"],"picked":"Singing Bowl","floor":49},{"not_picked":["FollowUp+1","Deflect+1","WindmillStrike+1","Havoc","REME_ShadowForm"],"picked":"Singing Bowl","floor":49},{"not_picked":["Enlightenment+1","Blade Dance","Slice+1","Barrage+1","Chill"],"picked":"Singing Bowl","floor":49},{"not_picked":["MostiFishMod:DustFall","Warcry","FlurryOfBlows+1","Crescendo","Secret Weapon"],"picked":"Singing Bowl","floor":55}],"player_experience":828356,"relics_obtained":[{"floor":1.0,"key":"SynthV:TestCard"},{"floor":7.0,"key":"reliquary:Aerogel"},{"floor":11.0,"key":"AT_DeathDance"},{"floor":14,"key":"reliquary:Firecrackers"},{"floor":14,"key":"Prayer Wheel"},{"floor":14,"key":"testmod-Alchemist"},{"floor":14,"key":"UnicornStump"},{"floor":14,"key":"AT_BellDemon"},{"floor":16,"key":"Ancient Tea Set"},{"floor":18,"key":"Nunchaku"},{"floor":18,"key":"Mummified Hand"},{"floor":20,"key":"Ornamental Fan"},{"floor":20,"key":"Du-Vu Doll"},{"floor":22,"key":"Kunai"},{"floor":22,"key":"HowToJump"},{"floor":24,"key":"War Paint"},{"floor":25,"key":"AT_ForceNature"},{"floor":25,"key":"testmod-IndustrialRevolution"},{"floor":25,"key":"Blood Vial"},{"floor":26,"key":"Cables"},{"floor":27,"key":"AT_EbonyIvory"},{"floor":27,"key":"Smiling Mask"},{"floor":28,"key":"Lantern"},{"floor":28,"key":"Whetstone"},{"floor":29,"key":"Torii"},{"floor":29,"key":"Singing Bowl"},{"floor":29,"key":"Pantograph"},{"floor":29,"key":"AT_SunfireAegis"},{"floor":30,"key":"Darkstone Periapt"},{"floor":30,"key":"AT_MibuBalloonWealth"},{"floor":30,"key":"Juzu Bracelet"},{"floor":33,"key":"AT_SpeedBoots"},{"floor":35,"key":"Anchor"},{"floor":35,"key":"Happy Flower"},{"floor":35,"key":"Bottled Tornado"},{"floor":37,"key":"AT_RedTearstoneRing"},{"floor":40,"key":"testmod-TurbochargingSystem"},{"floor":40,"key":"reliquary:SilkGlove"},{"floor":40,"key":"reliquary:RoseTintedGlasses"},{"floor":40,"key":"Bottled Flame"},{"floor":43,"key":"Symbiotic Virus"},{"floor":44,"key":"testmod-Acrobat"},{"floor":44,"key":"Molten Egg 2"},{"floor":44,"key":"Thread and Needle"},{"floor":45,"key":"YumHeart"},{"floor":45,"key":"testmod-LifeArmor"},{"floor":45,"key":"DataDisk"},{"floor":45,"key":"DoctorsRemote"},{"floor":48,"key":"reliquary:ShortFuse"},{"floor":48,"key":"Toy Ornithopter"},{"floor":48,"key":"Blue Candle"},{"floor":48,"key":"Bronze Scales"},{"floor":55,"key":"BloodDonationMachine"},{"floor":55,"key":"AnarchistCookbook"},{"floor":55,"key":"GnawedLeaf"}],"event_choices":[{"cards_removed":["Defend_B"],"damage_healed":0,"gold_gain":0,"player_choice":"Gave Gold","damage_taken":0,"max_hp_gain":0,"max_hp_loss":0,"event_name":"Beggar","floor":19,"gold_loss":75},{"damage_healed":0,"gold_gain":0,"cards_transformed":["Defend_B","Strike_B"],"player_choice":"Became Test Subject","damage_taken":0,"max_hp_gain":0,"max_hp_loss":0,"event_name":"Drug Dealer","floor":21,"gold_loss":0,"cards_obtained":["Hello World","MostiFishMod:ReadyAimFire"]},{"damage_healed":0,"gold_gain":0,"player_choice":"Fight","damage_taken":0,"max_hp_gain":0,"max_hp_loss":0,"event_name":"Colosseum","floor":29,"gold_loss":0},{"damage_healed":0,"gold_gain":0,"player_choice":"Fought Nobs","damage_taken":0,"max_hp_gain":0,"max_hp_loss":0,"event_name":"Colosseum","floor":29,"gold_loss":0},{"damage_healed":0,"gold_gain":400,"player_choice":"Sell","damage_taken":0,"max_hp_gain":0,"max_hp_loss":0,"event_name":"恩洛斯的盘子","floor":31,"relics_lost":["DaveBox"],"gold_loss":0},{"damage_healed":0,"gold_gain":0,"player_choice":"Upgrade","damage_taken":0,"max_hp_gain":0,"max_hp_loss":0,"event_name":"Designer","floor":36,"gold_loss":50,"cards_upgraded":["Reprogram"]},{"damage_healed":0,"gold_gain":0,"player_choice":"Ignored","damage_taken":0,"max_hp_gain":0,"max_hp_loss":0,"event_name":"给自己的盒子","floor":47,"gold_loss":0}],"is_beta":false,"boss_relics":[{"not_picked":["Velvet Choker","testmod-Recursion"],"picked":"xbg"},{"not_picked":[]},{"not_picked":["EE1DDrone","Runic Pyramid"],"picked":"Tiny House"},{"not_picked":[]}],"items_purged_floors":[3,3,6,13,17,23,23,32,53],"is_endless":false,"potions_floor_spawned":[7,8,12,14,18,20,27,28,29,35,40,55],"ascension_level":20}}