{"host":"czyddnh1ekzxzhp2","time":1612241951,"event":{"mods":["BaseMod","Better Third Choice","BetterRewards","Hermit","Minty Spire (QoL Compilation)","StSLib"],"gold_per_floor":[117,129,129,142,152,187,187,222,222,237,252,252,285,304,304,304,304],"floor_reached":16,"language":"ENG","playtime":1296,"items_purged":[],"score":164,"play_id":"e235a2d8-fbd8-45f7-90f3-1fffe57ba3c7","local_time":"20210201235911","is_ascension_mode":true,"campfire_choices":[{"floor":7,"key":"REST"},{"floor":12,"key":"REST"},{"floor":15,"key":"REST"}],"circlet_count":0,"master_deck":["hermit:Strike_Hermit","hermit:Strike_Hermit","hermit:Strike_Hermit","hermit:Defend_Hermit","hermit:Defend_Hermit","hermit:Defend_Hermit","hermit:Defend_Hermit","hermit:Snapshot","hermit:Covet","hermit:Enervate","hermit:Feint","hermit:CursedWeapon","hermit:Magnum","hermit:Headshot"],"relics":["hermit:Momento","Tiny Chest","Pear","Oddly Smooth Stone","Orichalcum","Darkstone Periapt"],"acts_visited":["Exordium"],"potions_floor_usage":[6,8,13,13,16],"damage_taken":[{"damage":0,"enemies":"2 Louse","floor":1,"turns":2},{"damage":7,"enemies":"Small Slimes","floor":2,"turns":3},{"damage":2,"enemies":"Jaw Worm","floor":4,"turns":5},{"damage":3,"enemies":"Blue Slaver","floor":5,"turns":6},{"damage":38,"enemies":"Lagavulin","floor":6,"turns":8},{"damage":51,"enemies":"Gremlin Nob","floor":8,"turns":6},{"damage":16,"enemies":"Large Slime","floor":10,"turns":6},{"damage":0,"enemies":"Looter","floor":11,"turns":4},{"damage":2,"enemies":"Lagavulin","floor":13,"turns":2},{"damage":5,"enemies":"2 Fungi Beasts","floor":14,"turns":2},{"damage":45,"enemies":"Hexaghost","floor":16,"turns":11}],"seed_played":"7717908116572084947","potions_obtained":[{"floor":2,"key":"PowerPotion"},{"floor":6,"key":"Regen Potion"},{"floor":8,"key":"AttackPotion"},{"floor":10,"key":"GamblersBrew"},{"floor":11,"key":"SteroidPotion"}],"is_trial":false,"path_per_floor":["M","M","?","M","M","E","R","E","T","M","M","R","E","M","R","B"],"character_chosen":"HERMIT","items_purchased":[],"campfire_rested":3,"item_purchase_floors":[],"current_hp_per_floor":[75,68,61,59,56,28,53,17,17,1,1,26,24,19,44,0,0],"gold":304,"neow_bonus":"RANDOM_COMMON_RELIC","is_daily":false,"chose_seed":false,"campfire_upgraded":0,"win_rate":0.0,"timestamp":1612241951,"path_taken":["M","M","?","M","M","E","R","E","T","M","M","R","E","M","R","BOSS"],"items_purchased_type":[],"build_version":"2020-12-22","purchased_purges":0,"victory":false,"max_hp_per_floor":[75,75,75,75,75,85,85,85,85,85,85,85,85,85,85,85,85],"card_choices":[{"not_picked":["hermit:HighCaliber","hermit:WideOpen"],"picked":"hermit:Enervate","floor":1},{"not_picked":["hermit:Midnight","hermit:Glare"],"picked":"hermit:Feint","floor":2},{"not_picked":["hermit:WideOpen","hermit:Headshot","hermit:Manifest"],"picked":"SKIP","floor":4},{"not_picked":["hermit:HoleUp","hermit:HighCaliber","hermit:Grudge"],"picked":"SKIP","floor":5},{"not_picked":["hermit:Virtue","hermit:Determination"],"picked":"hermit:CursedWeapon","floor":6},{"not_picked":["hermit:FullyLoaded","hermit:Headshot","hermit:WideOpen"],"picked":"SKIP","floor":8},{"not_picked":["hermit:Spite","hermit:EyeOfTheStorm"],"picked":"hermit:Magnum","floor":10},{"not_picked":["hermit:Spite","hermit:Quickdraw"],"picked":"hermit:Headshot","floor":11},{"not_picked":["hermit:ItchyTrigger","hermit:TakeAim","hermit:Feint"],"picked":"SKIP","floor":13},{"not_picked":["hermit:Headshot","hermit:GoldenBullet","hermit:FinalCanter"],"picked":"SKIP","floor":14}],"player_experience":895075,"relics_obtained":[{"floor":6,"key":"Pear"},{"floor":8,"key":"Oddly Smooth Stone"},{"floor":9,"key":"Orichalcum"},{"floor":13,"key":"Darkstone Periapt"}],"event_choices":[{"cards_removed":["hermit:Strike_Hermit"],"damage_healed":0,"gold_gain":0,"player_choice":"Card Removal","damage_taken":7,"max_hp_gain":0,"max_hp_loss":0,"event_name":"Golden Wing","floor":3,"gold_loss":0}],"is_beta":false,"boss_relics":[],"items_purged_floors":[],"is_endless":false,"potions_floor_spawned":[2,6,8,10,11],"killed_by":"Hexaghost","ascension_level":2}}