{"host":"f4xk8spljo3akohx","time":1612240783,"event":{"mods":["Act Like it!","Arknights","BaseMod","Downfall","Gensokyo","GifTheSpireLib","Hallownest","Highlight Path","Marisa£®ÏF”Í°°ƒß¿Ì…≥£©","Minty Spire (QoL Compilation)","Quick Restart","StSLib","The Bug Knight"],"gold_per_floor":[119,119,129,146,158,158,183,183,208,236,25,45,80,80,80,179,179,198,208,483,502,522,522,551,551,551,570,580,505,505,537,537,640,640,659,659,669,682,682,682,692,702,702,729,747,672,672,572,572,572],"floor_reached":51,"language":"ZHS","playtime":2145,"items_purged":["Parasite","ats:Flame Of Heaven+1"],"score":764,"play_id":"c33c3cbd-8474-4243-b779-17aebcb57391","local_time":"20210202123943","is_ascension_mode":false,"campfire_choices":[{"floor":6,"key":"REST"},{"floor":8,"key":"REST"},{"data":"ats:Nebulous Foxfire","floor":15,"key":"SMITH"},{"data":"ats:Composite Medical Shells","floor":23,"key":"SMITH"},{"data":"ats:Healing Strengthening","floor":25,"key":"SMITH"},{"data":"ats:Part Time Job","floor":30,"key":"SMITH"},{"data":"ats:Part Time Job","floor":32,"key":"SMITH"},{"data":"ats:Nebulous Foxfire","floor":40,"key":"SMITH"},{"data":"ats:Demon Strength","floor":47,"key":"SMITH"},{"data":"ats:Sashimi Platter","floor":49,"key":"SMITH"}],"circlet_count":0,"master_deck":["ats:Strike C","ats:Strike G","ats:Strike S","ats:Armor Crushing Shot","ats:Healing Strengthening+1","ats:Poison Spread","ats:Composite Medical Shells+1","ats:Part Time Job+1","ats:Part Time Job+1","ats:Nebulous Foxfire+1","ats:Calcification","ats:Sashimi Platter+1","ats:Demon Strength+1","ats:Nebulous Foxfire+1","ats:Durian+1","ats:Soul Rend+1","ats:Revitalization+1"],"relics":["SlaversCollar","ats:Originium","Ancient Tea Set","Centennial Puzzle","Happy Flower","Orichalcum","Nunchaku","ats:Omniscience","TungstenRod","ats:Lavender","Bottled Lightning","Astrolabe","Mango","ats:Hidden Killer"],"acts_visited":["Exordium","TheCity","TheBeyond"],"potions_floor_usage":[7,10,13],"damage_taken":[{"damage":7,"enemies":"2 Louse","floor":1,"turns":3},{"damage":8,"enemies":"Cultist","floor":3,"turns":5},{"damage":5,"enemies":"Small Slimes","floor":4,"turns":5},{"damage":27,"enemies":"Exordium Thugs","floor":5,"turns":7},{"damage":33,"enemies":"Gremlin Nob","floor":7,"turns":5},{"damage":11,"enemies":"Lagavulin","floor":10,"turns":7},{"damage":9,"enemies":"Looter","floor":12,"turns":3},{"damage":18,"enemies":"3 Sentries","floor":13,"turns":7},{"damage":12,"enemies":"Slime Boss","floor":16,"turns":8},{"damage":14,"enemies":"2 Thieves","floor":18,"turns":5},{"damage":14,"enemies":"Shell Parasite","floor":19,"turns":7},{"damage":37,"enemies":"Cultist and Chosen","floor":21,"turns":6},{"damage":34,"enemies":"Snecko","floor":22,"turns":7},{"damage":15,"enemies":"HollowMod:Nosk","floor":24,"turns":7},{"damage":13,"enemies":"Shelled Parasite and Fungi","floor":27,"turns":4},{"damage":11,"enemies":"3 Cultists","floor":28,"turns":4},{"damage":49,"enemies":"Slavers","floor":31,"turns":5},{"damage":69,"enemies":"Champ","floor":33,"turns":10},{"damage":33,"enemies":"Orb Walker","floor":35,"turns":5},{"damage":0,"enemies":"3 Shapes","floor":37,"turns":4},{"damage":61,"enemies":"Maw","floor":38,"turns":9},{"damage":16,"enemies":"Writhing Mass","floor":41,"turns":7},{"damage":45,"enemies":"Maw","floor":42,"turns":9},{"damage":86,"enemies":"Reptomancer","floor":44,"turns":6},{"damage":47,"enemies":"Transient","floor":45,"turns":5},{"damage":80,"enemies":"Time Eater","floor":50,"turns":11}],"seed_played":"-8902151949955941345","potions_obtained":[{"floor":4,"key":"AttackPotion"},{"floor":7,"key":"Dexterity Potion"},{"floor":10,"key":"Explosive Potion"},{"floor":13,"key":"EntropicBrew"},{"floor":16,"key":"LiquidMemories"},{"floor":24,"key":"Guardian:BlockOnCardUsePotion"}],"is_trial":false,"path_per_floor":["M","?","M","M","M","R","E","R","T","E","$","M","E","?","R","B",null,"M","M","?","M","M","R","E","R","T","M","M","?","R","E","R","B",null,"M","?","M","M","?","R","M","M","T","E","M","$","R","$","R","B",null],"character_chosen":"DOCTOR_CLASS","items_purchased":["ats:Part Time Job","Orichalcum"],"campfire_rested":2,"item_purchase_floors":[11,11],"current_hp_per_floor":[65,65,57,52,25,46,13,34,34,23,23,20,27,27,27,72,72,72,72,72,64,72,72,64,64,64,67,72,72,72,65,65,72,72,71,71,72,72,72,72,72,46,60,71,61,61,61,61,61,83],"gold":572,"neow_bonus":"BOSS_RELIC","is_daily":false,"chose_seed":false,"campfire_upgraded":8,"win_rate":0.0,"timestamp":1612240783,"path_taken":["M","?","?","M","M","R","E","R","T","E","?","M","E","?","R","BOSS","M","?","?","M","M","R","E","R","T","M","?","?","R","E","R","BOSS","M","?","M","?","?","R","?","M","T","E","M","$","R","$","R","BOSS"],"items_purchased_type":["Card","Relic"],"build_version":"2020-12-22","purchased_purges":2,"victory":true,"max_hp_per_floor":[72,72,72,72,72,72,72,72,72,72,72,72,72,72,72,72,72,72,72,72,72,72,72,72,72,72,72,72,72,72,72,72,72,72,72,72,72,72,72,72,72,72,86,86,86,83,83,83,83,83],"card_choices":[{"not_picked":["ats:Assault Order","ats:Overload"],"picked":"ats:Healing Strengthening","floor":1},{"not_picked":["ats:Poison Spread","ats:Assault Order","ats:Sunburst"],"picked":"SKIP","floor":3},{"not_picked":["ats:Healing Strengthening","ats:Shell Defense"],"picked":"ats:Poison Spread","floor":4},{"not_picked":["ats:Apocalypse","ats:Burning Ground"],"picked":"ats:Composite Medical Shells","floor":5},{"not_picked":["ats:Ignite","ats:Leaping Hammer","ats:Very Hot Blade"],"picked":"SKIP","floor":7},{"not_picked":["ats:Overload","ats:Closed Bolt Burst Fire","ats:Healing Strengthening"],"picked":"SKIP","floor":10},{"not_picked":["ats:Shell Defense","ats:Defend Order"],"picked":"ats:Part Time Job","floor":12},{"not_picked":["ats:Sword Rain","ats:Part Time Job"],"picked":"ats:Nebulous Foxfire","floor":13},{"not_picked":["ats:Rat Pack","ats:Echo Reverb"],"picked":"ats:Calcification","floor":16},{"not_picked":["ats:Healing Strengthening","ats:Guard Mode"],"picked":"ats:Sashimi Platter","floor":18},{"not_picked":["ats:Blood Oath","ats:Leaping Hammer"],"picked":"ats:Demon Strength","floor":19},{"not_picked":["ats:Consecutive Shot Auto","ats:Healing Drone","ats:Hammer On"],"picked":"SKIP","floor":21},{"not_picked":["ats:Very Hot Blade","ats:Charging Defense","ats:Collapsing Strike"],"picked":"SKIP","floor":22},{"not_picked":["ats:Guard Mode+1","ats:Chain Hook","ats:Hammer On"],"picked":"SKIP","floor":24},{"not_picked":["ats:Closed Bolt Burst Fire","ats:Leaping Hammer+1","ats:Very Hot Blade+1"],"picked":"SKIP","floor":27},{"not_picked":["ats:Fractured Body","ats:Blood Oath+1","ats:Flame Of Heaven"],"picked":"SKIP","floor":28},{"not_picked":["ats:Absolute Focus","ats:Assault Order+1","ats:Explosion Area Strengthen+1"],"picked":"SKIP","floor":31},{"not_picked":["ats:Volcano","ats:Rat Pack"],"picked":"ats:Nebulous Foxfire","floor":33},{"not_picked":["ats:Explosion Area Strengthen+1","ats:Collapsing Strike+1","ats:Blood Oath+1"],"picked":"SKIP","floor":35},{"not_picked":["ats:Blood Oath","ats:Shell Defense","ats:Encircling Forest+1"],"picked":"SKIP","floor":37},{"not_picked":["ats:Composite Medical Shells","ats:Echo Reverb"],"picked":"ats:Revitalization+1","floor":38},{"not_picked":["ats:Chain Hook","ats:Magnetic Hammer","ats:Assault Order+1"],"picked":"SKIP","floor":41},{"not_picked":["ats:Consecutive Shot Auto+1","ats:Explosion Area Strengthen+1","ats:Poison Spread"],"picked":"SKIP","floor":42},{"not_picked":["ats:Blood Oath+1","ats:Curse Doll","ats:Automatic Cover"],"picked":"SKIP","floor":44},{"not_picked":["ats:Steam Pump+1","ats:Leaping Hammer","ats:Shell Defense"],"picked":"SKIP","floor":45}],"player_experience":66710,"relics_obtained":[{"floor":7,"key":"ats:Originium"},{"floor":7,"key":"Ancient Tea Set"},{"floor":9,"key":"Centennial Puzzle"},{"floor":10,"key":"ats:Originium"},{"floor":10,"key":"Happy Flower"},{"floor":13,"key":"ats:Originium"},{"floor":13,"key":"Nunchaku"},{"floor":24,"key":"ats:Originium"},{"floor":24,"key":"TungstenRod"},{"floor":26,"key":"ats:Lavender"},{"floor":31,"key":"Bottled Lightning"},{"floor":43,"key":"Mango"},{"floor":44,"key":"ats:Hidden Killer"}],"event_choices":[{"cards_removed":["ats:Strike V"],"damage_healed":0,"gold_gain":0,"player_choice":"Purged","damage_taken":0,"max_hp_gain":0,"max_hp_loss":0,"event_name":"Purifier","floor":2,"gold_loss":0},{"cards_removed":["ats:Defend"],"damage_healed":0,"gold_gain":0,"player_choice":"Offered Basic","damage_taken":0,"max_hp_gain":0,"max_hp_loss":0,"event_name":"Bonfire Elementals","floor":14,"gold_loss":0},{"damage_healed":0,"gold_gain":275,"player_choice":"Desecrate","damage_taken":0,"max_hp_gain":0,"max_hp_loss":0,"event_name":"Golden Shrine","floor":20,"gold_loss":0,"cards_obtained":["Regret"]},{"cards_removed":["ats:Defend"],"damage_healed":0,"gold_gain":0,"player_choice":"Gave Gold","damage_taken":0,"max_hp_gain":0,"max_hp_loss":0,"event_name":"Beggar","floor":29,"gold_loss":75},{"damage_healed":0,"gold_gain":0,"player_choice":"Ignored","damage_taken":0,"max_hp_gain":0,"max_hp_loss":0,"event_name":"SecretPortal","floor":36,"gold_loss":0},{"cards_removed":["Regret"],"damage_healed":0,"gold_gain":0,"player_choice":"Removed Curses","damage_taken":0,"max_hp_gain":0,"max_hp_loss":0,"event_name":"Fountain of Cleansing","floor":39,"gold_loss":0}],"is_beta":false,"boss_relics":[{"not_picked":["SacredBark","Velvet Choker"],"picked":"ats:Omniscience"},{"not_picked":["Black Star","Runic Pyramid"],"picked":"Astrolabe"}],"items_purged_floors":[46,48],"is_endless":false,"potions_floor_spawned":[4,7,10,13,16,24,27,28,33,37,41,42,44],"ascension_level":0}}