{"host":"570h1xlbg9sstasg","time":1612288365,"event":{"mods":["AchievementEnabler","BaseMod","Bestiary","Block Reminder","Colored Powertips","Curses Come First","Highlight Path","Minty Spire (QoL Compilation)","Quick Restart","Random Character Button","Relic Stats","StSLib"],"gold_per_floor":[112,129,129,20,36,36,36,36,36,36,62,74,89,100,100,202,202,221,67,67,67,84,116,116,144,167,167,187,212,137,137,137,241,241,252,54,65,115,125,150,150,150,150,150,165,194,194,204,204,204,204,204,81,115,115],"floor_reached":56,"language":"ENG","playtime":3608,"items_purged":["Strike_R","Strike_R","Feed+1"],"score":1685,"play_id":"6cd74583-7411-4f93-a50c-c61732157ccb","local_time":"20210202195245","is_ascension_mode":true,"campfire_choices":[{"data":"Armaments","floor":6.0,"key":"SMITH"},{"data":"Fire Breathing","floor":8.0,"key":"SMITH"},{"data":"Burning Pact","floor":10.0,"key":"SMITH"},{"data":"Dual Wield","floor":15.0,"key":"SMITH"},{"floor":24.0,"key":"REST"},{"data":"Power Through","floor":27.0,"key":"SMITH"},{"data":"Flame Barrier","floor":32.0,"key":"SMITH"},{"floor":42.0,"key":"RECALL"},{"data":"Pommel Strike","floor":44.0,"key":"SMITH"},{"data":"Battle Trance","floor":49,"key":"SMITH"},{"data":"Immolate","floor":52,"key":"SMITH"}],"circlet_count":0,"master_deck":["Defend_R","Defend_R","Defend_R","Bash","CurseOfTheBell","Feel No Pain","Burning Pact+1","Fire Breathing+1","Power Through+1","Armaments+1","Dual Wield+1","Ghostly Armor","Second Wind","Flame Barrier+1","Immolate+1","Pommel Strike+1","Second Wind+1","Power Through+1","Evolve+1","Wild Strike+1","Pommel Strike+1","Havoc+1","Evolve+1","Headbutt+1","Entrench+1","PanicButton","Battle Trance+1"],"relics":["Calling Bell","Smiling Mask","InkBottle","Incense Burner","Eternal Feather","Frozen Egg 2","Happy Flower","Mark of Pain","Pocketwatch","Anchor","Oddly Smooth Stone","Molten Egg 2","Runic Cube","Frozen Eye","Calipers","Mummified Hand","Sundial","StoneCalendar"],"acts_visited":["TheCity","TheBeyond","TheEnding"],"potions_floor_usage":[54,55,55],"damage_taken":[{"damage":5.0,"enemies":"Cultist","floor":1.0,"turns":5.0},{"damage":7.0,"enemies":"Small Slimes","floor":2.0,"turns":6.0},{"damage":2.0,"enemies":"Jaw Worm","floor":5.0,"turns":5.0},{"damage":0.0,"enemies":"Gremlin Nob","floor":11.0,"turns":4.0},{"damage":1.0,"enemies":"2 Fungi Beasts","floor":12.0,"turns":4.0},{"damage":3.0,"enemies":"Blue Slaver","floor":13.0,"turns":5.0},{"damage":6.0,"enemies":"3 Louse","floor":14.0,"turns":6.0},{"damage":37.0,"enemies":"The Guardian","floor":16.0,"turns":11.0},{"damage":11.0,"enemies":"Chosen","floor":18.0,"turns":5.0},{"damage":14.0,"enemies":"3 Byrds","floor":22.0,"turns":3.0},{"damage":18.0,"enemies":"Book of Stabbing","floor":23.0,"turns":4.0},{"damage":29.0,"enemies":"Slavers","floor":25.0,"turns":3.0},{"damage":0.0,"enemies":"Shelled Parasite and Fungi","floor":28.0,"turns":7.0},{"damage":1.0,"enemies":"Book of Stabbing","floor":29.0,"turns":6.0},{"damage":15.0,"enemies":"Collector","floor":33.0,"turns":6.0},{"damage":0.0,"enemies":"3 Shapes","floor":35.0,"turns":4.0},{"damage":15.0,"enemies":"3 Darklings","floor":37.0,"turns":5.0},{"damage":0.0,"enemies":"Mind Bloom Boss Battle","floor":38.0,"turns":4.0},{"damage":0.0,"enemies":"Sphere and 2 Shapes","floor":39.0,"turns":5.0},{"damage":0.0,"enemies":"Nemesis","floor":40.0,"turns":9.0},{"damage":10.0,"enemies":"Transient","floor":45.0,"turns":5.0},{"damage":5.0,"enemies":"Reptomancer","floor":46.0,"turns":6.0},{"damage":0,"enemies":"Spire Growth","floor":48,"turns":6},{"damage":0,"enemies":"Donu and Deca","floor":50,"turns":7},{"damage":0,"enemies":"Shield and Spear","floor":54,"turns":5},{"damage":45,"enemies":"The Heart","floor":55,"turns":14}],"seed_played":"-6856334193827689460","potions_obtained":[{"floor":11.0,"key":"LiquidMemories"},{"floor":12.0,"key":"LiquidBronze"},{"floor":13.0,"key":"Fruit Juice"},{"floor":14.0,"key":"ColorlessPotion"},{"floor":25.0,"key":"Weak Potion"},{"floor":28.0,"key":"Energy Potion"},{"floor":33.0,"key":"BloodPotion"},{"floor":40.0,"key":"Strength Potion"},{"floor":45.0,"key":"Regen Potion"},{"floor":48,"key":"SteroidPotion"},{"floor":54,"key":"Dexterity Potion"}],"is_trial":false,"path_per_floor":["M","M","T","$","M","R","$","R","T","R","E","M","M","M","R","B",null,"M","$","?","?","M","E","R","E","T","R","M","E","?","?","R","B",null,"M","$","M","?","M","E","?","R","T","R","M","E","?","M","R","B",null,"R","$","E","B",null],"character_chosen":"IRONCLAD","items_purchased":["Fire Breathing","Power Through","Pommel Strike","PowerPotion","Frozen Eye","DistilledChaos"],"campfire_rested":1,"item_purchase_floors":[4,4,19,19,36,53],"current_hp_per_floor":[67,60,60,60,58,67,67,76,76,80,80,79,81,75,85,48,76,65,65,65,65,51,33,70,41,41,53,53,52,52,52,64,49,76,76,76,61,61,61,61,61,76,76,85,75,70,70,70,85,85,85,85,85,85,57],"gold":115,"neow_bonus":"BOSS_RELIC","is_daily":false,"chose_seed":false,"campfire_upgraded":9,"win_rate":0.0,"timestamp":1612288365,"path_taken":["M","?","?","?","M","R","$","R","T","R","E","M","M","?","R","BOSS","M","$","?","?","?","E","R","E","T","R","M","E","?","?","R","BOSS","M","$","M","?","M","E","?","R","T","R","M","E","?","M","R","BOSS","R","$","E","BOSS"],"items_purchased_type":["Card","Card","Card","Potion","Relic","Potion"],"build_version":"2020-12-22","purchased_purges":3,"victory":true,"max_hp_per_floor":[80,80,80,80,80,80,80,80,80,80,80,80,85,85,85,85,85,85,85,85,85,85,85,85,85,85,85,85,85,85,85,85,85,85,85,85,85,85,85,85,85,85,85,85,85,85,85,85,85,85,85,85,85,85,85],"relic_stats":{"Happy Flower":[43],"counters":[24,139],"Mummified Hand":[33],"Sundial":[4],"Eternal Feather":107,"StoneCalendar":[52],"Smiling Mask":150,"obtain_stats":[{"Calipers":38,"Happy Flower":11,"Oddly Smooth Stone":26,"Eternal Feather":0,"StoneCalendar":54,"Incense Burner":0,"Frozen Egg 2":9,"Smiling Mask":0,"Calling Bell":0,"Frozen Eye":36,"Anchor":25,"Mummified Hand":40,"Sundial":46,"Molten Egg 2":29,"Mark of Pain":17,"InkBottle":0,"Pocketwatch":23,"Runic Cube":34},{"Calipers":16,"Happy Flower":2,"Oddly Smooth Stone":10,"Eternal Feather":0,"StoneCalendar":23,"Incense Burner":0,"Frozen Egg 2":1,"Smiling Mask":0,"Calling Bell":0,"Frozen Eye":14,"Anchor":10,"Mummified Hand":18,"Sundial":20,"Molten Egg 2":12,"Mark of Pain":6,"InkBottle":0,"Pocketwatch":9,"Runic Cube":13},{"Calipers":82,"Happy Flower":9,"Oddly Smooth Stone":50,"Eternal Feather":0,"StoneCalendar":125,"Incense Burner":0,"Frozen Egg 2":5,"Smiling Mask":0,"Calling Bell":0,"Frozen Eye":73,"Anchor":50,"Mummified Hand":96,"Sundial":107,"Molten Egg 2":63,"Mark of Pain":35,"InkBottle":0,"Pocketwatch":47,"Runic Cube":69}],"InkBottle":[42],"Pocketwatch":[141],"Runic Cube":[17]},"card_choices":[{"not_picked":["Twin Strike","Body Slam"],"picked":"Feel No Pain","floor":1.0},{"not_picked":["Perfected Strike","Ghostly Armor"],"picked":"Burning Pact","floor":2.0},{"not_picked":["Demon Form","Inflame"],"picked":"Armaments","floor":5.0},{"not_picked":["Clash","Dark Embrace+1"],"picked":"Dual Wield","floor":11.0},{"not_picked":["Dropkick","Heavy Blade"],"picked":"Ghostly Armor","floor":12.0},{"not_picked":["Thunderclap","Searing Blow"],"picked":"Second Wind","floor":13.0},{"not_picked":["Intimidate","Uppercut"],"picked":"Flame Barrier","floor":14.0},{"not_picked":["Corruption+1","Double Tap"],"picked":"Immolate","floor":16.0},{"not_picked":["Metallicize+1","Iron Wave+1","Pummel+1"],"picked":"SKIP","floor":18.0},{"not_picked":["Anger","Body Slam","Clothesline+1"],"picked":"SKIP","floor":22.0},{"not_picked":["Perfected Strike","Demon Form+1"],"picked":"Second Wind+1","floor":23.0},{"not_picked":["Iron Wave","Blood for Blood"],"picked":"Power Through+1","floor":25.0},{"not_picked":["Clash","Disarm"],"picked":"Evolve+1","floor":28.0},{"not_picked":["Feel No Pain+1","Blood for Blood+1"],"picked":"Wild Strike+1","floor":29.0},{"not_picked":["Double Tap","Bludgeon+1"],"picked":"Feed+1","floor":33.0},{"not_picked":["Rage","Twin Strike+1"],"picked":"Pommel Strike+1","floor":35.0},{"not_picked":["Disarm","Sword Boomerang+1"],"picked":"Havoc+1","floor":37.0},{"not_picked":["Cleave+1","Feed+1"],"picked":"Evolve+1","floor":38.0},{"not_picked":["Heavy Blade+1","Blood for Blood+1","Flex+1"],"picked":"SKIP","floor":39.0},{"not_picked":["Anger+1","Sword Boomerang+1"],"picked":"Headbutt+1","floor":40.0},{"not_picked":["Shrug It Off","Clothesline+1","Hemokinesis+1"],"picked":"SKIP","floor":45.0},{"not_picked":["Rupture+1","Feed+1"],"picked":"Entrench+1","floor":46.0},{"not_picked":["Jack Of All Trades","Good Instincts"],"picked":"PanicButton","floor":47.0},{"not_picked":["Warcry","True Grit"],"picked":"Battle Trance","floor":48},{"not_picked":["Clash+1","Warcry","Searing Blow+1"],"picked":"SKIP","floor":54}],"player_experience":372956,"relics_obtained":[{"floor":0.0,"key":"Smiling Mask"},{"floor":0.0,"key":"InkBottle"},{"floor":0.0,"key":"Incense Burner"},{"floor":3.0,"key":"Eternal Feather"},{"floor":9.0,"key":"Frozen Egg 2"},{"floor":11.0,"key":"Happy Flower"},{"floor":23.0,"key":"Pocketwatch"},{"floor":25.0,"key":"Anchor"},{"floor":26.0,"key":"Oddly Smooth Stone"},{"floor":29.0,"key":"Molten Egg 2"},{"floor":38.0,"key":"Calipers"},{"floor":40.0,"key":"Mummified Hand"},{"floor":46.0,"key":"Sundial"},{"floor":54,"key":"StoneCalendar"}],"event_choices":[{"damage_healed":0.0,"max_hp_gain":0.0,"max_hp_loss":0.0,"gold_gain":0.0,"event_name":"Vampires","player_choice":"Ignored","floor":20.0,"gold_loss":0.0,"damage_taken":0.0},{"cards_removed":["Strike_R"],"damage_healed":0.0,"max_hp_gain":0.0,"max_hp_loss":0.0,"gold_gain":0.0,"event_name":"Purifier","player_choice":"Purged","floor":21.0,"gold_loss":0.0,"damage_taken":0.0},{"cards_removed":["Strike_R"],"damage_healed":0.0,"max_hp_gain":0.0,"max_hp_loss":0.0,"gold_gain":0.0,"event_name":"Beggar","player_choice":"Gave Gold","floor":30.0,"gold_loss":75.0,"damage_taken":0.0},{"cards_removed":["Strike_R"],"damage_healed":0.0,"max_hp_gain":0.0,"max_hp_loss":0.0,"gold_gain":0.0,"event_name":"Back to Basics","player_choice":"Elegance","floor":31.0,"gold_loss":0.0,"damage_taken":0.0},{"damage_healed":0.0,"max_hp_gain":0.0,"max_hp_loss":0.0,"gold_gain":0.0,"event_name":"MindBloom","player_choice":"Fight","floor":38.0,"gold_loss":0.0,"damage_taken":0.0},{"cards_removed":["Defend_R"],"damage_healed":0.0,"max_hp_gain":0.0,"max_hp_loss":0.0,"gold_gain":0.0,"event_name":"Falling","player_choice":"Removed Skill","floor":41.0,"gold_loss":0.0,"damage_taken":0.0},{"damage_healed":0.0,"max_hp_gain":0.0,"max_hp_loss":0.0,"gold_gain":0.0,"event_name":"SensoryStone","player_choice":"Memory 1","floor":47.0,"gold_loss":0.0,"damage_taken":0.0}],"is_beta":false,"boss_relics":[{"not_picked":["SacredBark","Sozu"],"picked":"Mark of Pain"},{"not_picked":["Coffee Dripper","Astrolabe"],"picked":"Runic Cube"}],"items_purged_floors":[19,36,53],"is_endless":false,"potions_floor_spawned":[11,12,13,14,25,28,33,37,40,45,48,54],"ascension_level":7}}