{"host":"rhakyh2m1vy6smuu","time":1612281635,"event":{"mods":["BaseMod","Minty Spire (QoL Compilation)","StSLib"],"gold_per_floor":[12,22,33,44,44,77,77,110,136,151,171,171,171,171,171,247,247,264,277,277,292,304,304,315,346,370,370,370,370,396,139,139,139,139],"floor_reached":33,"language":"ENG","playtime":2913,"items_purged":["Parasite"],"score":681,"play_id":"ba789197-6aa3-488e-b327-b48076794b05","local_time":"20210202090035","is_ascension_mode":true,"campfire_choices":[{"floor":7,"key":"REST"},{"data":"Whirlwind","floor":12,"key":"SMITH"},{"data":"Sever Soul","floor":15,"key":"SMITH"},{"floor":23,"key":"REST"},{"data":"Feel No Pain","floor":27,"key":"SMITH"},{"floor":32,"key":"REST"}],"circlet_count":0,"master_deck":["AscendersBane","Strike_R","Strike_R","Defend_R","Defend_R+1","Defend_R","Defend_R","Bash","Sever Soul+1","Hemokinesis","Power Through+1","Inflame","Bloodletting","Headbutt","Whirlwind+1","Flame Barrier","Dropkick","Reaper","Burning Pact+1","Armaments+1","Ghostly Armor","Double Tap","Feel No Pain+1","Juggernaut","Fire Breathing"],"relics":["Burning Blood","Pen Nib","Bronze Scales","Toy Ornithopter","Velvet Choker","Juzu Bracelet","Smiling Mask","Pear","Regal Pillow"],"acts_visited":["Exordium","TheCity"],"potions_floor_usage":[4,6,8,16,19,28,30],"damage_taken":[{"damage":3,"enemies":"Cultist","floor":1,"turns":3},{"damage":2,"enemies":"2 Louse","floor":2,"turns":4},{"damage":2,"enemies":"Jaw Worm","floor":3,"turns":3},{"damage":17,"enemies":"Large Slime","floor":4,"turns":7},{"damage":24,"enemies":"3 Sentries","floor":6,"turns":9},{"damage":15,"enemies":"Gremlin Nob","floor":8,"turns":3},{"damage":9,"enemies":"Looter","floor":10,"turns":3},{"damage":19,"enemies":"2 Fungi Beasts","floor":11,"turns":4},{"damage":5,"enemies":"Slime Boss","floor":16,"turns":6},{"damage":13,"enemies":"2 Thieves","floor":18,"turns":3},{"damage":36,"enemies":"Chosen","floor":19,"turns":5},{"damage":40,"enemies":"Centurion and Healer","floor":21,"turns":7},{"damage":26,"enemies":"Snecko","floor":22,"turns":5},{"damage":12,"enemies":"Snake Plant","floor":24,"turns":4},{"damage":23,"enemies":"Slavers","floor":25,"turns":2},{"damage":0,"enemies":"Centurion and Healer","floor":28,"turns":1},{"damage":54,"enemies":"Book of Stabbing","floor":30,"turns":6},{"damage":70,"enemies":"Champ","floor":33,"turns":11}],"seed_played":"1501567975616330322","potions_obtained":[{"floor":1,"key":"FairyPotion"},{"floor":2,"key":"SkillPotion"},{"floor":4,"key":"Fire Potion"},{"floor":6,"key":"SkillPotion"},{"floor":10,"key":"SteroidPotion"},{"floor":18,"key":"DistilledChaos"},{"floor":19,"key":"SmokeBomb"},{"floor":25,"key":"SkillPotion"}],"is_trial":false,"path_per_floor":["M","M","M","M","?","E","R","E","T","M","M","R","?","?","R","B",null,"M","M","?","M","M","R","M","E","T","R","M","?","E","$","R","B"],"character_chosen":"IRONCLAD","items_purchased":["Regal Pillow","Fire Breathing"],"campfire_rested":3,"item_purchase_floors":[31,31],"current_hp_per_floor":[71,75,75,64,41,23,45,36,36,33,20,20,38,38,38,44,67,60,39,39,15,28,50,54,37,37,37,48,48,21,21,60,0,0],"gold":139,"neow_bonus":"TRANSFORM_TWO_CARDS","is_daily":false,"chose_seed":false,"campfire_upgraded":3,"win_rate":0.0,"timestamp":1612281635,"path_taken":["M","M","M","M","?","E","R","E","T","M","M","R","?","?","R","BOSS","M","M","?","M","?","R","M","E","T","R","M","?","E","$","R","BOSS"],"items_purchased_type":["Relic","Card"],"build_version":"2020-12-22","purchased_purges":1,"victory":false,"max_hp_per_floor":[75,75,75,75,75,75,75,75,75,75,75,75,75,75,75,75,75,75,75,75,75,75,75,75,75,75,75,75,75,85,82,82,82,82],"card_choices":[{"not_picked":["Infernal Blade","Clash"],"picked":"Power Through","floor":1},{"not_picked":["Headbutt","Pummel"],"picked":"Inflame","floor":2},{"not_picked":["Shrug It Off","Wild Strike"],"picked":"Bloodletting","floor":3},{"not_picked":["Wild Strike","Headbutt","Body Slam"],"picked":"SKIP","floor":4},{"not_picked":["Infernal Blade","Flex"],"picked":"Headbutt","floor":6},{"not_picked":["Armaments","Clash"],"picked":"Whirlwind","floor":8},{"not_picked":["Sever Soul","Thunderclap"],"picked":"Flame Barrier","floor":10},{"not_picked":["Fire Breathing","Inflame"],"picked":"Dropkick","floor":11},{"not_picked":["Offering","Juggernaut"],"picked":"Reaper","floor":16},{"not_picked":["Wild Strike","Warcry"],"picked":"Burning Pact+1","floor":18},{"not_picked":["Wild Strike","Anger+1","True Grit"],"picked":"SKIP","floor":19},{"not_picked":["Clash","Whirlwind+1"],"picked":"Armaments+1","floor":21},{"not_picked":["Headbutt","Havoc"],"picked":"Ghostly Armor","floor":22},{"not_picked":["Intimidate","Sword Boomerang"],"picked":"Double Tap","floor":24},{"not_picked":["Warcry","Entrench"],"picked":"Feel No Pain","floor":25},{"not_picked":["Rage","Ghostly Armor+1"],"picked":"Juggernaut","floor":30}],"player_experience":1505670,"relics_obtained":[{"floor":6,"key":"Pen Nib"},{"floor":8,"key":"Bronze Scales"},{"floor":9,"key":"Toy Ornithopter"},{"floor":25,"key":"Juzu Bracelet"},{"floor":26,"key":"Smiling Mask"},{"floor":30,"key":"Pear"}],"event_choices":[{"damage_healed":0,"gold_gain":0,"player_choice":"Entered Light","damage_taken":23,"max_hp_gain":0,"max_hp_loss":0,"event_name":"Shining Light","floor":5,"gold_loss":0,"cards_upgraded":["Power Through","Defend_R"]},{"damage_healed":18,"gold_gain":0,"player_choice":"Healed and dodged fight","damage_taken":0,"max_hp_gain":0,"max_hp_loss":0,"event_name":"Mushrooms","floor":13,"gold_loss":0,"cards_obtained":["Parasite"]},{"damage_healed":0,"gold_gain":0,"player_choice":"Ignored","damage_taken":0,"max_hp_gain":0,"max_hp_loss":0,"event_name":"Liars Game","floor":14,"gold_loss":0},{"cards_removed":["Strike_R"],"damage_healed":0,"gold_gain":0,"player_choice":"Purged","damage_taken":0,"max_hp_gain":0,"max_hp_loss":0,"event_name":"Purifier","floor":20,"gold_loss":0},{"damage_healed":0,"gold_gain":0,"player_choice":"Ignored","damage_taken":0,"max_hp_gain":0,"max_hp_loss":0,"event_name":"Vampires","floor":29,"gold_loss":0}],"is_beta":false,"boss_relics":[{"not_picked":["Black Blood","Tiny House"],"picked":"Velvet Choker"}],"items_purged_floors":[31],"is_endless":false,"potions_floor_spawned":[1,2,4,6,10,18,19,21,25],"killed_by":"Champ","ascension_level":19}}