{"host":"pletss163z7s8pvv","time":1612245072,"event":{"mods":["AchievementEnabler","BaseMod","Better Altar","Better Match","Better Note","Better Sensory Stone","Better Skull","Better Third Choice","BetterRewards","CapriCore","ChefMod","Colored Map","Colored Powertips","Conspire","Energized Spire","Evolution","GifTheSpireLib","Hermit","Ironclad Rager","Marked Mod","Minty Spire (QoL Compilation)","Retaliation","Spicy Shops","StS++","StSLib","The Alterego","The Blue Laboratory","The Cursed","The Disciple","The Forsaken"],"gold_per_floor":[115,115,135,152,2,2,2,21,21,33,45,57,88,119,131,268,280,316,351,19,42,42,142,142,142],"floor_reached":24,"language":"ENG","playtime":652,"items_purged":[],"score":188,"play_id":"d615ecbd-6795-42f9-b7f8-f0ba06e8678c","local_time":"20210201235112","is_ascension_mode":false,"campfire_choices":[{"floor":6,"key":"REST"},{"floor":12,"key":"REST"},{"data":"theForsaken:Thunderbolt","floor":15,"key":"SMITH"}],"circlet_count":0,"master_deck":["theForsaken:HorrifyingStrike","theForsaken:HorrifyingStrike","theForsaken:TheForsaken_Strike","theForsaken:TheForsaken_Strike","theForsaken:TheForsaken_Defend","theForsaken:TheForsaken_Defend","theForsaken:TheForsaken_Defend","theForsaken:TheForsaken_Defend","theForsaken:Smite","theForsaken:Penitence+1","theForsaken:WordsOfPestilence","theForsaken:FatRoll","theForsaken:Thunderbolt+1","theForsaken:Eulogy","theForsaken:RainingSunlight","theForsaken:Eulogy","theForsaken:DesperatePlea","theForsaken:Backlash","theForsaken:ShieldCharge","theForsaken:ShieldBash+1","theForsaken:BattleHymn","theForsaken:WordsOfMight","theForsaken:CleansingLight","theForsaken:ChargeAttack+1","theForsaken:PanicDive+1","theForsaken:QuickAttack+1","theForsaken:InspiringBlow+1","Seek"],"relics":["theForsaken:JudgementScales","EVO:Axolotl","Lantern","Boot","MawBank","Shuriken","Golden Idol","energizedSpire:StickyHand","Molten Egg 2"],"acts_visited":["Exordium","TheCity"],"potions_floor_usage":[16,16,18],"damage_taken":[{"damage":0,"enemies":"2 Louse","floor":1,"turns":3},{"damage":3,"enemies":"Cultist","floor":3,"turns":3},{"damage":0,"enemies":"Jaw Worm","floor":4,"turns":2},{"damage":8,"enemies":"3 Louse","floor":8,"turns":1},{"damage":8,"enemies":"Exordium Thugs","floor":13,"turns":2},{"damage":11,"enemies":"Large Slime","floor":14,"turns":4},{"damage":53,"enemies":"The Guardian","floor":16,"turns":14},{"damage":20,"enemies":"Shell Parasite","floor":18,"turns":4},{"damage":4,"enemies":"3 Byrds","floor":19,"turns":4},{"damage":27,"enemies":"Snake Plant","floor":21,"turns":5},{"damage":32,"enemies":"Gremlin Leader","floor":24,"turns":7}],"seed_played":"7214753797350895280","potions_obtained":[{"floor":0,"key":"blueLaboratory:FrostheartPotion"},{"floor":0,"key":"Explosive Potion"},{"floor":0,"key":"FearPotion"},{"floor":3,"key":"blueLaboratory:CorrosionFlask"}],"is_trial":false,"path_per_floor":["M","?","M","M","$","R","?","M","T","T","?","R","M","M","R","B",null,"M","M","$","M","?","?","E"],"character_chosen":"THE_FORSAKEN","items_purchased":["Boot","Molten Egg 2","theForsaken:ChargeAttack+1"],"campfire_rested":2,"item_purchase_floors":[5,20,20],"current_hp_per_floor":[65,39,36,36,36,55,60,52,52,52,52,65,57,49,49,5,65,47,46,46,19,19,19,0,0],"gold":142,"neow_bonus":"THREE_SMALL_POTIONS","is_daily":false,"chose_seed":false,"campfire_upgraded":1,"win_rate":0.0,"timestamp":1612245072,"path_taken":["M","?","?","M","$","R","?","M","T","?","?","R","M","M","R","BOSS","M","M","$","M","?","?","E"],"items_purchased_type":["Relic","Relic","Card"],"build_version":"2020-12-22","purchased_purges":0,"victory":false,"max_hp_per_floor":[65,65,65,65,65,65,70,70,70,70,65,65,65,65,65,65,65,65,65,65,65,65,65,65,65],"card_choices":[{"not_picked":["theForsaken:CowardsBrand","theForsaken:Parry"],"picked":"theForsaken:WordsOfPestilence","floor":1},{"not_picked":["theForsaken:SolarFlare","theForsaken:HymnOfRest"],"picked":"theForsaken:FatRoll","floor":3},{"not_picked":["theForsaken:ShieldBash","theForsaken:Riposte"],"picked":"theForsaken:Thunderbolt","floor":4},{"not_picked":["theForsaken:HymnOfPatience","theForsaken:Devotion"],"picked":"theForsaken:Eulogy","floor":8},{"not_picked":["theForsaken:CreepingInfection","theForsaken:NobleSacrifice"],"picked":"theForsaken:RainingSunlight","floor":13},{"not_picked":["theForsaken:WardingHymn","theForsaken:QuickAttack"],"picked":"theForsaken:Eulogy","floor":14},{"not_picked":["theForsaken:CorruptedForm","theForsaken:Confusion"],"picked":"theForsaken:DesperatePlea","floor":16},{"not_picked":["theForsaken:Backlash","theForsaken:ShieldBash+1"],"picked":"theForsaken:ShieldCharge","floor":18},{"not_picked":["theForsaken:BattleHymn","theForsaken:CleansingLight"],"picked":"theForsaken:WordsOfMight","floor":19},{"not_picked":["theForsaken:PanicDive+1","theForsaken:InspiringBlow+1"],"picked":"theForsaken:QuickAttack+1","floor":21}],"player_experience":478909,"relics_obtained":[{"floor":9,"key":"MawBank"},{"floor":10,"key":"Shuriken"}],"event_choices":[{"damage_healed":0,"gold_gain":0,"player_choice":"UP RE ","damage_taken":30,"relics_obtained":["Lantern"],"max_hp_gain":0,"max_hp_loss":0,"event_name":"betterSkull:BetterSkull","floor":2,"gold_loss":0,"cards_upgraded":["theForsaken:Penitence"]},{"damage_healed":0,"gold_gain":0,"player_choice":"Donut","damage_taken":0,"max_hp_gain":5,"max_hp_loss":0,"event_name":"Big Fish","floor":7,"gold_loss":0},{"damage_healed":0,"gold_gain":0,"player_choice":"Lose Max HP","damage_taken":0,"relics_obtained":["Golden Idol"],"max_hp_gain":0,"max_hp_loss":5,"event_name":"Golden Idol","floor":11,"gold_loss":0},{"cards_removed":["theForsaken:DesperatePlea"],"damage_healed":0,"gold_gain":0,"player_choice":"Take \u0026 Give","damage_taken":0,"max_hp_gain":0,"max_hp_loss":0,"event_name":"betterNote:BetterNote","floor":22,"gold_loss":0,"cards_obtained":["Seek"]},{"damage_healed":0,"gold_gain":100,"player_choice":"Pray","damage_taken":0,"max_hp_gain":0,"max_hp_loss":0,"event_name":"Golden Shrine","floor":23,"gold_loss":0}],"is_beta":false,"boss_relics":[{"not_picked":["conspire:SeveredTorchhead","conspire:RunicOctahedron"],"picked":"energizedSpire:StickyHand"}],"items_purged_floors":[],"is_endless":false,"potions_floor_spawned":[1,3,4],"killed_by":"Gremlin Leader","ascension_level":0}}