{"host":"pgm1p3lvdjflie30","time":1612238374,"event":{"mods":["ATMod(阿瑾Mod)","AchievementEnabler","Aspiration","BaseMod","Colored Map","Colored Powertips","Conspire","Dark Map","Dota2Spire","Energized Spire","Highlight Path","Mari Mod (Legacy)","Mari\u0027s V1 Patch","Minty Spire (QoL Compilation)","MostiFishMod","Quarter Circle Forward PUNCH!","Quick Restart","Replay The Spire","Spicy Shops","StSLib","TestMod","The Cursed","The Hierophant","The IronCluck","The Jungle","【?物卡牌】REMEMod","篝火指南"],"gold_per_floor":[111,111,129,209,209,209,223,266,266,236,272,129,174,192,192,343,356,376,376,376,396,396,396,446,446,446,446,446,63,63,86,86,177,177,388,388,452,304,403,403,403,403,521,521,567,739,739,982,1315,1295,1295,1317,1317],"floor_reached":52,"language":"ZHS","playtime":2381,"items_purged":["Shame","hierophant:Defend_Hierophant","hierophant:Defend_Hierophant"],"score":865,"play_id":"fc8d9d7d-9073-4a04-89ef-a79654918018","local_time":"20210202115934","is_ascension_mode":false,"campfire_choices":[{"floor":6,"key":"RECALL"},{"data":"hierophant:PristineSoul","floor":15,"key":"SMITH"},{"data":"RitualDagger","floor":23,"key":"SMITH"},{"data":"MostiFishMod:Mottled+1","floor":32,"key":"SMITH"},{"data":"MostiFishMod:Mottled+2","floor":34,"key":"SMITH"},{"data":"MostiFishMod:Mottled+5","floor":42,"key":"SMITH"},{"data":"MostiFishMod:Mottled+9","floor":51,"key":"SMITH"}],"circlet_count":0,"master_deck":["hierophant:Strike_Hierophant","hierophant:Strike_Hierophant","hierophant:Strike_Hierophant","hierophant:Strike_Hierophant","hierophant:Punish","hierophant:Defend_Hierophant","hierophant:Defend_Hierophant+1","hierophant:ChurchCoffers","MostiFishMod:PerfectForm+1","hierophant:Flagellation","hierophant:Smite","hierophant:FieryStrike","hierophant:PristineSoul+1","hierophant:Zeal","hierophant:Smite","hierophant:Smite","hierophant:PassingBell","hierophant:LocustPlague+1","hierophant:Strike_Hierophant","MostiFishMod:Mottled+10","hierophant:MorningPrayer","hierophant:SealAway","hierophant:FieryStrike","RitualDagger+1","hierophant:WrathOfGod+1","hierophant:ThreeLashes","hierophant:MorningPrayer","hierophant:FieryStrike","hierophant:Doomsaying","hierophant:DisplayOfPower","hierophant:SealAway","hierophant:Zeal","hierophant:Kindle+1","hierophant:FlamingChariot","hierophant:Community+1","REME_EyeOfCthun+1","hierophant:OrnateJavelin+1","hierophant:FlamingChariot+1","hierophant:RustyCrate+1","hierophant:Racketeering+1","hierophant:Doubloon+1","hierophant:Doubloon+1","hierophant:Glossolalia+1","testmod-HandmadeProducts","hierophant:Doubloon+1","hierophant:Zeal+1","MostiFishMod:StoryBook+1","testmod-PocketStoneCalender+1","hierophant:PassingBell+1","hierophant:OrnateJavelin+1","hierophant:OrnateBuckler+1","hierophant:Doomsaying+1","hierophant:Refuge+1","hierophant:Doubloon+1","REME_HeartOfCthun+1","Discovery+1","hierophant:Blessing","hierophant:SealAway","hierophant:BulkyChest+1","hierophant:Doubloon","hierophant:ConvertCurrency+1","hierophant:RustyCrate+1","hierophant:Doubloon","hierophant:Doubloon","testmod-AssimilatedRune+1","Replay:Bootleg Shield Generator+1","hierophant:RepressedViolence+1","hierophant:Mercenaries+1","hierophant:Mercenaries+1","hierophant:Patience+1","hierophant:Encroach+1","hierophant:CursedGold+1","hierophant:Doubloon+1","hierophant:AuricBeam+1","hierophant:Doubloon+1","hierophant:Zeal"],"relics":["hierophant:PropheticMaskRelic","AT_ATBox","REME_ComplimentaryCards","DaveBox","testmod-TestBox","FeatherPendant","testmod-Hope","NeowsBlessing","SynthV:TestCard","Golden Egg","testmod-Antiphasic","Dota2Spire:HandOfMidas","SynthV","Prayer Wheel","energizedSpire:HugeHouse","Busted Crown","Tiny House","Ring of Searing","ReplayTheSpireMod:Ring of Challenge","AT_BellDemon","Iron Hammer","Replay:Bandana","AT_BellowingDragoncrestRing","Lantern","SynthV:C4","AT_DeathDance","testmod-Fanaticism","qcfpunch:Lotus_Statue","DiscerningMonocle","AT_SilvercatRing","White Beast Statue","Replay:Baseball","Dota2Spire:PhaseBoots","TheAbacus","qcfpunch:Spiky_Bracers","Oddly Smooth Stone","qcfpunch:Wrestler\u0027s_Cloak","MetatronsCube","ReplayTheSpireMod:ShopPack","aspiration:Lifesprig","Bronze Scales","qcfpunch:Not_Strongest_Fighting_Style_Guidebook","AT_BladeRuinedKing","testmod-InfectionSource","conspire:TopHat","Dota2Spire:Satanic","Technique","qcfpunch:Broken_Tusk","aspiration:StickyExplosives","HandDrill","ReplayTheSpireMod:Ninjato","ImprovedEquipment","Dota2Spire:MantaStyle"],"acts_visited":["Exordium","TheCity","TheBeyond"],"potions_floor_usage":[8,10,16,24,35,37,39,39,39,43,43,43,43,52,52],"damage_taken":[{"damage":0,"enemies":"2 Louse","floor":1,"turns":1},{"damage":0,"enemies":"Small Slimes","floor":3,"turns":1},{"damage":0,"enemies":"conspire:RoseBush","floor":7,"turns":1},{"damage":11,"enemies":"Replay:BlueRogue","floor":8,"turns":2},{"damage":0,"enemies":"3 Sentries","floor":11,"turns":3},{"damage":10,"enemies":"Looter","floor":13,"turns":2},{"damage":0,"enemies":"2 Fungi Beasts","floor":14,"turns":1},{"damage":24,"enemies":"The Guardian","floor":16,"turns":7},{"damage":0,"enemies":"Spheric Guardian","floor":18,"turns":2},{"damage":1,"enemies":"Shell Parasite","floor":21,"turns":2},{"damage":0,"enemies":"Shelled Parasite and Fungi","floor":24,"turns":1},{"damage":0,"enemies":"Snake Plant","floor":31,"turns":1},{"damage":5,"enemies":"Chosen and Byrds","floor":33,"turns":2},{"damage":49,"enemies":"Collector","floor":35,"turns":3},{"damage":55,"enemies":"Orb Walker","floor":37,"turns":4},{"damage":20,"enemies":"3 Shapes","floor":39,"turns":2},{"damage":5,"enemies":"Writhing Mass","floor":43,"turns":2},{"damage":6,"enemies":"4 Shapes","floor":46,"turns":1},{"damage":0,"enemies":"Jaw Worm Horde","floor":48,"turns":1},{"damage":0,"enemies":"Nemesis","floor":50,"turns":1},{"damage":153,"enemies":"conspire:OrnateMirror","floor":52,"turns":1}],"seed_played":"-5986326207607624033","potions_obtained":[{"floor":3,"key":"Doom Potion"},{"floor":4,"key":"Strength Potion"},{"floor":10,"key":"testmod-SpacePotion"},{"floor":10,"key":"Swift Potion"},{"floor":13,"key":"SneckoOil"},{"floor":16,"key":"Energy Potion"},{"floor":17,"key":"testmod-EscapePotion"},{"floor":24,"key":"Toxic Potion"},{"floor":35,"key":"Milkshake"},{"floor":37,"key":"Weak Potion"},{"floor":39,"key":"testmod-SpacePotion"},{"floor":43,"key":"Strength Potion"},{"floor":46,"key":"Block Potion"}],"is_trial":false,"path_per_floor":["M","?","M","?","?","R","M","E","T","?","E","$","M","M","R","B",null,"M","?","?","M","?","R","M","?","T","PTL","PTL","$","T","M","R","M","R","B",null,"M","$","M","$","?","R","M","?","T","M","$","M","?","E","R","B"],"character_chosen":"HIEROPHANT","items_purchased":["SynthV","Iron Hammer","Replay:Bandana","DiscerningMonocle","AT_SilvercatRing","White Beast Statue","Replay:Baseball","Dota2Spire:PhaseBoots","TheAbacus","REME_EyeOfCthun","Fire Potion","Death Potion","hierophant:OrnateJavelin+1","hierophant:FlamingChariot","hierophant:RustyCrate","hierophant:Racketeering","hierophant:Glossolalia","testmod-HandmadeProducts","Oddly Smooth Stone","qcfpunch:Wrestler\u0027s_Cloak","MetatronsCube","ReplayTheSpireMod:ShopPack","aspiration:Lifesprig","Bronze Scales","Adrenaline Potion","AttackPotion","Strength Potion","MostiFishMod:StoryBook","testmod-PocketStoneCalender","hierophant:PassingBell","hierophant:OrnateJavelin","hierophant:OrnateBuckler","hierophant:Doomsaying","hierophant:Refuge","conspire:TopHat","Dota2Spire:Satanic","Technique","qcfpunch:Broken_Tusk","aspiration:StickyExplosives","HandDrill","Adrenaline Potion","testmod-AssimilatedRune","Replay:Bootleg Shield Generator","hierophant:RepressedViolence","hierophant:Mercenaries","hierophant:Patience","hierophant:Encroach","hierophant:CursedGold"],"campfire_rested":0,"item_purchase_floors":[12,29,29,38,38,38,38,38,38,38,38,38,38,38,38,38,38,38,40,40,40,40,40,40,40,40,40,40,40,40,40,40,40,40,47,47,47,47,47,47,47,47,47,47,47,47,47,47],"current_hp_per_floor":[75,57,57,57,57,57,57,46,46,46,46,46,36,36,36,12,75,75,69,69,68,68,68,68,68,68,68,68,68,68,68,68,63,63,19,80,90,90,77,77,77,77,73,100,100,94,94,94,94,94,94,0,0],"gold":1317,"neow_bonus":"THREE_ENEMY_KILL","is_daily":false,"chose_seed":false,"campfire_upgraded":6,"win_rate":0.0,"timestamp":1612238374,"path_taken":["M","?","M","?","?","R","M","E","T","?","E","$","?","M","R","BOSS","M","?","?","M","?","R","M","?","T","PTL","PTL","?","?","M","R","?","R","BOSS","M","?","M","?","?","R","?","?","T","M","?","?","?","E","R","BOSS"],"items_purchased_type":["Relic","Relic","Relic","Relic","Relic","Relic","Relic","Relic","Relic","Card","Potion","Potion","Card","Card","Card","Card","Card","Card","Relic","Relic","Relic","Relic","Relic","Relic","Potion","Potion","Potion","Card","Card","Card","Card","Card","Card","Card","Relic","Relic","Relic","Relic","Relic","Relic","Potion","Card","Card","Card","Card","Card","Card","Card"],"build_version":"2020-12-22","purchased_purges":3,"victory":false,"max_hp_per_floor":[75,75,75,75,75,75,75,75,75,75,75,75,75,75,75,75,75,75,75,75,75,75,75,75,75,75,75,75,75,75,75,75,75,75,80,80,90,90,90,90,90,90,90,100,100,100,100,100,100,100,100,105,105],"card_choices":[{"not_picked":["hierophant:Charity","hierophant:MirrorShield"],"picked":"hierophant:Flagellation","floor":1},{"not_picked":["hierophant:Refuge","hierophant:Empathy","hierophant:ArchangelShield","hierophant:ConvertCurrency"],"picked":"hierophant:Smite","floor":3},{"not_picked":["hierophant:Dazzle","hierophant:Chorus","hierophant:PassingBell","hierophant:OrnateBuckler"],"picked":"hierophant:FieryStrike","floor":4},{"not_picked":["hierophant:ConvertCurrency","hierophant:DisplayOfPower","hierophant:Encroach","hierophant:Upheaval"],"picked":"hierophant:PristineSoul","floor":7},{"not_picked":["hierophant:Embezzle","hierophant:Charity","hierophant:Sermon","hierophant:MintersHammer"],"picked":"hierophant:Zeal","floor":8},{"not_picked":["hierophant:Prophecy","hierophant:HammerAndAnvil","hierophant:TollTheBells","hierophant:Sermon"],"picked":"hierophant:Smite","floor":11},{"not_picked":["hierophant:HammerAndAnvil","hierophant:Community","hierophant:Embezzle","hierophant:RustyCrate"],"picked":"hierophant:Smite","floor":13},{"not_picked":["hierophant:Shelter","hierophant:Alms","hierophant:CoinFling","hierophant:Zeal"],"picked":"hierophant:PassingBell","floor":14},{"not_picked":["hierophant:Cornucopia","hierophant:Levitation","hierophant:WrathOfGod","hierophant:DivineIntervention"],"picked":"hierophant:LocustPlague","floor":16},{"not_picked":["hierophant:Repentance","hierophant:PassingBell"],"picked":"hierophant:MorningPrayer","floor":17},{"not_picked":["hierophant:Racketeering+1","hierophant:MorningPrayer"],"picked":"hierophant:SealAway","floor":18},{"not_picked":["hierophant:OrnateBuckler","hierophant:Upheaval"],"picked":"hierophant:FieryStrike","floor":18},{"not_picked":["hierophant:ArchangelShield","hierophant:OrnateBuckler"],"picked":"hierophant:WrathOfGod","floor":21},{"not_picked":["hierophant:Dazzle","hierophant:RepressedViolence"],"picked":"hierophant:ThreeLashes","floor":21},{"not_picked":["hierophant:Doubloon","hierophant:Remorse+1"],"picked":"hierophant:MorningPrayer","floor":24},{"not_picked":["hierophant:OrnateJavelin","hierophant:Blessing"],"picked":"hierophant:FieryStrike","floor":24},{"not_picked":["hierophant:Generosity","hierophant:Racketeering"],"picked":"hierophant:Doomsaying","floor":31},{"not_picked":["hierophant:Empathy","hierophant:Dazzle"],"picked":"hierophant:DisplayOfPower","floor":31},{"not_picked":["hierophant:FaithHealing+1","hierophant:RustyCrate"],"picked":"hierophant:SealAway","floor":33},{"not_picked":["hierophant:Smite","hierophant:ThreeLashes"],"picked":"hierophant:Zeal","floor":33},{"not_picked":["hierophant:DeathKnell","hierophant:Generosity"],"picked":"hierophant:Kindle","floor":35},{"not_picked":["hierophant:EyeForCoin+1","hierophant:MorningPrayer"],"picked":"hierophant:FlamingChariot","floor":37},{"not_picked":["hierophant:Doubloon","hierophant:RecallFunds"],"picked":"hierophant:Community+1","floor":37},{"not_picked":["hierophant:MorningPrayer+1","hierophant:Endure"],"picked":"hierophant:Doubloon+1","floor":39},{"not_picked":["hierophant:Doomsaying","hierophant:PristineSoul"],"picked":"hierophant:Zeal+1","floor":39},{"not_picked":["MostiFishMod:Galeforce","testmod-TradeIn"],"picked":"testmod-SunMoon","floor":40},{"not_picked":["Finesse","testmod-ComboMaster"],"picked":"REME_HeartOfCthun","floor":40},{"not_picked":["Specialist","Enlightenment"],"picked":"Discovery","floor":40},{"not_picked":["hierophant:MirrorShield+1","hierophant:Blessing"],"picked":"hierophant:BulkyChest","floor":43},{"not_picked":["hierophant:MorningPrayer+1","hierophant:Doomsaying"],"picked":"hierophant:ConvertCurrency+1","floor":43},{"not_picked":["hierophant:Purify","hierophant:Upheaval+1"],"picked":"hierophant:RustyCrate+1","floor":46},{"not_picked":["hierophant:ConvertCurrency","hierophant:Endure","hierophant:Exaltation"],"picked":"SKIP","floor":46},{"not_picked":["hierophant:AuricForm","hierophant:Dazzle"],"picked":"hierophant:AuricBeam+1","floor":48},{"not_picked":["hierophant:HammerAndAnvil+1","hierophant:Exaltation"],"picked":"hierophant:Doubloon+1","floor":48},{"not_picked":["hierophant:Mercenaries+1","hierophant:Encroach"],"picked":"hierophant:Zeal","floor":50}],"player_experience":236615,"relics_obtained":[{"floor":1,"key":"SynthV:TestCard"},{"floor":4,"key":"Golden Egg"},{"floor":8,"key":"testmod-Antiphasic"},{"floor":11,"key":"Dota2Spire:HandOfMidas"},{"floor":22,"key":"Ring of Searing"},{"floor":22,"key":"ReplayTheSpireMod:Ring of Challenge"},{"floor":26,"key":"AT_BellDemon"},{"floor":30,"key":"AT_BellowingDragoncrestRing"},{"floor":31,"key":"Lantern"},{"floor":33,"key":"SynthV:C4"},{"floor":35,"key":"AT_DeathDance"},{"floor":37,"key":"qcfpunch:Lotus_Statue"},{"floor":39,"key":"qcfpunch:Spiky_Bracers"},{"floor":43,"key":"qcfpunch:Not_Strongest_Fighting_Style_Guidebook"},{"floor":45,"key":"AT_BladeRuinedKing"},{"floor":46,"key":"testmod-InfectionSource"},{"floor":48,"key":"ReplayTheSpireMod:Ninjato"},{"floor":50,"key":"ImprovedEquipment"},{"floor":50,"key":"Dota2Spire:MantaStyle"}],"event_choices":[{"damage_healed":0,"gold_gain":0,"player_choice":"Take Damage","damage_taken":18,"relics_obtained":["Golden Idol"],"max_hp_gain":0,"max_hp_loss":0,"event_name":"Golden Idol","floor":2,"gold_loss":0},{"damage_healed":0,"gold_gain":0,"player_choice":"Grow","damage_taken":0,"max_hp_gain":0,"max_hp_loss":0,"event_name":"Living Wall","floor":5,"gold_loss":0,"cards_upgraded":["MostiFishMod:PerfectForm"]},{"damage_healed":0,"gold_gain":0,"player_choice":"Bought 2 Potions","damage_taken":0,"max_hp_gain":0,"max_hp_loss":0,"event_name":"The Woman in Blue","floor":10,"gold_loss":0},{"damage_healed":0,"gold_gain":0,"player_choice":"Joined the Cult","damage_taken":6,"max_hp_gain":0,"max_hp_loss":0,"event_name":"Nest","floor":19,"gold_loss":0,"cards_obtained":["RitualDagger"]},{"damage_healed":0,"gold_gain":0,"player_choice":"Ignored","damage_taken":0,"max_hp_gain":0,"max_hp_loss":0,"event_name":"Ghosts","floor":20,"gold_loss":0},{"damage_healed":0,"gold_gain":0,"player_choice":"Sell","damage_taken":0,"max_hp_gain":0,"max_hp_loss":0,"event_name":"恩洛斯的?子","floor":25,"relics_lost":["Replay:Grab Bag"],"gold_loss":0},{"damage_healed":0,"gold_gain":0,"player_choice":"2 cards matched","damage_taken":0,"max_hp_gain":0,"max_hp_loss":0,"event_name":"Match and Keep!","floor":41,"gold_loss":0,"cards_obtained":["hierophant:Blessing","hierophant:SealAway"]},{"cards_removed":["testmod-SunMoon"],"damage_healed":17,"gold_gain":0,"player_choice":"Offered Rare","damage_taken":0,"max_hp_gain":10,"max_hp_loss":0,"event_name":"Bonfire Elementals","floor":44,"gold_loss":0},{"damage_healed":0,"gold_gain":333,"player_choice":"Gave Idol","damage_taken":0,"max_hp_gain":0,"max_hp_loss":0,"event_name":"The Moai Head","floor":49,"relics_lost":["Golden Idol"],"gold_loss":0}],"is_beta":false,"boss_relics":[{"not_picked":["Dota2Spire:Bloodstone","RhineFirstAidKit"],"picked":"Replay:Grab Bag"},{"not_picked":["energizedSpire:StickyHand","energizedSpire:CursedPentagram"],"picked":"energizedSpire:HugeHouse"},{"not_picked":["energizedSpire:MagnifyingGlass","Cursed Key"],"picked":"Busted Crown"},{"not_picked":["aspiration:RitualDagger","Runic Pyramid"],"picked":"Tiny House"},{"not_picked":["aspiration:PoetsPen","NightmareShop"],"picked":"testmod-Fanaticism"}],"items_purged_floors":[38,40,47],"is_endless":false,"potions_floor_spawned":[3,13,16,24,35,37,39,43,46,48,50],"killed_by":"conspire:OrnateMirror","ascension_level":0}}