{"host":"4a0aa7b2d8dxohwr","time":1612235973,"event":{"mods":["ATMod(∞¢Ë™Mod)","Act Like it!","BaseMod","Dota2Spire","Friendly Minions","Gensokyo","GifTheSpireLib","GungeonMod","Marisa£®ÏF”Í°°ƒß¿Ì…≥£©","Minty Spire (QoL Compilation)","Reimu£®≤©¿ˆ¡È√Œ£©","Reliquary","Remilia£®¿Ÿ√◊¿Ú—«£©","Shop Mod","StSLib","The Cursed","The Senshi","The Servant 0.9.4","Youmu£®ªÍ∆«—˝√Œ£©","[IsaacMod]“‘»ˆº‚À˛","°æ“≈ŒÔø®≈∆°øREMEMod"],"gold_per_floor":[115,115,1,17,34,260,260,309,335,335,402,455,455,455,455,609,609,641,641,665,674,445,489,509,509,509,547,577,506,506,527,527,658,658,894,989,1036,1095,1142,593,596,596,596,254,298,351,382,411,411,400,424,424,424,198,263,280],"floor_reached":57,"language":"ZHS","playtime":2657,"items_purged":["Strike_R","Strike_R","Strike_R","Strike_R"],"score":4058,"play_id":"463840bf-4ac1-40bd-8818-f554df00e0ad","local_time":"20210202111933","is_ascension_mode":true,"campfire_choices":[{"data":"Body Slam","floor":7,"key":"SMITH"},{"data":"AT_FamilyPortrait","floor":10,"key":"SMITH"},{"data":"AT_BodySlamDance","floor":15,"key":"SMITH"},{"data":"Entrench","floor":25,"key":"SMITH"},{"data":"REME_ACTH","floor":32,"key":"SMITH"},{"data":"Limit Break","floor":42,"key":"SMITH"},{"floor":49,"key":"RECALL"},{"data":"Dual Wield","floor":53,"key":"SMITH"}],"circlet_count":0,"master_deck":["Strike_R","Defend_R","Defend_R","Defend_R","Defend_R","Bash","AT_FamilyPortrait+1","Pommel Strike+1","Shrug It Off","Body Slam+1","AT_BodySlamDance+1","Pummel","REME_ACTH+1","Entrench+1","Body Slam+1","Battle Trance","Iron Wave+1","Sword Boomerang+1","Impervious","AT_Dispersion+1","Dual Wield+1","Armaments+1","Limit Break+1","AT_ManFootWork+1","Shockwave"],"relics":["Burning Blood","HushsDoor","AT_ATBox","REME_ComplimentaryCards","GuppysHead","REME_ArchaeologicalTools","reliquary:Knoch","DemoMod:Antibody","AntiCross","Gensokyo:Mercy","MagicMushroom","reliquary:PorcupineQuills","DemoMod:Metronome","AT_SilvercatRing","MoneyPower","ChampionBelt","Happy Flower","CatCart","AT_TimeSand","theSenshi:SailorFukuRelic","Nunchaku","Kunai","Bird Faced Urn","reliquary:Sideboard","Membership Card","Ancient Tea Set","Letter Opener","DemoMod:SuperHotWatch","AT_ArchangelStaff","Dota2Spire:Mjollnir"],"acts_visited":["Exordium","Gensokyo:Gensokyo","TheBeyond","TheEnding"],"potions_floor_usage":[6,11,20,35,51,56],"damage_taken":[{"damage":6,"enemies":"Gensokyo:Gryphon","floor":1,"turns":3},{"damage":3,"enemies":"Gensokyo:2_Kodama","floor":4,"turns":3},{"damage":10,"enemies":"Gensokyo:3_Fairies","floor":5,"turns":4},{"damage":0,"enemies":"Gensokyo:Aya","floor":6,"turns":4},{"damage":0,"enemies":"Gensokyo:LivingMonolith","floor":8,"turns":2},{"damage":24,"enemies":"Gensokyo:Cirno","floor":11,"turns":5},{"damage":3,"enemies":"Gensokyo:Gryphon_and_Rabbit","floor":12,"turns":3},{"damage":9,"enemies":"Gensokyo:Reimu","floor":16,"turns":5},{"damage":0,"enemies":"Gensokyo:2_Gloops","floor":18,"turns":2},{"damage":0,"enemies":"Gensokyo:Chomper","floor":20,"turns":2},{"damage":0,"enemies":"Gensokyo:Wraith","floor":21,"turns":2},{"damage":5,"enemies":"Gensokyo:Tenshi","floor":23,"turns":2},{"damage":6,"enemies":"Gensokyo:Slime_Group","floor":24,"turns":1},{"damage":9,"enemies":"Gensokyo:Koishi","floor":27,"turns":2},{"damage":0,"enemies":"Gensokyo:Mirror_and_Dog","floor":28,"turns":2},{"damage":0,"enemies":"Gensokyo:Swordslinger","floor":31,"turns":1},{"damage":13,"enemies":"Gensokyo:Eternal_Rivals","floor":33,"turns":5},{"damage":0,"enemies":"3 Darklings","floor":35,"turns":3},{"damage":2,"enemies":"Orin","floor":36,"turns":6},{"damage":6,"enemies":"Reptomancer","floor":37,"turns":3},{"damage":0,"enemies":"Nemesis","floor":38,"turns":3},{"damage":0,"enemies":"Reptomancer","floor":39,"turns":3},{"damage":0,"enemies":"Nemesis","floor":41,"turns":3},{"damage":0,"enemies":"Giant Head","floor":45,"turns":2},{"damage":4,"enemies":"Nemesis","floor":46,"turns":4},{"damage":5,"enemies":"Giant Head","floor":47,"turns":2},{"damage":0,"enemies":"Nemesis","floor":48,"turns":1},{"damage":0,"enemies":"Awakened One","floor":50,"turns":3},{"damage":0,"enemies":"Time Eater","floor":51,"turns":4},{"damage":3,"enemies":"Shield and Spear","floor":55,"turns":4},{"damage":10,"enemies":"The Heart","floor":56,"turns":7}],"seed_played":"363715857041401975","potions_obtained":[{"floor":4,"key":"Weak Potion"},{"floor":5,"key":"LiquidBronze"},{"floor":8,"key":"DemoMod:LeadSkinPotion"},{"floor":11,"key":"SteroidPotion"},{"floor":16,"key":"ZuzhouPotion:ReiMu"},{"floor":20,"key":"DemoMod:LeadSkinPotion"},{"floor":27,"key":"Weak Potion"},{"floor":31,"key":"DuplicationPotion"},{"floor":33,"key":"SkillPotion"},{"floor":36,"key":"GamblersBrew"},{"floor":39,"key":"AttackPotion"}],"is_trial":false,"path_per_floor":["M","?","COS","M","M","E","R","M","T","R","E","M","?","?","R","B",null,"M","?","M","M","$","E","M","R","T","E","M","COS","T","M","R","B",null,"M","?","M","M","M","$","E","R","T","$","M","M","E","M","R","B","B",null,"R","$","E","B",null],"character_chosen":"IRONCLAD","items_purchased":["reliquary:PorcupineQuills","AT_Dispersion","Kunai","Limit Break","Membership Card","Ancient Tea Set","AT_ManFootWork","AT_ArchangelStaff","Shockwave","Block Potion"],"campfire_rested":0,"item_purchase_floors":[22,34,40,40,44,44,44,54,54,54],"current_hp_per_floor":[80,80,80,83,79,85,85,88,88,88,70,73,73,73,73,76,95,98,98,98,98,98,98,98,98,98,98,98,98,98,98,98,91,95,95,95,95,95,95,95,95,95,95,95,95,95,95,95,95,95,95,95,95,95,95,91],"gold":280,"neow_bonus":"TEN_PERCENT_HP_BONUS","is_daily":false,"chose_seed":false,"campfire_upgraded":7,"win_rate":0.0,"timestamp":1612235973,"path_taken":["M","?","COS","M","M","E","R","?","T","R","E","M","?","?","R","BOSS","M","?","M","?","$","E","M","R","T","E","M","COS","?","M","R","BOSS","M","?","M","M","M","?","E","R","T","$","M","M","E","M","R","BOSS","BOSS","R","$","E","BOSS"],"items_purchased_type":["Relic","Card","Relic","Card","Relic","Relic","Card","Relic","Card","Potion"],"build_version":"2020-12-22","purchased_purges":4,"victory":true,"max_hp_per_floor":[88,88,88,88,88,88,88,88,88,88,88,88,88,88,88,88,95,98,98,98,98,98,98,98,98,98,98,98,98,98,98,98,98,95,95,95,95,95,95,95,95,95,95,95,95,95,95,95,95,95,95,95,95,95,95,95],"card_choices":[{"not_picked":[],"picked":"Bomb","floor":0},{"not_picked":["Iron Wave","REME_FearOfPain"],"picked":"Pommel Strike","floor":1},{"not_picked":["Pommel Strike","Twin Strike"],"picked":"Shrug It Off","floor":4},{"not_picked":["Wild Strike","Armaments"],"picked":"Body Slam","floor":5},{"not_picked":["REME_Cut","Second Wind"],"picked":"AT_BodySlamDance","floor":6},{"not_picked":["DemoMod:BlackBlade","Heavy Blade","Berserk"],"picked":"SKIP","floor":8},{"not_picked":["Fire Breathing","Pommel Strike"],"picked":"Pummel","floor":11},{"not_picked":["Body Slam","Havoc"],"picked":"Heavy Blade","floor":12},{"not_picked":["Impervious","Double Tap"],"picked":"REME_ACTH","floor":16},{"not_picked":["REME_FearOfPain","Clothesline"],"picked":"Entrench","floor":18},{"not_picked":["Whirlwind","Shrug It Off","AT_BodySlamDance"],"picked":"SKIP","floor":20},{"not_picked":["Body Slam","Anger","Wild Strike+1"],"picked":"SKIP","floor":21},{"not_picked":["Clothesline","Flex","Brutality"],"picked":"SKIP","floor":23},{"not_picked":["Wild Strike","AT_ManFootWork","AT_IchimonjiDouble"],"picked":"SKIP","floor":24},{"not_picked":["Corruption","Seeing Red"],"picked":"Battle Trance","floor":27},{"not_picked":["AT_BodySlamDance+1","Clash"],"picked":"Iron Wave+1","floor":28},{"not_picked":["Heavy Blade","Wild Strike+1"],"picked":"Sword Boomerang+1","floor":31},{"not_picked":["Exhume","Limit Break"],"picked":"Impervious","floor":33},{"not_picked":["AT_GerminateFire","Thunderclap","AT_IchimonjiDouble"],"picked":"SKIP","floor":35},{"not_picked":["Feel No Pain","Power Through+1"],"picked":"Dual Wield","floor":36},{"not_picked":["Cleave+1","AT_BodySlamDance","Sword Boomerang+1"],"picked":"SKIP","floor":37},{"not_picked":["Ghostly Armor","Evolve"],"picked":"Armaments","floor":38},{"not_picked":["Evolve","AT_GerminateFire","Thunderclap"],"picked":"SKIP","floor":39},{"not_picked":["Flex","Clothesline","Demon Form"],"picked":"SKIP","floor":41},{"not_picked":["Body Slam","AT_Dispersion","Battle Trance+1"],"picked":"SKIP","floor":45},{"not_picked":["Clash","Evolve","Metallicize"],"picked":"SKIP","floor":46},{"not_picked":["Dropkick","Wild Strike","Body Slam"],"picked":"SKIP","floor":47},{"not_picked":["Bloodletting","AT_ManFootWork","Intimidate+1"],"picked":"SKIP","floor":48},{"not_picked":["Warcry","Thunderclap","True Grit"],"picked":"SKIP","floor":55}],"player_experience":540308,"relics_obtained":[{"floor":6,"key":"REME_ArchaeologicalTools"},{"floor":9,"key":"reliquary:Knoch"},{"floor":11,"key":"AntiCross"},{"floor":23,"key":"DemoMod:Metronome"},{"floor":26,"key":"AT_SilvercatRing"},{"floor":27,"key":"MoneyPower"},{"floor":36,"key":"CatCart"},{"floor":37,"key":"AT_TimeSand"},{"floor":38,"key":"theSenshi:SailorFukuRelic"},{"floor":39,"key":"Nunchaku"},{"floor":41,"key":"Bird Faced Urn"},{"floor":43,"key":"reliquary:Sideboard"},{"floor":45,"key":"Letter Opener"},{"floor":48,"key":"DemoMod:SuperHotWatch"},{"floor":55,"key":"Dota2Spire:Mjollnir"}],"event_choices":[{"damage_healed":0,"gold_gain":0,"player_choice":"Fight","damage_taken":0,"max_hp_gain":0,"max_hp_loss":0,"event_name":"OrinTheCat","floor":36,"gold_loss":0}],"is_beta":false,"boss_relics":[{"not_picked":["Tiny House","Snecko Eye"],"picked":"MagicMushroom"},{"not_picked":[]},{"not_picked":["Mark of Pain","Empty Cage"],"picked":"ChampionBelt"},{"not_picked":[]}],"items_purged_floors":[22,40,44,54],"is_endless":false,"potions_floor_spawned":[4,5,8,11,16,20,27,31,33,36,39,41,46,55],"ascension_level":20}}