{"host":"a99cgagtsic7fuyb","time":1612278744,"event":{"mods":["BaseMod","Downfall","Hermit","Lobotomy","Minty Spire (QoL Compilation)","StSLib","The Cursed"],"gold_per_floor":[114,129,49,224,224,224,239,239,239,239,89,104,119,134,134,234,234,249,249,22,37,37,67,67,67,67,102,102,132,33,48,48,148,148,163,0,15,15,15,15,45,45,95,95,110,125,125,140,140,140],"floor_reached":51,"language":"ZHS","playtime":3353,"items_purged":[],"score":855,"play_id":"53f817cc-89f7-4745-a7d6-71fb6c08ccf0","local_time":"20210202231224","daily_mods":["SealedDeck","Colorless Cards","Lethality"],"is_ascension_mode":false,"campfire_choices":[{"data":"Mind Blast","floor":6,"key":"SMITH"},{"data":"Dramatic Entrance","floor":8,"key":"SMITH"},{"data":"bronze:Return","floor":15,"key":"SMITH"},{"floor":24,"key":"REST"},{"floor":28,"key":"REST"},{"floor":32,"key":"REST"},{"floor":40,"key":"REST"},{"floor":42,"key":"REST"},{"floor":44,"key":"REST"},{"floor":49,"key":"REST"}],"circlet_count":0,"master_deck":["bronze:Fortify+1","bronze:Return+1","Jack Of All Trades","Good Instincts","bronze:Constructor+1","Panacea","bronze:WhirlingStrike","bronze:Frontload","bronze:DelayedSlice","Mind Blast+1","bronze:Separator","bronze:Repair+1","bronze:FollowUp+1","bronze:Separator","Dramatic Entrance+1","bronze:ChosenStrike+1","Swift Strike","bronze:ChosenStrike","bronze:SpaghettiCode+1","bronze:InfiniteBeams+1","bronze:Flail+1","Finesse+1","Jack Of All Trades","bronze:BitShift","bronze:CutThrough+1","bronze:Optimize","bronze:WhirlingStrike+1","bronze:Verify","bronze:Safeguard","bronze:Shell+1","bronze:Terminator+1","Parasite","bronze:BitShift+1","bronze:BronzeOrb","Madness","Madness"],"relics":["bronze:BronzeCore","InkBottle","FossilizedHelix","champ:Barbells","Fusion Hammer","Nilry\u0027s Codex","Lee\u0027s Waffle","Gremlin Horn","White Beast Statue","Turnip","Happy Flower","SlaversCollar","Red Mask","TungstenRod","Art of War"],"acts_visited":["Exordium","TheCity","TheBeyond"],"potions_floor_usage":[16,21,23,29,33,37,50],"damage_taken":[{"damage":0,"enemies":"Cultist","floor":1,"turns":3},{"damage":10,"enemies":"Small Slimes","floor":2,"turns":2},{"damage":0,"enemies":"2 Louse","floor":7,"turns":2},{"damage":0,"enemies":"Blue Slaver","floor":12,"turns":2},{"damage":0,"enemies":"Looter","floor":13,"turns":2},{"damage":0,"enemies":"Exordium Thugs","floor":14,"turns":2},{"damage":0,"enemies":"Slime Boss","floor":16,"turns":2},{"damage":8,"enemies":"Chosen","floor":18,"turns":2},{"damage":0,"enemies":"Shell Parasite","floor":21,"turns":2},{"damage":0,"enemies":"Gremlin Leader","floor":23,"turns":5},{"damage":13,"enemies":"Snake Plant","floor":27,"turns":3},{"damage":36,"enemies":"Book of Stabbing","floor":29,"turns":3},{"damage":0,"enemies":"Snecko","floor":31,"turns":2},{"damage":0,"enemies":"Automaton","floor":33,"turns":6},{"damage":0,"enemies":"Orb Walker","floor":35,"turns":1},{"damage":3,"enemies":"3 Shapes","floor":37,"turns":1},{"damage":0,"enemies":"Giant Head","floor":41,"turns":8},{"damage":28,"enemies":"Writhing Mass","floor":45,"turns":6},{"damage":0,"enemies":"Spire Growth","floor":46,"turns":3},{"damage":0,"enemies":"Jaw Worm Horde","floor":48,"turns":3},{"damage":68,"enemies":"Donu and Deca","floor":50,"turns":7}],"seed_played":"-9070903199233054170","potions_obtained":[{"floor":1,"key":"EssenceOfSteel"},{"floor":7,"key":"Block Potion"},{"floor":12,"key":"FearPotion"},{"floor":23,"key":"Regen Potion"},{"floor":27,"key":"GamblersBrew"},{"floor":29,"key":"Block Potion"},{"floor":31,"key":"Regen Potion"},{"floor":33,"key":"champ:CounterPotion"},{"floor":35,"key":"SmokeBomb"},{"floor":37,"key":"LiquidMemories"},{"floor":38,"key":"FairyPotion"},{"floor":38,"key":"FearPotion"}],"is_trial":false,"path_per_floor":["M","M","$","?","?","R","M","R","T","T","$","M","M","M","R","B",null,"M","?","$","M","?","E","R","?","T","M","R","E","$","M","R","B",null,"M","?","M","?","$","R","E","R","T","R","M","M","?","M","R","B",null],"character_chosen":"THE_AUTOMATON","items_purchased":["bronze:FollowUp","champ:Barbells","bronze:InfiniteBeams","Lee\u0027s Waffle","bronze:CutThrough","bronze:Optimize"],"campfire_rested":7,"item_purchase_floors":[3,11,20,20,30,30],"current_hp_per_floor":[70,60,60,60,60,60,60,60,60,60,60,60,60,67,67,67,70,62,46,77,77,63,70,82,82,82,76,82,51,51,51,75,82,82,82,82,82,82,82,82,82,82,82,82,54,64,55,65,82,14],"gold":140,"neow_bonus":"","is_daily":true,"chose_seed":false,"campfire_upgraded":3,"win_rate":0.0,"timestamp":1612278744,"path_taken":["M","?","$","?","?","R","M","R","T","?","?","M","M","?","R","BOSS","M","?","$","M","?","E","R","?","T","M","R","E","$","?","R","BOSS","M","?","M","?","$","R","E","R","T","R","?","M","?","M","R","BOSS"],"items_purchased_type":["Card","Relic","Card","Relic","Card","Card"],"build_version":"2020-12-22","purchased_purges":0,"victory":true,"max_hp_per_floor":[70,70,70,70,70,70,70,70,70,70,70,70,70,70,70,70,70,70,70,77,77,82,82,82,82,82,82,82,82,82,82,82,82,82,82,82,82,82,82,82,82,82,82,82,82,82,82,82,82,82],"card_choices":[{"not_picked":["Dark Shackles","bronze:Philosophize"],"picked":"bronze:Separator","floor":1},{"not_picked":["bronze:Philosophize","Enlightenment"],"picked":"bronze:Repair","floor":2},{"not_picked":["bronze:Invalidate","bronze:BugBarrage"],"picked":"Dramatic Entrance","floor":7},{"not_picked":["bronze:Return","bronze:DelayedSlice"],"picked":"bronze:ChosenStrike","floor":12},{"not_picked":["bronze:OilSpill","bronze:Constructor"],"picked":"Swift Strike","floor":13},{"not_picked":["bronze:WildBeam","bronze:DelayedSlice"],"picked":"bronze:ChosenStrike","floor":14},{"not_picked":["Sadistic Nature","bronze:Virus"],"picked":"bronze:SpaghettiCode","floor":16},{"not_picked":["bronze:Constructor+1","bronze:Shield+1","bronze:BuggyMess"],"picked":"SKIP","floor":18},{"not_picked":["bronze:WhirlingStrike","bronze:WildBeam"],"picked":"bronze:Flail+1","floor":21},{"not_picked":["bronze:ForLoop","bronze:Deprecate"],"picked":"Finesse+1","floor":23},{"not_picked":["bronze:Branch","bronze:CutThrough"],"picked":"Jack Of All Trades","floor":27},{"not_picked":["bronze:BuggyMess","bronze:Constructor"],"picked":"bronze:BitShift","floor":29},{"not_picked":["bronze:Deprecate","bronze:Frontload"],"picked":"bronze:WhirlingStrike+1","floor":31},{"not_picked":["HandOfGreed","bronze:Format"],"picked":"bronze:Verify","floor":33},{"not_picked":["bronze:Separator+1","bronze:Overheat+1"],"picked":"bronze:Safeguard","floor":35},{"not_picked":["bronze:Branch","bronze:ItsAFeature+1"],"picked":"bronze:Shell+1","floor":37},{"not_picked":["Enlightenment","Panacea"],"picked":"bronze:Terminator+1","floor":41},{"not_picked":["bronze:Branch","Purity+1"],"picked":"bronze:BitShift+1","floor":45},{"not_picked":["bronze:Shield+1","bronze:BugBarrage+1"],"picked":"bronze:BronzeOrb","floor":46},{"not_picked":["bronze:DelayedSlice","bronze:Philosophize","bronze:Frontload"],"picked":"SKIP","floor":48}],"player_experience":149357,"relics_obtained":[{"floor":9,"key":"InkBottle"},{"floor":10,"key":"FossilizedHelix"},{"floor":19,"key":"Nilry\u0027s Codex"},{"floor":23,"key":"Gremlin Horn"},{"floor":26,"key":"Turnip"},{"floor":29,"key":"Happy Flower"},{"floor":41,"key":"TungstenRod"},{"floor":43,"key":"Art of War"}],"event_choices":[{"damage_healed":0,"gold_gain":175,"player_choice":"AGREE","damage_taken":0,"max_hp_gain":0,"max_hp_loss":0,"event_name":"Liars Game","floor":4,"gold_loss":0,"cards_obtained":["Doubt"]},{"damage_healed":0,"gold_gain":0,"player_choice":"Obtained Book","damage_taken":16,"max_hp_gain":0,"max_hp_loss":0,"event_name":"Cursed Tome","floor":19,"gold_loss":0},{"damage_healed":0,"gold_gain":0,"player_choice":"Shed Blood","damage_taken":19,"max_hp_gain":5,"max_hp_loss":0,"event_name":"Forgotten Altar","floor":22,"gold_loss":0},{"damage_healed":0,"gold_gain":0,"player_choice":"Opened","damage_taken":0,"relics_obtained":["White Beast Statue"],"max_hp_gain":0,"max_hp_loss":0,"event_name":"The Mausoleum","floor":25,"gold_loss":0},{"damage_healed":0,"gold_gain":0,"player_choice":"Paid","damage_taken":0,"relics_obtained":["Red Mask"],"max_hp_gain":0,"max_hp_loss":0,"event_name":"Tomb of Lord Red Mask","floor":36,"gold_loss":163},{"damage_healed":0,"gold_gain":0,"player_choice":"Got Potions","damage_taken":0,"max_hp_gain":0,"max_hp_loss":0,"event_name":"Lab","floor":38,"gold_loss":0},{"damage_healed":0,"gold_gain":0,"player_choice":"Embrace Madness","damage_taken":10,"max_hp_gain":0,"max_hp_loss":0,"event_name":"Winding Halls","floor":47,"gold_loss":0,"cards_obtained":["Madness","Madness"]}],"is_beta":false,"boss_relics":[{"not_picked":["Philosopher\u0027s Stone","Ectoplasm"],"picked":"Fusion Hammer"},{"not_picked":["Snecko Eye","Velvet Choker"],"picked":"SlaversCollar"}],"items_purged_floors":[],"is_endless":false,"potions_floor_spawned":[1,7,12,23,27,29,31,33,35,37,41,45,46,48],"ascension_level":0}}