{"host":"qxeepl7ydvsgmfdb","time":1612282296,"event":{"mods":["AchievementEnabler","BaseMod","Colored Powertips","Minty Spire (QoL Compilation)","Quick Restart","slay the spire mod where everything is the same but ironclad has a cowboy hat"],"gold_per_floor":[113,113,113,113,133,133,163,7,7,24,53,53,85,85,85,183,183,171,183,37,37,53,81,81,114,114,10,21,31,66,79,79,183,183,194,194,194,210,224,252,252,252,333,333,32,60,60,74,74,74],"floor_reached":51,"language":"ENG","playtime":1778,"items_purged":["Regret","Strike_G"],"score":937,"play_id":"55d8b338-fe21-4a1a-8e12-57ec0e486b36","local_time":"20210202111136","is_ascension_mode":true,"campfire_choices":[{"data":"Finisher","floor":6.0,"key":"SMITH"},{"data":"Cloak And Dagger","floor":12.0,"key":"SMITH"},{"data":"Blade Dance","floor":15.0,"key":"SMITH"},{"floor":24,"key":"REST"},{"floor":32,"key":"REST"},{"data":"After Image","floor":42,"key":"SMITH"},{"data":"Adrenaline","floor":47,"key":"SMITH"},{"data":"Accuracy","floor":49,"key":"SMITH"}],"circlet_count":0,"master_deck":["Strike_G+1","Strike_G+1","Strike_G","Defend_G","Defend_G","Defend_G","Defend_G","Defend_G","Survivor","Neutralize","Dagger Spray+1","Finisher+1","Blade Dance","Cloak And Dagger+1","All Out Attack","Blade Dance+1","After Image+1","CurseOfTheBell","Slice+1","Slice","Noxious Fumes","Blade Dance+1","Deadly Poison","Slice","Adrenaline+1","Accuracy+1"],"relics":["Ring of the Snake","NeowsBlessing","Ornamental Fan","Pen Nib","Eternal Feather","Toy Ornithopter","HornCleat","Pear","Calling Bell","Omamori","Question Card","Pocketwatch","Bottled Tornado","Ancient Tea Set","Gremlin Horn","The Courier","Busted Crown","Letter Opener","Toxic Egg 2","Regal Pillow","Shuriken"],"acts_visited":["Exordium","TheCity","TheBeyond"],"potions_floor_usage":[22,23,27,28,30,33,50,50,50,50,50],"damage_taken":[{"damage":0.0,"enemies":"Cultist","floor":1.0,"turns":1.0},{"damage":0.0,"enemies":"Jaw Worm","floor":5.0,"turns":1.0},{"damage":0.0,"enemies":"Lagavulin","floor":7.0,"turns":1.0},{"damage":0.0,"enemies":"2 Louse","floor":10.0,"turns":2.0},{"damage":0.0,"enemies":"Gremlin Nob","floor":11.0,"turns":2.0},{"damage":11.0,"enemies":"Lagavulin","floor":13.0,"turns":4.0},{"damage":57.0,"enemies":"The Guardian","floor":16.0,"turns":8.0},{"damage":3.0,"enemies":"2 Thieves","floor":18.0,"turns":4.0},{"damage":7.0,"enemies":"Chosen","floor":19.0,"turns":4.0},{"damage":13,"enemies":"Snake Plant","floor":22,"turns":3},{"damage":39,"enemies":"Slavers","floor":23,"turns":6},{"damage":4,"enemies":"Book of Stabbing","floor":25,"turns":5},{"damage":16,"enemies":"Shelled Parasite and Fungi","floor":28,"turns":3},{"damage":0,"enemies":"Sentry and Sphere","floor":29,"turns":2},{"damage":27,"enemies":"Slavers","floor":30,"turns":4},{"damage":3,"enemies":"Cultist and Chosen","floor":31,"turns":4},{"damage":56,"enemies":"Champ","floor":33,"turns":12},{"damage":0,"enemies":"Orb Walker","floor":35,"turns":2},{"damage":0,"enemies":"3 Darklings","floor":38,"turns":5},{"damage":26,"enemies":"4 Shapes","floor":39,"turns":6},{"damage":0,"enemies":"Reptomancer","floor":40,"turns":4},{"damage":7,"enemies":"Nemesis","floor":46,"turns":5},{"damage":0,"enemies":"Sphere and 2 Shapes","floor":48,"turns":3},{"damage":18,"enemies":"Donu and Deca","floor":50,"turns":6}],"seed_played":"-3455055007943607432","potions_obtained":[{"floor":5.0,"key":"LiquidMemories"},{"floor":10.0,"key":"Block Potion"},{"floor":13.0,"key":"Dexterity Potion"},{"floor":18.0,"key":"LiquidBronze"},{"floor":22,"key":"SpeedPotion"},{"floor":23,"key":"Explosive Potion"},{"floor":29,"key":"Swift Potion"},{"floor":33,"key":"BlessingOfTheForge"},{"floor":46,"key":"EntropicBrew"},{"floor":48,"key":"ColorlessPotion"}],"is_trial":false,"path_per_floor":["M","?","?","$","M","R","E","$","T","M","E","R","E","?","R","B",null,"M","M","$","?","M","E","R","E","T","$","M","M","E","M","R","B",null,"M","?","?","M","M","E","?","R","T","?","$","E","R","M","R","B",null],"character_chosen":"THE_SILENT","items_purchased":["Pen Nib","Noxious Fumes","Fruit Juice","Accuracy","Regal Pillow","Explosive Potion"],"campfire_rested":2,"item_purchase_floors":[8,20,27,45,45,45],"current_hp_per_floor":[70,70,56,56,56,56,56,56,56,56,56,65,59,69,78,21,80,77,70,70,62,54,20,56,52,52,62,51,51,29,26,66,15,85,85,81,81,81,55,55,55,70,70,70,70,63,78,78,81,63],"gold":74,"neow_bonus":"THREE_ENEMY_KILL","is_daily":false,"chose_seed":false,"campfire_upgraded":6,"win_rate":0.0,"timestamp":1612282296,"path_taken":["M","?","?","?","M","R","E","$","T","M","E","R","E","?","R","BOSS","M","M","$","?","M","E","R","E","T","$","M","M","E","M","R","BOSS","M","?","?","M","?","E","?","R","T","?","$","E","R","M","R","BOSS"],"items_purchased_type":["Relic","Card","Potion","Card","Relic","Potion"],"build_version":"2020-12-22","purchased_purges":2,"victory":true,"max_hp_per_floor":[70,70,70,70,70,70,70,70,70,70,70,70,70,80,80,80,80,80,80,80,80,80,80,80,80,80,85,85,85,85,85,85,85,85,85,81,81,81,81,81,81,81,81,81,81,81,81,81,81,81],"card_choices":[{"not_picked":["Reflex","Acrobatics"],"picked":"Dagger Spray","floor":1.0},{"not_picked":["Dodge and Roll","Flechettes"],"picked":"Finisher","floor":5.0},{"not_picked":["Heel Hook","Bullet Time"],"picked":"Blade Dance","floor":7.0},{"not_picked":["Deadly Poison","Quick Slash"],"picked":"Cloak And Dagger","floor":10.0},{"not_picked":["Backflip","Dagger Throw"],"picked":"All Out Attack","floor":11.0},{"not_picked":["Underhanded Strike","Accuracy"],"picked":"Blade Dance","floor":13.0},{"not_picked":["Unload","Envenom"],"picked":"After Image","floor":16.0},{"not_picked":["Predator","Finisher","Acrobatics"],"picked":"Slice+1","floor":18.0},{"not_picked":["Concentrate","Riddle With Holes","Poisoned Stab+1"],"picked":"Slice","floor":19.0},{"not_picked":["Slice","Dagger Spray","Caltrops"],"picked":"Blade Dance+1","floor":22},{"not_picked":["Expertise","Bullet Time","Skewer","Flechettes"],"picked":"SKIP","floor":23},{"not_picked":["Dodge and Roll","Flying Knee","Tactician","Leg Sweep"],"picked":"SKIP","floor":25},{"not_picked":["Leg Sweep","Distraction+1","Sucker Punch"],"picked":"Deadly Poison","floor":28},{"not_picked":["Masterful Stab","Poisoned Stab","Riddle With Holes","Prepared"],"picked":"SKIP","floor":29},{"not_picked":["Dagger Throw+1","Corpse Explosion","Malaise"],"picked":"Slice","floor":30},{"not_picked":["Slice","Underhanded Strike","Riddle With Holes","Backflip"],"picked":"SKIP","floor":31},{"not_picked":["Die Die Die","Night Terror","Venomology"],"picked":"Adrenaline","floor":33},{"not_picked":["Sucker Punch+1","Dagger Spray+1"],"picked":"SKIP","floor":35},{"not_picked":["Escape Plan","Flying Knee+1"],"picked":"SKIP","floor":38},{"not_picked":["Slice+1","Heel Hook+1"],"picked":"SKIP","floor":39},{"not_picked":["Sucker Punch+1","PiercingWail+1"],"picked":"SKIP","floor":40},{"not_picked":["Prepared+1","Flying Knee"],"picked":"SKIP","floor":46},{"not_picked":["Poisoned Stab","Expertise+1"],"picked":"SKIP","floor":48}],"player_experience":169955,"relics_obtained":[{"floor":7.0,"key":"Ornamental Fan"},{"floor":9.0,"key":"Eternal Feather"},{"floor":11.0,"key":"Toy Ornithopter"},{"floor":13.0,"key":"HornCleat"},{"floor":17.0,"key":"Omamori"},{"floor":17.0,"key":"Question Card"},{"floor":17.0,"key":"Pocketwatch"},{"floor":23,"key":"Bottled Tornado"},{"floor":25,"key":"Ancient Tea Set"},{"floor":26,"key":"Gremlin Horn"},{"floor":30,"key":"The Courier"},{"floor":40,"key":"Letter Opener"},{"floor":43,"key":"Toxic Egg 2"},{"floor":46,"key":"Shuriken"}],"event_choices":[{"damage_healed":0.0,"max_hp_gain":0.0,"max_hp_loss":0.0,"gold_gain":0.0,"event_name":"Living Wall","player_choice":"Grow","floor":2.0,"gold_loss":0.0,"damage_taken":0.0,"cards_upgraded":["Dagger Spray"]},{"damage_healed":0.0,"max_hp_gain":0.0,"max_hp_loss":0.0,"gold_gain":0.0,"event_name":"Shining Light","player_choice":"Entered Light","floor":3.0,"gold_loss":0.0,"damage_taken":14.0,"cards_upgraded":["Strike_G","Strike_G"]},{"damage_healed":0.0,"max_hp_gain":0.0,"max_hp_loss":0.0,"gold_gain":0.0,"event_name":"Big Fish","player_choice":"Box","floor":14.0,"gold_loss":0.0,"damage_taken":0.0,"relics_obtained":["Pear"],"cards_obtained":["Regret"]},{"damage_healed":0.0,"max_hp_gain":0.0,"max_hp_loss":0.0,"gold_gain":0.0,"event_name":"Wheel of Change","player_choice":"Damaged","floor":21.0,"gold_loss":0.0,"damage_taken":8.0},{"damage_healed":0,"gold_gain":0,"player_choice":"Max HP","damage_taken":0,"max_hp_gain":0,"max_hp_loss":4,"event_name":"Winding Halls","floor":36,"gold_loss":0},{"damage_healed":0,"gold_gain":0,"player_choice":"0 cards matched","damage_taken":0,"max_hp_gain":0,"max_hp_loss":0,"event_name":"Match and Keep!","floor":37,"gold_loss":0,"cards_obtained":[]},{"damage_healed":0,"gold_gain":0,"player_choice":"Memory 1","damage_taken":0,"max_hp_gain":0,"max_hp_loss":0,"event_name":"SensoryStone","floor":41,"gold_loss":0},{"cards_removed":["Strike_G"],"damage_healed":0,"gold_gain":0,"player_choice":"Purged","damage_taken":0,"max_hp_gain":0,"max_hp_loss":0,"event_name":"Purifier","floor":44,"gold_loss":0}],"is_beta":false,"boss_relics":[{"not_picked":["HoveringKite","SacredBark"],"picked":"Calling Bell"},{"not_picked":["Pandora\u0027s Box","Coffee Dripper"],"picked":"Busted Crown"}],"items_purged_floors":[20,45],"is_endless":false,"potions_floor_spawned":[5,10,13,18,22,23,29,33,46,48],"ascension_level":2}}