{"host":"o3nki8hvugtioqst","time":1612274847,"event":{"mods":["BaseMod","Minty Spire (QoL Compilation)","Quick Restart","Rare Cards Sparkle","Relic Stats","StSLib","SuperFastMode"],"gold_per_floor":[124,144,163,104,104,138,160,160,160,15,43,43,67,29,29,29,29],"floor_reached":16,"language":"ENG","playtime":485,"items_purged":["Strike_R"],"score":160,"play_id":"0e6305f8-0767-4d01-be45-1d9a61a868c6","local_time":"20210202160727","is_ascension_mode":true,"campfire_choices":[{"data":"Body Slam","floor":8,"key":"SMITH"},{"data":"Metallicize","floor":12,"key":"SMITH"},{"data":"True Grit","floor":15,"key":"SMITH"}],"circlet_count":0,"master_deck":["Strike_R","Strike_R","Strike_R","Strike_R","Defend_R","Defend_R","Defend_R","Defend_R","Bash","Body Slam+1","True Grit+1","Berserk+1","Ghostly Armor","Metallicize+1","Shrug It Off"],"relics":["Burning Blood","CeramicFish","CaptainsWheel","Gremlin Horn","Membership Card","Question Card"],"acts_visited":["Exordium"],"potions_floor_usage":[16,16],"damage_taken":[{"damage":1,"enemies":"Cultist","floor":1,"turns":3},{"damage":11,"enemies":"2 Louse","floor":2,"turns":3},{"damage":2,"enemies":"Jaw Worm","floor":3,"turns":4},{"damage":48,"enemies":"Lagavulin","floor":6,"turns":9},{"damage":3,"enemies":"Blue Slaver","floor":7,"turns":6},{"damage":11,"enemies":"Gremlin Nob","floor":11,"turns":4},{"damage":4,"enemies":"2 Fungi Beasts","floor":13,"turns":4},{"damage":38,"enemies":"Slime Boss","floor":16,"turns":11}],"seed_played":"-5650067855527033380","potions_obtained":[{"floor":7,"key":"SpeedPotion"},{"floor":11,"key":"HeartOfIron"}],"is_trial":false,"path_per_floor":["M","M","M","$","?","E","M","R","T","$","E","R","M","$","R","B"],"character_chosen":"IRONCLAD","items_purchased":["Berserk","Membership Card"],"campfire_rested":0,"item_purchase_floors":[4,10],"current_hp_per_floor":[77,72,76,76,76,34,37,37,37,37,32,32,34,34,34,0,0],"gold":29,"neow_bonus":"RANDOM_COMMON_RELIC","is_daily":false,"chose_seed":false,"campfire_upgraded":3,"win_rate":0.0,"timestamp":1612274847,"path_taken":["M","M","M","?","?","E","?","R","T","?","E","R","M","$","R","BOSS"],"items_purchased_type":["Card","Relic"],"build_version":"2020-12-22","purchased_purges":1,"victory":false,"max_hp_per_floor":[80,80,80,80,80,80,80,80,80,80,80,80,80,80,80,80,80],"relic_stats":{"Gremlin Horn":[1,1],"counters":[8,44],"CeramicFish":54,"Question Card":1,"obtain_stats":[{"CaptainsWheel":6,"Gremlin Horn":9,"CeramicFish":0,"Membership Card":10,"Question Card":11,"Burning Blood":0},{"CaptainsWheel":4,"Gremlin Horn":5,"CeramicFish":0,"Membership Card":5,"Question Card":6,"Burning Blood":0},{"CaptainsWheel":19,"Gremlin Horn":25,"CeramicFish":0,"Membership Card":25,"Question Card":29,"Burning Blood":0}],"Burning Blood":42},"card_choices":[{"not_picked":["Wild Strike","Clothesline"],"picked":"Body Slam","floor":1},{"not_picked":["Clothesline","Body Slam"],"picked":"True Grit","floor":2},{"not_picked":["Thunderclap","Flex","Wild Strike"],"picked":"SKIP","floor":3},{"not_picked":["Wild Strike","Dual Wield"],"picked":"Ghostly Armor","floor":6},{"not_picked":["Twin Strike","Clothesline"],"picked":"Metallicize","floor":7},{"not_picked":["Power Through","Brutality","Sword Boomerang"],"picked":"SKIP","floor":11},{"not_picked":["Infernal Blade","Iron Wave","Armaments"],"picked":"Shrug It Off","floor":13}],"player_experience":241551,"relics_obtained":[{"floor":6,"key":"CaptainsWheel"},{"floor":9,"key":"Gremlin Horn"},{"floor":11,"key":"Question Card"}],"event_choices":[{"damage_healed":0,"gold_gain":0,"player_choice":"Upgraded","damage_taken":0,"max_hp_gain":0,"max_hp_loss":0,"event_name":"Upgrade Shrine","floor":5,"gold_loss":0,"cards_upgraded":["Berserk"]}],"is_beta":false,"boss_relics":[],"items_purged_floors":[14],"is_endless":false,"potions_floor_spawned":[7,11],"killed_by":"Slime Boss","ascension_level":9}}