{"host":"lehbxtjrpalkmwwj","time":1612285674,"event":{"mods":["BaseMod","Colored Powertips","GungeonMod","Minty Spire (QoL Compilation)","Replay The Spire","Shop Mod","StSLib","The Bug Knight","The Cursed","The Gatherer"],"gold_per_floor":[112,127,142,155,330,361,436,451,476,156,181,191,220,220,220,321,321,335,347,347,363,28,53,53,68,68,94,112,139,139,172,172,271,271,290,290,304,155,172,203,228,271,333,345,357,369,413,440,452,464,464],"floor_reached":50,"language":"ZHS","playtime":1668,"items_purged":["Languid"],"score":962,"play_id":"51781561-23ac-40d0-8078-b77276667b87","local_time":"20210203010754","is_ascension_mode":true,"campfire_choices":[{"floor":15.0,"key":"RECALL"},{"data":"Mayhem","floor":24.0,"key":"SMITH"},{"data":"Inflame","floor":32.0,"key":"SMITH"},{"data":"Reaper","floor":49.0,"key":"SMITH"}],"circlet_count":0,"master_deck":["Strike_R+1","Strike_R+1","Strike_R+1","Strike_R+1","Strike_R+1","Defend_R","Defend_R","Defend_R","Bash","Mayhem+1","Inflame","Sword Boomerang","Reaper+1","Perfected Strike","Anger","Life Link","Inflame","Offering","Spot Weakness","Carnage","Demon Form+1","Perfected Strike","Wild Strike+1","Anger+1","Anger+1","Anger+1","Reaper+1","Flex+1","Inflame+1","Spot Weakness","Demon Form+1","Replay:Many Hands+1","Brutality+1","Pummel+1","Immolate+1","Uppercut+1","Clothesline+1","Rupture+1","Brutality+1","DemoMod:WhiteBlade","DemoMod:BlackBlade+1","Flex+1","Shockwave+1","DemoMod:WhiteBlade+1","Ghostly Armor+1","Pummel","Searing Blow+1","Flex"],"relics":["Burning Blood","Replay:Bottled Eggs","ReplayTheSpireMod:CursedCoin","DemoMod:GnawedKey","DemoMod:BlueGuonStone","Quantum Egg","Golden Egg","ChewingGum","Spirit Poop","Strange Spoon","Juzu Bracelet","Replay:WaspNest","The Courier","Boot","DemoMod:DecoyRelic","MutagenicStrength","Mercury Hourglass","Runic Cube","Orrery","MawBank","Centennial Puzzle","DemoMod:MonsterBlood","Replay:Rubber Ducky"],"acts_visited":["Exordium","TheCity","TheBeyond"],"potions_floor_usage":[],"damage_taken":[{"damage":6.0,"enemies":"Cultist","floor":1.0,"turns":4.0},{"damage":10.0,"enemies":"Jaw Worm","floor":2.0,"turns":4.0},{"damage":2.0,"enemies":"2 Louse","floor":3.0,"turns":3.0},{"damage":27.0,"enemies":"Exordium Thugs","floor":4.0,"turns":5.0},{"damage":16.0,"enemies":"Lagavulin","floor":6.0,"turns":7.0},{"damage":21.0,"enemies":"Lots of Slimes","floor":8.0,"turns":4.0},{"damage":4.0,"enemies":"Gremlin Nob","floor":11.0,"turns":5.0},{"damage":5.0,"enemies":"3 Louse","floor":12.0,"turns":3.0},{"damage":17.0,"enemies":"3 Sentries","floor":13.0,"turns":6.0},{"damage":27.0,"enemies":"Hexaghost","floor":16.0,"turns":7.0},{"damage":16.0,"enemies":"3 Byrds","floor":18.0,"turns":4.0},{"damage":20.0,"enemies":"2 Thieves","floor":19.0,"turns":4.0},{"damage":13.0,"enemies":"Centurion and Healer","floor":21.0,"turns":4.0},{"damage":18.0,"enemies":"Gremlin Leader","floor":23.0,"turns":5.0},{"damage":16.0,"enemies":"Cultist and Chosen","floor":25.0,"turns":5.0},{"damage":15.0,"enemies":"Book of Stabbing","floor":27.0,"turns":4.0},{"damage":9.0,"enemies":"Snake Plant","floor":28.0,"turns":2.0},{"damage":25.0,"enemies":"Slavers","floor":29.0,"turns":3.0},{"damage":16.0,"enemies":"Book of Stabbing","floor":31.0,"turns":3.0},{"damage":16.0,"enemies":"Pondfish","floor":33.0,"turns":5.0},{"damage":36.0,"enemies":"3 Darklings","floor":35.0,"turns":3.0},{"damage":46.0,"enemies":"3 Shapes","floor":37.0,"turns":4.0},{"damage":12.0,"enemies":"3 Darklings","floor":39.0,"turns":3.0},{"damage":0.0,"enemies":"Reptomancer","floor":40.0,"turns":3.0},{"damage":17.0,"enemies":"Maw","floor":41.0,"turns":6.0},{"damage":26.0,"enemies":"Nemesis","floor":42.0,"turns":5.0},{"damage":37.0,"enemies":"Reptomancer","floor":47.0,"turns":5.0},{"damage":22.0,"enemies":"4 Shapes","floor":48.0,"turns":4.0},{"damage":89,"enemies":"Awakened One","floor":50,"turns":6}],"seed_played":"-14527191109678268","potions_obtained":[{"floor":1.0,"key":"Fire Potion"},{"floor":6.0,"key":"Adrenaline Potion"},{"floor":8.0,"key":"Swift Potion"},{"floor":14.0,"key":"Explosive Potion"},{"floor":19.0,"key":"Block Potion"},{"floor":21.0,"key":"LifebloodPotion"},{"floor":27.0,"key":"AttackPotion"},{"floor":28.0,"key":"SpeedPotion"},{"floor":29.0,"key":"SkillPotion"},{"floor":37.0,"key":"EssenceOfSteel"},{"floor":40.0,"key":"Block Potion"},{"floor":41.0,"key":"Block Potion"},{"floor":47.0,"key":"SpeedPotion"}],"is_trial":false,"path_per_floor":["M","M","M","M","?","E","?","M","T","$","E","M","E","?","R","B",null,"M","M","?","M","$","E","R","M","T","E","M","E","?","E","R","B",null,"M","?","M","$","M","E","M","E","T","$","?","?","E","M","R","B"],"character_chosen":"IRONCLAD","items_purchased":["ReplayTheSpireMod:CursedCoin","Inflame","DemoMod:GnawedKey","DemoMod:BlueGuonStone","Anger","Strange Spoon","Juzu Bracelet","Uppercut","Orrery"],"campfire_rested":0,"item_purchase_floors":[10,10,10,10,22,22,22,38,38],"current_hp_per_floor":[72,68,72,51,51,41,34,39,39,39,47,48,53,53,53,44,72,62,57,57,68,68,56,56,69,69,67,64,45,45,39,39,72,72,43,43,17,17,11,17,38,18,25,25,25,25,21,25,25,0,0],"gold":464,"neow_bonus":"RANDOM_COLORLESS_2","is_daily":false,"chose_seed":false,"campfire_upgraded":3,"win_rate":0.0,"timestamp":1612285674,"path_taken":["M","?","M","M","?","E","?","?","T","$","E","M","E","?","R","BOSS","M","M","?","M","$","E","R","M","T","E","M","E","?","E","R","BOSS","M","?","M","$","M","E","M","E","T","$","?","?","E","M","R","BOSS"],"items_purchased_type":["Relic","Card","Relic","Relic","Card","Relic","Relic","Card","Relic"],"build_version":"2020-12-22","purchased_purges":1,"victory":false,"max_hp_per_floor":[72,72,72,72,72,72,72,72,72,72,72,72,72,72,72,72,72,72,72,72,72,72,72,72,72,72,72,72,72,72,72,72,72,72,72,72,72,72,72,72,72,72,79,79,79,79,79,79,79,79,79],"card_choices":[{"not_picked":["ReplayTheSpireMod:Necrogeddon","Sadistic Nature"],"picked":"Mayhem","floor":0.0},{"not_picked":["ReplayReversal","Rampage"],"picked":"Inflame","floor":1.0},{"not_picked":["Cleave","Defy Death"],"picked":"Sword Boomerang","floor":2.0},{"not_picked":["Hemokinesis","Reckless Charge"],"picked":"Reaper","floor":3.0},{"not_picked":["Heavy Blade","Headbutt"],"picked":"Perfected Strike","floor":4.0},{"not_picked":["Iron Wave","Headbutt"],"picked":"Anger","floor":6.0},{"not_picked":["Flex","ReplayTheSpireMod:LeadingStrike"],"picked":"Life Link","floor":8.0},{"not_picked":["Pommel Strike","Wild Strike"],"picked":"Offering","floor":11.0},{"not_picked":["Power Through","Flex"],"picked":"Spot Weakness","floor":12.0},{"not_picked":["ReplayTheSpireMod:Strike From Hell","Shrug It Off"],"picked":"Carnage","floor":13.0},{"not_picked":["Reaper","Bludgeon"],"picked":"Demon Form","floor":16.0},{"not_picked":["ReplayTheSpireMod:Limb From Limb","Havoc"],"picked":"Perfected Strike","floor":18.0},{"not_picked":["Twin Strike","Shrug It Off"],"picked":"Wild Strike+1","floor":19.0},{"not_picked":["Warcry","Shrug It Off"],"picked":"Anger+1","floor":21.0},{"not_picked":["Rupture","Hemokinesis+1"],"picked":"Reaper","floor":23.0},{"not_picked":["Sword Boomerang","Pommel Strike"],"picked":"Flex+1","floor":25.0},{"not_picked":["Shrug It Off","ReplayTheSpireMod:Corrosion Curse"],"picked":"Inflame","floor":27.0},{"not_picked":["Burning Pact+1","Whirlwind"],"picked":"Spot Weakness","floor":28.0},{"not_picked":["Clothesline","Infernal Blade"],"picked":"Demon Form","floor":29.0},{"not_picked":["Run Through+1","Clothesline"],"picked":"Replay:Many Hands","floor":31.0},{"not_picked":["Reaper","Replay:Many Hands"],"picked":"Brutality","floor":33.0},{"not_picked":["Body Slam+1","Heavy Blade"],"picked":"Pummel+1","floor":35.0},{"not_picked":["Wild Strike+1","ReplayTheSpireMod:Strike From Hell+1"],"picked":"Immolate","floor":37.0},{"not_picked":["Defy Death","Armaments"],"picked":"Clothesline","floor":38.0},{"not_picked":["Havoc+1","Sword Boomerang+1"],"picked":"Rupture+1","floor":38.0},{"not_picked":["Inflame","Spot Weakness"],"picked":"Brutality","floor":38.0},{"not_picked":["Feel No Pain","Shrug It Off"],"picked":"DemoMod:BlackBlade+1","floor":38.0},{"not_picked":["Armaments+1","Battle Trance+1"],"picked":"Flex+1","floor":38.0},{"not_picked":["Burning Pact","Life Link"],"picked":"Shockwave+1","floor":39.0},{"not_picked":["Feel No Pain+1","Warcry"],"picked":"DemoMod:WhiteBlade+1","floor":40.0},{"not_picked":["Body Slam+1","Massacre"],"picked":"Ghostly Armor+1","floor":41.0},{"not_picked":["Body Slam","Warcry"],"picked":"Pummel","floor":42.0},{"not_picked":["True Grit+1","ReplayReversal+1"],"picked":"Searing Blow+1","floor":47.0},{"not_picked":["ReplayTheSpireMod:Strike From Hell","True Grit+1"],"picked":"Flex","floor":48.0}],"player_experience":107172,"relics_obtained":[{"floor":6.0,"key":"Replay:Bottled Eggs"},{"floor":11.0,"key":"Quantum Egg"},{"floor":13.0,"key":"Golden Egg"},{"floor":23.0,"key":"Replay:WaspNest"},{"floor":26.0,"key":"The Courier"},{"floor":27.0,"key":"Boot"},{"floor":29.0,"key":"DemoMod:DecoyRelic"},{"floor":31.0,"key":"Mercury Hourglass"},{"floor":40.0,"key":"MawBank"},{"floor":42.0,"key":"Centennial Puzzle"},{"floor":43.0,"key":"DemoMod:MonsterBlood"},{"floor":47.0,"key":"Replay:Rubber Ducky"}],"event_choices":[{"damage_healed":0.0,"max_hp_gain":0.0,"max_hp_loss":0.0,"gold_gain":175.0,"event_name":"Liars Game","player_choice":"AGREE","floor":5.0,"gold_loss":0.0,"damage_taken":0.0,"cards_obtained":["Doubt"]},{"damage_healed":0.0,"max_hp_gain":0.0,"max_hp_loss":0.0,"gold_gain":75.0,"event_name":"FaceTrader","player_choice":"Touch","floor":7.0,"gold_loss":0.0,"damage_taken":7.0},{"damage_healed":0.0,"max_hp_gain":0.0,"max_hp_loss":0.0,"gold_gain":0.0,"event_name":"Lab","player_choice":"Got Potions","floor":14.0,"gold_loss":0.0,"damage_taken":0.0},{"cards_removed":["Doubt"],"damage_healed":0.0,"max_hp_gain":0.0,"max_hp_loss":0.0,"gold_gain":0.0,"event_name":"Bonfire Elementals","player_choice":"Offered Curse","floor":20.0,"gold_loss":0.0,"damage_taken":0.0,"relics_obtained":["Spirit Poop"]},{"damage_healed":0.0,"max_hp_gain":0.0,"max_hp_loss":0.0,"gold_gain":0.0,"event_name":"Drug Dealer","player_choice":"Inject Mutagens","floor":30.0,"gold_loss":0.0,"damage_taken":0.0,"relics_obtained":["MutagenicStrength"]},{"damage_healed":0.0,"max_hp_gain":0.0,"max_hp_loss":0.0,"gold_gain":0.0,"event_name":"The Woman in Blue","player_choice":"Bought 0 Potions","floor":36.0,"gold_loss":0.0,"damage_taken":0.0},{"cards_removed":["Defend_R"],"damage_healed":0.0,"max_hp_gain":0.0,"max_hp_loss":0.0,"gold_gain":0.0,"event_name":"Purifier","player_choice":"Purged","floor":45.0,"gold_loss":0.0,"damage_taken":0.0},{"damage_healed":0.0,"max_hp_gain":0.0,"max_hp_loss":0.0,"gold_gain":0.0,"event_name":"Tomb of Lord Red Mask","player_choice":"Ignored","floor":46.0,"gold_loss":0.0,"damage_taken":0.0}],"is_beta":false,"boss_relics":[{"not_picked":["SlaversCollar","Tiny House"],"picked":"ChewingGum"},{"not_picked":["Ring of Chaos","Replay:Drink Me"],"picked":"Runic Cube"}],"items_purged_floors":[10],"is_endless":false,"potions_floor_spawned":[1,6,8,11,16,19,21,27,28,29,37,40,41,47],"killed_by":"Awakened One","ascension_level":2}}