{"host":"f4xk8spljo3akohx","time":1612245890,"event":{"mods":["Act Like it!","Arknights","BaseMod","Downfall","Gensokyo","GifTheSpireLib","Hallownest","Highlight Path","Marisa£®ÏF”Í°°ƒß¿Ì…≥£©","Minty Spire (QoL Compilation)","Quick Restart","StSLib","The Bug Knight"],"gold_per_floor":[112,112,127,127,52,86,261,277,355,355,391,416,439,480,480,480,480],"floor_reached":16,"language":"ZHS","playtime":473,"items_purged":["ats:Strike V"],"score":152,"play_id":"d56a79aa-aaaa-42e6-864d-ab1ae000a4b6","local_time":"20210202140450","is_ascension_mode":true,"campfire_choices":[{"data":"ats:Flexible Camouflage","floor":10,"key":"SMITH"},{"floor":15,"key":"REST"}],"circlet_count":0,"master_deck":["ats:Strike C","ats:Strike G","ats:Strike S","ats:Armor Crushing Shot","ats:Defend","ats:Defend","ats:Defend","ats:Defend","ats:Emotion Absorption","ats:Consecutive Shot Auto","ats:Flexible Camouflage+1","Doubt","ats:Poison Spread","ats:Durian","ats:Ambush"],"relics":["ats:Sanity","NeowsBlessing","Golden Idol","ats:Hidden Killer","ats:Originium","Pantograph","Gremlin Horn","Strawberry","Lantern"],"acts_visited":["Exordium"],"potions_floor_usage":[11,11,14],"damage_taken":[{"damage":0,"enemies":"Small Slimes","floor":1,"turns":1},{"damage":0,"enemies":"Jaw Worm","floor":3,"turns":1},{"damage":0,"enemies":"3 Sentries","floor":6,"turns":1},{"damage":5,"enemies":"2 Louse","floor":8,"turns":3},{"damage":23,"enemies":"Lagavulin","floor":11,"turns":7},{"damage":0,"enemies":"Exordium Wildlife","floor":12,"turns":4},{"damage":9,"enemies":"Blue Slaver","floor":13,"turns":4},{"damage":20,"enemies":"3 Sentries","floor":14,"turns":8},{"damage":56,"enemies":"The Guardian","floor":16,"turns":8}],"seed_played":"-7166358856212338759","potions_obtained":[{"floor":6,"key":"Fire Potion"},{"floor":8,"key":"Block Potion"},{"floor":11,"key":"BlessingOfTheForge"}],"is_trial":false,"path_per_floor":["M","?","M","?","$","E","?","M","T","R","E","M","M","E","R","B"],"character_chosen":"DOCTOR_CLASS","items_purchased":[],"campfire_rested":1,"item_purchase_floors":[],"current_hp_per_floor":[72,54,54,51,51,51,51,46,46,46,30,30,21,1,24,0,0],"gold":480,"neow_bonus":"THREE_ENEMY_KILL","is_daily":false,"chose_seed":false,"campfire_upgraded":1,"win_rate":0.0,"timestamp":1612245890,"path_taken":["M","?","M","?","?","E","?","M","T","R","E","M","M","E","R","BOSS"],"items_purchased_type":[],"build_version":"2020-12-22","purchased_purges":1,"victory":false,"max_hp_per_floor":[72,72,72,72,72,72,72,72,72,72,79,79,79,79,79,79,79],"card_choices":[{"not_picked":["ats:Cat Scratch","ats:Assault Order"],"picked":"ats:Consecutive Shot Auto","floor":1},{"not_picked":["ats:Consecutive Shot Auto","ats:Cat Scratch"],"picked":"ats:Flexible Camouflage","floor":3},{"not_picked":["ats:Beaten Up","ats:Hook Shot","ats:Absolute Focus"],"picked":"SKIP","floor":6},{"not_picked":["ats:Curse Doll","ats:Collapsing Strike"],"picked":"ats:Poison Spread","floor":8},{"not_picked":["ats:Healing Drone","ats:Consecutive Shot Auto","ats:Absolute Focus"],"picked":"SKIP","floor":11},{"not_picked":["ats:Burning Ground","ats:Directed Diagnosis"],"picked":"ats:Durian","floor":12},{"not_picked":["ats:Literary Storm","ats:Revitalization","ats:Very Hot Blade"],"picked":"SKIP","floor":13},{"not_picked":["ats:Very Hot Blade","ats:Ignite"],"picked":"ats:Ambush","floor":14}],"player_experience":70151,"relics_obtained":[{"floor":6,"key":"ats:Originium"},{"floor":6,"key":"Pantograph"},{"floor":9,"key":"Gremlin Horn"},{"floor":11,"key":"ats:Originium"},{"floor":11,"key":"Strawberry"},{"floor":14,"key":"ats:Originium"},{"floor":14,"key":"Lantern"}],"event_choices":[{"damage_healed":0,"gold_gain":0,"player_choice":"Take Damage","damage_taken":18,"relics_obtained":["Golden Idol"],"max_hp_gain":0,"max_hp_loss":0,"event_name":"Golden Idol","floor":2,"gold_loss":0},{"damage_healed":0,"gold_gain":0,"player_choice":"Success","damage_taken":3,"relics_obtained":["ats:Hidden Killer"],"max_hp_gain":0,"max_hp_loss":0,"event_name":"Scrap Ooze","floor":4,"gold_loss":0},{"damage_healed":0,"gold_gain":175,"player_choice":"AGREE","damage_taken":0,"max_hp_gain":0,"max_hp_loss":0,"event_name":"Liars Game","floor":7,"gold_loss":0,"cards_obtained":["Doubt"]}],"is_beta":false,"boss_relics":[],"items_purged_floors":[5],"is_endless":false,"potions_floor_spawned":[6,8,11],"killed_by":"The Guardian","ascension_level":1}}