{"host":"570h1xlbg9sstasg","time":1612290145,"event":{"mods":["AchievementEnabler","BaseMod","Bestiary","Block Reminder","Colored Powertips","Curses Come First","Highlight Path","Minty Spire (QoL Compilation)","Quick Restart","Random Character Button","Relic Stats","StSLib"],"gold_per_floor":[112,129,129,144,161,161,5,31,58,158,177,190,190,6,6,101,101,68,95,43,43,63,63,63],"floor_reached":23,"language":"ENG","playtime":1496,"items_purged":[],"score":313,"play_id":"98d27326-9a4d-46e2-a294-ce5a41fab34c","local_time":"20210202202225","is_ascension_mode":true,"campfire_choices":[{"floor":6,"key":"REST"},{"floor":15,"key":"REST"}],"circlet_count":0,"master_deck":["Strike_B","Strike_B","Strike_B","Strike_B","Defend_B","Defend_B","Defend_B","Defend_B","Zap","Dualcast","Hologram","Genetic Algorithm","Coolheaded","Defragment+1","Glacier","Biased Cognition","BootSequence","Consume","Doom and Gloom","Blizzard","Glacier","Seek","Self Repair+1","Turbo"],"relics":["Cracked Core","NeowsBlessing","Art of War","Pen Nib","Tiny Chest","Nuclear Battery","Centennial Puzzle","Smiling Mask"],"acts_visited":["Exordium","TheCity"],"potions_floor_usage":[16,16,18,23],"damage_taken":[{"damage":0,"enemies":"2 Louse","floor":1,"turns":1},{"damage":0,"enemies":"Cultist","floor":2,"turns":1},{"damage":0,"enemies":"Small Slimes","floor":4,"turns":1},{"damage":41,"enemies":"Gremlin Gang","floor":5,"turns":5},{"damage":22,"enemies":"3 Sentries","floor":8,"turns":11},{"damage":10,"enemies":"Blue Slaver","floor":11,"turns":4},{"damage":0,"enemies":"2 Fungi Beasts","floor":12,"turns":5},{"damage":0,"enemies":"Slime Boss","floor":16,"turns":12},{"damage":0,"enemies":"2 Thieves","floor":18,"turns":5},{"damage":18,"enemies":"3 Byrds","floor":22,"turns":5},{"damage":102,"enemies":"Gremlin Leader","floor":23,"turns":13}],"seed_played":"65743166012333555","potions_obtained":[{"floor":5,"key":"FairyPotion"},{"floor":12,"key":"EntropicBrew"},{"floor":16,"key":"SteroidPotion"},{"floor":18,"key":"FearPotion"},{"floor":22,"key":"Explosive Potion"}],"is_trial":false,"path_per_floor":["M","M","?","M","M","R","$","E","T","?","M","M","?","$","R","B",null,"M","T","$","?","M","E"],"character_chosen":"DEFECT","items_purchased":["Defragment","Glacier","Doom and Gloom","Blizzard","Glacier","Turbo"],"campfire_rested":2,"item_purchase_floors":[7,7,14,14,14,20],"current_hp_per_floor":[68,68,68,68,27,49,49,27,27,27,17,17,17,17,39,39,66,66,66,66,66,58,0,0],"gold":63,"neow_bonus":"THREE_ENEMY_KILL","is_daily":false,"chose_seed":false,"campfire_upgraded":0,"win_rate":0.0,"timestamp":1612290145,"path_taken":["M","M","?","?","M","R","$","E","T","?","?","M","?","$","R","BOSS","M","?","$","?","M","E"],"items_purchased_type":["Card","Card","Card","Card","Card","Card"],"build_version":"2020-12-22","purchased_purges":0,"victory":false,"max_hp_per_floor":[75,75,75,75,75,75,75,75,75,75,75,75,75,75,75,75,75,75,75,75,75,75,75,75],"relic_stats":{"Centennial Puzzle":[6],"counters":[11,63],"Tiny Chest":1,"Pen Nib":[4],"Art of War":[15],"Smiling Mask":0,"obtain_stats":[{"Centennial Puzzle":19,"NeowsBlessing":0,"Tiny Chest":9,"Pen Nib":8,"Art of War":3,"Cracked Core":0,"Smiling Mask":21,"Nuclear Battery":17},{"Centennial Puzzle":9,"NeowsBlessing":0,"Tiny Chest":5,"Pen Nib":5,"Art of War":2,"Cracked Core":0,"Smiling Mask":9,"Nuclear Battery":8},{"Centennial Puzzle":45,"NeowsBlessing":0,"Tiny Chest":19,"Pen Nib":19,"Art of War":2,"Cracked Core":0,"Smiling Mask":45,"Nuclear Battery":40}]},"card_choices":[{"not_picked":["Streamline","Redo"],"picked":"Coolheaded","floor":1},{"not_picked":["Melter","Barrage"],"picked":"Hologram","floor":2},{"not_picked":["Redo","Go for the Eyes"],"picked":"Genetic Algorithm","floor":4},{"not_picked":["Leap","Stack"],"picked":"Coolheaded","floor":5},{"not_picked":["Go for the Eyes","Rebound"],"picked":"Biased Cognition","floor":8},{"not_picked":["Force Field","Leap"],"picked":"BootSequence","floor":11},{"not_picked":["BootSequence","Skim"],"picked":"Consume","floor":12},{"not_picked":["Machine Learning","All For One"],"picked":"Seek","floor":16},{"not_picked":["Coolheaded","Rebound+1"],"picked":"Self Repair+1","floor":18},{"not_picked":["Ball Lightning","Scrape+1","Turbo+1"],"picked":"SKIP","floor":22}],"player_experience":376564,"relics_obtained":[{"floor":8,"key":"Pen Nib"},{"floor":9,"key":"Tiny Chest"},{"floor":19,"key":"Centennial Puzzle"}],"event_choices":[{"cards_removed":["Coolheaded"],"damage_healed":0,"gold_gain":0,"player_choice":"Gave Card","damage_taken":0,"relics_obtained":["Art of War"],"max_hp_gain":0,"max_hp_loss":0,"event_name":"WeMeetAgain","floor":3,"gold_loss":0},{"damage_healed":0,"gold_gain":100,"player_choice":"Pray","damage_taken":0,"max_hp_gain":0,"max_hp_loss":0,"event_name":"Golden Shrine","floor":10,"gold_loss":0},{"damage_healed":0,"gold_gain":0,"player_choice":"Upgraded","damage_taken":0,"max_hp_gain":0,"max_hp_loss":0,"event_name":"Upgrade Shrine","floor":13,"gold_loss":0,"cards_upgraded":["Defragment"]},{"damage_healed":0,"gold_gain":0,"player_choice":"Opened","damage_taken":0,"relics_obtained":["Smiling Mask"],"max_hp_gain":0,"max_hp_loss":0,"event_name":"The Mausoleum","floor":21,"gold_loss":0}],"is_beta":false,"boss_relics":[{"not_picked":["Runic Dome","Runic Pyramid"],"picked":"Nuclear Battery"}],"items_purged_floors":[],"is_endless":false,"potions_floor_spawned":[5,12,16,18,22],"killed_by":"Gremlin Leader","ascension_level":6}}