{"host":"2py7ki924ssbu6hl","time":1612293510,"event":{"mods":["Act Like it!","BaseMod","Better Match","CapriCore","Colored Powertips","Friendly Minions","Gensokyo","GifTheSpireLib","MarisaÅiñ∂âJÅ@ñÇóùçπÅj","Minty Spire (QoL Compilation)","Rare Cards Sparkle","Relic Stats","StSLib","everything is the same but u backflip on backflip"],"gold_per_floor":[116,127,77,77,90,124,142,142,142,167,48,58,83,310,322,438,450,478,155,175,185,110,143,143,171,171,171,188,222,30,30,30,125,125,137,40,40,51,66,66,85,119,119,29,29,59,59,87,87,87,87,87,52,85,85],"floor_reached":56,"language":"ENG","playtime":4311,"items_purged":["Strike_MRS"],"score":1482,"play_id":"661c2b06-cf86-4ab1-9072-9ea85d135f2a","local_time":"20210202201830","is_ascension_mode":true,"campfire_choices":[{"data":"JA","floor":8.0,"key":"SMITH"},{"data":"Gensokyo:BlessingOfConstitution","floor":15.0,"key":"SMITH"},{"data":"CollectingQuirk","floor":32.0,"key":"SMITH"},{"floor":40,"key":"RECALL"},{"data":"BlazeAway","floor":45,"key":"SMITH"},{"data":"CasketOfStar","floor":47,"key":"SMITH"},{"floor":49,"key":"REST"},{"data":"EscapeVelocity","floor":52,"key":"SMITH"}],"circlet_count":0,"master_deck":["Strike_MRS","Strike_MRS","Strike_MRS+1","Defend_MRS+1","Defend_MRS","Defend_MRS+1","Defend_MRS+1","MasterSpark+1","UpSweep+1","PropBag","Gensokyo:BlessingOfConstitution+1","SuperPerseids","JA+1","WitchLeyline","MagicAbsorber","SprinkleStarSeal","SuperPerseids","SuperPerseids","BinaryStars","BlazeAway+1","ShootingEcho+1","TreasureHunter+1","CollectingQuirk+1","MeteoricShower+1","CasketOfStar+1","AbsoluteMagnitude","WitchLeyline+1","GalacticHalo+1","MachineGunSpark+1","SuperPerseids+1","EscapeVelocity+1","Writhe","Gensokyo:CustomPotion","ManaRampage+1","Singularity+1","PropBag+1","DragonMeteor"],"relics":["MiniHakkero","NeowsBlessing","Du-Vu Doll","Meat on the Bone","Bag of Preparation","MawBank","Ornamental Fan","Cursed Key","BreadOfAWashokuLover","Omamori","Matryoshka","Orichalcum","Bottled Lightning","Gensokyo:MosesMiracle","Whetstone","Gremlin Horn","SimpleLauncher","SlaversCollar","Toxic Egg 2","Vajra","War Paint","Boot","Question Card","Centennial Puzzle","Happy Flower","PreservedInsect","AmplifyWand"],"acts_visited":["Gensokyo:Gensokyo","Gensokyo:Gensokyoer","Gensokyo:Gensokyoest","TheEnding"],"potions_floor_usage":[33,33,33,46,48],"damage_taken":[{"damage":0.0,"enemies":"Gensokyo:Gryphon","floor":1.0,"turns":1.0},{"damage":0.0,"enemies":"Gensokyo:2_Kodama","floor":2.0,"turns":1.0},{"damage":0.0,"enemies":"Gensokyo:Python","floor":5.0,"turns":1.0},{"damage":16.0,"enemies":"Gensokyo:Cirno","floor":6.0,"turns":7.0},{"damage":7.0,"enemies":"Gensokyo:2_Rabbits","floor":7.0,"turns":3.0},{"damage":22.0,"enemies":"Gensokyo:Mamizou","floor":10.0,"turns":5.0},{"damage":13.0,"enemies":"Gensokyo:3_Kodama","floor":12.0,"turns":5.0},{"damage":21.0,"enemies":"Gensokyo:Cirno","floor":13.0,"turns":6.0},{"damage":1.0,"enemies":"Gensokyo:Python_and_Kodama","floor":14.0,"turns":4.0},{"damage":38.0,"enemies":"Gensokyo:Reimu","floor":16.0,"turns":8.0},{"damage":0.0,"enemies":"Gensokyo:Chomper","floor":18.0,"turns":3.0},{"damage":19.0,"enemies":"Gensokyo:AngelMirror","floor":20.0,"turns":2.0},{"damage":1.0,"enemies":"Gensokyo:Chomper_and_Gloop","floor":21.0,"turns":4.0},{"damage":44.0,"enemies":"Gensokyo:Tenshi","floor":23.0,"turns":5.0},{"damage":9.0,"enemies":"Gensokyo:Koishi","floor":25.0,"turns":4.0},{"damage":0.0,"enemies":"Gensokyo:Swordslinger","floor":28.0,"turns":4.0},{"damage":17.0,"enemies":"Gensokyo:Tenshi","floor":29.0,"turns":3.0},{"damage":32,"enemies":"Gensokyo:Eiki","floor":33,"turns":6},{"damage":5,"enemies":"Gensokyo:AncientGuardian","floor":35,"turns":3},{"damage":5,"enemies":"Gensokyo:3_Bats","floor":38,"turns":2},{"damage":0,"enemies":"Gensokyo:3_Boulders","floor":39,"turns":2},{"damage":33,"enemies":"Gensokyo:Rafflesia","floor":41,"turns":8},{"damage":22,"enemies":"Gensokyo:Kasen","floor":42,"turns":7},{"damage":14,"enemies":"Gensokyo:Marisa","floor":46,"turns":4},{"damage":0,"enemies":"Gensokyo:Kasen","floor":48,"turns":4},{"damage":22,"enemies":"Gensokyo:Scarlet_Devils","floor":50,"turns":4},{"damage":0,"enemies":"Shield and Spear","floor":54,"turns":2},{"damage":45,"enemies":"The Heart","floor":55,"turns":3}],"seed_played":"7797992931489072686","potions_obtained":[{"floor":5.0,"key":"FearPotion"},{"floor":7.0,"key":"Block Potion"},{"floor":10.0,"key":"DuplicationPotion"},{"floor":13.0,"key":"Energy Potion"},{"floor":14.0,"key":"SteroidPotion"},{"floor":23.0,"key":"EntropicBrew"},{"floor":25.0,"key":"Fruit Juice"},{"floor":28.0,"key":"FearPotion"},{"floor":33,"key":"Fire Potion"},{"floor":42,"key":"Explosive Potion"},{"floor":48,"key":"DuplicationPotion"},{"floor":54,"key":"GamblersBrew"}],"is_trial":false,"path_per_floor":["M","M","?","?","M","E","M","R","T","E","COS","M","E","M","R","B",null,"M","$","M","M","?","E","?","E","T","?","M","E","COS","?","R","B",null,"M","COS","?","M","M","R","M","E","T","?","R","E","R","E","R","B",null,"R","$","E","B",null],"character_chosen":"MARISA","items_purchased":["BreadOfAWashokuLover","PropBag+1"],"campfire_rested":1,"item_purchase_floors":[19,53],"current_hp_per_floor":[75,75,75,75,75,59,52,52,52,42,42,41,32,43,43,17,75,75,75,56,55,55,24,24,28,28,28,45,40,40,40,40,22,80,75,75,75,71,71,71,52,46,46,46,46,44,44,44,68,61,93,93,93,93,48],"gold":85,"neow_bonus":"THREE_ENEMY_KILL","is_daily":false,"chose_seed":false,"campfire_upgraded":6,"win_rate":0.0,"timestamp":1612293510,"path_taken":["M","?","?","?","M","E","M","R","T","E","COS","M","E","M","R","BOSS","M","$","M","M","?","E","?","E","T","?","M","E","COS","?","R","BOSS","M","COS","?","M","M","R","M","E","T","?","R","E","R","E","R","BOSS","R","$","E","BOSS"],"items_purchased_type":["Relic","Card"],"build_version":"2020-12-22","purchased_purges":1,"victory":true,"max_hp_per_floor":[75,75,75,75,75,75,75,75,75,75,75,75,75,75,75,75,75,75,75,75,75,75,75,75,75,75,75,80,80,80,80,80,80,80,80,80,80,80,80,80,80,80,80,80,80,80,80,80,80,93,93,93,93,93,93],"relic_stats":{"Gremlin Horn":[15,16],"Happy Flower":[3],"counters":[28,111],"PreservedInsect":68,"Bag of Preparation":[40],"Whetstone":["UpSweep","Strike_MRS"],"Orichalcum":[18],"War Paint":["Defend_MRS","Defend_MRS"],"MawBank":72,"Cursed Key":2,"Boot":[29],"Question Card":3,"Centennial Puzzle":[6],"Ornamental Fan":[324],"obtain_stats":[{"AmplifyWand":54,"Gremlin Horn":29,"Vajra":42,"Bag of Preparation":13,"Whetstone":29,"Cursed Key":17,"Boot":43,"Frozen Eye":25,"Centennial Puzzle":46,"Matryoshka":25,"Sundial":21,"Mummified Hand":23,"Kunai":12,"Toxic Egg 2":38,"SimpleLauncher":30,"NeowsBlessing":0,"Happy Flower":48,"Blue Candle":14,"Gensokyo:MosesMiracle":33,"BreadOfAWashokuLover":19,"PreservedInsect":48,"Omamori":23,"Letter Opener":42,"Orichalcum":26,"War Paint":42,"MawBank":13,"Question Card":43,"Mercury Hourglass":6,"Du-Vu Doll":6,"SlaversCollar":34,"Shuriken":7,"Ornamental Fan":14,"Gensokyo:DayTheSeaSplit":27,"MiniHakkero":0,"Bottled Lightning":26,"Meat on the Bone":10},{"AmplifyWand":27,"Gremlin Horn":17,"Vajra":23,"Bag of Preparation":8,"Whetstone":17,"Cursed Key":10,"Boot":23,"Frozen Eye":14,"Centennial Puzzle":24,"Matryoshka":15,"Sundial":13,"Mummified Hand":14,"Kunai":7,"Toxic Egg 2":20,"SimpleLauncher":17,"NeowsBlessing":0,"Happy Flower":25,"Blue Candle":9,"Gensokyo:MosesMiracle":18,"BreadOfAWashokuLover":11,"PreservedInsect":25,"Omamori":14,"Letter Opener":23,"Orichalcum":15,"War Paint":23,"MawBank":8,"Question Card":23,"Mercury Hourglass":4,"Du-Vu Doll":4,"SlaversCollar":18,"Shuriken":5,"Ornamental Fan":9,"Gensokyo:DayTheSeaSplit":15,"MiniHakkero":0,"Bottled Lightning":15,"Meat on the Bone":6},{"AmplifyWand":107,"Gremlin Horn":64,"Vajra":90,"Bag of Preparation":24,"Whetstone":66,"Cursed Key":41,"Boot":94,"Frozen Eye":55,"Centennial Puzzle":98,"Matryoshka":59,"Sundial":50,"Mummified Hand":51,"Kunai":19,"Toxic Egg 2":76,"SimpleLauncher":66,"NeowsBlessing":0,"Happy Flower":102,"Blue Candle":31,"Gensokyo:MosesMiracle":72,"BreadOfAWashokuLover":44,"PreservedInsect":102,"Omamori":55,"Letter Opener":88,"Orichalcum":59,"War Paint":94,"MawBank":29,"Question Card":94,"Mercury Hourglass":5,"Du-Vu Doll":10,"SlaversCollar":72,"Shuriken":11,"Ornamental Fan":31,"Gensokyo:DayTheSeaSplit":59,"MiniHakkero":0,"Bottled Lightning":59,"Meat on the Bone":14}],"Meat on the Bone":156},"card_choices":[{"not_picked":["MysteriousBeam","EarthLightRay","IllusionStar"],"picked":"SKIP","floor":1.0},{"not_picked":["BlazeAway","DoubleSpark"],"picked":"PropBag","floor":2.0},{"not_picked":["DragonMeteor","GrandCross"],"picked":"SuperPerseids","floor":5.0},{"not_picked":["MachineGunSpark","UnstableBomb"],"picked":"JA","floor":6.0},{"not_picked":["LuminesStrike","GrandCross"],"picked":"WitchLeyline","floor":7.0},{"not_picked":["DarkSpark","PowerUp"],"picked":"MagicAbsorber","floor":10.0},{"not_picked":["DoubleSpark","IllusionStar"],"picked":"SprinkleStarSeal","floor":12.0},{"not_picked":["DoubleSpark","AsteroidBelt"],"picked":"SuperPerseids","floor":13.0},{"not_picked":["Acceleration","MysteriousBeam"],"picked":"SuperPerseids","floor":14.0},{"not_picked":["StarDustReverie","SatelliteIllusion"],"picked":"BinaryStars","floor":16.0},{"not_picked":["Acceleration","LuminesStrike"],"picked":"BlazeAway","floor":18.0},{"not_picked":["PowerUp","ShootTheMoon"],"picked":"ShootingEcho+1","floor":20.0},{"not_picked":["GrandCross","UnstableBomb","AsteroidBelt"],"picked":"SKIP","floor":21.0},{"not_picked":["ManaRampage+1","MaximisePower+1"],"picked":"TreasureHunter+1","floor":22.0},{"not_picked":["WitchOfGreed","MilkyWay"],"picked":"CollectingQuirk","floor":23.0},{"not_picked":["Robbery","DoubleSpark"],"picked":"CasketOfStar","floor":25.0},{"not_picked":["NonDirectionalLaser+1","LuminesStrike","DoubleSpark"],"picked":"SKIP","floor":28.0},{"not_picked":["NonDirectionalLaser+1","LuminesStrike","DoubleSpark"],"picked":"SKIP","floor":28.0},{"not_picked":["DoubleSpark+1","GravityBeat","Occultation"],"picked":"SKIP","floor":29.0},{"not_picked":["StarDustReverie","BinaryStars"],"picked":"AbsoluteMagnitude","floor":33},{"not_picked":["DarkSpark","ManaConvection+1"],"picked":"WitchLeyline+1","floor":35},{"not_picked":["GravityBeat+1","EarthLightRay+1"],"picked":"GalacticHalo+1","floor":38},{"not_picked":["WitchOfGreed+1","DoubleSpark"],"picked":"MachineGunSpark+1","floor":39},{"not_picked":["WitchLeyline","WitchOfGreed"],"picked":"SuperPerseids+1","floor":41},{"not_picked":["MillisecondPulsars","BlazingStar"],"picked":"EscapeVelocity","floor":42},{"not_picked":["Acceleration+1","DoubleSpark","RefractionSpark"],"picked":"SKIP","floor":42},{"not_picked":["StarBarrage","MeteoricShower","GravityBeat+1"],"picked":"ManaRampage+1","floor":46},{"not_picked":["SporeBomb+1","DC","WitchOfGreed"],"picked":"Singularity+1","floor":48},{"not_picked":["PowerUp+1","GasGiant+1","SprinkleStarSeal+1"],"picked":"DragonMeteor","floor":54}],"player_experience":247902,"relics_obtained":[{"floor":6.0,"key":"Du-Vu Doll"},{"floor":10.0,"key":"Meat on the Bone"},{"floor":13.0,"key":"MawBank"},{"floor":23.0,"key":"Omamori"},{"floor":25.0,"key":"Matryoshka"},{"floor":26.0,"key":"Orichalcum"},{"floor":26.0,"key":"Bottled Lightning"},{"floor":29.0,"key":"Whetstone"},{"floor":29.0,"key":"Gremlin Horn"},{"floor":33,"key":"Gensokyo:MosesMiracle"},{"floor":42,"key":"War Paint"},{"floor":43,"key":"Boot"},{"floor":43,"key":"Question Card"},{"floor":46,"key":"Centennial Puzzle"},{"floor":48,"key":"Happy Flower"},{"floor":48,"key":"PreservedInsect"},{"floor":54,"key":"AmplifyWand"}],"event_choices":[{"damage_healed":0.0,"max_hp_gain":0.0,"max_hp_loss":0.0,"gold_gain":0.0,"event_name":"betterMatch:BetterMatch","player_choice":"2","floor":22.0,"gold_loss":0.0,"damage_taken":0.0,"cards_obtained":["betterMatch:RareCard"]}],"is_beta":false,"boss_relics":[{"not_picked":["Coffee Dripper","Pandora\u0027s Box"],"picked":"Cursed Key"},{"not_picked":["Fusion Hammer","Runic Dome"],"picked":"SlaversCollar"}],"items_purged_floors":[19],"is_endless":false,"potions_floor_spawned":[5,7,10,13,14,16,21,23,25,28,33,35,41,42,48,54],"ascension_level":1}}