{"host":"vyjryxuuuxkt43k4","time":1612235071,"event":{"mods":["AchievementEnabler","BaseMod","Colored Map","DeckTracker","Keyboard Shortcuts","Minty Spire (QoL Compilation)","Permanent Neow","Quick Restart","Rare Cards Sparkle","Relic Stats","StSLib","SuperFastMode","everything is the same but u backflip on backflip"],"gold_per_floor":[116,136,136,156,156,156,190,190,190,217,231,0,13,46,46,142,142,154,154,166,182,107,107,137,169,195,263,263,20,20,40,40,137,137,150,250,260,260,29,61,61,95,95,105,105,118,130,146,146,146],"floor_reached":51,"language":"KOR","playtime":4375,"items_purged":["Strike_P","Defend_P"],"score":1155,"play_id":"eaecff39-f560-46f4-8ac1-f5cd9371ab10","local_time":"20210202120431","is_ascension_mode":true,"campfire_choices":[{"data":"EmptyFist","floor":6.0,"key":"SMITH"},{"floor":8.0,"key":"REST"},{"data":"WheelKick","floor":15.0,"key":"SMITH"},{"data":"Vengeance","floor":23.0,"key":"SMITH"},{"data":"FearNoEvil","floor":28.0,"key":"SMITH"},{"data":"Wallop","floor":30.0,"key":"SMITH"},{"data":"Vigilance","floor":32.0,"key":"SMITH"},{"data":"Tantrum","floor":41,"key":"SMITH"},{"data":"InnerPeace","floor":49,"key":"SMITH"}],"circlet_count":0,"master_deck":["AscendersBane","Strike_P+1","Strike_P+1","Defend_P","Defend_P","Eruption+1","Vigilance+1","FearNoEvil","FearNoEvil+1","EmptyFist+1","WheelKick+1","Vengeance+1","Wallop+1","MasterReality+1","Study+1","Fasting2+1","Omniscience+1","Tantrum+1","InnerPeace+1","TalkToTheHand+1","DeceiveReality+1","Devotion+1"],"relics":["SlaversCollar","Frozen Egg 2","Ancient Tea Set","TeardropLocket","ClockworkSouvenir","Mercury Hourglass","Coffee Dripper","Nilry\u0027s Codex","Turnip","Red Mask","Whetstone","Meat on the Bone","Mummified Hand","VioletLotus","Centennial Puzzle","Bag of Preparation","Letter Opener"],"acts_visited":["Exordium","TheCity","TheBeyond"],"potions_floor_usage":[40,40,48,50],"damage_taken":[{"damage":5.0,"enemies":"2 Louse","floor":1.0,"turns":3.0},{"damage":0.0,"enemies":"Jaw Worm","floor":2.0,"turns":2.0},{"damage":0.0,"enemies":"Small Slimes","floor":4.0,"turns":3.0},{"damage":37.0,"enemies":"Gremlin Nob","floor":7.0,"turns":4.0},{"damage":27.0,"enemies":"Lagavulin","floor":10.0,"turns":7.0},{"damage":0.0,"enemies":"3 Louse","floor":11.0,"turns":2.0},{"damage":1.0,"enemies":"Looter","floor":13.0,"turns":3.0},{"damage":0.0,"enemies":"3 Sentries","floor":14.0,"turns":3.0},{"damage":2.0,"enemies":"Hexaghost","floor":16.0,"turns":7.0},{"damage":0.0,"enemies":"Chosen","floor":18.0,"turns":3.0},{"damage":0.0,"enemies":"Spheric Guardian","floor":20.0,"turns":3.0},{"damage":3.0,"enemies":"Centurion and Healer","floor":21.0,"turns":3.0},{"damage":18.0,"enemies":"Slavers","floor":24.0,"turns":4.0},{"damage":0.0,"enemies":"Masked Bandits","floor":25.0,"turns":2.0},{"damage":1.0,"enemies":"Snecko","floor":31.0,"turns":3.0},{"damage":16.0,"enemies":"Automaton","floor":33.0,"turns":6.0},{"damage":4.0,"enemies":"3 Darklings","floor":35.0,"turns":2.0},{"damage":0.0,"enemies":"3 Shapes","floor":37.0,"turns":4.0},{"damage":28,"enemies":"Giant Head","floor":40,"turns":6},{"damage":19,"enemies":"Nemesis","floor":42,"turns":8},{"damage":6,"enemies":"Maw","floor":44,"turns":4},{"damage":0,"enemies":"Transient","floor":46,"turns":5},{"damage":0,"enemies":"3 Darklings","floor":47,"turns":2},{"damage":0,"enemies":"Maw","floor":48,"turns":4},{"damage":0,"enemies":"Awakened One","floor":50,"turns":6}],"seed_played":"-6939958046385864364","potions_obtained":[{"floor":4.0,"key":"DuplicationPotion"},{"floor":11.0,"key":"Explosive Potion"},{"floor":13.0,"key":"Explosive Potion"},{"floor":16.0,"key":"DistilledChaos"},{"floor":21.0,"key":"SpeedPotion"},{"floor":24.0,"key":"Swift Potion"},{"floor":25.0,"key":"EssenceOfSteel"},{"floor":31.0,"key":"Swift Potion"},{"floor":33.0,"key":"PowerPotion"},{"floor":35.0,"key":"Swift Potion"},{"floor":40,"key":"FearPotion"},{"floor":42,"key":"LiquidBronze"},{"floor":47,"key":"SkillPotion"}],"is_trial":false,"path_per_floor":["M","M","?","M","?","R","E","R","T","E","M","$","M","E","R","B",null,"M","?","M","M","?","R","E","?","T","T","R","$","R","M","R","B",null,"M","?","M","?","$","E","R","E","T","M","?","M","M","M","R","B",null],"character_chosen":"WATCHER","items_purchased":["ClockworkSouvenir","Mummified Hand","InnerPeace","PowerPotion"],"campfire_rested":1,"item_purchase_floors":[12,29,39,39],"current_hp_per_floor":[60,60,60,60,60,60,23,44,44,17,17,17,16,16,16,14,58,58,42,42,39,39,39,21,21,21,21,21,21,21,32,32,28,61,57,57,57,57,57,41,41,34,34,40,40,40,40,40,40,40],"gold":146,"neow_bonus":"BOSS_RELIC","is_daily":false,"chose_seed":false,"campfire_upgraded":8,"win_rate":0.0,"timestamp":1612235071,"path_taken":["M","M","?","M","?","R","E","R","T","E","?","$","M","E","R","BOSS","M","?","M","M","?","R","E","?","T","?","R","$","R","M","R","BOSS","M","?","?","?","$","E","R","E","T","?","?","M","M","M","R","BOSS"],"items_purchased_type":["Relic","Relic","Card","Potion"],"build_version":"2020-12-22","purchased_purges":2,"victory":true,"max_hp_per_floor":[72,72,72,72,72,72,72,72,72,72,72,72,72,72,72,72,72,72,72,72,72,72,72,72,72,72,72,72,72,72,72,72,72,72,72,72,72,72,72,72,72,72,72,72,72,72,72,72,72,72],"relic_stats":{"Centennial Puzzle":[6],"counters":[25,99],"Mummified Hand":[48],"Turnip":[6],"VioletLotus":[29],"Bag of Preparation":[10],"Whetstone":["Strike_P","Strike_P"],"Letter Opener":[70],"obtain_stats":[{"Nilry\u0027s Codex":19,"Bag of Preparation":42,"TeardropLocket":10,"Whetstone":26,"Letter Opener":43,"Frozen Egg 2":7,"Ancient Tea Set":9,"ClockworkSouvenir":12,"Mercury Hourglass":14,"SlaversCollar":0,"Centennial Puzzle":40,"Mummified Hand":29,"Turnip":24,"VioletLotus":34,"Coffee Dripper":17,"Red Mask":25,"PureWater":0,"Meat on the Bone":27},{"Nilry\u0027s Codex":10,"Bag of Preparation":20,"TeardropLocket":5,"Whetstone":14,"Letter Opener":20,"Frozen Egg 2":4,"Ancient Tea Set":4,"ClockworkSouvenir":6,"Mercury Hourglass":8,"SlaversCollar":0,"Centennial Puzzle":19,"Mummified Hand":14,"Turnip":13,"VioletLotus":16,"Coffee Dripper":9,"Red Mask":14,"PureWater":0,"Meat on the Bone":14},{"Nilry\u0027s Codex":37,"Bag of Preparation":78,"TeardropLocket":19,"Whetstone":49,"Letter Opener":78,"Frozen Egg 2":12,"Ancient Tea Set":12,"ClockworkSouvenir":21,"Mercury Hourglass":27,"SlaversCollar":0,"Centennial Puzzle":70,"Mummified Hand":49,"Turnip":47,"VioletLotus":58,"Coffee Dripper":34,"Red Mask":49,"PureWater":0,"Meat on the Bone":49}],"Mercury Hourglass":[283],"Meat on the Bone":60},"card_choices":[{"not_picked":["CrushJoints","SignatureMove"],"picked":"FearNoEvil","floor":1.0},{"not_picked":["Nirvana","PathToVictory"],"picked":"FearNoEvil","floor":2.0},{"not_picked":["WreathOfFlame","Weave"],"picked":"EmptyFist","floor":4.0},{"not_picked":["WaveOfTheHand","JustLucky","Sanctity"],"picked":"SKIP","floor":7.0},{"not_picked":["Prostrate","Crescendo"],"picked":"WheelKick","floor":10.0},{"not_picked":["JustLucky","PathToVictory","Protect"],"picked":"SKIP","floor":11.0},{"not_picked":["FlurryOfBlows","Worship"],"picked":"Vengeance","floor":13.0},{"not_picked":["Swivel","FollowUp"],"picked":"Wallop","floor":14.0},{"not_picked":["Omniscience","Alpha"],"picked":"MasterReality+1","floor":16.0},{"not_picked":["ClearTheMind","Evaluate"],"picked":"Study+1","floor":18.0},{"not_picked":["Collect","Crescendo","Prostrate"],"picked":"SKIP","floor":20.0},{"not_picked":["EmptyBody","JustLucky","Pray+1"],"picked":"SKIP","floor":21.0},{"not_picked":["WreathOfFlame","CrushJoints"],"picked":"Fasting2+1","floor":24.0},{"not_picked":["Indignation","JustLucky","FollowUp"],"picked":"SKIP","floor":31.0},{"not_picked":["Devotion+1","LessonLearned"],"picked":"Omniscience","floor":33.0},{"not_picked":["PathToVictory+1","SashWhip+1"],"picked":"Tantrum","floor":35.0},{"not_picked":["Collect","FlyingSleeves","FollowUp"],"picked":"SKIP","floor":37.0},{"not_picked":["Prostrate","JustLucky"],"picked":"TalkToTheHand+1","floor":40},{"not_picked":["ForeignInfluence","Weave+1","Vengeance"],"picked":"SKIP","floor":42},{"not_picked":["PathToVictory+1","Prostrate"],"picked":"DeceiveReality+1","floor":44},{"not_picked":["SashWhip","CutThroughFate"],"picked":"Devotion+1","floor":46},{"not_picked":["Conclude+1","Vengeance","Swivel+1"],"picked":"SKIP","floor":47},{"not_picked":["SashWhip","Swivel","Consecrate"],"picked":"SKIP","floor":48}],"player_experience":596177,"relics_obtained":[{"floor":7.0,"key":"Frozen Egg 2"},{"floor":9.0,"key":"Ancient Tea Set"},{"floor":10.0,"key":"TeardropLocket"},{"floor":14.0,"key":"Mercury Hourglass"},{"floor":19.0,"key":"Nilry\u0027s Codex"},{"floor":24.0,"key":"Turnip"},{"floor":25.0,"key":"Red Mask"},{"floor":26.0,"key":"Whetstone"},{"floor":27.0,"key":"Meat on the Bone"},{"floor":40,"key":"Centennial Puzzle"},{"floor":42,"key":"Bag of Preparation"},{"floor":43,"key":"Letter Opener"}],"event_choices":[{"damage_healed":0.0,"max_hp_gain":0.0,"max_hp_loss":0.0,"gold_gain":0.0,"event_name":"Liars Game","player_choice":"Ignored","floor":3.0,"gold_loss":0.0,"damage_taken":0.0},{"damage_healed":0.0,"max_hp_gain":0.0,"max_hp_loss":0.0,"gold_gain":0.0,"event_name":"Living Wall","player_choice":"Grow","floor":5.0,"gold_loss":0.0,"damage_taken":0.0,"cards_upgraded":["Eruption"]},{"damage_healed":0.0,"max_hp_gain":0.0,"max_hp_loss":0.0,"gold_gain":0.0,"event_name":"Cursed Tome","player_choice":"Obtained Book","floor":19.0,"gold_loss":0.0,"damage_taken":16.0},{"cards_removed":["Strike_P"],"damage_healed":0.0,"max_hp_gain":0.0,"max_hp_loss":0.0,"gold_gain":0.0,"event_name":"Beggar","player_choice":"Gave Gold","floor":22.0,"gold_loss":75.0,"damage_taken":0.0},{"damage_healed":0.0,"max_hp_gain":0.0,"max_hp_loss":0.0,"gold_gain":0.0,"event_name":"Masked Bandits","player_choice":"Fought Bandits","floor":25.0,"gold_loss":0.0,"damage_taken":0.0},{"damage_healed":0.0,"max_hp_gain":0.0,"max_hp_loss":0.0,"gold_gain":100.0,"event_name":"Golden Shrine","player_choice":"Pray","floor":36.0,"gold_loss":0.0,"damage_taken":0.0},{"damage_healed":0.0,"max_hp_gain":0.0,"max_hp_loss":0.0,"gold_gain":0.0,"event_name":"Accursed Blacksmith","player_choice":"Forge","floor":38.0,"gold_loss":0.0,"damage_taken":0.0,"cards_upgraded":["Omniscience"]},{"cards_removed":["Defend_P"],"damage_healed":0,"gold_gain":0,"player_choice":"Removed Skill","damage_taken":0,"max_hp_gain":0,"max_hp_loss":0,"event_name":"Falling","floor":45,"gold_loss":0}],"is_beta":false,"boss_relics":[{"not_picked":["Philosopher\u0027s Stone","SacredBark"],"picked":"Coffee Dripper"},{"not_picked":["Fusion Hammer","Astrolabe"],"picked":"VioletLotus"}],"items_purged_floors":[12,39],"is_endless":false,"potions_floor_spawned":[4,11,13,16,21,24,25,31,33,35,40,42,47],"ascension_level":10}}