{"host":"g907ck67u7c3hrs6","time":1612275374,"event":{"mods":["BaseMod","Colored Map","DeckTracker","Highlight Path","Keyboard Shortcuts","Minty Spire (QoL Compilation)","Permanent Neow","Say the Spire","SuperFastMode"],"gold_per_floor":[119,119,135,310,326,355,355,375,399,425,438,468,482,482,482,482,482],"floor_reached":16,"language":"KOR","playtime":510,"items_purged":[],"score":122,"play_id":"6afcbda3-dec6-46f2-ae11-952ee40a1e31","local_time":"20210202231614","daily_mods":["Allstar","Red Cards","Binary"],"is_ascension_mode":false,"campfire_choices":[{"data":"Apotheosis","floor":7,"key":"SMITH"},{"floor":15,"key":"REST"}],"circlet_count":0,"master_deck":["Strike_G","Strike_G","Strike_G","Strike_G","Strike_G","Defend_G","Defend_G","Defend_G","Defend_G","Defend_G","Survivor","Neutralize","Blind","Apotheosis+1","PanicButton","Transmutation+1","Secret Technique+1","Infinite Blades","Reckless Charge","Doubt","Pommel Strike","Bloodletting","Acrobatics","Evolve+1","Uppercut","Spot Weakness"],"relics":["Ring of the Snake","Smiling Mask","Lantern","Potion Belt","WingedGreaves"],"acts_visited":["Exordium"],"potions_floor_usage":[],"damage_taken":[{"damage":0,"enemies":"Cultist","floor":1,"turns":4},{"damage":0,"enemies":"Small Slimes","floor":3,"turns":4},{"damage":0,"enemies":"2 Louse","floor":5,"turns":3},{"damage":13,"enemies":"Gremlin Nob","floor":6,"turns":5},{"damage":2,"enemies":"Exordium Thugs","floor":8,"turns":5},{"damage":21,"enemies":"3 Sentries","floor":10,"turns":9},{"damage":3,"enemies":"Exordium Wildlife","floor":11,"turns":3},{"damage":5,"enemies":"Lagavulin","floor":12,"turns":7},{"damage":4,"enemies":"Large Slime","floor":13,"turns":5},{"damage":3,"enemies":"The Guardian","floor":16,"turns":3}],"seed_played":"1760642806191436083","potions_obtained":[{"floor":6,"key":"Dexterity Potion"},{"floor":8,"key":"EssenceOfSteel"},{"floor":11,"key":"EssenceOfSteel"}],"is_trial":true,"path_per_floor":["M","?","M","?","M","E","R","M","T","E","M","E","M","?","R","B"],"character_chosen":"THE_SILENT","items_purchased":[],"campfire_rested":1,"item_purchase_floors":[],"current_hp_per_floor":[70,56,56,56,56,43,43,41,41,20,17,12,8,8,29,26,26],"gold":482,"neow_bonus":"","is_daily":false,"chose_seed":false,"campfire_upgraded":1,"win_rate":0.0,"timestamp":1612275374,"path_taken":["M","?","M","?","M","E","R","M","T","E","M","E","M","?","R","BOSS"],"items_purchased_type":[],"build_version":"2020-12-22","purchased_purges":0,"victory":false,"max_hp_per_floor":[70,70,70,70,70,70,70,70,70,70,70,70,70,70,70,70,70],"card_choices":[{"not_picked":["PiercingWail"],"picked":"Infinite Blades","floor":1},{"not_picked":["Iron Wave"],"picked":"Reckless Charge","floor":3},{"not_picked":["PiercingWail"],"picked":"Pommel Strike","floor":5},{"not_picked":["Acrobatics"],"picked":"Bloodletting","floor":6},{"not_picked":["Twin Strike","Clash"],"picked":"SKIP","floor":8},{"not_picked":["Bane"],"picked":"Acrobatics","floor":10},{"not_picked":["Dual Wield"],"picked":"Evolve","floor":11},{"not_picked":["Sentinel"],"picked":"Uppercut","floor":12},{"not_picked":["Deadly Poison"],"picked":"Spot Weakness","floor":13}],"player_experience":252326,"relics_obtained":[{"floor":6,"key":"Smiling Mask"},{"floor":9,"key":"Lantern"},{"floor":10,"key":"Potion Belt"},{"floor":12,"key":"WingedGreaves"}],"event_choices":[{"damage_healed":0,"gold_gain":0,"player_choice":"Entered Light","damage_taken":14,"max_hp_gain":0,"max_hp_loss":0,"event_name":"Shining Light","floor":2,"gold_loss":0,"cards_upgraded":["Secret Technique","Transmutation"]},{"damage_healed":0,"gold_gain":175,"player_choice":"AGREE","damage_taken":0,"max_hp_gain":0,"max_hp_loss":0,"event_name":"Liars Game","floor":4,"gold_loss":0,"cards_obtained":["Doubt"]},{"damage_healed":0,"gold_gain":0,"player_choice":"Grow","damage_taken":0,"max_hp_gain":0,"max_hp_loss":0,"event_name":"Living Wall","floor":14,"gold_loss":0,"cards_upgraded":["Evolve"]}],"is_beta":false,"boss_relics":[],"items_purged_floors":[],"is_endless":false,"potions_floor_spawned":[6,8,11],"killed_by":"The Guardian","ascension_level":0}}