{"host":"0k696jvpnlqjk4gh","time":1612272789,"event":{"mods":["AchievementEnabler","BaseMod","Colored Map","Colored Powertips","Minty Spire (QoL Compilation)","Quick Restart"],"gold_per_floor":[118,118,118,118,135,135,161,82,137,94,128,153,186,186,186,290,290,302,302,227,143,155,189,189,189,189,220,220,220,237,237,237,338,338,356,356,356,376,39,72,72,72,140,140,140,140,194,214,214,214],"floor_reached":51,"language":"ENG","playtime":2275,"items_purged":[],"score":875,"play_id":"1b814c28-1c9a-48f7-a0e9-6dafc9365d9e","local_time":"20210202133308","is_ascension_mode":true,"campfire_choices":[{"data":"Hello World","floor":6,"key":"SMITH"},{"floor":15,"key":"REST"},{"floor":24,"key":"REST"},{"floor":28,"key":"REST"},{"floor":32,"key":"REST"},{"floor":42,"key":"REST"},{"data":"Electrodynamics","floor":46,"key":"SMITH"},{"floor":49,"key":"REST"}],"circlet_count":0,"master_deck":["Zap","Dualcast","Undo","Hello World+1","Cold Snap","Static Discharge","Loop","Electrodynamics+1","Conserve Battery+1","Bandage Up+1","Chaos+1","Meteor Strike","Ball Lightning","Beam Cell","Double Energy+1","Force Field+1","Fusion+1","Turbo+1","Core Surge","Fission+1","Madness+1","Madness+1","Bandage Up+1","Finesse+1","Doubt","Cold Snap+1"],"relics":["Cracked Core","NeowsBlessing","Torii","Meat on the Bone","Nunchaku","Juzu Bracelet","Odd Mushroom","Bottled Lightning","Toxic Egg 2","Nuclear Battery","Bottled Tornado","MutagenicStrength","Ornamental Fan","Matryoshka","Cables","Calipers","Nilry\u0027s Codex","Pandora\u0027s Box","Frozen Egg 2","HornCleat","Bag of Marbles","Bottled Flame","TungstenRod"],"acts_visited":["Exordium","TheCity","TheBeyond"],"potions_floor_usage":[13,16,27,40,50,50],"damage_taken":[{"damage":0,"enemies":"Cultist","floor":1,"turns":1},{"damage":0,"enemies":"Jaw Worm","floor":5,"turns":1},{"damage":0,"enemies":"Gremlin Nob","floor":7,"turns":1},{"damage":3,"enemies":"Lagavulin","floor":11,"turns":7},{"damage":11,"enemies":"The Mushroom Lair","floor":12,"turns":5},{"damage":14,"enemies":"Gremlin Nob","floor":13,"turns":5},{"damage":25,"enemies":"Slime Boss","floor":16,"turns":8},{"damage":21,"enemies":"2 Thieves","floor":18,"turns":3},{"damage":6,"enemies":"3 Byrds","floor":22,"turns":3},{"damage":34,"enemies":"Book of Stabbing","floor":23,"turns":5},{"damage":30,"enemies":"Slavers","floor":27,"turns":2},{"damage":1,"enemies":"3 Cultists","floor":30,"turns":3},{"damage":22,"enemies":"Champ","floor":33,"turns":12},{"damage":11,"enemies":"Orb Walker","floor":35,"turns":4},{"damage":4,"enemies":"3 Shapes","floor":38,"turns":2},{"damage":112,"enemies":"Giant Head","floor":40,"turns":9},{"damage":31,"enemies":"2 Orb Walkers","floor":47,"turns":5},{"damage":10,"enemies":"Maw","floor":48,"turns":9},{"damage":60,"enemies":"Time Eater","floor":50,"turns":15}],"seed_played":"-930171494615160980","potions_obtained":[{"floor":11,"key":"AttackPotion"},{"floor":13,"key":"LiquidBronze"},{"floor":23,"key":"DistilledChaos"},{"floor":27,"key":"FairyPotion"},{"floor":38,"key":"Weak Potion"},{"floor":47,"key":"Block Potion"},{"floor":48,"key":"Dexterity Potion"}],"is_trial":false,"path_per_floor":["M","?","T","?","M","R","E","$","T","?","E","?","E","?","R","B",null,"M","?","?","$","M","E","R","?","T","E","R","T","M","?","R","B",null,"M","?","?","M","$","E","?","R","T","?","?","R","?","M","R","B",null],"character_chosen":"DEFECT","items_purchased":["Static Discharge","Bandage Up+1","Frozen Egg 2","Bandage Up+1"],"campfire_rested":6,"item_purchase_floors":[8,21,39,39],"current_hp_per_floor":[75,75,75,75,75,75,75,75,75,75,72,61,47,40,62,49,75,54,54,54,54,54,38,60,60,60,48,70,70,74,58,75,59,75,64,55,55,57,57,18,18,40,40,75,75,75,56,58,75,39],"gold":214,"neow_bonus":"THREE_ENEMY_KILL","is_daily":false,"chose_seed":false,"campfire_upgraded":2,"win_rate":0.0,"timestamp":1612272788,"path_taken":["M","?","?","?","?","R","E","$","T","?","E","?","E","?","R","BOSS","M","?","?","$","M","E","R","?","T","E","R","?","M","?","R","BOSS","M","?","?","M","?","E","?","R","T","?","?","R","?","M","R","BOSS"],"items_purchased_type":["Card","Card","Relic","Card"],"build_version":"2020-12-22","purchased_purges":0,"victory":true,"max_hp_per_floor":[75,75,75,75,75,75,75,75,75,75,75,75,75,75,75,75,75,75,75,75,75,75,75,75,75,75,75,75,75,75,75,75,75,75,75,75,75,75,75,75,75,75,75,75,75,75,75,75,75,75],"card_choices":[{"not_picked":["Steam","Compile Driver","Reinforced Body"],"picked":"SKIP","floor":1},{"not_picked":["Gash","Doom and Gloom"],"picked":"Hello World","floor":5},{"not_picked":["Conserve Battery","Barrage"],"picked":"Cold Snap","floor":7},{"not_picked":["Stack","Conserve Battery","Turbo"],"picked":"SKIP","floor":11},{"not_picked":["Hologram","Go for the Eyes"],"picked":"Sunder","floor":12},{"not_picked":["Beam Cell","Reinforced Body"],"picked":"Loop","floor":13},{"not_picked":["Machine Learning","Rainbow+1"],"picked":"Electrodynamics","floor":16},{"not_picked":["Reinforced Body+1","Rebound+1"],"picked":"Conserve Battery+1","floor":18},{"not_picked":["Coolheaded+1","Streamline"],"picked":"Chaos+1","floor":22},{"not_picked":["Beam Cell","Tempest+1"],"picked":"Meteor Strike","floor":23},{"not_picked":["Hologram+1","Lockon+1"],"picked":"Ball Lightning","floor":27},{"not_picked":["Hello World","Steam+1"],"picked":"Beam Cell","floor":30},{"not_picked":["Beam Cell+1","Double Energy+1","Leap+1"],"picked":"SKIP","floor":35},{"not_picked":["Ball Lightning+1","Leap+1","Double Energy+1"],"picked":"SKIP","floor":38},{"not_picked":["Skim+1","Coolheaded+1","Chill+1"],"picked":"SKIP","floor":40},{"not_picked":["Purity+1","Dark Shackles+1"],"picked":"Finesse+1","floor":41},{"not_picked":["Ball Lightning+1","Sweeping Beam"],"picked":"Cold Snap+1","floor":47},{"not_picked":["Redo+1","Ball Lightning+1","Turbo+1"],"picked":"SKIP","floor":48}],"player_experience":97695,"relics_obtained":[{"floor":3,"key":"Torii"},{"floor":7,"key":"Meat on the Bone"},{"floor":9,"key":"Nunchaku"},{"floor":11,"key":"Juzu Bracelet"},{"floor":12,"key":"Odd Mushroom"},{"floor":13,"key":"Bottled Lightning"},{"floor":23,"key":"Bottled Tornado"},{"floor":26,"key":"Ornamental Fan"},{"floor":27,"key":"Matryoshka"},{"floor":29,"key":"Cables"},{"floor":29,"key":"Calipers"},{"floor":31,"key":"Nilry\u0027s Codex"},{"floor":40,"key":"HornCleat"},{"floor":43,"key":"Bag of Marbles"},{"floor":43,"key":"Bottled Flame"},{"floor":47,"key":"TungstenRod"}],"event_choices":[{"damage_healed":0,"gold_gain":0,"player_choice":"Ignored","damage_taken":0,"max_hp_gain":0,"max_hp_loss":0,"event_name":"Golden Wing","floor":2,"gold_loss":0},{"damage_healed":0,"gold_gain":0,"cards_transformed":["Strike_B"],"player_choice":"Change","damage_taken":0,"max_hp_gain":0,"max_hp_loss":0,"event_name":"Living Wall","floor":4,"gold_loss":0,"cards_obtained":["Undo"]},{"damage_healed":0,"gold_gain":0,"player_choice":"Left Gold","damage_taken":0,"max_hp_gain":0,"max_hp_loss":0,"event_name":"World of Goop","floor":10,"gold_loss":43},{"damage_healed":0,"gold_gain":0,"player_choice":"Fought Mushrooms","damage_taken":0,"max_hp_gain":0,"max_hp_loss":0,"event_name":"Mushrooms","floor":12,"gold_loss":0},{"damage_healed":0,"gold_gain":0,"player_choice":"Success","damage_taken":7,"relics_obtained":["Toxic Egg 2"],"max_hp_gain":0,"max_hp_loss":0,"event_name":"Scrap Ooze","floor":14,"gold_loss":0},{"damage_healed":0,"gold_gain":0,"player_choice":"Ignored","damage_taken":0,"max_hp_gain":0,"max_hp_loss":0,"event_name":"Ghosts","floor":19,"gold_loss":0},{"cards_removed":["Defend_B"],"damage_healed":0,"gold_gain":0,"player_choice":"Gave Gold","damage_taken":0,"max_hp_gain":0,"max_hp_loss":0,"event_name":"Beggar","floor":20,"gold_loss":75},{"damage_healed":0,"gold_gain":0,"player_choice":"Inject Mutagens","damage_taken":0,"relics_obtained":["MutagenicStrength"],"max_hp_gain":0,"max_hp_loss":0,"event_name":"Drug Dealer","floor":25,"gold_loss":0},{"damage_healed":0,"gold_gain":0,"player_choice":"Obtained Book","damage_taken":16,"max_hp_gain":0,"max_hp_loss":0,"event_name":"Cursed Tome","floor":31,"gold_loss":0},{"damage_healed":0,"gold_gain":0,"player_choice":"Embrace Madness","damage_taken":9,"max_hp_gain":0,"max_hp_loss":0,"event_name":"Winding Halls","floor":36,"gold_loss":0,"cards_obtained":["Madness","Madness"]},{"damage_healed":0,"gold_gain":0,"player_choice":"Ignored","damage_taken":0,"max_hp_gain":0,"max_hp_loss":0,"event_name":"Tomb of Lord Red Mask","floor":37,"gold_loss":0},{"damage_healed":0,"gold_gain":0,"player_choice":"Memory 1","damage_taken":0,"max_hp_gain":0,"max_hp_loss":0,"event_name":"SensoryStone","floor":41,"gold_loss":0},{"damage_healed":35,"gold_gain":0,"player_choice":"Heal","damage_taken":0,"max_hp_gain":0,"max_hp_loss":0,"event_name":"MindBloom","floor":44,"gold_loss":0,"cards_obtained":["Doubt"]},{"cards_removed":["Sunder"],"damage_healed":0,"gold_gain":0,"player_choice":"Removed Attack","damage_taken":0,"max_hp_gain":0,"max_hp_loss":0,"event_name":"Falling","floor":45,"gold_loss":0},{"damage_healed":0,"gold_gain":0,"player_choice":"Fight","damage_taken":0,"max_hp_gain":0,"max_hp_loss":0,"event_name":"Mysterious Sphere","floor":47,"gold_loss":0}],"is_beta":false,"boss_relics":[{"not_picked":["SlaversCollar","Astrolabe"],"picked":"Nuclear Battery"},{"not_picked":["Tiny House","Fusion Hammer"],"picked":"Pandora\u0027s Box"}],"items_purged_floors":[],"is_endless":false,"potions_floor_spawned":[11,13,23,27,38,47,48],"ascension_level":3}}