{"host":"facnppb4175fcpe2","time":1612258375,"event":{"mods":["AchievementEnabler","BaseMod","Colored Map","Colored Powertips","Highlight Path","Minty Spire (QoL Compilation)","Quick Restart","Rare Cards Sparkle","Relic Stats","StSLib","SuperFastMode"],"gold_per_floor":[368,382,382,400,400,428,439,439,439],"floor_reached":8,"language":"ZHS","playtime":230,"items_purged":[],"score":58,"play_id":"9a6176fd-6128-4562-aaff-d3909e89cab0","local_time":"20210202173255","is_ascension_mode":false,"campfire_choices":[],"circlet_count":0,"master_deck":["Strike_B","Strike_B","Strike_B","Defend_B","Defend_B","Defend_B","Defend_B","Zap","Dualcast","Redo","Pain","Reboot"],"relics":["Cracked Core","WarpedTongs","Darkstone Periapt"],"acts_visited":["Exordium"],"potions_floor_usage":[8],"damage_taken":[{"damage":0.0,"enemies":"Cultist","floor":1.0,"turns":4.0},{"damage":0.0,"enemies":"2 Louse","floor":2.0,"turns":3.0},{"damage":6.0,"enemies":"Jaw Worm","floor":4.0,"turns":3.0},{"damage":25.0,"enemies":"Gremlin Nob","floor":6.0,"turns":5.0},{"damage":8.0,"enemies":"Red Slaver","floor":7.0,"turns":4.0},{"damage":27,"enemies":"Lagavulin","floor":8,"turns":5}],"seed_played":"5261069044039008373","potions_obtained":[{"floor":2.0,"key":"PowerPotion"}],"is_trial":false,"path_per_floor":["M","M","?","M","?","E","M","E"],"character_chosen":"DEFECT","items_purchased":[],"campfire_rested":0,"item_purchase_floors":[],"current_hp_per_floor":[54,54,54,48,48,23,15,0,0],"gold":439,"neow_bonus":"TWO_FIFTY_GOLD","is_daily":false,"chose_seed":false,"campfire_upgraded":0,"win_rate":0.0,"timestamp":1612258375,"path_taken":["M","?","?","?","?","E","M","E"],"items_purchased_type":[],"build_version":"2020-12-22","purchased_purges":0,"victory":false,"max_hp_per_floor":[75,75,75,75,75,75,75,75,75],"relic_stats":{"Darkstone Periapt":0,"counters":[6,24],"obtain_stats":[{"Darkstone Periapt":6,"Cracked Core":0,"WarpedTongs":5},{"Darkstone Periapt":4,"Cracked Core":0,"WarpedTongs":3},{"Darkstone Periapt":15,"Cracked Core":0,"WarpedTongs":10}],"WarpedTongs":[14]},"card_choices":[{"not_picked":["Beam Cell","Barrage","Steam"],"picked":"SKIP","floor":1.0},{"not_picked":["Barrage","Genetic Algorithm","Glacier"],"picked":"SKIP","floor":2.0},{"not_picked":["Steam","Stack","Coolheaded"],"picked":"SKIP","floor":4.0},{"not_picked":["Cold Snap","Blizzard","Auto Shields"],"picked":"SKIP","floor":6.0},{"not_picked":["Go for the Eyes","Rebound"],"picked":"Reboot","floor":7.0}],"player_experience":110226,"relics_obtained":[{"floor":6.0,"key":"Darkstone Periapt"}],"event_choices":[{"damage_healed":0.0,"max_hp_gain":0.0,"max_hp_loss":0.0,"gold_gain":0.0,"cards_transformed":["Strike_B"],"event_name":"Transmorgrifier","player_choice":"Transformed","floor":3.0,"gold_loss":0.0,"damage_taken":0.0,"cards_obtained":["Redo"]},{"damage_healed":0.0,"max_hp_gain":0.0,"max_hp_loss":0.0,"gold_gain":0.0,"event_name":"Accursed Blacksmith","player_choice":"Rummage","floor":5.0,"gold_loss":0.0,"damage_taken":0.0,"relics_obtained":["WarpedTongs"],"cards_obtained":["Pain"]}],"is_beta":false,"boss_relics":[],"items_purged_floors":[],"is_endless":false,"potions_floor_spawned":[2],"killed_by":"Lagavulin","ascension_level":0}}