{"host":"mqhvlr3kpxebko0t","time":1612274075,"event":{"mods":["AchievementEnabler","BaseMod","Colored Map","Colored Powertips","KOR Keyword Fix","Keyboard Shortcuts","Minty Spire (QoL Compilation)","StSLib","SuperFastMode"],"gold_per_floor":[111,111,36,50,50,85,85,120,120,134,152,152,152,152,152,229,229,206,217,217,217],"floor_reached":20,"language":"KOR","playtime":223,"items_purged":[],"score":414,"play_id":"3877abf9-98c3-4ac6-8d65-c2c39c49c9e2","local_time":"20210202225435","is_ascension_mode":true,"campfire_choices":[{"data":"Pommel Strike","floor":7,"key":"SMITH"},{"data":"Bash","floor":12,"key":"SMITH"},{"data":"Bludgeon","floor":15,"key":"SMITH"}],"circlet_count":0,"master_deck":["AscendersBane","Strike_R+1","Strike_R+1","Strike_R","Defend_R","Defend_R","Defend_R","Defend_R","Bash+1","Pommel Strike+1","Dropkick","Ghostly Armor","Bludgeon+1","CurseOfTheBell","Shrug It Off","Carnage"],"relics":["Burning Blood","NeowsBlessing","Singing Bowl","PreservedInsect","MealTicket","Gremlin Horn","Calling Bell","Anchor","Frozen Egg 2","Torii"],"acts_visited":["Exordium","TheCity"],"potions_floor_usage":[11],"damage_taken":[{"damage":0,"enemies":"2 Louse","floor":1,"turns":1},{"damage":0,"enemies":"Small Slimes","floor":4,"turns":1},{"damage":0,"enemies":"3 Sentries","floor":6,"turns":1},{"damage":40,"enemies":"Lagavulin","floor":8,"turns":5},{"damage":4,"enemies":"Jaw Worm","floor":10,"turns":3},{"damage":0,"enemies":"Blue Slaver","floor":11,"turns":3},{"damage":38,"enemies":"Slime Boss","floor":16,"turns":6},{"damage":8,"enemies":"2 Thieves","floor":18,"turns":4},{"damage":47,"enemies":"Spheric Guardian","floor":19,"turns":7},{"damage":27,"enemies":"Cultist and Chosen","floor":20,"turns":4}],"seed_played":"-7557379080247448921","potions_obtained":[{"floor":4,"key":"SpeedPotion"},{"floor":6,"key":"BlessingOfTheForge"},{"floor":10,"key":"Fire Potion"},{"floor":18,"key":"AttackPotion"}],"is_trial":false,"path_per_floor":["M","?","?","M","$","E","R","E","T","M","M","R","?","T","R","B",null,"M","M","M"],"character_chosen":"IRONCLAD","items_purchased":[],"campfire_rested":0,"item_purchase_floors":[],"current_hp_per_floor":[74,51,51,57,57,63,63,31,31,33,41,41,41,41,41,11,64,62,21,0,0],"gold":217,"neow_bonus":"THREE_ENEMY_KILL","is_daily":false,"chose_seed":false,"campfire_upgraded":3,"win_rate":0.0,"timestamp":1612274075,"path_taken":["M","?","?","M","$","E","R","E","T","M","M","R","?","?","R","BOSS","M","M","M"],"items_purchased_type":[],"build_version":"2020-12-22","purchased_purges":0,"victory":false,"max_hp_per_floor":[75,75,75,75,75,75,75,77,77,77,79,79,79,79,79,81,81,81,81,81,81],"card_choices":[{"not_picked":["Cleave","Thunderclap"],"picked":"Pommel Strike","floor":1},{"not_picked":["Sword Boomerang","Perfected Strike","Body Slam"],"picked":"SKIP","floor":4},{"not_picked":["Pummel","Heavy Blade"],"picked":"Dropkick","floor":6},{"not_picked":["Warcry","Double Tap","Wild Strike"],"picked":"Singing Bowl","floor":8},{"not_picked":["True Grit","Perfected Strike"],"picked":"Ghostly Armor","floor":10},{"not_picked":["Searing Blow","Heavy Blade","Feel No Pain"],"picked":"Singing Bowl","floor":11},{"not_picked":["Barricade","Fiend Fire","Berserk"],"picked":"Singing Bowl","floor":16},{"not_picked":["Body Slam","Clash"],"picked":"Shrug It Off","floor":18},{"not_picked":["Uppercut","Armaments"],"picked":"Carnage","floor":19}],"player_experience":690806,"relics_obtained":[{"floor":6,"key":"Singing Bowl"},{"floor":8,"key":"PreservedInsect"},{"floor":9,"key":"MealTicket"},{"floor":14,"key":"Gremlin Horn"},{"floor":17,"key":"Anchor"},{"floor":17,"key":"Frozen Egg 2"},{"floor":17,"key":"Torii"}],"event_choices":[{"damage_healed":0,"gold_gain":0,"player_choice":"Entered Light","damage_taken":23,"max_hp_gain":0,"max_hp_loss":0,"event_name":"Shining Light","floor":2,"gold_loss":0,"cards_upgraded":["Strike_R","Strike_R"]},{"cards_removed":["Strike_R"],"damage_healed":0,"gold_gain":0,"player_choice":"Card Removal","damage_taken":0,"max_hp_gain":0,"max_hp_loss":0,"event_name":"The Cleric","floor":3,"gold_loss":75},{"damage_healed":0,"gold_gain":0,"cards_transformed":["Strike_R"],"player_choice":"Change","damage_taken":0,"max_hp_gain":0,"max_hp_loss":0,"event_name":"Living Wall","floor":13,"gold_loss":0,"cards_obtained":["Bludgeon"]}],"is_beta":false,"boss_relics":[{"not_picked":["Ectoplasm","Busted Crown"],"picked":"Calling Bell"}],"items_purged_floors":[],"is_endless":false,"potions_floor_spawned":[4,6,10,18],"killed_by":"Cultist and Chosen","ascension_level":20}}