{"host":"tq99ucv8ezzqzioe","time":1612287559,"event":{"mods":["BaseMod","Colored Map","Downfall","Highlight Path","Minty Spire (QoL Compilation)","StSLib"],"gold_per_floor":[99,99,99,99,99,134,134,144,156,169,185,14,0,40,59,59,59,59],"floor_reached":16,"language":"ENG","playtime":861,"items_purged":[],"score":162,"play_id":"1700eeee-8c40-4ec7-9f23-4e0cc9679bc1","local_time":"20210202123919","is_ascension_mode":true,"campfire_choices":[{"floor":1,"key":"RECALL"}],"circlet_count":0,"master_deck":["sneckomod:Strike","sneckomod:Strike","sneckomod:Strike","sneckomod:Defend","sneckomod:Defend","sneckomod:Defend","sneckomod:TailWhip","sneckomod:SnekBite+1","sneckomod:Unknown","sneckomod:Unknown","sneckomod:UnknownCommonSkill","sneckomod:Unknown1Cost","sneckomod:UnknownUncommonAttack","sneckomod:SlitherStrike","sneckomod:Rotation","sneckomod:UnknownWeak","sneckomod:MasterEye","sneckomod:UnknownRarePower","sneckomod:UnknownUncommonPower","sneckomod:UnknownStrength","sneckomod:UnknownDexterity"],"relics":["sneckomod:SneckoSoul","downfall:HeartsMalice","StrikeDummy","Kunai","sneckomod:SleevedAce","CeramicFish"],"acts_visited":["Exordium"],"potions_floor_usage":[12,12,14,15],"damage_taken":[{"damage":0,"enemies":"Jaw Worm","floor":3,"turns":1},{"damage":0,"enemies":"Cultist","floor":5,"turns":1},{"damage":0,"enemies":"Lagavulin","floor":6,"turns":1},{"damage":0,"enemies":"2 Louse","floor":8,"turns":2},{"damage":5,"enemies":"Blue Slaver","floor":9,"turns":3},{"damage":2,"enemies":"2 Fungi Beasts","floor":10,"turns":3},{"damage":2,"enemies":"Large Slime","floor":11,"turns":3},{"damage":0,"enemies":"downfall:FleeingMerchant","floor":12,"turns":4},{"damage":0,"enemies":"downfall:FleeingMerchant","floor":13,"turns":4},{"damage":32,"enemies":"3 Sentries","floor":14,"turns":7},{"damage":45,"enemies":"3 Louse","floor":15,"turns":5},{"damage":21,"enemies":"IC_STATUS_ARCHETYPE","floor":16,"turns":6}],"seed_played":"7612433639769332761","potions_obtained":[{"floor":2,"key":"SkillPotion"},{"floor":2,"key":"SteroidPotion"},{"floor":2,"key":"sneckomod:DiceRollPotion"},{"floor":6,"key":"PowerPotion"},{"floor":9,"key":"SkillPotion"},{"floor":14,"key":"ColorlessPotion"},{"floor":15,"key":"Ancient Potion"}],"is_trial":false,"path_per_floor":["R","?","M","?","M","E","T","M","M","M","M","$","$","E","M","B"],"character_chosen":"THE_SNECKO","items_purchased":["sneckomod:SleevedAce"],"campfire_rested":0,"item_purchase_floors":[12],"current_hp_per_floor":[90,90,90,90,90,90,90,90,85,83,81,81,81,49,19,0,0,0],"gold":59,"neow_bonus":"THREE_ENEMY_KILL","is_daily":false,"chose_seed":false,"campfire_upgraded":0,"win_rate":0.0,"timestamp":1612287559,"path_taken":["R","?","?","?","M","E","T","M","M","M","M","?","$","E","M","BOSS"],"items_purchased_type":["Relic"],"build_version":"2020-12-22","purchased_purges":0,"victory":false,"max_hp_per_floor":[90,90,90,90,90,90,90,90,90,90,90,90,90,90,90,90,90,90],"card_choices":[{"not_picked":["sneckomod:DiceCrush","sneckomod:IronFang"],"picked":"sneckomod:UnknownCommonSkill","floor":3},{"not_picked":["sneckomod:DiceCrush","sneckomod:QuickBite"],"picked":"sneckomod:Unknown1Cost","floor":5},{"not_picked":["sneckomod:UnknownCommonAttack","sneckomod:QuickMove"],"picked":"sneckomod:UnknownUncommonAttack","floor":6},{"not_picked":["sneckomod:Unknown1Cost","sneckomod:IronFang"],"picked":"sneckomod:SlitherStrike","floor":8},{"not_picked":["sneckomod:DiceBoulder","sneckomod:QuickBite"],"picked":"sneckomod:Rotation","floor":9},{"not_picked":["sneckomod:MasterEye","sneckomod:DefensiveFlair"],"picked":"sneckomod:UnknownWeak","floor":10},{"not_picked":["sneckomod:UnknownCommonAttack","sneckomod:SoulDraw"],"picked":"sneckomod:MasterEye","floor":11},{"not_picked":["sneckomod:Rotation","sneckomod:SlitherStrike"],"picked":"sneckomod:UnknownRarePower","floor":12},{"not_picked":["sneckomod:SoulRoll","sneckomod:IronFang"],"picked":"sneckomod:UnknownUncommonPower","floor":13},{"not_picked":["sneckomod:PureSnecko","sneckomod:WideSting"],"picked":"sneckomod:UnknownStrength","floor":14},{"not_picked":["sneckomod:Nope","sneckomod:QuickMove"],"picked":"sneckomod:UnknownDexterity","floor":15}],"player_experience":867008,"relics_obtained":[{"floor":6,"key":"StrikeDummy"},{"floor":7,"key":"Kunai"},{"floor":14,"key":"CeramicFish"}],"event_choices":[{"damage_healed":0,"gold_gain":0,"player_choice":"Got Potions","damage_taken":0,"max_hp_gain":0,"max_hp_loss":0,"event_name":"Lab","floor":2,"gold_loss":0}],"is_beta":false,"boss_relics":[],"items_purged_floors":[],"is_endless":false,"potions_floor_spawned":[6,9,11,14,15],"killed_by":"IC_STATUS_ARCHETYPE","ascension_level":4}}