{"host":"8is2j71l4wmybkoi","time":1612277797,"event":{"mods":["AchievementEnabler","BaseMod","Colored Map","Minty Spire (QoL Compilation)","Rare Cards Sparkle","StSLib","SuperFastMode"],"gold_per_floor":[215,215,234,234,234,234,59,59,83,83,83,93,122,142,142,213,263,280,293,343,135,50,50,85,85,85,85,113,113,141,16,16,90,90,101,101,115,1114,1125,1156,1156,1171,1171,336,369,369,386,414,414,414,414,414,7,39,39],"floor_reached":56,"language":"KOR","playtime":2871,"items_purged":["Defend_P","Strike_P","Strike_P","BattleHymn"],"score":2315,"play_id":"40f884ba-295a-4560-b358-39715ecb6325","local_time":"20210202235637","is_ascension_mode":true,"campfire_choices":[{"data":"Eruption","floor":6.0,"key":"SMITH"},{"data":"MentalFortress","floor":8.0,"key":"SMITH"},{"data":"FlurryOfBlows","floor":10.0,"key":"SMITH"},{"floor":15.0,"key":"REST"},{"floor":23.0,"key":"RECALL"},{"data":"InnerPeace","floor":25.0,"key":"SMITH"},{"data":"Vigilance","floor":27.0,"key":"SMITH"},{"data":"CrushJoints","floor":32.0,"key":"SMITH"},{"floor":41.0,"key":"REST"},{"data":"Scrawl","floor":46,"key":"SMITH"},{"data":"EmptyMind","floor":49,"key":"SMITH"},{"data":"EmptyBody","floor":52,"key":"SMITH"}],"circlet_count":0,"master_deck":["AscendersBane","Defend_P+1","Defend_P+1","Eruption+1","Vigilance+1","MentalFortress+1","FlurryOfBlows+1","EmptyBody+1","Conclude+1","LessonLearned+1","FearNoEvil+1","Prostrate+1","InnerPeace+1","DevaForm+1","CrushJoints+1","SandsOfTime+1","Scrawl+1","WheelKick+1","DeusExMachina+1","Meditate+1","MentalFortress+1","EmptyMind+1","InnerPeace"],"relics":["PureWater","Yang","Potion Belt","StoneCalendar","CaptainsWheel","Tiny House","Toy Ornithopter","CloakClasp","Omamori","Centennial Puzzle","Cursed Key","Anchor","PreservedInsect","Bottled Lightning","Ornamental Fan","Gambling Chip","Medical Kit","Pocketwatch"],"acts_visited":["Exordium","TheCity","TheBeyond","TheEnding"],"potions_floor_usage":[45,47,50,53,54,55,55,55,55],"damage_taken":[{"damage":3.0,"enemies":"2 Louse","floor":1.0,"turns":3.0},{"damage":0.0,"enemies":"Small Slimes","floor":3.0,"turns":3.0},{"damage":0.0,"enemies":"Jaw Worm","floor":12.0,"turns":4.0},{"damage":16.0,"enemies":"Gremlin Nob","floor":13.0,"turns":3.0},{"damage":0.0,"enemies":"Blue Slaver","floor":14.0,"turns":4.0},{"damage":17.0,"enemies":"Slime Boss","floor":16.0,"turns":7.0},{"damage":14.0,"enemies":"2 Thieves","floor":18.0,"turns":3.0},{"damage":0.0,"enemies":"Spheric Guardian","floor":19.0,"turns":2.0},{"damage":0.0,"enemies":"Slavers","floor":24.0,"turns":6.0},{"damage":17.0,"enemies":"Gremlin Leader","floor":28.0,"turns":8.0},{"damage":23.0,"enemies":"Slavers","floor":30.0,"turns":7.0},{"damage":12.0,"enemies":"Champ","floor":33.0,"turns":7.0},{"damage":3.0,"enemies":"3 Shapes","floor":35.0,"turns":5.0},{"damage":4.0,"enemies":"3 Darklings","floor":37.0,"turns":2.0},{"damage":9.0,"enemies":"Jaw Worm Horde","floor":39.0,"turns":3.0},{"damage":13.0,"enemies":"Reptomancer","floor":40.0,"turns":3.0},{"damage":0.0,"enemies":"Spire Growth","floor":42.0,"turns":4.0},{"damage":0,"enemies":"Nemesis","floor":45,"turns":5},{"damage":0,"enemies":"Writhing Mass","floor":47,"turns":3},{"damage":0,"enemies":"Giant Head","floor":48,"turns":5},{"damage":0,"enemies":"Awakened One","floor":50,"turns":6},{"damage":1,"enemies":"Shield and Spear","floor":54,"turns":5},{"damage":36,"enemies":"The Heart","floor":55,"turns":6}],"seed_played":"-6400092902377892817","potions_obtained":[{"floor":1.0,"key":"BottledMiracle"},{"floor":12.0,"key":"Swift Potion"},{"floor":16.0,"key":"SteroidPotion"},{"floor":17.0,"key":"Fruit Juice"},{"floor":18.0,"key":"Energy Potion"},{"floor":24.0,"key":"EssenceOfSteel"},{"floor":37.0,"key":"LiquidBronze"},{"floor":42.0,"key":"Swift Potion"},{"floor":48,"key":"BottledMiracle"},{"floor":54,"key":"SkillPotion"}],"is_trial":false,"path_per_floor":["M","?","M","?","?","R","$","R","T","R","T","M","E","M","R","B",null,"M","M","?","$","?","R","E","R","T","R","E","?","E","$","R","B",null,"M","?","M","?","M","E","R","M","T","$","E","R","M","E","R","B",null,"R","$","E","B",null],"character_chosen":"WATCHER","items_purchased":["FlurryOfBlows","Strength Potion","InnerPeace","DistilledChaos","PreservedInsect","Bottled Lightning","MentalFortress","Fruit Juice","SteroidPotion","Regen Potion","Medical Kit","DuplicationPotion","Block Potion","Energy Potion","InnerPeace"],"campfire_rested":2,"item_purchase_floors":[7,7,21,21,44,44,44,44,44,44,53,53,53,53,53],"current_hp_per_floor":[58,63,63,37,30,30,30,30,30,30,30,30,14,14,35,18,64,50,50,50,50,50,50,65,65,65,65,53,53,30,30,30,28,69,66,66,62,62,53,45,69,69,69,69,74,74,79,79,79,83,83,83,88,87,74],"gold":39,"neow_bonus":"HUNDRED_GOLD","is_daily":false,"chose_seed":false,"campfire_upgraded":9,"win_rate":0.0,"timestamp":1612277797,"path_taken":["M","?","M","?","?","R","$","R","T","R","?","M","E","M","R","BOSS","M","M","?","$","?","R","E","R","T","R","E","?","E","?","R","BOSS","M","?","?","?","M","E","R","M","T","$","E","R","M","E","R","BOSS","R","$","E","BOSS"],"items_purchased_type":["Card","Potion","Card","Potion","Relic","Relic","Card","Potion","Potion","Potion","Relic","Potion","Potion","Potion","Card"],"build_version":"2020-12-22","purchased_purges":4,"victory":true,"max_hp_per_floor":[68,73,73,73,73,73,73,73,73,73,73,73,73,73,73,73,78,78,78,78,78,78,78,78,78,78,78,78,78,78,78,78,83,83,83,83,83,83,83,83,83,83,83,83,83,83,83,83,83,83,83,83,88,88,88],"card_choices":[{"not_picked":["Collect","SashWhip","JustLucky"],"picked":"SKIP","floor":1.0},{"not_picked":["ThirdEye","Crescendo"],"picked":"MentalFortress","floor":3.0},{"not_picked":["LikeWater","WreathOfFlame"],"picked":"EmptyBody","floor":12.0},{"not_picked":["CarveReality","SignatureMove","TalkToTheHand"],"picked":"SKIP","floor":13.0},{"not_picked":["CrushJoints","ClearTheMind"],"picked":"Conclude","floor":14.0},{"not_picked":["Devotion","DeusExMachina"],"picked":"LessonLearned","floor":16.0},{"not_picked":["MentalFortress","Worship"],"picked":"FearNoEvil","floor":18.0},{"not_picked":["FlurryOfBlows","PathToVictory+1"],"picked":"Prostrate","floor":19.0},{"not_picked":["Wireheading","CarveReality+1"],"picked":"DevaForm","floor":24.0},{"not_picked":["FollowUp","PathToVictory"],"picked":"CrushJoints","floor":28.0},{"not_picked":["BattleHymn","ClearTheMind","Halt"],"picked":"SKIP","floor":30.0},{"not_picked":["Omniscience","MasterReality"],"picked":"Scrawl","floor":33.0},{"not_picked":["CrushJoints","LikeWater+1"],"picked":"WheelKick+1","floor":35.0},{"not_picked":["CrushJoints","JustLucky+1"],"picked":"DeusExMachina","floor":37.0},{"not_picked":["BowlingBash","ThirdEye+1","WheelKick"],"picked":"SKIP","floor":39.0},{"not_picked":["SignatureMove","ClearTheMind","Halt+1"],"picked":"SKIP","floor":40.0},{"not_picked":["WreathOfFlame+1","Collect"],"picked":"Meditate+1","floor":42.0},{"not_picked":["SignatureMove+1","Indignation","ReachHeaven+1"],"picked":"SKIP","floor":45},{"not_picked":["Meditate","FollowUp","LikeWater+1"],"picked":"SKIP","floor":47},{"not_picked":["EmptyFist+1","Evaluate"],"picked":"EmptyMind","floor":48},{"not_picked":["Protect+1","Consecrate","DeceiveReality"],"picked":"SKIP","floor":54}],"player_experience":943924,"relics_obtained":[{"floor":9.0,"key":"Potion Belt"},{"floor":11.0,"key":"StoneCalendar"},{"floor":13.0,"key":"CaptainsWheel"},{"floor":24.0,"key":"CloakClasp"},{"floor":28.0,"key":"Omamori"},{"floor":30.0,"key":"Centennial Puzzle"},{"floor":40.0,"key":"Anchor"},{"floor":45,"key":"Ornamental Fan"},{"floor":48,"key":"Gambling Chip"},{"floor":54,"key":"Pocketwatch"}],"event_choices":[{"damage_healed":0.0,"max_hp_gain":5.0,"max_hp_loss":0.0,"gold_gain":0.0,"event_name":"Big Fish","player_choice":"Donut","floor":2.0,"gold_loss":0.0,"damage_taken":0.0},{"damage_healed":0.0,"max_hp_gain":0.0,"max_hp_loss":0.0,"gold_gain":0.0,"event_name":"Scrap Ooze","player_choice":"Success","floor":4.0,"gold_loss":0.0,"damage_taken":26.0,"relics_obtained":["Yang"]},{"cards_removed":["Strike_P"],"damage_healed":0.0,"max_hp_gain":0.0,"max_hp_loss":0.0,"gold_gain":0.0,"event_name":"Golden Wing","player_choice":"Card Removal","floor":5.0,"gold_loss":0.0,"damage_taken":7.0},{"damage_healed":0.0,"max_hp_gain":0.0,"max_hp_loss":0.0,"gold_gain":50.0,"event_name":"Nest","player_choice":"Stole From Cult","floor":20.0,"gold_loss":0.0,"damage_taken":0.0},{"damage_healed":0.0,"max_hp_gain":0.0,"max_hp_loss":0.0,"gold_gain":0.0,"event_name":"Addict","player_choice":"Obtained Relic","floor":22.0,"gold_loss":85.0,"damage_taken":0.0,"relics_obtained":["Toy Ornithopter"]},{"damage_healed":0.0,"max_hp_gain":0.0,"max_hp_loss":0.0,"gold_gain":0.0,"cards_transformed":["Strike_P","Defend_P"],"event_name":"Drug Dealer","player_choice":"Became Test Subject","floor":29.0,"gold_loss":0.0,"damage_taken":0.0,"cards_obtained":["BattleHymn","SandsOfTime"]},{"damage_healed":0.0,"max_hp_gain":0.0,"max_hp_loss":0.0,"gold_gain":0.0,"event_name":"SecretPortal","player_choice":"Ignored","floor":36.0,"gold_loss":0.0,"damage_taken":0.0},{"damage_healed":0.0,"max_hp_gain":0.0,"max_hp_loss":0.0,"gold_gain":999.0,"event_name":"MindBloom","player_choice":"Gold","floor":38.0,"gold_loss":0.0,"damage_taken":0.0,"cards_obtained":["Normality","Normality"]}],"is_beta":false,"boss_relics":[{"not_picked":["Busted Crown","Runic Dome"],"picked":"Tiny House"},{"not_picked":["SlaversCollar","Snecko Eye"],"picked":"Cursed Key"}],"items_purged_floors":[7,21,31,44],"is_endless":false,"potions_floor_spawned":[1,12,16,18,24,37,42,48,54],"ascension_level":15}}