{"host":"gp3usc0dpezjueuv","time":1612232422,"event":{"mods":["Act Like it!","BaseMod","BetterRewards","CapriCore","Colored Powertips","Dota2Spire","HololiveMod","Jedi Mod","Minty Spire (QoL Compilation)","Quick Restart","Remove Card Discount Mod","Replay The Spire","Spicy Shops","StSLib","Swap Starting Deck Mod"],"gold_per_floor":[80,99,110,124,124,152,186,211,211,228,228,239,266,280,280,385,385,385,385],"floor_reached":18,"language":"ZHS","playtime":568,"items_purged":[],"score":444,"play_id":"e2d505ad-f5d9-4bc1-9504-180255f8b6bc","local_time":"20210202102022","daily_mods":["SealedDeck","Time Dilation","Flight","DeadlyEvents"],"is_ascension_mode":false,"campfire_choices":[{"data":"Hololive_CallShiroganeNoel","floor":11,"key":"SMITH"},{"data":"Hololive_CallYuzukiChoco","floor":15,"key":"SMITH"}],"circlet_count":0,"master_deck":["Hololive_CocoNews","Hololive_CocoNews","Hololive_CocoNews+1","Hololive_StrengthChampion","Hololive_StrengthChampion","Hololive_CallYozoraMel","Hololive_CallInugamiKorone","Hololive_CallUruhaRushia","Hololive_CallAkaiHaato","Hololive_CallShiroganeNoel+1","Hololive_CallTokoyamiTowa+1","Hololive_CallManoAloe","Hololive_CallShirakamiFubuki","Hololive_CallYuzukiChoco+1","Hololive_CallNakiriAyame","Hololive_CallOzoraSubaru","Hololive_CallRoboco","Hololive_CallMoonaHoshinova","Hololive_Nanodesu"],"relics":["Hololive_TheStar","Dota2Spire:ShadowBlade","Pen Nib","Thread and Needle","Peace Pipe","Dota2Spire:DivineRapier","Painkiller Herb"],"acts_visited":["Exordium","TheCity"],"potions_floor_usage":[16],"damage_taken":[{"damage":0,"enemies":"Small Slimes","floor":1,"turns":3},{"damage":0,"enemies":"2 Louse","floor":2,"turns":2},{"damage":0,"enemies":"Jaw Worm","floor":3,"turns":3},{"damage":0,"enemies":"2 Fungi Beasts","floor":4,"turns":2},{"damage":0,"enemies":"Gremlin Nob","floor":6,"turns":3},{"damage":0,"enemies":"3 Sentries","floor":7,"turns":5},{"damage":0,"enemies":"Lagavulin","floor":8,"turns":4},{"damage":0,"enemies":"Looter","floor":10,"turns":2},{"damage":0,"enemies":"Blue Slaver","floor":12,"turns":2},{"damage":0,"enemies":"Gremlin Nob","floor":13,"turns":3},{"damage":0,"enemies":"Lots of Slimes","floor":14,"turns":4},{"damage":0,"enemies":"The Guardian","floor":16,"turns":4},{"damage":0,"enemies":"2 Thieves","floor":18,"turns":1}],"seed_played":"-3073702226015852065","potions_obtained":[{"floor":3,"key":"Elixir"},{"floor":6,"key":"jedi:holywater"},{"floor":7,"key":"Dota2Spire:HealingSalve"}],"is_trial":true,"path_per_floor":["M","M","M","M","?","E","E","E","T","M","R","M","E","M","R","B",null,"?"],"character_chosen":"Hololive_HololiveCharacter","items_purchased":[],"campfire_rested":0,"item_purchase_floors":[],"current_hp_per_floor":[35,35,35,35,28,28,28,28,28,28,28,28,28,28,28,28,35,35,35],"gold":385,"neow_bonus":"","is_daily":false,"chose_seed":false,"campfire_upgraded":2,"win_rate":0.0,"timestamp":1612232422,"path_taken":["M","M","M","M","?","E","E","E","T","M","R","M","E","M","R","BOSS","?"],"items_purchased_type":[],"build_version":"2020-12-22","purchased_purges":0,"victory":false,"max_hp_per_floor":[35,35,35,35,35,35,35,35,35,35,35,35,35,35,35,35,35,35,35],"card_choices":[{"not_picked":["Hololive_Watashimo","Hololive_LuckPotion","Hololive_RevenueBasedLive"],"picked":"Hololive_CallTokoyamiTowa","floor":1},{"not_picked":["Hololive_Rebound","Hololive_LuckPotion","Hololive_FlyingPonyTail","Hololive_BringToTrial"],"picked":"SKIP","floor":2},{"not_picked":["Hololive_Drill","Hololive_Trident","Hololive_Sequa"],"picked":"Hololive_CallManoAloe","floor":3},{"not_picked":["Hololive_CallTsunomakiWatame","Hololive_CandyCastle","Hololive_Breathe"],"picked":"Hololive_CallShirakamiFubuki","floor":4},{"not_picked":["Hololive_FlyingPonyTail","Hololive_Trident","Hololive_OvertimeWork"],"picked":"Hololive_CallYuzukiChoco","floor":6},{"not_picked":["Hololive_CallRoboco","Hololive_CallFriendA","Hololive_DiamondStrike"],"picked":"Hololive_CallNakiriAyame","floor":7},{"not_picked":["Hololive_StrengthChampion","Hololive_ScarfAndHalo","Hololive_Drill"],"picked":"Hololive_CallOzoraSubaru","floor":8},{"not_picked":["Hololive_Trident","Hololive_FlyingPonyTail","Hololive_CocoNews"],"picked":"Hololive_CallRoboco","floor":10},{"not_picked":["Hololive_LuckPotion","Hololive_CallTokoyamiTowa","Hololive_Teleport","Hololive_FlyingPonyTail"],"picked":"SKIP","floor":12},{"not_picked":["Hololive_Psychosis","Hololive_CocoNews","Hololive_HuntDinosaur"],"picked":"Hololive_CallMoonaHoshinova","floor":13},{"not_picked":["Hololive_Psychosis","Hololive_Drill","Hololive_Breathe","Hololive_RevenueBasedLive"],"picked":"SKIP","floor":14},{"not_picked":["Hololive_FlareMind","Hololive_OpenUp","Hololive_AWSL"],"picked":"Hololive_Nanodesu","floor":16}],"player_experience":498585,"relics_obtained":[{"floor":6,"key":"Dota2Spire:ShadowBlade"},{"floor":7,"key":"Pen Nib"},{"floor":8,"key":"Thread and Needle"},{"floor":9,"key":"Peace Pipe"},{"floor":13,"key":"Dota2Spire:DivineRapier"}],"event_choices":[{"damage_healed":0,"gold_gain":0,"player_choice":"Entered Light","damage_taken":7,"max_hp_gain":0,"max_hp_loss":0,"event_name":"Shining Light","floor":5,"gold_loss":0,"cards_upgraded":["Hololive_CocoNews","Hololive_CallTokoyamiTowa"]}],"is_beta":false,"boss_relics":[{"not_picked":["jedi:paperlyon","Hololive_TopUpMoneyS"],"picked":"Painkiller Herb"}],"items_purged_floors":[],"is_endless":true,"potions_floor_spawned":[3,6,7,8,10],"killed_by":"2 Thieves","ascension_level":0}}