{"host":"qrt7o4dq2qslzw13","time":1612236204,"event":{"mods":["AchievementEnabler","BaseMod","Colored Map","Colored Powertips","Minty Spire (QoL Compilation)","Quick Restart","StSLib","SuperFastMode"],"gold_per_floor":[110,110,122,133,151,184,184,201,225,240,240,240,257,257,257,386,386,405,405,405,428,443,477,502,502,529,529,142,167,92,110,110,230,230,255,276,276,276],"floor_reached":37,"language":"ENG","playtime":727,"items_purged":[],"score":422,"play_id":"243719de-961d-4641-806e-8c1ebc9d4a71","local_time":"20210201222324","is_ascension_mode":false,"campfire_choices":[{"data":"Bouncing Flask","floor":7.0,"key":"SMITH"},{"data":"Catalyst","floor":11.0,"key":"SMITH"},{"data":"Adrenaline","floor":15.0,"key":"SMITH"},{"floor":25.0,"key":"REST"},{"data":"Envenom","floor":27.0,"key":"SMITH"},{"floor":32.0,"key":"REST"}],"circlet_count":0,"master_deck":["Strike_G","Strike_G","Defend_G","Defend_G","Defend_G","Defend_G","Defend_G","Survivor","Neutralize","Bouncing Flask+1","Slice","Prepared","Bane","Poisoned Stab","Backflip","Catalyst+1","Parasite","Adrenaline+1","Envenom+1","Terror","Poisoned Stab","Deflect+1","Deadly Poison","Deadly Poison+1","Wish","Wireheading+1","Machine Learning","Leap+1","Seek"],"relics":["Ring of the Snake","Vajra","Orichalcum","Golden Idol","Empty Cage","Omamori","Centennial Puzzle","Art of War","Bottled Tornado","PrismaticShard","Cursed Key"],"acts_visited":["Exordium","TheCity","TheBeyond"],"potions_floor_usage":[],"damage_taken":[{"damage":0.0,"enemies":"2 Louse","floor":1.0,"turns":4.0},{"damage":0.0,"enemies":"Cultist","floor":3.0,"turns":3.0},{"damage":7.0,"enemies":"Small Slimes","floor":4.0,"turns":4.0},{"damage":4.0,"enemies":"2 Fungi Beasts","floor":5.0,"turns":4.0},{"damage":13.0,"enemies":"Lagavulin","floor":6.0,"turns":6.0},{"damage":4.0,"enemies":"Blue Slaver","floor":8.0,"turns":2.0},{"damage":3.0,"enemies":"Lots of Slimes","floor":10.0,"turns":3.0},{"damage":2.0,"enemies":"3 Louse","floor":13.0,"turns":4.0},{"damage":15.0,"enemies":"Hexaghost","floor":16.0,"turns":8.0},{"damage":0.0,"enemies":"Chosen","floor":18.0,"turns":2.0},{"damage":0.0,"enemies":"3 Byrds","floor":19.0,"turns":1.0},{"damage":21.0,"enemies":"Snake Plant","floor":21.0,"turns":4.0},{"damage":5.0,"enemies":"Snecko","floor":22.0,"turns":4.0},{"damage":22.0,"enemies":"Slavers","floor":23.0,"turns":5.0},{"damage":7.0,"enemies":"Centurion and Healer","floor":24.0,"turns":5.0},{"damage":24.0,"enemies":"Shelled Parasite and Fungi","floor":29.0,"turns":5.0},{"damage":6.0,"enemies":"Snecko","floor":31.0,"turns":3.0},{"damage":22.0,"enemies":"Champ","floor":33.0,"turns":8.0},{"damage":0.0,"enemies":"3 Shapes","floor":35.0,"turns":5.0},{"damage":29.0,"enemies":"3 Darklings","floor":36.0,"turns":7.0}],"seed_played":"-485550363741227510","potions_obtained":[{"floor":1.0,"key":"AttackPotion"},{"floor":4.0,"key":"Dexterity Potion"},{"floor":6.0,"key":"Energy Potion"},{"floor":13.0,"key":"EntropicBrew"},{"floor":23.0,"key":"FearPotion"},{"floor":29.0,"key":"SpeedPotion"},{"floor":31.0,"key":"GhostInAJar"},{"floor":36.0,"key":"GhostInAJar"}],"is_trial":false,"path_per_floor":["M","?","M","M","M","E","R","M","T","M","R","?","M","?","R","B",null,"M","M","?","M","M","E","M","R","T","R","$","M","?","M","R","B",null,"M","M","?"],"character_chosen":"THE_SILENT","items_purchased":["Bottled Tornado","PrismaticShard"],"campfire_rested":2,"item_purchase_floors":[28,28],"current_hp_per_floor":[77,77,77,70,66,53,53,49,49,46,46,65,63,63,63,48,77,77,77,77,56,51,29,22,45,45,45,45,21,21,15,38,16,77,77,48,48,48],"gold":276,"neow_bonus":"TEN_PERCENT_HP_BONUS","is_daily":false,"chose_seed":false,"campfire_upgraded":4,"win_rate":0.0,"timestamp":1612236204,"path_taken":["M","?","?","M","M","E","R","M","T","M","R","?","M","?","R","BOSS","M","M","?","?","M","E","M","R","T","R","$","M","?","M","R","BOSS","M","M","?"],"items_purchased_type":["Relic","Relic"],"build_version":"2020-12-22","purchased_purges":0,"victory":false,"max_hp_per_floor":[77,77,77,77,77,77,77,77,77,77,77,77,77,77,77,77,77,77,77,77,77,77,77,77,77,77,77,77,77,77,77,77,77,77,77,77,77,77],"card_choices":[{"not_picked":["Setup","Noxious Fumes"],"picked":"Bouncing Flask","floor":1.0},{"not_picked":["Cloak And Dagger","Dagger Spray"],"picked":"Slice","floor":3.0},{"not_picked":["Flying Knee","Blur"],"picked":"Prepared","floor":4.0},{"not_picked":["Eviscerate","Underhanded Strike"],"picked":"Bane","floor":5.0},{"not_picked":["Doppelganger","Quick Slash"],"picked":"Poisoned Stab","floor":6.0},{"not_picked":["Cloak And Dagger","Flying Knee"],"picked":"Backflip","floor":8.0},{"not_picked":["Heel Hook","Skewer"],"picked":"Catalyst","floor":10.0},{"not_picked":["Dagger Spray","Acrobatics"],"picked":"Adrenaline","floor":13.0},{"not_picked":["Malaise","Bullet Time"],"picked":"Envenom","floor":16.0},{"not_picked":["Masterful Stab","Accuracy"],"picked":"Terror","floor":18.0},{"not_picked":["Slice","Reflex+1"],"picked":"Poisoned Stab","floor":21.0},{"not_picked":["Blade Dance+1","Quick Slash"],"picked":"Deflect+1","floor":22.0},{"not_picked":["Slice","Expertise"],"picked":"Deadly Poison","floor":23.0},{"not_picked":["Riddle With Holes","Dagger Spray+1"],"picked":"Deadly Poison+1","floor":24.0},{"not_picked":["Crescendo","Discovery+1"],"picked":"Wish","floor":29.0},{"not_picked":["BowlingBash","Perfected Strike"],"picked":"Wireheading+1","floor":31.0},{"not_picked":["Wraith Form v2","Thunder Strike"],"picked":"Machine Learning","floor":33.0},{"not_picked":["Bane+1","Clothesline"],"picked":"Leap+1","floor":35.0},{"not_picked":["Redo+1","Self Repair+1"],"picked":"Seek","floor":36.0}],"player_experience":613401,"relics_obtained":[{"floor":6.0,"key":"Vajra"},{"floor":9.0,"key":"Orichalcum"},{"floor":23.0,"key":"Centennial Puzzle"},{"floor":26.0,"key":"Art of War"}],"event_choices":[{"cards_removed":["Strike_G"],"damage_healed":0.0,"max_hp_gain":0.0,"max_hp_loss":0.0,"gold_gain":0.0,"event_name":"Bonfire Elementals","player_choice":"Offered Basic","floor":2.0,"gold_loss":0.0,"damage_taken":0.0},{"damage_healed":19.0,"max_hp_gain":0.0,"max_hp_loss":0.0,"gold_gain":0.0,"event_name":"Mushrooms","player_choice":"Healed and dodged fight","floor":12.0,"gold_loss":0.0,"damage_taken":0.0,"cards_obtained":["Parasite"]},{"damage_healed":0.0,"max_hp_gain":0.0,"max_hp_loss":0.0,"gold_gain":0.0,"event_name":"Golden Idol","player_choice":"Take Wound","floor":14.0,"gold_loss":0.0,"damage_taken":0.0,"relics_obtained":["Golden Idol"],"cards_obtained":["Injury"]},{"damage_healed":0.0,"max_hp_gain":0.0,"max_hp_loss":0.0,"gold_gain":0.0,"event_name":"WeMeetAgain","player_choice":"Gave Potion","floor":20.0,"gold_loss":0.0,"damage_taken":0.0,"relics_obtained":["Omamori"]},{"cards_removed":["Strike_G"],"damage_healed":0.0,"max_hp_gain":0.0,"max_hp_loss":0.0,"gold_gain":0.0,"event_name":"Beggar","player_choice":"Gave Gold","floor":30.0,"gold_loss":75.0,"damage_taken":0.0}],"is_beta":false,"boss_relics":[{"not_picked":["Velvet Choker","Philosopher\u0027s Stone"],"picked":"Empty Cage"},{"not_picked":["Tiny House","Pandora\u0027s Box"],"picked":"Cursed Key"}],"items_purged_floors":[],"is_endless":false,"potions_floor_spawned":[1,4,6,13,16,23,29,31,36],"ascension_level":0}}