{"host":"l84l8xigz5v5foa2","time":1612239029,"event":{"mods":["2.2 Compatiblity","AchievementEnabler","BaseMod","Better Note","Better Vampires","BetterRewards","Card Filter","Colored Map","DeckTracker","Downfall","Gremlin Skip","Highlight Path","Keyboard Shortcuts","Minty Spire (QoL Compilation)","Permanent Neow","Quick Restart","Relic Filter","Relic Stats","StSLib","SuperFastMode","Transform Curses","Unknown Chances"],"gold_per_floor":[118,118,133,58,77,77,103,115,115,149,208,236,236,267,267,341,341,352,371,371,126,140,140,153,180,180,212,262,288,302,320,320,394,394,413,132,149,166,178,178,194,227,227,227,260,274,306,28,28,28,28],"floor_reached":52,"language":"ENG","playtime":3028,"items_purged":["hexamod:Strike","hexamod:Defend","hexamod:Defend","hexamod:Strike"],"score":2269,"play_id":"7d4d0bdf-9541-450d-9a28-ac85167d090b","local_time":"20210202131029","is_ascension_mode":true,"campfire_choices":[{"data":"hexamod:Float","floor":6.0,"key":"SMITH"},{"data":"hexamod:RainOfEmbers","floor":13.0,"key":"SMITH"},{"data":"hexamod:FastForward","floor":15.0,"key":"SMITH"},{"data":"hexamod:Rewind","floor":23.0,"key":"SMITH"},{"data":"hexamod:HeatShield","floor":32.0,"key":"SMITH"},{"floor":40.0,"key":"RECALL"},{"data":"hexamod:InspiringFlames","floor":49,"key":"SMITH"}],"circlet_count":0,"master_deck":["AscendersBane","hexamod:Float+1","hexamod:SwordOfDarkness","hexamod:RainOfEmbers+1","Finesse","hexamod:FirstSeal","hexamod:FourthSeal","hexamod:SpectersWail+1","hexamod:ApocalypticArmor","hexamod:FastForward+1","hexamod:ShieldOfDarkness","hexamod:ThermalTransfer+1","hexamod:GhostShield","hexamod:GiftsFromTheDead+1","hexamod:RadiantFlame+1","hexamod:TimeWarp","hexamod:Rewind+1","hexamod:StepThrough","hexamod:ShieldOfDarkness","hexamod:StepThrough+1","hexamod:Toasty+1","hexamod:HeatShield+1","hexamod:HexaLevel+1","hexamod:GhostflameBarrier+1","hexamod:InspiringFlames+1","hexamod:SixthSeal","hexamod:Hexaguard+1","hexamod:HeatCrush"],"relics":["hexamod:SpiritBrand","Lee\u0027s Waffle","Nunchaku","Peace Pipe","Bird Faced Urn","Torii","Matryoshka","Toy Ornithopter","Akabeko","Guardian:PocketSentry","Frozen Egg 2","bronze:DecasWashers","Meat on the Bone","Odd Mushroom","Bottled Lightning","SlaversCollar","TungstenRod","Kunai","Mummified Hand","Regal Pillow","Orichalcum","Empty Cage","Shuriken","Ornamental Fan","Calipers","Incense Burner","Bottled Tornado","Gremlin Horn"],"acts_visited":["Exordium","TheCity","TheBeyond"],"potions_floor_usage":[50,50],"damage_taken":[{"damage":0.0,"enemies":"Jaw Worm","floor":1.0,"turns":2.0},{"damage":1.0,"enemies":"Small Slimes","floor":3.0,"turns":3.0},{"damage":0.0,"enemies":"Cultist","floor":5.0,"turns":2.0},{"damage":10.0,"enemies":"Lagavulin","floor":7.0,"turns":4.0},{"damage":1.0,"enemies":"2 Fungi Beasts","floor":8.0,"turns":3.0},{"damage":10.0,"enemies":"3 Sentries","floor":10.0,"turns":5.0},{"damage":7.0,"enemies":"3 Sentries","floor":11.0,"turns":5.0},{"damage":0.0,"enemies":"The Mushroom Lair","floor":12.0,"turns":3.0},{"damage":0.0,"enemies":"Lagavulin","floor":14.0,"turns":3.0},{"damage":13.0,"enemies":"Slime Boss","floor":16.0,"turns":7.0},{"damage":1.0,"enemies":"Shell Parasite","floor":18.0,"turns":3.0},{"damage":0.0,"enemies":"Spheric Guardian","floor":19.0,"turns":1.0},{"damage":0.0,"enemies":"Snecko","floor":22.0,"turns":3.0},{"damage":18.0,"enemies":"Cultist and Chosen","floor":24.0,"turns":5.0},{"damage":1.0,"enemies":"Gremlin Leader","floor":25.0,"turns":6.0},{"damage":0.0,"enemies":"Book of Stabbing","floor":27.0,"turns":4.0},{"damage":0.0,"enemies":"Slavers","floor":29.0,"turns":3.0},{"damage":0.0,"enemies":"Snake Plant","floor":30.0,"turns":3.0},{"damage":0.0,"enemies":"Snecko","floor":31.0,"turns":3.0},{"damage":7.0,"enemies":"Automaton","floor":33.0,"turns":7.0},{"damage":8.0,"enemies":"3 Shapes","floor":35.0,"turns":5.0},{"damage":0.0,"enemies":"3 Darklings","floor":37.0,"turns":4.0},{"damage":24.0,"enemies":"Maw","floor":38.0,"turns":8.0},{"damage":15.0,"enemies":"Sphere and 2 Shapes","floor":39.0,"turns":6.0},{"damage":0.0,"enemies":"4 Shapes","floor":41.0,"turns":5.0},{"damage":10.0,"enemies":"Reptomancer","floor":42.0,"turns":6.0},{"damage":0.0,"enemies":"Giant Head","floor":45.0,"turns":7.0},{"damage":6,"enemies":"Writhing Mass","floor":46,"turns":6},{"damage":33,"enemies":"Reptomancer","floor":47,"turns":7},{"damage":37,"enemies":"Time Eater","floor":50,"turns":14},{"damage":8,"enemies":"Awakened One","floor":51,"turns":10}],"seed_played":"-6238399828442819939","potions_obtained":[{"floor":3.0,"key":"SpeedPotion"},{"floor":5.0,"key":"Energy Potion"},{"floor":7.0,"key":"ColorlessPotion"},{"floor":8.0,"key":"hexamod:EctoCoolerPotion"},{"floor":10.0,"key":"SteroidPotion"},{"floor":14.0,"key":"Strength Potion"},{"floor":16.0,"key":"Ancient Potion"},{"floor":18.0,"key":"Strength Potion"},{"floor":22.0,"key":"AttackPotion"},{"floor":24.0,"key":"LiquidBronze"},{"floor":25.0,"key":"GamblersBrew"},{"floor":27.0,"key":"BlessingOfTheForge"},{"floor":29.0,"key":"LiquidMemories"},{"floor":30.0,"key":"PowerPotion"},{"floor":33.0,"key":"hexamod:InfernoChargePotion"},{"floor":35.0,"key":"SpeedPotion"},{"floor":38.0,"key":"DistilledChaos"},{"floor":39.0,"key":"LiquidBronze"},{"floor":41.0,"key":"DistilledChaos"},{"floor":42.0,"key":"Ancient Potion"},{"floor":45.0,"key":"SpeedPotion"}],"is_trial":false,"path_per_floor":["M","$","M","?","M","R","E","M","T","E","?","?","R","E","R","B",null,"M","M","?","$","M","R","M","E","T","E","?","E","M","M","R","B",null,"M","$","M","M","M","R","M","E","T","?","E","M","E","$","R","B","B",null],"character_chosen":"THE_SPIRIT","items_purchased":["Lee\u0027s Waffle","Nunchaku","Bird Faced Urn","hexamod:RainOfEmbers","Finesse","Matryoshka","Toy Ornithopter","hexamod:FirstSeal","hexamod:StepThrough","hexamod:ShieldOfDarkness","Shuriken","Gremlin Horn"],"campfire_rested":0,"item_purchase_floors":[0,0,0,0,0,0,0,0,21,21,36,48],"current_hp_per_floor":[70,70,70,70,70,70,67,70,70,69,63,67,67,70,70,57,67,69,69,69,69,70,70,61,70,70,70,70,70,70,70,70,70,70,70,70,70,59,57,57,70,70,70,70,70,70,50,50,50,54,52],"gold":28,"neow_bonus":"","is_daily":false,"chose_seed":false,"campfire_upgraded":6,"win_rate":0.0,"timestamp":1612239029,"path_taken":["M","$","M","?","M","R","E","M","T","E","?","?","R","E","R","BOSS","M","M","?","$","?","R","M","E","T","E","?","E","M","M","R","BOSS","M","$","M","?","M","R","M","E","T","?","E","M","E","?","R","BOSS","BOSS"],"items_purchased_type":["Relic","Relic","Relic","Card","Card","Relic","Relic","Card","Card","Card","Relic","Relic"],"build_version":"2020-12-22","purchased_purges":4,"victory":true,"max_hp_per_floor":[70,70,70,70,70,70,70,70,70,70,70,70,70,70,70,70,70,70,70,70,70,70,70,70,70,70,70,70,70,70,70,70,70,70,70,70,70,70,70,70,70,70,70,70,70,70,70,70,70,70,70],"relic_stats":{"Lee\u0027s Waffle":50,"Regal Pillow":0,"Torii":52,"Gremlin Horn":[3,3],"counters":[61,323],"Orichalcum":[18],"Peace Pipe":0,"Nunchaku":[31],"Mummified Hand":[88],"Shuriken":[27],"Ornamental Fan":[56],"Bird Faced Urn":[82],"Kunai":[41],"obtain_stats":[{"Regal Pillow":27,"Calipers":43,"Gremlin Horn":55,"Torii":0,"SacredBark":17,"Incense Burner":45,"Bottled Tornado":30,"Ancient Tea Set":25,"Empty Cage":34,"Centennial Puzzle":28,"Nunchaku":0,"TheAbacus":28,"Matryoshka":0,"Mummified Hand":26,"Prayer Wheel":48,"Red Mask":22,"Kunai":26,"hexamod:SpiritBrand":0,"Potion Belt":9,"Lee\u0027s Waffle":0,"Happy Flower":12,"bronze:DecasWashers":10,"hexamod:TheBrokenSeal":20,"Thread and Needle":7,"champ:DeflectingBracers":54,"Guardian:PocketSentry":14,"Omamori":26,"Frozen Egg 2":9,"Odd Mushroom":12,"Orichalcum":29,"Akabeko":7,"WarpedTongs":29,"Peace Pipe":0,"SlaversCollar":17,"Shuriken":36,"Ornamental Fan":42,"Bronze Scales":40,"Bird Faced Urn":0,"Coffee Dripper":34,"Bottled Lightning":23,"Toy Ornithopter":0,"TungstenRod":25,"Meat on the Bone":11},{"Regal Pillow":46,"Calipers":56,"Gremlin Horn":29,"Torii":30,"SacredBark":9,"Incense Burner":57,"Bottled Tornado":16,"Ancient Tea Set":15,"Empty Cage":50,"Centennial Puzzle":15,"Nunchaku":30,"TheAbacus":15,"Matryoshka":30,"Mummified Hand":45,"Prayer Wheel":26,"Red Mask":13,"Kunai":45,"hexamod:SpiritBrand":0,"Potion Belt":4,"Lee\u0027s Waffle":30,"Happy Flower":6,"bronze:DecasWashers":36,"hexamod:TheBrokenSeal":11,"Thread and Needle":4,"champ:DeflectingBracers":28,"Guardian:PocketSentry":8,"Omamori":15,"Frozen Egg 2":35,"Odd Mushroom":38,"Orichalcum":47,"Akabeko":34,"WarpedTongs":15,"Peace Pipe":30,"SlaversCollar":40,"Shuriken":51,"Ornamental Fan":56,"Bronze Scales":22,"Bird Faced Urn":30,"Coffee Dripper":18,"Bottled Lightning":14,"Toy Ornithopter":30,"TungstenRod":45,"Meat on the Bone":37},{"Regal Pillow":229,"Calipers":279,"Gremlin Horn":163,"Torii":171,"SacredBark":46,"Incense Burner":286,"Bottled Tornado":85,"Ancient Tea Set":80,"Empty Cage":245,"Centennial Puzzle":80,"Nunchaku":171,"TheAbacus":80,"Matryoshka":171,"Mummified Hand":225,"Prayer Wheel":132,"Red Mask":65,"Kunai":225,"hexamod:SpiritBrand":0,"Potion Belt":13,"Lee\u0027s Waffle":171,"Happy Flower":23,"bronze:DecasWashers":190,"hexamod:TheBrokenSeal":56,"Thread and Needle":13,"champ:DeflectingBracers":157,"Guardian:PocketSentry":37,"Omamori":80,"Frozen Egg 2":185,"Odd Mushroom":197,"Orichalcum":232,"Akabeko":182,"WarpedTongs":80,"Peace Pipe":171,"SlaversCollar":207,"Shuriken":250,"Ornamental Fan":279,"Bronze Scales":112,"Bird Faced Urn":171,"Coffee Dripper":95,"Bottled Lightning":74,"Toy Ornithopter":171,"TungstenRod":225,"Meat on the Bone":194}],"Toy Ornithopter":29,"TungstenRod":30,"Meat on the Bone":12},"card_choices":[{"not_picked":["hexamod:PhantomCloak","hexamod:BacktrackSmack"],"picked":"hexamod:FourthSeal","floor":1.0},{"not_picked":["hexamod:SuperheatedStrike","hexamod:BurningTouch"],"picked":"hexamod:SpectersWail","floor":3.0},{"not_picked":["hexamod:NightmareGuise","hexamod:FastForward"],"picked":"hexamod:ApocalypticArmor","floor":5.0},{"not_picked":["hexamod:NightmareStrike","hexamod:RetreatToShadows"],"picked":"hexamod:FastForward","floor":7.0},{"not_picked":["hexamod:HauntingEcho","hexamod:HeatMetal"],"picked":"hexamod:ShieldOfDarkness","floor":8.0},{"not_picked":["hexamod:NightmareGuise","hexamod:PhantomCloak+1"],"picked":"hexamod:ThermalTransfer","floor":10.0},{"not_picked":["hexamod:NecessarySacrifice","hexamod:SuperheatedStrike"],"picked":"hexamod:GhostShield","floor":11.0},{"not_picked":["hexamod:SpectersWail","hexamod:SwordOfDarkness"],"picked":"hexamod:GiftsFromTheDead+1","floor":12.0},{"not_picked":["hexamod:GhostflameBarrier","hexamod:GiftsFromTheDead+1"],"picked":"hexamod:RadiantFlame+1","floor":14.0},{"not_picked":["hexamod:GiftsFromTheDead+1","hexamod:GhostflameInferno"],"picked":"hexamod:TimeWarp","floor":16.0},{"not_picked":["hexamod:InspiringFlames","hexamod:SuperheatedStrike"],"picked":"hexamod:Rewind","floor":18.0},{"not_picked":["hexamod:GhostShield","hexamod:ExtraCrispy+1","hexamod:BacktrackSmack"],"picked":"SKIP","floor":19.0},{"not_picked":["hexamod:SpectersWail","hexamod:SecondSeal","hexamod:ExtraCrispy+1"],"picked":"SKIP","floor":22.0},{"not_picked":["hexamod:ParanormalForm+1","hexamod:ThirdSeal"],"picked":"hexamod:StepThrough","floor":24.0},{"not_picked":["hexamod:ShieldOfDarkness","hexamod:GhostflameInferno","hexamod:FastForward"],"picked":"SKIP","floor":25.0},{"not_picked":["hexamod:ShieldOfDarkness","hexamod:GhostflameInferno","hexamod:FastForward"],"picked":"SKIP","floor":25.0},{"not_picked":["hexamod:PowerFromBeyond","hexamod:HeatMetal","hexamod:SpectralSpark"],"picked":"SKIP","floor":27.0},{"not_picked":["hexamod:SuperheatedStrike+1","hexamod:ThermalTransfer","hexamod:SwordOfDarkness"],"picked":"SKIP","floor":29.0},{"not_picked":["hexamod:SecondSeal","hexamod:SwordOfDarkness"],"picked":"hexamod:Toasty","floor":30.0},{"not_picked":["hexamod:GhostLash","hexamod:NecessarySacrifice"],"picked":"hexamod:HeatShield","floor":31.0},{"not_picked":["hexamod:ParanormalForm+1","hexamod:VolcanoVisage+1"],"picked":"hexamod:HexaLevel+1","floor":33.0},{"not_picked":["hexamod:GhostShield","hexamod:NightmareStrike"],"picked":"hexamod:GhostflameBarrier+1","floor":35.0},{"not_picked":["hexamod:PowerFromBeyond","hexamod:GhostShield"],"picked":"hexamod:InspiringFlames","floor":37.0},{"not_picked":["hexamod:ExtraCrispy+1","hexamod:NightmareStrike","hexamod:Rewind"],"picked":"SKIP","floor":38.0},{"not_picked":["hexamod:ThermalTransfer+1","hexamod:PhantomFireball+1","hexamod:SuperheatedStrike"],"picked":"SKIP","floor":39.0},{"not_picked":["hexamod:SpectersWail+1","hexamod:FastForward","hexamod:PhantomFireball"],"picked":"SKIP","floor":41.0},{"not_picked":["hexamod:HeatMetal","hexamod:GhostShield"],"picked":"hexamod:SixthSeal","floor":42.0},{"not_picked":["hexamod:FlamesFromBeyond+1","hexamod:ExtraCrispy+1","hexamod:BurningTouch"],"picked":"SKIP","floor":45.0},{"not_picked":["hexamod:FlamesFromBeyond","hexamod:NightmareGuise"],"picked":"hexamod:Hexaguard+1","floor":46},{"not_picked":["hexamod:SwordOfDarkness","hexamod:Haunt"],"picked":"hexamod:HeatCrush","floor":47}],"player_experience":3515207,"relics_obtained":[{"floor":7.0,"key":"Akabeko"},{"floor":9.0,"key":"Guardian:PocketSentry"},{"floor":9.0,"key":"Frozen Egg 2"},{"floor":10.0,"key":"bronze:DecasWashers"},{"floor":11.0,"key":"Meat on the Bone"},{"floor":12.0,"key":"Odd Mushroom"},{"floor":14.0,"key":"Bottled Lightning"},{"floor":25.0,"key":"TungstenRod"},{"floor":26.0,"key":"Kunai"},{"floor":26.0,"key":"Mummified Hand"},{"floor":27.0,"key":"Regal Pillow"},{"floor":29.0,"key":"Orichalcum"},{"floor":42.0,"key":"Ornamental Fan"},{"floor":43.0,"key":"Calipers"},{"floor":45.0,"key":"Incense Burner"},{"floor":47,"key":"Bottled Tornado"}],"event_choices":[{"cards_removed":["hexamod:Defend"],"damage_healed":0.0,"max_hp_gain":0.0,"max_hp_loss":0.0,"gold_gain":0.0,"event_name":"The Cleric","player_choice":"Card Removal","floor":4.0,"gold_loss":75.0,"damage_taken":0.0},{"damage_healed":0.0,"max_hp_gain":0.0,"max_hp_loss":0.0,"gold_gain":30.0,"event_name":"Dead Adventurer","player_choice":"Searched \u00272\u0027 times","floor":11.0,"gold_loss":0.0,"damage_taken":0.0},{"damage_healed":0.0,"max_hp_gain":0.0,"max_hp_loss":0.0,"gold_gain":0.0,"event_name":"Mushrooms","player_choice":"Fought Mushrooms","floor":12.0,"gold_loss":0.0,"damage_taken":0.0},{"damage_healed":0.0,"max_hp_gain":0.0,"max_hp_loss":0.0,"gold_gain":0.0,"event_name":"Match and Keep!","player_choice":"0 cards matched","floor":20.0,"gold_loss":0.0,"damage_taken":0.0,"cards_obtained":[]},{"damage_healed":0.0,"max_hp_gain":0.0,"max_hp_loss":0.0,"gold_gain":100.0,"event_name":"The Joust","player_choice":"Bet on Murderer","floor":28.0,"gold_loss":50.0,"damage_taken":0.0},{"damage_healed":0.0,"max_hp_gain":0.0,"max_hp_loss":0.0,"gold_gain":0.0,"event_name":"Golden Shrine","player_choice":"Ignored","floor":44.0,"gold_loss":0.0,"damage_taken":0.0}],"is_beta":false,"boss_relics":[{"not_picked":["Astrolabe","Busted Crown"],"picked":"SlaversCollar"},{"not_picked":["Fusion Hammer","Calling Bell"],"picked":"Empty Cage"}],"items_purged_floors":[0,0,0,21],"is_endless":false,"potions_floor_spawned":[5,7,8,10,22,25,30,37,38,45,46,47],"ascension_level":20}}