{"host":"oehe2dxjvdgux73m","time":1612275114,"event":{"mods":["AchievementEnabler","BaseMod","Colored Map","Colored Powertips","DeckTracker","Keyboard Shortcuts","Minty Spire (QoL Compilation)","Permanent Neow","Quick Restart","StSLib","SuperFastMode"],"gold_per_floor":[114,38,3,17,40,66,66,66,66],"floor_reached":8,"language":"KOR","playtime":185,"items_purged":[],"score":108,"play_id":"b2bff7fd-6aad-4dbe-b987-96335b0807cc","local_time":"20210202231154","is_ascension_mode":true,"campfire_choices":[{"floor":7.0,"key":"REST"}],"circlet_count":0,"master_deck":["AscendersBane","Strike_G","Strike_G","Strike_G","Strike_G","Strike_G","Defend_G","Defend_G","Defend_G","Defend_G","Defend_G","Survivor","Neutralize","PiercingWail","Bouncing Flask","Flying Knee","Adrenaline","Poisoned Stab"],"relics":["Ring of the Snake","Dream Catcher","Lantern","Matryoshka"],"acts_visited":["Exordium"],"potions_floor_usage":[8],"damage_taken":[{"damage":6.0,"enemies":"Cultist","floor":1.0,"turns":4.0},{"damage":7.0,"enemies":"Jaw Worm","floor":4.0,"turns":4.0},{"damage":50.0,"enemies":"3 Sentries","floor":6.0,"turns":13.0},{"damage":33,"enemies":"Gremlin Nob","floor":8,"turns":3}],"seed_played":"3823503831828774535","potions_obtained":[{"floor":4.0,"key":"PowerPotion"},{"floor":6.0,"key":"SpeedPotion"}],"is_trial":false,"path_per_floor":["M","$","?","M","T","E","R","E"],"character_chosen":"THE_SILENT","items_purchased":["Bouncing Flask"],"campfire_rested":1,"item_purchase_floors":[2],"current_hp_per_floor":[53,53,66,59,59,9,28,0,0],"gold":66,"neow_bonus":"RANDOM_COMMON_RELIC","is_daily":false,"chose_seed":false,"campfire_upgraded":0,"win_rate":0.0,"timestamp":1612275114,"path_taken":["M","?","?","M","?","E","R","E"],"items_purchased_type":["Card"],"build_version":"2020-12-22","purchased_purges":0,"victory":false,"max_hp_per_floor":[66,66,66,66,66,66,66,66,66],"card_choices":[{"not_picked":["Expertise","Slice"],"picked":"PiercingWail","floor":1.0},{"not_picked":["Blade Dance","Quick Slash"],"picked":"Flying Knee","floor":4.0},{"not_picked":["Prepared","Bouncing Flask"],"picked":"Adrenaline","floor":6.0},{"not_picked":["Cloak And Dagger","Well Laid Plans"],"picked":"Poisoned Stab","floor":7.0}],"player_experience":353416,"relics_obtained":[{"floor":5.0,"key":"Lantern"},{"floor":6.0,"key":"Matryoshka"}],"event_choices":[{"damage_healed":16.0,"max_hp_gain":0.0,"max_hp_loss":0.0,"gold_gain":0.0,"event_name":"The Cleric","player_choice":"Healed","floor":3.0,"gold_loss":35.0,"damage_taken":0.0}],"is_beta":false,"boss_relics":[],"items_purged_floors":[],"is_endless":false,"potions_floor_spawned":[4,6],"killed_by":"Gremlin Nob","ascension_level":20}}