{"host":"kg61lsvem4dxoat8","time":1612284086,"event":{"mods":["AchievementEnabler","BaseMod","Better Altar","Better Match","Better Sensory Stone","Highlight Path","Minty Spire (QoL Compilation)","Quick Restart","Relic Sorter","Relic Stats","StSLib","Synergy Search","slay the spire mod where everything is the same but ironclad has a cowboy hat"],"gold_per_floor":[116,116,129,304,304,332,348,382,430,461,461,461,461],"floor_reached":12,"language":"ENG","playtime":263,"items_purged":[],"score":182,"play_id":"3abddf89-c131-4319-b898-5be0d4a66640","local_time":"20210203004126","is_ascension_mode":true,"campfire_choices":[{"data":"Metallicize","floor":11,"key":"SMITH"}],"circlet_count":0,"master_deck":["AscendersBane","Strike_R","Strike_R","Strike_R","Strike_R","Strike_R","Defend_R","Defend_R","Defend_R","Defend_R","Bash","Cleave+1","Battle Trance","Doubt","Metallicize+1","Flame Barrier","Offering"],"relics":["Burning Blood","NeowsBlessing","Pantograph","Juzu Bracelet","Boot","Bottled Flame"],"acts_visited":["Exordium"],"potions_floor_usage":[8,8],"damage_taken":[{"damage":0,"enemies":"Cultist","floor":1,"turns":1},{"damage":0,"enemies":"2 Louse","floor":3,"turns":1},{"damage":0,"enemies":"Lagavulin","floor":6,"turns":1},{"damage":12,"enemies":"Jaw Worm","floor":7,"turns":5},{"damage":24,"enemies":"Gremlin Nob","floor":8,"turns":5},{"damage":47,"enemies":"3 Sentries","floor":10,"turns":8},{"damage":18,"enemies":"Gremlin Nob","floor":12,"turns":2}],"seed_played":"1603269513089774107","potions_obtained":[{"floor":1,"key":"Block Potion"},{"floor":7,"key":"DistilledChaos"},{"floor":8,"key":"Dexterity Potion"}],"is_trial":false,"path_per_floor":["M","?","M","?","?","E","M","E","T","E","R","E"],"character_chosen":"IRONCLAD","items_purchased":[],"campfire_rested":0,"item_purchase_floors":[],"current_hp_per_floor":[78,78,80,80,80,80,74,56,56,15,15,0,0],"gold":461,"neow_bonus":"THREE_ENEMY_KILL","is_daily":false,"chose_seed":false,"campfire_upgraded":1,"win_rate":0.0,"timestamp":1612284086,"path_taken":["M","?","M","?","?","E","?","E","T","E","R","E"],"items_purchased_type":[],"build_version":"2020-12-22","purchased_purges":0,"victory":false,"max_hp_per_floor":[80,80,80,80,80,80,80,80,80,80,80,80,80],"relic_stats":{"counters":[7,23],"Pantograph":0,"Juzu Bracelet":0,"Boot":[0],"obtain_stats":[{"Bottled Flame":10,"NeowsBlessing":0,"Pantograph":6,"Juzu Bracelet":8,"Boot":9,"Burning Blood":0},{"Bottled Flame":6,"NeowsBlessing":0,"Pantograph":3,"Juzu Bracelet":5,"Boot":5,"Burning Blood":0},{"Bottled Flame":21,"NeowsBlessing":0,"Pantograph":3,"Juzu Bracelet":13,"Boot":13,"Burning Blood":0}],"Burning Blood":26},"card_choices":[{"not_picked":["Hemokinesis","Armaments"],"picked":"Cleave","floor":1},{"not_picked":["Hemokinesis","Wild Strike"],"picked":"Battle Trance","floor":3},{"not_picked":["Iron Wave","Hemokinesis"],"picked":"Metallicize","floor":6},{"not_picked":["Twin Strike","Wild Strike"],"picked":"Flame Barrier","floor":7},{"not_picked":["Clash","Anger"],"picked":"Offering","floor":8},{"not_picked":["Sever Soul","Armaments","Headbutt"],"picked":"SKIP","floor":10}],"player_experience":1456237,"relics_obtained":[{"floor":6,"key":"Pantograph"},{"floor":8,"key":"Juzu Bracelet"},{"floor":9,"key":"Boot"},{"floor":10,"key":"Bottled Flame"}],"event_choices":[{"damage_healed":0,"gold_gain":0,"player_choice":"Grow","damage_taken":0,"max_hp_gain":0,"max_hp_loss":0,"event_name":"Living Wall","floor":2,"gold_loss":0,"cards_upgraded":["Cleave"]},{"damage_healed":0,"gold_gain":175,"player_choice":"AGREE","damage_taken":0,"max_hp_gain":0,"max_hp_loss":0,"event_name":"Liars Game","floor":4,"gold_loss":0,"cards_obtained":["Doubt"]},{"damage_healed":0,"gold_gain":0,"player_choice":"Full Heal","damage_taken":0,"max_hp_gain":0,"max_hp_loss":0,"event_name":"Wheel of Change","floor":5,"gold_loss":0}],"is_beta":false,"boss_relics":[],"items_purged_floors":[],"is_endless":false,"potions_floor_spawned":[1,7,8],"killed_by":"Gremlin Nob","ascension_level":10}}