{"host":"8rgpnls124hwjv5t","time":1612298598,"event":{"mods":["BaseMod","Colored Map","Colored Powertips","DeckTracker","Highlight Path","Minty Spire (QoL Compilation)","Permanent Neow","Quick Restart","Relic Stats","Shop Mod","StSLib"],"gold_per_floor":[109,128,146,146,146,146,146,189,189,227,227,227,227,251,251,345,345,365,308,331,355,376,376,376],"floor_reached":23,"language":"ENG","playtime":1426,"items_purged":[],"score":402,"play_id":"25585336-d2ed-4288-89b7-714fc3e643bf","local_time":"20210202154318","is_ascension_mode":true,"campfire_choices":[{"data":"Neutralize","floor":6,"key":"SMITH"},{"floor":11,"key":"REST"},{"data":"Burst","floor":13,"key":"SMITH"},{"floor":15,"key":"REST"}],"circlet_count":0,"master_deck":["AscendersBane","Strike_G","Strike_G","Strike_G","Strike_G","Defend_G","Defend_G","Defend_G","Defend_G","Defend_G","Survivor","Neutralize+1","Burst+1","Endless Agony","Bane","Predator+1","Sucker Punch","Blade Dance","Venomology","Crippling Poison","PiercingWail","Blade Dance","Slice","Finisher"],"relics":["Ring of the Snake","Mercury Hourglass","Golden Idol","Ginger","Ornamental Fan","Centennial Puzzle","Runic Pyramid"],"acts_visited":["Exordium","TheCity"],"potions_floor_usage":[8,16,20,21,21,22,22,23],"damage_taken":[{"damage":3,"enemies":"2 Louse","floor":1,"turns":4},{"damage":4,"enemies":"Small Slimes","floor":2,"turns":5},{"damage":1,"enemies":"Cultist","floor":3,"turns":5},{"damage":13,"enemies":"Lagavulin","floor":8,"turns":6},{"damage":10,"enemies":"3 Sentries","floor":10,"turns":7},{"damage":0,"enemies":"2 Fungi Beasts","floor":14,"turns":2},{"damage":32,"enemies":"Hexaghost","floor":16,"turns":11},{"damage":3,"enemies":"3 Byrds","floor":18,"turns":5},{"damage":7,"enemies":"2 Thieves","floor":20,"turns":3},{"damage":6,"enemies":"Centurion and Healer","floor":21,"turns":7},{"damage":11,"enemies":"Chosen and Byrds","floor":22,"turns":5},{"damage":34,"enemies":"Gremlin Leader","floor":23,"turns":6}],"seed_played":"-7468061997765697233","potions_obtained":[{"floor":2,"key":"Swift Potion"},{"floor":14,"key":"Fire Potion"},{"floor":16,"key":"CunningPotion"}],"is_trial":false,"path_per_floor":["M","M","M","?","?","R","?","E","T","E","R","?","R","M","R","B",null,"M","$","M","M","M","E"],"character_chosen":"THE_SILENT","items_purchased":["PiercingWail"],"campfire_rested":2,"item_purchase_floors":[19],"current_hp_per_floor":[56,52,51,51,40,40,40,27,27,17,35,35,35,35,53,21,50,47,47,40,34,23,0,0],"gold":376,"neow_bonus":"ONE_RANDOM_RARE_CARD","is_daily":false,"chose_seed":false,"campfire_upgraded":2,"win_rate":0.0,"timestamp":1612298598,"path_taken":["M","M","M","?","?","R","?","E","T","E","R","?","R","M","R","BOSS","M","$","M","M","M","E"],"items_purchased_type":["Card"],"build_version":"2020-12-22","purchased_purges":0,"victory":false,"max_hp_per_floor":[66,66,66,66,66,66,60,60,60,60,60,60,60,60,60,60,60,60,60,60,60,60,60,60],"relic_stats":{"Centennial Puzzle":[20],"counters":[12,66],"Golden Idol":59,"Ornamental Fan":[128],"Ginger":[0],"obtain_stats":[{"Centennial Puzzle":10,"Golden Idol":7,"Ornamental Fan":9,"Ginger":8,"Ring of the Snake":0,"Mercury Hourglass":5,"Runic Pyramid":17},{"Centennial Puzzle":5,"Golden Idol":3,"Ornamental Fan":4,"Ginger":4,"Ring of the Snake":0,"Mercury Hourglass":3,"Runic Pyramid":7},{"Centennial Puzzle":27,"Golden Idol":14,"Ornamental Fan":20,"Ginger":20,"Ring of the Snake":0,"Mercury Hourglass":14,"Runic Pyramid":40}],"Ring of the Snake":[25],"Mercury Hourglass":[233]},"card_choices":[{"not_picked":["Blade Dance","Quick Slash"],"picked":"Endless Agony","floor":1},{"not_picked":["All Out Attack","Riddle With Holes"],"picked":"Bane","floor":2},{"not_picked":["Concentrate","Prepared"],"picked":"Predator","floor":3},{"not_picked":["Eviscerate","Concentrate","Accuracy"],"picked":"SKIP","floor":8},{"not_picked":["Outmaneuver","Dagger Spray"],"picked":"Sucker Punch","floor":10},{"not_picked":["Deadly Poison","Dagger Spray"],"picked":"Blade Dance","floor":14},{"not_picked":["A Thousand Cuts","After Image"],"picked":"Venomology","floor":16},{"not_picked":["Blade Dance","Bane"],"picked":"Crippling Poison","floor":18},{"not_picked":["Sucker Punch","Deadly Poison"],"picked":"Blade Dance","floor":20},{"not_picked":["Dodge and Roll","Expertise"],"picked":"Slice","floor":21},{"not_picked":["Acrobatics","Calculated Gamble"],"picked":"Finisher","floor":22}],"player_experience":463213,"relics_obtained":[{"floor":8,"key":"Ginger"},{"floor":9,"key":"Ornamental Fan"},{"floor":10,"key":"Centennial Puzzle"}],"event_choices":[{"damage_healed":0,"gold_gain":0,"player_choice":"Grow","damage_taken":0,"max_hp_gain":0,"max_hp_loss":0,"event_name":"Living Wall","floor":4,"gold_loss":0,"cards_upgraded":["Predator"]},{"damage_healed":0,"gold_gain":0,"player_choice":"Success","damage_taken":11,"relics_obtained":["Mercury Hourglass"],"max_hp_gain":0,"max_hp_loss":0,"event_name":"Scrap Ooze","floor":5,"gold_loss":0},{"damage_healed":0,"gold_gain":0,"player_choice":"Lose Max HP","damage_taken":0,"relics_obtained":["Golden Idol"],"max_hp_gain":0,"max_hp_loss":6,"event_name":"Golden Idol","floor":7,"gold_loss":0},{"cards_removed":["Strike_G"],"damage_healed":0,"gold_gain":0,"player_choice":"Purged","damage_taken":0,"max_hp_gain":0,"max_hp_loss":0,"event_name":"Purifier","floor":12,"gold_loss":0}],"is_beta":false,"boss_relics":[{"not_picked":["Black Star","Tiny House"],"picked":"Runic Pyramid"}],"items_purged_floors":[],"is_endless":false,"potions_floor_spawned":[2,14,16,20],"killed_by":"Gremlin Leader","ascension_level":20}}