{"host":"pgm1p3lvdjflie30","time":1612284367,"event":{"mods":["ATMod(阿瑾Mod)","AchievementEnabler","Aspiration","BaseMod","Challenge The Spire","Colored Map","Colored Powertips","Conspire","Dark Map","Dota2Spire","Energized Spire","Highlight Path","Minty Spire (QoL Compilation)","MostiFishMod","Quarter Circle Forward PUNCH!","Quick Restart","Replay The Spire","Spicy Shops","StSLib","TestMod","The Cursed","The IronCluck","The Jungle","Waifu the Spire","【?物卡牌】REMEMod","篝火指南"],"gold_per_floor":[117,131,131,131,131,160,160,160,185,215,240,35,35,35,35,176,176,225,263,88,488,557,557,557,667,718,718,718,790,760,842,842,1035,1035,1078,1078,1205,1205,1205,1231,1231,393,393,459,493],"floor_reached":46,"language":"ZHS","playtime":1958,"items_purged":["Writhe","Injury"],"score":1423,"play_id":"8434a13a-6b38-4cce-a217-4a1ef79d8436","local_time":"20210203004607","is_ascension_mode":false,"campfire_choices":[{"floor":7,"key":"RECALL"},{"data":"Infernal Blade","floor":15,"key":"SMITH"},{"data":"REME_Flogging","floor":24,"key":"SMITH"},{"data":"Toxin Wave","floor":32,"key":"SMITH"}],"circlet_count":0,"master_deck":["TheCursedMod:Strike_TheCursed+1","TheCursedMod:Strike_TheCursed","TheCursedMod:Strike_TheCursed","TheCursedMod:Strike_TheCursed","TheCursedMod:Defend_TheCursed","TheCursedMod:Defend_TheCursed+1","TheCursedMod:Defend_TheCursed","TheCursedMod:CursedWand","TheCursedMod:CleanUpWorkshop","TheCursedMod:Dregs","Jack Of All Trades+1","AT_FamilyPortrait","TheCursedMod:SoulReap","TheCursedMod:Stigma","Iron Wave","Blade Dance","Infernal Blade+1","REME_Flogging+1","Sucker Punch+1","Ball Lightning","Toxin Wave+1","Languid","Choke","Injury","Shame","TheCursedMod:CursedShiv","Perfected Strike+1","Berserk+1","AT_DrawKnifeCut+1","Poisoned Stab","MostiFishMod:Mottled"],"relics":["TheCursedMod:BlackMagic101","REME_ComplimentaryCards","DaveBox","testmod-TestBox","DianDianMeat","testmod-FatalChain","NeowsBlessing","SynthV:TestCard","PrismaticShard","Replay:Bandana","Juzu Bracelet","aspiration:Nostalgia","Replay:M_SmolderingBlood","Golden Idol","Cursed Key","ReplayTheSpireMod:Ring of Challenge","Ring of Fury","Pondfish Scales","Pen Nib","testmod-TurbochargingSystem","TheCursedMod:DemonicMark","REME_DemonsWealth","Dota2Spire:OctarineCore","AT_BladeRuinedKing","Happy Flower","Dota2Spire:Dagon","ChiLing","Chi","Ling","Cauldron","qcfpunch:Not_Strongest_Fighting_Style_Guidebook"],"acts_visited":["Exordium","TheCity","TheBeyond","TheEnding"],"potions_floor_usage":[16,16,22,25,25,31,33,37,37,40,45],"damage_taken":[{"damage":0,"enemies":"2 Louse","floor":1,"turns":1},{"damage":0,"enemies":"Small Slimes","floor":2,"turns":1},{"damage":0,"enemies":"Gremlin Nob","floor":6,"turns":1},{"damage":6,"enemies":"Cultist","floor":10,"turns":3},{"damage":15,"enemies":"Looter","floor":11,"turns":3},{"damage":73,"enemies":"Hexaghost","floor":16,"turns":6},{"damage":6,"enemies":"conspire:FuzzyDice","floor":18,"turns":3},{"damage":0,"enemies":"Chosen","floor":19,"turns":3},{"damage":12,"enemies":"Centurion and Healer","floor":22,"turns":3},{"damage":16,"enemies":"Gremlin Leader","floor":25,"turns":3},{"damage":15,"enemies":"Book of Stabbing","floor":29,"turns":3},{"damage":0,"enemies":"Snake Plant","floor":31,"turns":2},{"damage":0,"enemies":"Collector","floor":33,"turns":6},{"damage":36,"enemies":"3 Shapes","floor":35,"turns":3},{"damage":94,"enemies":"2 Orb Walkers","floor":37,"turns":4},{"damage":147,"enemies":"Awakened One","floor":40,"turns":8},{"damage":42,"enemies":"Shield and Spear","floor":44,"turns":4},{"damage":84,"enemies":"The Heart","floor":45,"turns":5}],"seed_played":"4284416760387076351","potions_obtained":[{"floor":1,"key":"FearPotion"},{"floor":10,"key":"PowerPotion"},{"floor":16,"key":"SkillPotion"},{"floor":18,"key":"Dota2Spire:Clarity"},{"floor":22,"key":"Fruit Juice"},{"floor":29,"key":"Dota2Spire:HealingSalve"},{"floor":30,"key":"ColorlessPotion"},{"floor":30,"key":"Regen Potion"},{"floor":31,"key":"Dota2Spire:Clarity"},{"floor":37,"key":"Energy Potion"},{"floor":42,"key":"FairyPotion"},{"floor":42,"key":"DuplicationPotion"},{"floor":42,"key":"GamblersBrew"}],"is_trial":false,"path_per_floor":["M","M","?","?","?","E","R","?","T","M","M","$","?","?","R","B",null,"M","M","$","?","M","?","R","E","T","T","?","E","?","M","R","B",null,"M","?","?","?","?","B",null,"R","$","E","B",null],"character_chosen":"THE_CURSED","items_purchased":["Juzu Bracelet","aspiration:Nostalgia","AT_BladeRuinedKing","Happy Flower","Dota2Spire:Dagon","ChiLing","Cauldron"],"campfire_rested":0,"item_purchase_floors":[12,12,42,42,42,42,42],"current_hp_per_floor":[81,85,85,68,68,73,73,79,79,85,83,92,102,102,102,45,141,147,165,165,165,177,192,192,200,217,235,251,257,257,285,285,306,311,297,297,235,235,235,95,356,356,356,338,270],"gold":493,"neow_bonus":"THREE_ENEMY_KILL","is_daily":false,"chose_seed":false,"campfire_upgraded":3,"win_rate":0.0,"timestamp":1612284367,"path_taken":["M","M","?","?","?","E","R","?","T","?","M","$","?","?","R","BOSS","M","M","$","?","M","?","R","E","T","?","?","E","?","M","R","BOSS","M","?","?","?","?","BOSS","R","$","E","BOSS"],"items_purchased_type":["Relic","Relic","Relic","Relic","Relic","Relic","Relic"],"build_version":"2020-12-22","purchased_purges":2,"victory":true,"max_hp_per_floor":[81,85,85,85,85,90,90,96,96,103,111,120,130,130,130,141,141,153,166,166,166,185,200,200,216,233,251,251,270,270,290,290,311,311,333,333,356,356,356,356,356,356,356,380,380],"card_choices":[{"not_picked":["TheCursedMod:WearCloak","TheCursedMod:Obscuration"],"picked":"TheCursedMod:SoulReap","floor":1},{"not_picked":["TheCursedMod:Obscuration","TheCursedMod:Stretching","TheCursedMod:BloodBarrier","TheCursedMod:FleshFromBone"],"picked":"TheCursedMod:Stigma","floor":2},{"not_picked":["Panic Button","conspire:Charge","Havoc","TheCursedMod:SmokeScreen"],"picked":"Outmaneuver","floor":6},{"not_picked":["Deflect","AT_KneejerkReflex","CutThroughFate","ReplayTheSpireMod:Dual Polarity"],"picked":"Blade Dance","floor":10},{"not_picked":["REME_ShadowStrike","Pommel Strike","MostiFishMod:Speedup","Heatsinks"],"picked":"Infernal Blade","floor":11},{"not_picked":["Bullet Time","Brutality","MostiFishMod:Pointsdynamics","REME_SpectralBlade"],"picked":"REME_Flogging","floor":16},{"not_picked":["Fusion","Wireheading","TheCursedMod:HellfireBreathing","FlyingSleeves"],"picked":"Sucker Punch+1","floor":18},{"not_picked":["TheCursedMod:Torture","MostiFishMod:Clarity+1","CrushJoints","MostiFishMod:FlowState"],"picked":"Ball Lightning","floor":19},{"not_picked":["Stack","Clothesline","TheCursedMod:DoubleShield","Predator"],"picked":"Toxin Wave","floor":22},{"not_picked":["Sever Soul","Auto Shields","Replay:Anticipation","Havoc"],"picked":"Choke","floor":25},{"not_picked":["Replay:BasicMightCard","Blade Dance","PathToVictory","Prepared"],"picked":"TheCursedMod:CursedShiv","floor":29},{"not_picked":["Protect","Thunderclap","testmod-SubstituteBySubterfuge","Redo"],"picked":"Perfected Strike+1","floor":31},{"not_picked":["Devotion","REME_SpectralBlade","MostiFishMod:OrdinaryWorld","Replay:Bag of Tricks"],"picked":"Berserk","floor":33},{"not_picked":["AT_DiedThrough","Searing Blow","EmptyBody","Dodge and Roll","ReplayTheSpireMod:Faulty Equipment"],"picked":"AT_DrawKnifeCut+1","floor":35},{"not_picked":["LikeWater+1","Hologram+1","Coolheaded","Steam","Spreading Infection"],"picked":"Poisoned Stab","floor":37},{"not_picked":["TheCursedMod:FleshFromBone+1","REME_DataAnalysis","Compile Driver","Reprogram+1","Injury"],"picked":"MostiFishMod:Mottled","floor":44}],"player_experience":237405,"relics_obtained":[{"floor":1,"key":"SynthV:TestCard"},{"floor":6,"key":"Replay:Bandana"},{"floor":23,"key":"ReplayTheSpireMod:Ring of Challenge"},{"floor":23,"key":"Ring of Fury"},{"floor":25,"key":"Pondfish Scales"},{"floor":26,"key":"Pen Nib"},{"floor":27,"key":"testmod-TurbochargingSystem"},{"floor":29,"key":"TheCursedMod:DemonicMark"},{"floor":37,"key":"Dota2Spire:OctarineCore"},{"floor":44,"key":"qcfpunch:Not_Strongest_Fighting_Style_Guidebook"}],"event_choices":[{"damage_healed":0,"gold_gain":0,"player_choice":"Entered Light","damage_taken":17,"max_hp_gain":0,"max_hp_loss":0,"event_name":"Shining Light","floor":4,"gold_loss":0,"cards_upgraded":["TheCursedMod:Strike_TheCursed","TheCursedMod:Defend_TheCursed"]},{"damage_healed":0,"gold_gain":0,"player_choice":"Grow","damage_taken":0,"max_hp_gain":0,"max_hp_loss":0,"event_name":"Living Wall","floor":5,"gold_loss":0,"cards_upgraded":["Jack Of All Trades"]},{"cards_removed":["Outmaneuver"],"damage_healed":0,"gold_gain":0,"player_choice":"Took Card","damage_taken":0,"max_hp_gain":0,"max_hp_loss":0,"event_name":"NoteForYourself","floor":8,"gold_loss":0,"cards_obtained":["Iron Wave"]},{"damage_healed":0,"gold_gain":0,"player_choice":"Take Wound","damage_taken":0,"relics_obtained":["Golden Idol"],"max_hp_gain":0,"max_hp_loss":0,"event_name":"Golden Idol","floor":13,"gold_loss":0,"cards_obtained":["Injury"]},{"damage_healed":0,"gold_gain":400,"player_choice":"Sell","damage_taken":0,"max_hp_gain":0,"max_hp_loss":0,"event_name":"恩洛斯的?子","floor":21,"relics_lost":["AT_ATBox"],"gold_loss":0},{"damage_healed":16,"gold_gain":0,"player_choice":"Full Heal","damage_taken":0,"max_hp_gain":0,"max_hp_loss":0,"event_name":"Wheel of Change","floor":28,"gold_loss":0},{"damage_healed":0,"gold_gain":0,"player_choice":"Bought 2 Potions","damage_taken":0,"max_hp_gain":0,"max_hp_loss":0,"event_name":"The Woman in Blue","floor":30,"gold_loss":0},{"damage_healed":0,"gold_gain":0,"player_choice":"Upgraded","damage_taken":0,"max_hp_gain":0,"max_hp_loss":0,"event_name":"Upgrade Shrine","floor":36,"gold_loss":0,"cards_upgraded":["Berserk"]},{"damage_healed":0,"gold_gain":0,"player_choice":"Fight","damage_taken":0,"max_hp_gain":0,"max_hp_loss":0,"event_name":"Mysterious Sphere","floor":37,"gold_loss":0},{"damage_healed":0,"gold_gain":0,"player_choice":"Ignored","damage_taken":0,"max_hp_gain":0,"max_hp_loss":0,"event_name":"Tomb of Lord Red Mask","floor":38,"gold_loss":0},{"damage_healed":0,"gold_gain":0,"player_choice":"Took Portal","damage_taken":0,"max_hp_gain":0,"max_hp_loss":0,"event_name":"SecretPortal","floor":39,"gold_loss":0}],"is_beta":false,"boss_relics":[{"not_picked":["SlaversCollar","testmod-DeterminationOfClimber"],"picked":"Cursed Key"},{"not_picked":["energizedSpire:EnergizedDie","HereWithMe"],"picked":"REME_DemonsWealth"}],"items_purged_floors":[20,20],"is_endless":false,"potions_floor_spawned":[1,10,16,18,22,29,31,37],"ascension_level":0}}