{"host":"6rz02yiipefhcw4r","time":1612230384,"event":{"mods":["2.2 Compatiblity","Arknights","BaseMod","Better Match","Better Third Choice","Better Vampires","BetterRewards","Block Reminder","Colored Map","Curses Come First","DeckTracker","Googly Eyes","Hubris","Minty Spire (QoL Compilation)","Quick Restart","Rare Cards Sparkle","Reliquary","Shade Mod","Spicy Shops","StSLib","The Bladedancer","The Cursed","The Marked","The Necromancer","The Runesmith"],"gold_per_floor":[113,113,113,127,140,167,167,200,223,241,257,257,284,284,284,355,405,419,419,419,437,454,454,454,467,467,467,467],"floor_reached":27,"language":"ENG","playtime":870,"items_purged":[],"score":466,"play_id":"752bcd6b-ca3a-4957-925b-d6d5448fdd57","local_time":"20210201234624","is_ascension_mode":true,"campfire_choices":[{"floor":12.0,"key":"REST"},{"floor":15.0,"key":"REST"},{"floor":23,"key":"REST"}],"circlet_count":0,"master_deck":["AscendersBane","Strike_R","Strike_R","Strike_R","Strike_R","Defend_R+1","Defend_R","Defend_R","Bash","Twin Strike","Cleave","Pommel Strike+1","Pommel Strike","Clothesline","Warcry","Twin Strike","Demon Form","Twin Strike","Perfected Strike","hubris:DuctTapeCard"],"relics":["Burning Blood","NeowsBlessing","hubris:Towel","Bronze Scales","reliquary:RosewoodLute","hubris:CrystalStatue","hubris:ChampionShield","Turnip","Tiny House","hubris:DuctTape"],"acts_visited":["Exordium","TheCity"],"potions_floor_usage":[22,25],"damage_taken":[{"damage":0.0,"enemies":"Small Slimes","floor":1.0,"turns":1.0},{"damage":0.0,"enemies":"2 Louse","floor":4.0,"turns":1.0},{"damage":0.0,"enemies":"Cultist","floor":5.0,"turns":1.0},{"damage":35.0,"enemies":"Lagavulin","floor":6.0,"turns":6.0},{"damage":32.0,"enemies":"Gremlin Nob","floor":8.0,"turns":4.0},{"damage":0.0,"enemies":"Looter","floor":10.0,"turns":2.0},{"damage":17.0,"enemies":"3 Louse","floor":11.0,"turns":2.0},{"damage":22.0,"enemies":"3 Sentries","floor":13.0,"turns":7.0},{"damage":32.0,"enemies":"Slime Boss","floor":16.0,"turns":10.0},{"damage":25.0,"enemies":"Spheric Guardian","floor":18.0,"turns":5.0},{"damage":26.0,"enemies":"Chosen","floor":21.0,"turns":5.0},{"damage":31,"enemies":"Snake Plant","floor":22,"turns":4},{"damage":20,"enemies":"Snecko","floor":25,"turns":5},{"damage":0,"enemies":"Shelled Parasite and Fungi","floor":27,"turns":1}],"seed_played":"4029229478036344350","potions_obtained":[{"floor":1.0,"key":"Energy Potion"},{"floor":4.0,"key":"GamblersBrew"},{"floor":8.0,"key":"FearPotion"},{"floor":13.0,"key":"Swift Potion"},{"floor":16.0,"key":"SneckoOil"},{"floor":17.0,"key":"Regen Potion"},{"floor":22,"key":"PowerPotion"}],"is_trial":false,"path_per_floor":["M","?","?","M","M","E","?","E","T","M","M","R","E","?","R","B",null,"M","?","?","M","M","R","?","M","T","M"],"character_chosen":"IRONCLAD","items_purchased":[],"campfire_rested":3,"item_purchase_floors":[],"current_hp_per_floor":[74,74,74,75,75,46,41,15,15,21,10,32,16,16,38,12,64,45,45,45,39,14,38,38,24,24,24,24],"gold":467,"neow_bonus":"THREE_ENEMY_KILL","is_daily":false,"chose_seed":false,"campfire_upgraded":0,"win_rate":0.0,"timestamp":1612230384,"path_taken":["M","?","?","?","M","E","?","E","T","M","M","R","E","?","R","BOSS","M","?","?","M","?","R","?","?","T","M"],"items_purchased_type":[],"build_version":"2020-12-22","purchased_purges":0,"victory":false,"max_hp_per_floor":[75,75,75,75,75,75,75,75,75,75,75,75,75,75,75,75,80,80,80,80,80,80,80,80,80,80,80,80],"card_choices":[{"not_picked":["Ghostly Armor","Body Slam"],"picked":"Armaments","floor":1.0},{"not_picked":["Ghostly Armor","Pummel"],"picked":"Twin Strike","floor":4.0},{"not_picked":["Flame Barrier","Headbutt"],"picked":"Cleave","floor":5.0},{"not_picked":["Heavy Blade","Evolve"],"picked":"Pommel Strike","floor":6.0},{"not_picked":["Wild Strike","Headbutt"],"picked":"Pommel Strike","floor":8.0},{"not_picked":["Hemokinesis","Sword Boomerang"],"picked":"Clothesline","floor":10.0},{"not_picked":["Searing Blow","Thunderclap"],"picked":"Warcry","floor":11.0},{"not_picked":["Intimidate","hubris:ReadiedAction"],"picked":"Twin Strike","floor":13.0},{"not_picked":["Reaper","Limit Break"],"picked":"Demon Form","floor":16.0},{"not_picked":["Second Wind","Sentinel"],"picked":"Twin Strike","floor":17.0},{"not_picked":["Warcry","Body Slam","Inflame"],"picked":"SKIP","floor":18.0},{"not_picked":["Pommel Strike","True Grit"],"picked":"Perfected Strike","floor":21},{"not_picked":["Blood for Blood+1","Sever Soul","Body Slam"],"picked":"SKIP","floor":22},{"not_picked":["hubris:ReadiedAction","Havoc"],"picked":"Battle Trance","floor":25}],"player_experience":794247,"relics_obtained":[{"floor":6.0,"key":"Bronze Scales"},{"floor":8.0,"key":"hubris:CrystalStatue"},{"floor":9.0,"key":"hubris:ChampionShield"},{"floor":13.0,"key":"Turnip"},{"floor":26,"key":"hubris:DuctTape"}],"event_choices":[{"cards_removed":["Defend_R"],"damage_healed":0.0,"max_hp_gain":0.0,"max_hp_loss":0.0,"gold_gain":0.0,"event_name":"Purifier","player_choice":"Purged","floor":3.0,"gold_loss":0.0,"damage_taken":0.0},{"damage_healed":0.0,"max_hp_gain":0.0,"max_hp_loss":0.0,"gold_gain":0.0,"event_name":"betterThird:BetterScrap","player_choice":"Relic ","floor":7.0,"gold_loss":0.0,"damage_taken":5.0,"cards_obtained":["Vault"]},{"damage_healed":0.0,"max_hp_gain":0.0,"max_hp_loss":0.0,"gold_gain":0.0,"event_name":"Living Wall","player_choice":"Grow","floor":14.0,"gold_loss":0.0,"damage_taken":0.0,"cards_upgraded":["Armaments"]},{"damage_healed":0.0,"max_hp_gain":0.0,"max_hp_loss":0.0,"gold_gain":0.0,"event_name":"The Mausoleum","player_choice":"Ignored","floor":19.0,"gold_loss":0.0,"damage_taken":0.0},{"damage_healed":0.0,"max_hp_gain":0.0,"max_hp_loss":0.0,"gold_gain":0.0,"event_name":"Upgrade Shrine","player_choice":"Upgraded","floor":20.0,"gold_loss":0.0,"damage_taken":0.0,"cards_upgraded":["Pommel Strike"]},{"cards_removed":["Strike_R"],"damage_healed":0,"gold_gain":0,"player_choice":"Offered Basic","damage_taken":0,"max_hp_gain":0,"max_hp_loss":0,"event_name":"Bonfire Elementals","floor":24,"gold_loss":0}],"is_beta":false,"boss_relics":[{"not_picked":["Runic Cube","Runesmith:UraniumAnvil"],"picked":"Tiny House"}],"items_purged_floors":[],"is_endless":false,"potions_floor_spawned":[1,4,8,13,16,22],"killed_by":"Shelled Parasite and Fungi","ascension_level":20}}