{"host":"vfg9szunmpjwj08o","time":1612304014,"event":{"mods":["Act Like it!","BaseMod","Challenge The Spire","Colored Map","Colored Powertips","Conspire","Dark Map","Minty Spire (QoL Compilation)","Relic Stats","StSLib","Waifu the Spire"],"gold_per_floor":[362,362,150,164,183,183,11,11,11,36,36,66,83,99,99,170,170,189,203,25,42,42,42,75,94,120,151,168,118,130,130],"floor_reached":30,"language":"ENG","playtime":1820,"items_purged":["Strike_B","Strike_B"],"score":560,"play_id":"0bd8b3d8-73cc-4137-9f8a-e34d5a12ee02","local_time":"20210202231334","is_ascension_mode":true,"campfire_choices":[{"data":"Zap","floor":6.0,"key":"SMITH"},{"data":"Zap","floor":8.0,"key":"SMITH"},{"data":"Dualcast","floor":11.0,"key":"SMITH"},{"floor":15.0,"key":"RECALL"},{"data":"Defragment","floor":23.0,"key":"SMITH"}],"circlet_count":0,"master_deck":["AscendersBane","Strike_B","Strike_B","Defend_B","Defend_B","Defend_B","Defend_B","Zap+1","Dualcast+1","Chill","Machine Learning","Zap+1","Storm","Compile Driver","Scrape","Glacier","Coolheaded","Coolheaded","All For One","conspire:SharedLibrary","conspire:Banana","Defragment+1","Fusion","BootSequence","Chill","conspire:SpireCoStock"],"relics":["Cracked Core","Membership Card","InkBottle","Smiling Mask","Art of War","Coffee Dripper","Strange Spoon","Happy Flower"],"acts_visited":["Exordium","TheCity"],"potions_floor_usage":[27,28],"damage_taken":[{"damage":2.0,"enemies":"Jaw Worm","floor":1.0,"turns":3.0},{"damage":2.0,"enemies":"conspire:RoseBush","floor":4.0,"turns":3.0},{"damage":0.0,"enemies":"Cultist","floor":5.0,"turns":3.0},{"damage":12.0,"enemies":"Lagavulin","floor":10.0,"turns":5.0},{"damage":16.0,"enemies":"Gremlin Nob","floor":12.0,"turns":4.0},{"damage":4.0,"enemies":"Exordium Wildlife","floor":13.0,"turns":5.0},{"damage":0.0,"enemies":"Looter","floor":14.0,"turns":3.0},{"damage":26.0,"enemies":"The Guardian","floor":16.0,"turns":12.0},{"damage":7.0,"enemies":"3 Byrds","floor":18.0,"turns":5.0},{"damage":9.0,"enemies":"Spheric Guardian","floor":19.0,"turns":3.0},{"damage":14.0,"enemies":"Snake Plant","floor":21.0,"turns":4.0},{"damage":7,"enemies":"conspire:SneckoGhost","floor":24,"turns":5},{"damage":1,"enemies":"Centurion and Healer","floor":25,"turns":6},{"damage":15,"enemies":"Book of Stabbing","floor":27,"turns":6},{"damage":3,"enemies":"Chosen and Byrds","floor":28,"turns":7},{"damage":15,"enemies":"3 Cultists","floor":30,"turns":4}],"seed_played":"-6474741441626727082","potions_obtained":[{"floor":5.0,"key":"EntropicBrew"},{"floor":12.0,"key":"LiquidMemories"},{"floor":13.0,"key":"Energy Potion"},{"floor":21.0,"key":"PowerPotion"}],"is_trial":false,"path_per_floor":["M","?","$","M","M","R","$","R","T","E","R","E","M","M","R","B",null,"M","M","$","M","?","R","E","M","T","E","M","?","M"],"character_chosen":"DEFECT","items_purchased":["Storm","Compile Driver","Membership Card","Strange Spoon","conspire:Banana"],"campfire_rested":0,"item_purchase_floors":[3,3,7,20,20],"current_hp_per_floor":[62,62,62,60,60,60,60,60,60,48,48,32,42,42,42,16,52,45,36,36,23,23,23,20,20,20,6,4,4,0,0],"gold":130,"neow_bonus":"TWO_FIFTY_GOLD","is_daily":false,"chose_seed":false,"campfire_upgraded":4,"win_rate":0.0,"timestamp":1612304014,"path_taken":["M","?","$","M","M","R","$","R","T","E","R","E","M","M","R","BOSS","M","?","?","M","?","R","E","M","T","E","M","?","M"],"items_purchased_type":["Card","Card","Relic","Relic","Card"],"build_version":"2020-12-22","purchased_purges":2,"victory":false,"max_hp_per_floor":[64,64,64,64,64,64,64,64,64,64,64,64,64,64,64,64,64,64,64,64,65,65,65,69,70,70,71,72,72,74,74],"relic_stats":{"Strange Spoon":[11],"Happy Flower":[3],"counters":[16,78],"Art of War":[11],"Smiling Mask":0,"obtain_stats":[{"Strange Spoon":20,"Happy Flower":27,"Art of War":12,"Coffee Dripper":17,"Membership Card":7,"Cracked Core":0,"Smiling Mask":10,"InkBottle":9},{"Strange Spoon":10,"Happy Flower":14,"Art of War":5,"Coffee Dripper":8,"Membership Card":3,"Cracked Core":0,"Smiling Mask":4,"InkBottle":3},{"Strange Spoon":46,"Happy Flower":67,"Art of War":18,"Coffee Dripper":38,"Membership Card":9,"Cracked Core":0,"Smiling Mask":14,"InkBottle":9}],"InkBottle":[31]},"card_choices":[{"not_picked":["Redo","Compile Driver"],"picked":"Chill","floor":1.0},{"not_picked":["Compile Driver","Turbo"],"picked":"Scrape","floor":4.0},{"not_picked":["Barrage","Steam"],"picked":"Glacier","floor":5.0},{"not_picked":["Recycle","All For One"],"picked":"Coolheaded","floor":10.0},{"not_picked":["Lockon","Leap","Sweeping Beam"],"picked":"SKIP","floor":12.0},{"not_picked":["Stack","Redo"],"picked":"Coolheaded","floor":13.0},{"not_picked":["Static Discharge","Coolheaded","Redo"],"picked":"SKIP","floor":14.0},{"not_picked":["Core Surge","Reboot"],"picked":"All For One","floor":16.0},{"not_picked":["conspire:Rain","Turbo","Barrage"],"picked":"SKIP","floor":18.0},{"not_picked":["Hologram","Cold Snap"],"picked":"conspire:SharedLibrary","floor":19.0},{"not_picked":["White Noise","Melter"],"picked":"Defragment","floor":21.0},{"not_picked":["Beam Cell+1","Redo","Tempest"],"picked":"SKIP","floor":24},{"not_picked":["Cold Snap+1","Conserve Battery"],"picked":"Fusion","floor":25},{"not_picked":["Streamline+1","Steam+1"],"picked":"BootSequence","floor":27},{"not_picked":["Rip and Tear","Melter"],"picked":"Chill","floor":28}],"player_experience":1093147,"relics_obtained":[{"floor":9.0,"key":"InkBottle"},{"floor":10.0,"key":"Smiling Mask"},{"floor":12.0,"key":"Art of War"},{"floor":27,"key":"Happy Flower"}],"event_choices":[{"damage_healed":0.0,"max_hp_gain":0.0,"max_hp_loss":0.0,"gold_gain":0.0,"event_name":"Match and Keep!","player_choice":"2 cards matched","floor":2.0,"gold_loss":0.0,"damage_taken":0.0,"cards_obtained":["Machine Learning","Zap"]},{"damage_healed":0.0,"max_hp_gain":0.0,"max_hp_loss":0.0,"gold_gain":0.0,"event_name":"The Mausoleum","player_choice":"Ignored","floor":22.0,"gold_loss":0.0,"damage_taken":0.0},{"damage_healed":0,"gold_gain":0,"player_choice":"Invest 1","damage_taken":0,"max_hp_gain":0,"max_hp_loss":0,"event_name":"conspire:Investor","floor":29,"gold_loss":0}],"is_beta":false,"boss_relics":[{"not_picked":["FrozenCore","SlaversCollar"],"picked":"Coffee Dripper"}],"items_purged_floors":[3,20],"is_endless":false,"potions_floor_spawned":[5,12,13,14,21,24,25],"killed_by":"3 Cultists","ascension_level":20}}