{"host":"w01zow3jg16g8jdh","time":1612272309,"event":{"mods":["AchievementEnabler","BaseMod","DeckTracker","Keyboard Shortcuts","Minty Spire (QoL Compilation)","Permanent Neow","StSLib","SuperFastMode"],"gold_per_floor":[110,128,16,16,16,45,45,70,70,90,110,143,143,123,123,199,199,212,212,212],"floor_reached":19,"language":"KOR","playtime":256,"items_purged":["Strike_P"],"score":495,"play_id":"4d6de3cf-6bca-4217-872b-3f52d21842d4","local_time":"20210202222509","is_ascension_mode":true,"campfire_choices":[{"data":"Eruption","floor":7,"key":"SMITH"},{"data":"Tantrum","floor":13,"key":"SMITH"},{"data":"Adaptation","floor":15,"key":"SMITH"}],"circlet_count":0,"master_deck":["AscendersBane","Strike_P","Strike_P","Strike_P","Defend_P","Defend_P","Defend_P","Eruption+1","Vigilance","EmptyBody","Adaptation+1","Tantrum+1","CurseOfTheBell","TalkToTheHand"],"relics":["PureWater","Mango","Happy Flower","The Courier","StoneCalendar","Calling Bell","Lantern","Darkstone Periapt","Ginger"],"acts_visited":["Exordium","TheCity"],"potions_floor_usage":[6,12,12,16],"damage_taken":[{"damage":11,"enemies":"Jaw Worm","floor":1,"turns":4},{"damage":0,"enemies":"2 Louse","floor":2,"turns":2},{"damage":48,"enemies":"Lagavulin","floor":6,"turns":6},{"damage":16,"enemies":"Gremlin Nob","floor":8,"turns":3},{"damage":0,"enemies":"Cultist","floor":10,"turns":2},{"damage":4,"enemies":"Red Slaver","floor":11,"turns":3},{"damage":0,"enemies":"3 Sentries","floor":12,"turns":2},{"damage":23,"enemies":"The Guardian","floor":16,"turns":9},{"damage":53,"enemies":"Spheric Guardian","floor":18,"turns":4},{"damage":35,"enemies":"Shell Parasite","floor":19,"turns":1}],"seed_played":"3820785738810511488","potions_obtained":[{"floor":2,"key":"FearPotion"},{"floor":8,"key":"Fire Potion"},{"floor":11,"key":"StancePotion"},{"floor":14,"key":"GamblersBrew"},{"floor":18,"key":"DuplicationPotion"}],"is_trial":false,"path_per_floor":["M","M","$","?","?","E","R","E","T","M","M","E","R","?","R","B",null,"M","M"],"character_chosen":"WATCHER","items_purchased":["Adaptation"],"campfire_rested":0,"item_purchase_floors":[3],"current_hp_per_floor":[50,50,50,55,55,21,21,5,5,5,1,1,1,1,1,28,72,19,0,0],"gold":212,"neow_bonus":"REMOVE_CARD","is_daily":false,"chose_seed":false,"campfire_upgraded":3,"win_rate":0.0,"timestamp":1612272309,"path_taken":["M","M","$","?","?","E","R","E","T","M","M","E","R","?","R","BOSS","M","M"],"items_purchased_type":["Card"],"build_version":"2020-12-22","purchased_purges":1,"victory":false,"max_hp_per_floor":[68,68,68,73,73,87,87,87,87,87,87,87,87,87,87,87,87,87,87,87],"card_choices":[{"not_picked":["Meditate","FlurryOfBlows"],"picked":"EmptyBody","floor":1},{"not_picked":["CarveReality","FollowUp","Crescendo"],"picked":"SKIP","floor":2},{"not_picked":["BowlingBash","EmptyMind","Crescendo"],"picked":"SKIP","floor":6},{"not_picked":["Establishment","CrushJoints"],"picked":"Tantrum","floor":8},{"not_picked":["PathToVictory","Vengeance","CutThroughFate"],"picked":"SKIP","floor":10},{"not_picked":["Protect","Halt","BowlingBash"],"picked":"SKIP","floor":11},{"not_picked":["BowlingBash","Study","Alpha"],"picked":"SKIP","floor":12},{"not_picked":["SashWhip","JustLucky"],"picked":"TalkToTheHand","floor":18}],"player_experience":352757,"relics_obtained":[{"floor":6,"key":"Mango"},{"floor":8,"key":"Happy Flower"},{"floor":9,"key":"The Courier"},{"floor":12,"key":"StoneCalendar"},{"floor":17,"key":"Lantern"},{"floor":17,"key":"Darkstone Periapt"},{"floor":17,"key":"Ginger"}],"event_choices":[{"damage_healed":0,"gold_gain":0,"player_choice":"Donut","damage_taken":0,"max_hp_gain":5,"max_hp_loss":0,"event_name":"Big Fish","floor":4,"gold_loss":0},{"damage_healed":0,"gold_gain":0,"player_choice":"Ignored","damage_taken":0,"max_hp_gain":0,"max_hp_loss":0,"event_name":"Liars Game","floor":5,"gold_loss":0},{"damage_healed":0,"gold_gain":0,"player_choice":"Bought 1 Potion","damage_taken":0,"max_hp_gain":0,"max_hp_loss":0,"event_name":"The Woman in Blue","floor":14,"gold_loss":0}],"is_beta":false,"boss_relics":[{"not_picked":["Busted Crown","HolyWater"],"picked":"Calling Bell"}],"items_purged_floors":[3],"is_endless":false,"potions_floor_spawned":[2,8,11,18],"killed_by":"Shell Parasite","ascension_level":20}}