{"host":"85sjp5lsubt86171","time":1612278783,"event":{"mods":["Act Like it!","BaseMod","BetterRewards","CapriCore","Colored Map","Gensokyo","Library of Ruina","Library of Ruina Extra","Minty Spire (QoL Compilation)","Quick Restart","Relic Stats","Shop Mod","Spicy Shops","StSLib","SuperFastMode","The Immortal","Waifu the Spire"],"gold_per_floor":[118,198,215,69,9,40,40,71,71,104,13,40,52,267,267,666,666,679,452,402,652,672,697,697,657,657,103,120,135,148,160,160,256,256,256,256],"floor_reached":34,"language":"ZHS","playtime":1829,"items_purged":["MokouMod:HeatSpark"],"score":604,"play_id":"9f7a515c-7a20-4dde-84e9-e5876af94d02","local_time":"20210202231303","is_ascension_mode":true,"campfire_choices":[{"data":"MokouMod:FujiyamaVolcano","floor":7.0,"key":"SMITH"},{"data":"MokouMod:Burn","floor":15.0,"key":"SMITH"},{"data":"MokouMod:Sear","floor":24,"key":"SMITH"},{"data":"MokouMod:RisingSunBarrier","floor":32,"key":"SMITH"}],"circlet_count":0,"master_deck":["MokouMod:Afterburner","MokouMod:PhoenixForm","MokouMod:PhoenixFeathers","MokouMod:Ventilation","MokouMod:ExplosiveFlame","MokouMod:GuidingSmoke","MokouMod:IndiscriminateIgnition","MokouMod:RoaringFlare","MokouMod:Sear+1","MokouMod:FujiyamaVolcano+1","MokouMod:BurningDraft","MokouMod:ControlledCombustion","MokouMod:Burn+1","MokouMod:SacredFire","MokouMod:RisingSunBarrier+1","MokouMod:RisingSunBarrier+1","MokouMod:Firecracker+1"],"relics":["Pandora\u0027s Box","Prayer Wheel","Potion Belt","PageOfPinocchio","PageOfGreed","PageOfTheQueenOfHatred","PageOfSpiderBud","Coffee Dripper","Gambling Chip","PageOfTheKnightOfDespair","PageOfWrath","Mummified Hand","Bag of Preparation","TheAbacus","PageOfNihil"],"acts_visited":["Exordium","Gensokyo:Gensokyo"],"potions_floor_usage":[23],"damage_taken":[{"damage":18.0,"enemies":"Gensokyo:Gryphon","floor":1.0,"turns":4.0},{"damage":12.0,"enemies":"Gensokyo:Python","floor":3.0,"turns":3.0},{"damage":10.0,"enemies":"Gensokyo:Mamizou","floor":6.0,"turns":5.0},{"damage":18.0,"enemies":"Gensokyo:Aya","floor":8.0,"turns":4.0},{"damage":10.0,"enemies":"Gensokyo:Mamizou","floor":10.0,"turns":5.0},{"damage":40.0,"enemies":"Gensokyo:Aya","floor":12.0,"turns":4.0},{"damage":0.0,"enemies":"Gensokyo:3_Fairies","floor":13.0,"turns":4.0},{"damage":18.0,"enemies":"Gensokyo:VengefulSpirit","floor":14.0,"turns":5.0},{"damage":2.0,"enemies":"Gensokyo:Reimu","floor":16.0,"turns":6.0},{"damage":0.0,"enemies":"Gensokyo:Chomper","floor":18.0,"turns":2.0},{"damage":25,"enemies":"Gensokyo:CosmicMonolith","floor":22,"turns":3},{"damage":7,"enemies":"Gensokyo:Reisen","floor":23,"turns":4},{"damage":19,"enemies":"Gensokyo:Slime_Group","floor":28,"turns":6},{"damage":0,"enemies":"Gensokyo:Monolith_and_Dog","floor":29,"turns":4},{"damage":8,"enemies":"Gensokyo:Wraith","floor":30,"turns":4},{"damage":0,"enemies":"Gensokyo:Mirror_and_Dog","floor":31,"turns":2},{"damage":0,"enemies":"Gensokyo:Eternal_Rivals","floor":33,"turns":5}],"seed_played":"7222448850551587152","potions_obtained":[{"floor":3.0,"key":"FairyPotion"},{"floor":6.0,"key":"EssenceOfSteel"},{"floor":12.0,"key":"Regen Potion"},{"floor":18.0,"key":"Explosive Potion"},{"floor":22,"key":"FearPotion"},{"floor":30,"key":"ColorlessPotion"},{"floor":33,"key":"PowerPotion"}],"is_trial":false,"path_per_floor":["M","?","M","$","?","E","R","E","T","E","COS","E","M","M","R","B",null,"M","$","?","?","M","E","R","?","T","$","M","M","M","M","R","B",null],"character_chosen":"MKU","items_purchased":["Prayer Wheel","Potion Belt","Gambling Chip","MokouMod:RisingSunBarrier","Mummified Hand","Bag of Preparation","TheAbacus"],"campfire_rested":0,"item_purchase_floors":[4,4,19,19,27,27,27],"current_hp_per_floor":[57,57,45,45,75,65,65,47,47,37,37,22,26,14,14,20,61,66,66,73,73,52,50,50,50,50,50,53,69,68,82,82,82,82,82,82],"gold":256,"neow_bonus":"BOSS_RELIC","is_daily":false,"chose_seed":false,"campfire_upgraded":4,"win_rate":0.0,"timestamp":1612278783,"path_taken":["M","?","M","$","?","E","R","E","T","E","COS","E","?","M","R","BOSS","M","$","?","?","M","E","R","?","T","$","M","M","M","?","R","BOSS"],"items_purchased_type":["Relic","Relic","Relic","Card","Relic","Relic","Relic"],"build_version":"2020-12-22","purchased_purges":1,"victory":false,"max_hp_per_floor":[75,75,75,75,75,75,75,75,75,75,75,75,75,75,75,75,75,75,75,82,82,82,82,82,82,82,82,82,82,82,82,82,82,82,82,82],"relic_stats":{"TheAbacus":[144],"counters":[18,70],"Mummified Hand":[17],"Gambling Chip":[29],"Pandora\u0027s Box":["MokouMod:Afterburner","MokouMod:PhoenixForm","MokouMod:PhoenixFeathers","MokouMod:Ventilation","MokouMod:ExplosiveFlame","MokouMod:GuidingSmoke","MokouMod:IndiscriminateIgnition","MokouMod:RoaringFlare","MokouMod:Sear"],"Prayer Wheel":8,"Bag of Preparation":[12],"obtain_stats":[{"Potion Belt":4,"PageOfTheQueenOfHatred":12,"PageOfNihil":28,"Bag of Preparation":27,"PageOfSpiderBud":13,"PageOfGreed":10,"PageOfWrath":26,"TheAbacus":27,"Mummified Hand":27,"Gambling Chip":19,"PageOfTheKnightOfDespair":23,"MokouMod:PhoenixFeather":0,"Pandora\u0027s Box":0,"Prayer Wheel":4,"Coffee Dripper":17,"PageOfPinocchio":6,"Toy Ornithopter":8},{"Potion Belt":2,"PageOfTheQueenOfHatred":6,"PageOfNihil":14,"Bag of Preparation":12,"PageOfSpiderBud":7,"PageOfGreed":5,"PageOfWrath":12,"TheAbacus":12,"Mummified Hand":12,"Gambling Chip":10,"PageOfTheKnightOfDespair":12,"MokouMod:PhoenixFeather":0,"Pandora\u0027s Box":0,"Prayer Wheel":2,"Coffee Dripper":9,"PageOfPinocchio":3,"Toy Ornithopter":4},{"Potion Belt":7,"PageOfTheQueenOfHatred":25,"PageOfNihil":55,"Bag of Preparation":49,"PageOfSpiderBud":27,"PageOfGreed":21,"PageOfWrath":49,"TheAbacus":49,"Mummified Hand":49,"Gambling Chip":42,"PageOfTheKnightOfDespair":49,"MokouMod:PhoenixFeather":0,"Pandora\u0027s Box":0,"Prayer Wheel":7,"Coffee Dripper":40,"PageOfPinocchio":12,"Toy Ornithopter":16}]},"card_choices":[{"not_picked":["MokouMod:AdaptivePyromancy","MokouMod:Sear"],"picked":"MokouMod:FujiyamaVolcano","floor":1.0},{"not_picked":["MokouMod:Sear","MokouMod:Meltdown"],"picked":"MokouMod:BurningDraft","floor":3.0},{"not_picked":["MokouMod:InfernalWave","MokouMod:SearingShot","MokouMod:IndiscriminateIgnition"],"picked":"SKIP","floor":6.0},{"not_picked":["MokouMod:Afterburner","MokouMod:ResoluteFlare","MokouMod:IgnitionBlast"],"picked":"SKIP","floor":8.0},{"not_picked":["MokouMod:FujiyamaVolcano","MokouMod:GuidingSmoke"],"picked":"MokouMod:ControlledCombustion","floor":10.0},{"not_picked":["MokouMod:CrimsonFlare","MokouMod:AdaptivePyromancy","MokouMod:ScorchingColumn"],"picked":"SKIP","floor":12.0},{"not_picked":["MokouMod:ControlledCombustion","MokouMod:CrimsonFlare","MokouMod:UncontrollableSolarReaction"],"picked":"SKIP","floor":13.0},{"not_picked":["MokouMod:Afterburner","MokouMod:HeatFactory","MokouMod:ResoluteFlare"],"picked":"SKIP","floor":13.0},{"not_picked":["MokouMod:UncontrollableSolarReaction","MokouMod:IndiscriminateIgnition"],"picked":"MokouMod:Burn","floor":14.0},{"not_picked":["MokouMod:ControlledCombustion","MokouMod:AdaptivePyromancy","MokouMod:ThermalPressure"],"picked":"SKIP","floor":14.0},{"not_picked":["MokouMod:Ventilation","MokouMod:EnchantingBambooForest"],"picked":"MokouMod:SacredFire","floor":16.0},{"not_picked":["MokouMod:ScorchingColumn","MokouMod:Stoke","MokouMod:Singe"],"picked":"SKIP","floor":18.0},{"not_picked":["MokouMod:SearingShot","MokouMod:Sear","MokouMod:HeatFactory"],"picked":"SKIP","floor":18.0},{"not_picked":["MokouMod:ProfanedFlare","MokouMod:CrimsonFlare","MokouMod:FlickeringFlame"],"picked":"SKIP","floor":22},{"not_picked":["MokouMod:RoaringFlare","MokouMod:Sear+1","MokouMod:Stoke"],"picked":"SKIP","floor":22},{"not_picked":["MokouMod:ProfanedFlare","MokouMod:CrimsonFlare","MokouMod:FlickeringFlame"],"picked":"SKIP","floor":22},{"not_picked":["MokouMod:RoaringFlare","MokouMod:Sear+1","MokouMod:Stoke"],"picked":"SKIP","floor":22},{"not_picked":["MokouMod:DanceofFlames","MokouMod:IcarusDive","MokouMod:FlareStarter+1"],"picked":"SKIP","floor":23},{"not_picked":["MokouMod:EternalBurstReactor","MokouMod:FlickeringFlame+1","MokouMod:TemporalFireSeal+1"],"picked":"SKIP","floor":28},{"not_picked":["MokouMod:BlazingComet","MokouMod:HeatTransfer+1","MokouMod:PhoenixFeathers+1"],"picked":"SKIP","floor":28},{"not_picked":["MokouMod:TemporalFireSeal+1","MokouMod:AdaptivePyromancy","MokouMod:RoaringFlare+1"],"picked":"SKIP","floor":29},{"not_picked":["MokouMod:FlareStarter+1","MokouMod:ResoluteFlare","MokouMod:HeatCyclone"],"picked":"SKIP","floor":29},{"not_picked":["MokouMod:Cataclysm","MokouMod:IndiscriminateIgnition"],"picked":"MokouMod:RisingSunBarrier","floor":30},{"not_picked":["MokouMod:ShiftIgnition+1","MokouMod:ResoluteFlare","MokouMod:UncontrollableSolarReaction+1"],"picked":"SKIP","floor":30},{"not_picked":["MokouMod:TemporalFireSeal","MokouMod:Singe"],"picked":"MokouMod:Firecracker+1","floor":31},{"not_picked":["MokouMod:ProfanedFlare","MokouMod:InfernalWave","MokouMod:IcarusDive"],"picked":"SKIP","floor":31}],"player_experience":1470211,"relics_obtained":[{"floor":6.0,"key":"PageOfPinocchio"},{"floor":8.0,"key":"Toy Ornithopter"},{"floor":10.0,"key":"PageOfGreed"},{"floor":12.0,"key":"PageOfTheQueenOfHatred"},{"floor":23,"key":"PageOfTheKnightOfDespair"},{"floor":26,"key":"PageOfWrath"},{"floor":28,"key":"PageOfNihil"}],"event_choices":[],"is_beta":false,"boss_relics":[{"not_picked":["Fusion Hammer","Empty Cage"],"picked":"Coffee Dripper"}],"items_purged_floors":[19],"is_endless":false,"potions_floor_spawned":[3,6,12,18,22,30,33],"ascension_level":5}}