{"host":"q6r63elxu27obe7v","time":1612256811,"event":{"mods":["2.2 Compatiblity","AchievementEnabler","BaseMod","CapriCore","Colored Map","DeckTracker","Keyboard Shortcuts","Lobotomy","Minty Spire (QoL Compilation)","Permanent Neow","Quick Restart","Replay The Spire","StSLib","SuperFastMode","everything is the same but u backflip on backflip","¡¼?Úª?ø«¡½REMEMod"],"gold_per_floor":[115,115,115,131,131,166,184,184,207,207,207],"floor_reached":10,"language":"KOR","playtime":3514,"items_purged":[],"score":76,"play_id":"ad23029b-6c96-42aa-b486-1b1b2a40591e","local_time":"20210202180651","is_ascension_mode":true,"campfire_choices":[],"circlet_count":0,"master_deck":["Strike_R","Strike_R+1","Strike_R","Defend_R","Defend_R","Defend_R","Flex+1","Dual Wield+1","Dark Embrace","REME_SingleHolding","Fire Breathing"],"relics":["Burning Blood","REME_ComplimentaryCards","Orichalcum","Ancient Tea Set"],"acts_visited":["Exordium"],"potions_floor_usage":[10,10],"damage_taken":[{"damage":24.0,"enemies":"2 Louse","floor":1.0,"turns":3.0},{"damage":0.0,"enemies":"Small Slimes","floor":4.0,"turns":4.0},{"damage":42.0,"enemies":"Gremlin Nob","floor":6.0,"turns":5.0},{"damage":0.0,"enemies":"Cultist","floor":7.0,"turns":4.0},{"damage":17,"enemies":"3 Sentries","floor":10,"turns":3}],"seed_played":"-6821559117995394633","potions_obtained":[{"floor":6.0,"key":"Weak Potion"},{"floor":7.0,"key":"ColorlessPotion"}],"is_trial":false,"path_per_floor":["M","?","?","M","?","E","M","$","T","E"],"character_chosen":"IRONCLAD","items_purchased":[],"campfire_rested":0,"item_purchase_floors":[],"current_hp_per_floor":[54,54,54,60,46,10,16,16,16,0,0],"gold":207,"neow_bonus":"REMOVE_TWO","is_daily":false,"chose_seed":false,"campfire_upgraded":0,"win_rate":0.0,"timestamp":1612256811,"path_taken":["M","?","?","?","?","E","M","$","T","E"],"items_purchased_type":[],"build_version":"2020-12-22","purchased_purges":0,"victory":false,"max_hp_per_floor":[72,72,72,72,72,72,72,72,72,72,72],"card_choices":[{"not_picked":["Pommel Strike","Disarm"],"picked":"Flex","floor":1.0},{"not_picked":["Replay:Undeath\u0027s Touch","Twin Strike"],"picked":"Dark Embrace","floor":4.0},{"not_picked":["Pommel Strike","True Grit"],"picked":"REME_SingleHolding","floor":6.0},{"not_picked":["Twin Strike","Thunderclap","Clothesline"],"picked":"SKIP","floor":7.0}],"player_experience":99962,"relics_obtained":[{"floor":6.0,"key":"Orichalcum"},{"floor":9,"key":"Ancient Tea Set"}],"event_choices":[{"cards_removed":["Bash"],"damage_healed":0.0,"max_hp_gain":0.0,"max_hp_loss":0.0,"gold_gain":0.0,"event_name":"Bonfire Elementals","player_choice":"Offered Basic","floor":3.0,"gold_loss":0.0,"damage_taken":0.0},{"damage_healed":0.0,"max_hp_gain":0.0,"max_hp_loss":0.0,"gold_gain":0.0,"event_name":"Shining Light","player_choice":"Entered Light","floor":5.0,"gold_loss":0.0,"damage_taken":14.0,"cards_upgraded":["Strike_R","Flex"]}],"is_beta":false,"boss_relics":[],"items_purged_floors":[],"is_endless":false,"potions_floor_spawned":[6,7],"killed_by":"3 Sentries","ascension_level":3}}