{"host":"Kdaddybrian","time":1612226498,"event":{"mods":["AchievementEnabler","BaseMod","Bestiary","Colored Powertips","Minty Spire (QoL Compilation)","Potion Indicator Mod","Quick Restart","Rare Cards Sparkle","Relic Stats","StSLib","Uncapped"],"gold_per_floor":[14,33,33,102,122,122,155,169,169,196,196,227,227,247,247,368,368,387,403,422,22,22,22,63,63,63,77,77,97,97,118,118,118,118],"floor_reached":33,"language":"ENG","playtime":1627,"items_purged":["Strike_P"],"score":360,"play_id":"5ef6143f-d70d-4d5a-b50d-ccfd8fe71b83","local_time":"20210201194138","is_ascension_mode":true,"campfire_choices":[{"data":"Eruption","floor":6.0,"key":"SMITH"},{"floor":11.0,"key":"REST"},{"data":"BattleHymn","floor":13.0,"key":"SMITH"},{"floor":15.0,"key":"REST"},{"floor":23.0,"key":"REST"},{"floor":25.0,"key":"REST"},{"data":"DevaForm","floor":28,"key":"SMITH"},{"floor":32,"key":"REST"}],"circlet_count":0,"master_deck":["Strike_P+1","Strike_P+1","Strike_P+1","Defend_P+1","Defend_P+1","Defend_P+1","Defend_P+1","Eruption+1","Vigilance","FlyingSleeves","InnerPeace","FollowUp","BattleHymn+1","EmptyBody","EmptyFist","ThirdEye","DevaForm+1","InnerPeace+1","FearNoEvil","ThirdEye+1","Adaptation","TalkToTheHand","InnerPeace","Tantrum","ThirdEye","TalkToTheHand","EmptyFist"],"relics":["PureWater","Mango","Golden Idol","The Courier","White Beast Statue","Gambling Chip","Art of War","Letter Opener","Philosopher\u0027s Stone","Potion Belt","Blood Vial","Nloth\u0027s Gift"],"acts_visited":["Exordium","TheCity"],"potions_floor_usage":[31,31],"damage_taken":[{"damage":1.0,"enemies":"Small Slimes","floor":1.0,"turns":4.0},{"damage":0.0,"enemies":"Jaw Worm","floor":2.0,"turns":3.0},{"damage":2.0,"enemies":"Cultist","floor":5.0,"turns":3.0},{"damage":47.0,"enemies":"3 Sentries","floor":7.0,"turns":7.0},{"damage":5.0,"enemies":"Exordium Thugs","floor":8.0,"turns":4.0},{"damage":8.0,"enemies":"Lagavulin","floor":12.0,"turns":5.0},{"damage":12.0,"enemies":"Lots of Slimes","floor":14.0,"turns":4.0},{"damage":4.0,"enemies":"Slime Boss","floor":16.0,"turns":9.0},{"damage":4.0,"enemies":"Spheric Guardian","floor":18.0,"turns":4.0},{"damage":15.0,"enemies":"Shell Parasite","floor":19.0,"turns":6.0},{"damage":15.0,"enemies":"3 Cultists","floor":20.0,"turns":5.0},{"damage":30.0,"enemies":"Slavers","floor":24.0,"turns":6.0},{"damage":9.0,"enemies":"Snecko","floor":27.0,"turns":3.0},{"damage":24,"enemies":"Sentry and Sphere","floor":29,"turns":4},{"damage":18,"enemies":"Shelled Parasite and Fungi","floor":31,"turns":4},{"damage":83,"enemies":"Champ","floor":33,"turns":10}],"seed_played":"1925311546594973696","potions_obtained":[{"floor":2.0,"key":"SneckoOil"},{"floor":7.0,"key":"Energy Potion"},{"floor":8.0,"key":"FearPotion"},{"floor":12.0,"key":"Fruit Juice"},{"floor":14.0,"key":"SmokeBomb"},{"floor":16.0,"key":"Block Potion"},{"floor":18.0,"key":"FearPotion"},{"floor":19.0,"key":"BlessingOfTheForge"},{"floor":20.0,"key":"Ancient Potion"},{"floor":24.0,"key":"DuplicationPotion"},{"floor":27.0,"key":"Explosive Potion"},{"floor":29,"key":"Regen Potion"},{"floor":31,"key":"Explosive Potion"}],"is_trial":false,"path_per_floor":["M","M","?","T","M","R","E","M","T","T","R","E","R","M","R","B",null,"M","M","M","$","?","R","E","R","T","M","R","M","?","M","R","B"],"character_chosen":"WATCHER","items_purchased":["Adaptation","TalkToTheHand","InkBottle","InnerPeace"],"campfire_rested":5,"item_purchase_floors":[21,21,21,21],"current_hp_per_floor":[78,78,78,78,76,76,29,24,24,24,48,40,40,33,58,54,77,73,58,43,43,43,68,38,63,63,56,56,34,34,30,55,0,0],"gold":118,"neow_bonus":"ONE_RARE_RELIC","is_daily":false,"chose_seed":false,"campfire_upgraded":3,"win_rate":0.0,"timestamp":1612226498,"path_taken":["M","M","?","?","M","R","E","?","T","?","R","E","R","M","R","BOSS","M","?","M","$","?","R","E","R","T","M","R","M","?","?","R","BOSS"],"items_purchased_type":["Card","Card","Relic","Card"],"build_version":"2020-12-18","purchased_purges":1,"victory":false,"max_hp_per_floor":[86,86,80,80,80,80,80,80,80,80,80,80,80,85,85,85,85,85,85,85,85,85,85,85,85,85,85,85,85,85,85,85,85,85],"relic_stats":{"Blood Vial":8,"counters":[16,81],"Golden Idol":78,"Gambling Chip":[34],"Art of War":[8],"Nloth\u0027s Gift":0,"Letter Opener":[99],"obtain_stats":[{"Potion Belt":24,"Golden Idol":3,"Mango":0,"The Courier":4,"Letter Opener":12,"White Beast Statue":7,"Blood Vial":26,"Gambling Chip":9,"Philosopher\u0027s Stone":17,"Art of War":10,"Nloth\u0027s Gift":30,"PureWater":0,"InkBottle":21},{"Potion Belt":12,"Golden Idol":2,"Mango":0,"The Courier":2,"Letter Opener":6,"White Beast Statue":4,"Blood Vial":12,"Gambling Chip":5,"Philosopher\u0027s Stone":8,"Art of War":5,"Nloth\u0027s Gift":14,"PureWater":0,"InkBottle":11},{"Potion Belt":60,"Golden Idol":7,"Mango":0,"The Courier":7,"Letter Opener":26,"White Beast Statue":17,"Blood Vial":60,"Gambling Chip":21,"Philosopher\u0027s Stone":39,"Art of War":21,"Nloth\u0027s Gift":67,"PureWater":0,"InkBottle":54}]},"card_choices":[{"not_picked":["Protect","JustLucky"],"picked":"FlyingSleeves","floor":1.0},{"not_picked":["Evaluate","Vengeance"],"picked":"InnerPeace","floor":2.0},{"not_picked":["PathToVictory","FlurryOfBlows"],"picked":"FollowUp","floor":5.0},{"not_picked":["SashWhip","WreathOfFlame"],"picked":"BattleHymn","floor":7.0},{"not_picked":["PathToVictory","Consecrate"],"picked":"EmptyBody","floor":8.0},{"not_picked":["EmptyMind","Crescendo"],"picked":"EmptyFist","floor":12.0},{"not_picked":["Protect","FollowUp"],"picked":"ThirdEye","floor":14.0},{"not_picked":["Ragnarok","ConjureBlade"],"picked":"DevaForm","floor":16.0},{"not_picked":["ThirdEye","CutThroughFate"],"picked":"InnerPeace+1","floor":18.0},{"not_picked":["Evaluate","PathToVictory"],"picked":"FearNoEvil","floor":19.0},{"not_picked":["ReachHeaven","FlyingSleeves"],"picked":"ThirdEye+1","floor":20.0},{"not_picked":["CutThroughFate+1","EmptyFist"],"picked":"Tantrum","floor":24.0},{"not_picked":["CarveReality","Swivel"],"picked":"ThirdEye","floor":27.0},{"not_picked":["Nirvana+1","Swivel"],"picked":"TalkToTheHand","floor":29},{"not_picked":["SashWhip","WreathOfFlame+1"],"picked":"EmptyFist","floor":31}],"player_experience":2997853,"relics_obtained":[{"floor":4.0,"key":"The Courier"},{"floor":7.0,"key":"White Beast Statue"},{"floor":9.0,"key":"Gambling Chip"},{"floor":10.0,"key":"Art of War"},{"floor":12.0,"key":"Letter Opener"},{"floor":24.0,"key":"Potion Belt"},{"floor":26.0,"key":"Blood Vial"}],"event_choices":[{"damage_healed":0.0,"max_hp_gain":0.0,"max_hp_loss":6.0,"gold_gain":0.0,"event_name":"Golden Idol","player_choice":"Lose Max HP","floor":3.0,"gold_loss":0.0,"damage_taken":0.0,"relics_obtained":["Golden Idol"]},{"damage_healed":0.0,"max_hp_gain":0.0,"max_hp_loss":0.0,"gold_gain":0.0,"event_name":"Back to Basics","player_choice":"Simplicity","floor":22.0,"gold_loss":0.0,"damage_taken":0.0,"cards_upgraded":["Strike_P","Strike_P","Strike_P","Defend_P","Defend_P","Defend_P","Defend_P"]},{"damage_healed":0,"gold_gain":0,"player_choice":"Traded Relic","damage_taken":0,"relics_obtained":["Nloth\u0027s Gift"],"max_hp_gain":0,"max_hp_loss":0,"event_name":"N\u0027loth","floor":30,"relics_lost":["InkBottle"],"gold_loss":0}],"is_beta":true,"boss_relics":[{"not_picked":["Empty Cage","Black Star"],"picked":"Philosopher\u0027s Stone"}],"items_purged_floors":[21],"is_endless":false,"potions_floor_spawned":[2,7,8,12,14,16,18,19,20,24,27,29,31],"killed_by":"Champ","ascension_level":6}}