{"host":"4kmvpqjeiacgn1pr","time":1612229075,"event":{"mods":["AchievementEnabler","BaseMod","Better Altar","Better Match","Better Note","Better Sensory Stone","Better Skull","Better Third Choice","Colored Map","Colored Powertips","Curses Come First","Downfall","Highlight Path","Infinite Spire","Minty Spire (QoL Compilation)","Permanent Neow","Quick Restart","Rare Cards Sparkle","Replay The Spire","Shop Mod","Spicy Shops","Spikes Relics","StSLib","Waifu the Spire"],"gold_per_floor":[369,369,369,369,74,74,88,117,187,213,230,242,257,282,282,282,282],"floor_reached":16,"language":"ENG","playtime":1134,"items_purged":[],"score":174,"play_id":"8e716e43-e24e-40fa-a3e4-9bb57dac4888","local_time":"20210201202435","is_ascension_mode":true,"campfire_choices":[{"data":"CutThroughFate","floor":6,"key":"SMITH"}],"circlet_count":0,"master_deck":["Strike_P","Strike_P","Strike_P+1","Strike_P+1","Defend_P","Defend_P","Defend_P","Eruption","Vigilance","FollowUp+1","CutThroughFate+1","Worship","Replay:Hum","Pray","Swivel","Replay:Cycle","PathToVictory","JustLucky+1","ThirdEye"],"relics":["Guardian:ModeShifter","infinitespire:Cubic Diamond","MealTicket","Replay:Purple Gloves","Toolbox","Replay:Kaleidoscope","Molten Egg 2","Whetstone","Regal Pillow"],"acts_visited":["Exordium"],"potions_floor_usage":[8,14,16],"damage_taken":[{"damage":10,"enemies":"Jaw Worm","floor":1,"turns":4},{"damage":2,"enemies":"2 Louse","floor":7,"turns":2},{"damage":0,"enemies":"Lagavulin","floor":8,"turns":2},{"damage":27,"enemies":"3 Sentries","floor":10,"turns":5},{"damage":0,"enemies":"Cultist","floor":11,"turns":1},{"damage":0,"enemies":"3 Louse","floor":12,"turns":1},{"damage":8,"enemies":"Exordium Wildlife","floor":13,"turns":3},{"damage":22,"enemies":"Lagavulin","floor":14,"turns":5},{"damage":39,"enemies":"Fading Forest","floor":16,"turns":9}],"seed_played":"3444850673181643260","potions_obtained":[{"floor":7,"key":"FearPotion"},{"floor":11,"key":"PowerPotion"},{"floor":12,"key":"sneckomod:MuddlingPotion"}],"is_trial":false,"path_per_floor":["M","?","?","T","$","R","M","E","T","E","M","M","M","E","R_BF","B"],"character_chosen":"WATCHER","items_purchased":["Replay:Purple Gloves","CutThroughFate","Toolbox"],"campfire_rested":0,"item_purchase_floors":[5,5,5],"current_hp_per_floor":[55,55,55,55,65,65,63,63,63,36,36,36,28,6,6,0,0],"gold":282,"neow_bonus":"TWO_FIFTY_GOLD","is_daily":false,"chose_seed":false,"campfire_upgraded":1,"win_rate":0.0,"timestamp":1612229075,"path_taken":["M","?","?","?","$","R","M","E","T","E","M","M","M","E","R_BF","BOSS"],"items_purchased_type":["Relic","Card","Relic"],"build_version":"2020-12-22","purchased_purges":0,"victory":false,"max_hp_per_floor":[65,65,65,65,65,65,65,65,65,65,65,65,65,65,65,65,65],"card_choices":[{"not_picked":["FlyingSleeves","EmptyBody"],"picked":"FollowUp","floor":1},{"not_picked":["EmptyFist","TalkToTheHand"],"picked":"Worship","floor":7},{"not_picked":["SashWhip","Replay:BluntJabs"],"picked":"Replay:Hum","floor":8},{"not_picked":["Replay:Hum","ThirdEye"],"picked":"Pray","floor":10},{"not_picked":["Replay:AtTheReady","Replay:Anticipation"],"picked":"Swivel","floor":11},{"not_picked":["Perseverance","Evaluate"],"picked":"Replay:Cycle","floor":12},{"not_picked":["Protect","Replay:AtTheReady"],"picked":"PathToVictory","floor":13},{"not_picked":["Swivel","EmptyMind"],"picked":"JustLucky+1","floor":14}],"player_experience":417321,"relics_obtained":[{"floor":4,"key":"MealTicket"},{"floor":8,"key":"Replay:Kaleidoscope"},{"floor":9,"key":"Molten Egg 2"},{"floor":10,"key":"Whetstone"},{"floor":14,"key":"Regal Pillow"}],"event_choices":[],"is_beta":false,"boss_relics":[],"items_purged_floors":[],"is_endless":false,"potions_floor_spawned":[7,11,12],"killed_by":"Fading Forest","ascension_level":4}}