{"host":"w6ebodudjlk2jwu4","time":1612239181,"event":{"mods":["Act Like it!","Bard","BaseMod","Beaked The Cultist","Colored Map","Glutton Mod","Hermit","Highlight Path","Infinite Spire","Jorbs\u0027s Wanderer Trilogy","Koishi","Mad Scientist","Marisa????????","Minty Spire (QoL Compilation)","Relic Stats","Replay The Spire","Robot Space Explorer","StSLib","The Administrix","The Blue Laboratory","The Bug Knight","The Construct","The Cursed","The Marked","The Mystic","The Servant 0.9.4","The Witch","Wandering Minibosses"],"gold_per_floor":[110,152,152,216,61,61,105,105,105,105,126,149,4,23,23,23,23],"floor_reached":16,"language":"ENG","playtime":860,"items_purged":[],"score":100,"play_id":"6d5539b5-c780-4de7-be94-fdf1e3df33bc","local_time":"20210201201301","is_ascension_mode":false,"campfire_choices":[{"data":"beaked:WindBringer","floor":6,"key":"SMITH"},{"data":"beaked:Ceremony","floor":10,"key":"SMITH"},{"floor":15,"key":"REST"}],"circlet_count":0,"master_deck":["beaked:Strike_Y","beaked:Strike_Y","beaked:Strike_Y","beaked:Strike_Y","beaked:Strike_Y","beaked:Strike_Y","beaked:Defend_Y","beaked:Defend_Y","beaked:Defend_Y","beaked:Defend_Y","beaked:Ceremony","beaked:Ceremony","beaked:Ceremony+1","beaked:WindBringer+1","beaked:TuckingFeathers","beaked:AwakenedForm","beaked:Mantra","beaked:BraceForImpact","beaked:BloodForTheGods","beaked:BarbedWire"],"relics":["beaked:MendingPlumage","Golden Idol","ReplayTheSpireMod:TigerMarble","Mummified Hand","Lantern"],"acts_visited":["Exordium"],"potions_floor_usage":[],"damage_taken":[{"damage":6,"enemies":"Cultist","floor":1,"turns":5},{"damage":10,"enemies":"Small Slimes","floor":2,"turns":4},{"damage":3,"enemies":"HollowMod:MossKnight","floor":7,"turns":6},{"damage":8,"enemies":"2 Louse","floor":11,"turns":2},{"damage":44,"enemies":"Gremlin Gang","floor":12,"turns":4},{"damage":20,"enemies":"3 Louse","floor":14,"turns":3},{"damage":40,"enemies":"The Guardian","floor":16,"turns":5}],"seed_played":"2254707502045017792","potions_obtained":[{"floor":1,"key":"blueLaboratory:AbyssPotion"},{"floor":2,"key":"FearPotion"},{"floor":7,"key":"blueLaboratory:AbyssPotion"},{"floor":11,"key":"Elixir"},{"floor":14,"key":"blueLaboratory:PolymorphPotion"}],"is_trial":false,"path_per_floor":["M","M","?","?","$","R","E","?","T","R","M","M","$","M","R","B"],"character_chosen":"BEAKED_THE_CULTIST","items_purchased":["beaked:AwakenedForm","Lantern"],"campfire_rested":1,"item_purchase_floors":[5,13],"current_hp_per_floor":[55,54,41,41,41,41,54,59,59,59,54,16,16,4,22,0,0],"gold":23,"neow_bonus":"TEN_PERCENT_HP_BONUS","is_daily":false,"chose_seed":false,"campfire_upgraded":2,"win_rate":0.0,"timestamp":1612239181,"path_taken":["M","M","?","?","$","R","E","?","T","R","M","?","$","M","R","BOSS"],"items_purchased_type":["Card","Relic"],"build_version":"2020-12-22","purchased_purges":0,"victory":false,"max_hp_per_floor":[55,55,55,55,55,55,55,60,60,60,60,62,62,62,62,62,62],"relic_stats":{"counters":[7,29],"Golden Idol":22,"Mummified Hand":[9],"obtain_stats":[{"Lantern":13,"Golden Idol":3,"Mummified Hand":9,"ReplayTheSpireMod:TigerMarble":7,"beaked:MendingPlumage":0},{"Lantern":5,"Golden Idol":2,"Mummified Hand":3,"ReplayTheSpireMod:TigerMarble":3,"beaked:MendingPlumage":0},{"Lantern":21,"Golden Idol":9,"Mummified Hand":15,"ReplayTheSpireMod:TigerMarble":15,"beaked:MendingPlumage":0}]},"card_choices":[{"not_picked":["beaked:Devastation","beaked:Tweet"],"picked":"beaked:WindBringer","floor":1},{"not_picked":["beaked:FeelMyPain","beaked:MimicWarrior"],"picked":"beaked:TuckingFeathers","floor":2},{"not_picked":["beaked:BloodRitual","beaked:TuckingFeathers"],"picked":"beaked:Mantra","floor":7},{"not_picked":["beaked:Recite","beaked:Daydream"],"picked":"beaked:BraceForImpact","floor":11},{"not_picked":["beaked:DarkTribute","beaked:Replenish"],"picked":"beaked:BloodForTheGods","floor":12},{"not_picked":["beaked:DigDeep","beaked:Daydream"],"picked":"beaked:BarbedWire","floor":14}],"player_experience":138003,"relics_obtained":[{"floor":7,"key":"ReplayTheSpireMod:TigerMarble"},{"floor":9,"key":"Mummified Hand"}],"event_choices":[{"damage_healed":0,"gold_gain":0,"player_choice":"Take Damage","damage_taken":13,"relics_obtained":["Golden Idol"],"max_hp_gain":0,"max_hp_loss":0,"event_name":"Golden Idol","floor":3,"gold_loss":0},{"damage_healed":0,"gold_gain":64,"player_choice":"Gained Gold","damage_taken":0,"max_hp_gain":0,"max_hp_loss":0,"event_name":"Golden Wing","floor":4,"gold_loss":0},{"damage_healed":0,"gold_gain":0,"player_choice":"Donut","damage_taken":0,"max_hp_gain":5,"max_hp_loss":0,"event_name":"Big Fish","floor":8,"gold_loss":0}],"is_beta":false,"boss_relics":[],"items_purged_floors":[],"is_endless":false,"potions_floor_spawned":[1,2,7,11,14],"killed_by":"The Guardian","ascension_level":0}}