{"host":"btk6hapgokl8j5e3","time":1612294106,"event":{"mods":["Act Like it!","BaseMod","BetterRewards","Colored Powertips","Friendly Minions","GifTheSpireLib","Minty Spire (QoL Compilation)","StSLib","The Animator"],"gold_per_floor":[116,116,134,9,24,24,54,54,54,66,85,97,125,145,145,242,242,258,258,301,312,332,332,348,348,425,454,474,488,498,516,516,614,614,627,641,655,655,655,655,686,703,749,749,759,759,759,779,779,779,779,779,469,519,574,642,642,3440,3515,3595,2630,2124,2219,2292,2522,1770,1885,1885,1885,1885],"floor_reached":69,"language":"ENG","playtime":8854,"items_purged":["animator:Strike","animator:Strike","animator:Strike_MadokaMagica","animator:Strike","animator:Defend","animator:Defend","animator:Defend","animator:Defend_MadokaMagica"],"score":1177,"play_id":"d2a41411-9b08-410a-8dac-add7792f1d27","local_time":"20210202202826","is_ascension_mode":false,"campfire_choices":[{"floor":6,"key":"RECALL"},{"data":"animator:SuzuneAmano","floor":8,"key":"SMITH"},{"data":"animator:MadokaKaname","floor":15,"key":"SMITH"},{"data":"animator:Arpeggio","floor":23,"key":"SMITH"},{"data":"animator:OrikoMikuni","floor":25,"key":"PURGE"},{"data":"animator:KyokoSakura","floor":32,"key":"PURGE"},{"data":"animator:MamiTomoe","floor":40,"key":"PURGE"},{"data":"animator:NagisaMomoe","floor":44,"key":"SMITH"},{"data":"animator:Lelouch","floor":49,"key":"SMITH"},{"data":"animator:HigakiRinne","floor":52,"key":"PURGE"},{"floor":68,"key":"REST"}],"circlet_count":0,"master_deck":["animator:IrohaTamaki+1","animator:YuiTsuruno+1","animator:SuzuneAmano+1","animator:HomuraAkemi+1","animator:YachiyoNanami+1","animator:Arpeggio+1","animator:MisaKurobane+1","animator:NagisaMomoe+1","animator:KyokoSakura+1","animator:SayakaMiki+1","animator:Lelouch+1","animator:YuiTsuruno+1","animator:Kyubey+1","animator:Eve+1","animator:Rimuru","animator:MadokaKaname+1","animator:MamiTomoe+1","animator:Rimuru","animator:Fredrika+1","animator:MadokaKaname+1","animator:OrikoMikuni+1","animator:Kyubey+1","animator:Aisha+1","animator:SuzuneAmano+1","animator:NagisaMomoe+1"],"relics":["animator:TheEruzaStone","animator:LivingPicture","animator:TheMissingPiece","animator:AncientMedallion"],"acts_visited":["Exordium","TheCity","TheBeyond","TheEnding","EYB:TheUnnamedReign"],"potions_floor_usage":[11,13,20,55,69,69,69],"damage_taken":[{"damage":0,"enemies":"Cultist","floor":1,"turns":3},{"damage":0,"enemies":"Jaw Worm","floor":3,"turns":2},{"damage":0,"enemies":"2 Louse","floor":5,"turns":2},{"damage":14,"enemies":"Lagavulin","floor":7,"turns":3},{"damage":0,"enemies":"Exordium Wildlife","floor":10,"turns":2},{"damage":8,"enemies":"Looter","floor":11,"turns":2},{"damage":2,"enemies":"Exordium Thugs","floor":12,"turns":3},{"damage":10,"enemies":"Gremlin Nob","floor":13,"turns":5},{"damage":11,"enemies":"Exordium Wildlife","floor":14,"turns":3},{"damage":0,"enemies":"Slime Boss","floor":16,"turns":4},{"damage":0,"enemies":"Chosen","floor":18,"turns":2},{"damage":4,"enemies":"2 Thieves","floor":20,"turns":3},{"damage":7,"enemies":"3 Cultists","floor":21,"turns":3},{"damage":0,"enemies":"Snake Plant","floor":22,"turns":3},{"damage":7,"enemies":"Centurion and Healer","floor":24,"turns":4},{"damage":20,"enemies":"Slavers","floor":27,"turns":2},{"damage":0,"enemies":"Snecko","floor":28,"turns":3},{"damage":0,"enemies":"Snake Plant","floor":29,"turns":2},{"damage":0,"enemies":"Chosen and Byrds","floor":30,"turns":3},{"damage":0,"enemies":"Cultist and Chosen","floor":31,"turns":4},{"damage":3,"enemies":"Champ","floor":33,"turns":5},{"damage":13,"enemies":"3 Darklings","floor":35,"turns":4},{"damage":0,"enemies":"Orb Walker","floor":36,"turns":2},{"damage":2,"enemies":"Writhing Mass","floor":37,"turns":3},{"damage":0,"enemies":"Giant Head","floor":41,"turns":6},{"damage":8,"enemies":"3 Darklings","floor":42,"turns":3},{"damage":6,"enemies":"4 Shapes","floor":45,"turns":4},{"damage":0,"enemies":"Transient","floor":48,"turns":5},{"damage":10,"enemies":"Donu and Deca","floor":50,"turns":4},{"damage":0,"enemies":"animator:UNNAMED_CULTIST_1","floor":54,"turns":3},{"damage":29,"enemies":"animator:TRIPLE_SHAPES_WEAK","floor":55,"turns":5},{"damage":14,"enemies":"animator:UNNAMED_CULTIST_2","floor":59,"turns":4},{"damage":19,"enemies":"animator:LARGE_CUBE","floor":60,"turns":5},{"damage":23,"enemies":"animator:ULTIMATE_CUBE","floor":63,"turns":6},{"damage":19,"enemies":"animator:ULTIMATE_CRYSTAL","floor":67,"turns":4},{"damage":187,"enemies":"animator:TheUnnamed","floor":69,"turns":7}],"seed_played":"-7263658265607166577","potions_obtained":[{"floor":1,"key":"Ancient Potion"},{"floor":3,"key":"SkillPotion"},{"floor":11,"key":"SkillPotion"},{"floor":16,"key":"PowerPotion"},{"floor":20,"key":"FairyPotion"},{"floor":28,"key":"CultistPotion"},{"floor":30,"key":"Energy Potion"},{"floor":54,"key":"animator:FalseLifePotion"},{"floor":55,"key":"animator:FalseLifePotion"},{"floor":59,"key":"animator:FalseLifePotion"},{"floor":60,"key":"animator:FalseLifePotion"}],"is_trial":false,"path_per_floor":["M","?","M","$","M","R","E","R","T","M","M","M","E","M","R","B",null,"M","?","M","M","M","R","M","R","T","E","M","M","M","M","R","B",null,"M","M","M","?","?","R","E","M","T","R","M","$","?","M","R","B",null,"R","??","M","M","T","?","$","M","M","?","$","E","T","?","$","E","R","B"],"character_chosen":"THE_ANIMATOR","items_purchased":["animator:ColorlessFragment","animator:SuzuneAmano","animator:HomuraAkemi","animator:YuiTsuruno","animator:YachiyoNanami","animator:Arpeggio","animator:MisaKurobane","animator:NagisaMomoe","animator:KyokoSakura","animator:SayakaMiki","animator:KyokoSakura","animator:Lelouch","Omamori","Peace Pipe","animator:YuiTsuruno","animator:Arpeggio","animator:Kyubey","animator:Eve","animator:Rimuru","Membership Card","animator:MamiTomoe","Molten Egg 2","animator:MadokaKaname","animator:MamiTomoe+1","animator:Rimuru","animator:Fredrika","animator:MadokaKaname","animator:OrikoMikuni","animator:Kyubey","animator:OrikoMikuni","animator:AncientMedallion","animator:AncientMedallion","animator:AncientMedallion","animator:NagisaMomoe","animator:AncientMedallion","animator:AncientMedallion","animator:AncientMedallion","animator:AncientMedallion","animator:AncientMedallion"],"campfire_rested":1,"item_purchase_floors":[0,0,0,0,0,0,0,0,0,0,0,0,0,0,0,0,0,0,0,0,0,0,0,0,0,0,0,0,0,0,58,58,58,58,62,62,66,66,66],"current_hp_per_floor":[66,66,66,66,66,66,52,52,52,52,53,60,56,54,54,54,66,66,66,66,59,59,59,52,52,52,32,41,41,50,59,59,66,66,65,65,64,64,64,64,66,66,66,66,66,66,58,66,66,56,66,66,86,86,63,63,63,63,74,86,86,86,86,86,86,86,79,86,0,0],"gold":1885,"neow_bonus":"","is_daily":false,"chose_seed":false,"campfire_upgraded":5,"win_rate":0.0,"timestamp":1612294106,"path_taken":["M","?","M","?","M","R","E","R","T","M","M","M","E","M","R","BOSS","M","?","?","M","M","R","M","R","T","E","M","M","M","M","R","BOSS","M","M","?","?","?","R","E","M","T","R","M","$","?","?","R","BOSS","R","??","M","M","T","?","$","M","M","?","$","E","T","?","$","E","R","BOSS"],"items_purchased_type":["Relic","Card","Card","Card","Card","Card","Card","Card","Card","Card","Card","Card","Relic","Relic","Card","Card","Card","Card","Card","Relic","Card","Relic","Card","Card","Card","Card","Card","Card","Card","Card","Relic","Relic","Relic","Card","Relic","Relic","Relic","Relic","Relic"],"build_version":"2020-12-22","purchased_purges":8,"victory":false,"max_hp_per_floor":[66,66,66,66,66,66,66,66,66,66,66,66,66,66,66,66,66,66,66,66,66,66,66,66,66,66,66,66,66,66,66,66,66,66,66,66,66,66,66,66,66,66,66,66,66,66,66,66,66,66,66,66,86,86,86,86,86,86,86,86,86,86,86,86,86,86,86,86,86,86],"card_choices":[{"not_picked":["animator:Kaijin","animator:Mikaela+1","animator:Entoma+1"],"picked":"SKIP","floor":1},{"not_picked":["animator:Layla+1","animator:HiiragiShinya","animator:NagisaMomoe"],"picked":"SKIP","floor":3},{"not_picked":["animator:OrikoMikuni","animator:Spearman+1","animator:Gilgamesh+1"],"picked":"SKIP","floor":7},{"not_picked":["animator:Mikaela+1","animator:Ara+1","animator:Shalltear+1"],"picked":"SKIP","floor":10},{"not_picked":["animator:LizardPriest","animator:AcuraTooru+1","animator:NarberalGamma"],"picked":"SKIP","floor":12},{"not_picked":["animator:Evileye","animator:YuiTsuruno+1"],"picked":"animator:Aisha+1","floor":13},{"not_picked":["animator:Shigure+1"],"picked":"SKIP","floor":18},{"not_picked":["animator:Rider"],"picked":"SKIP","floor":20},{"not_picked":["animator:Ain+1"],"picked":"SKIP","floor":22},{"not_picked":["animator:IrohaTamaki+1"],"picked":"SKIP","floor":24},{"not_picked":[],"picked":"animator:SuzuneAmano+1","floor":28},{"not_picked":["animator:ShinjiMatou"],"picked":"SKIP","floor":29},{"not_picked":["animator:ShinjiMatou"],"picked":"SKIP","floor":29},{"not_picked":["animator:Benimaru+1"],"picked":"SKIP","floor":31},{"not_picked":["animator:Priestess"],"picked":"SKIP","floor":35},{"not_picked":["animator:Add+1"],"picked":"SKIP","floor":37},{"not_picked":["animator:Add"],"picked":"SKIP","floor":41},{"not_picked":["animator:Gillette+1"],"picked":"SKIP","floor":45},{"not_picked":["animator:SayakaMiki"],"picked":"SKIP","floor":48},{"not_picked":["animator:IrohaTamaki","animator:Yoichi","animator:SwordMaiden"],"picked":"SKIP","floor":54},{"not_picked":["animator:YaoHaDucy+1","animator:YachiyoNanami+1","animator:Ara"],"picked":"SKIP","floor":55},{"not_picked":["animator:IrohaTamaki+1","animator:CrowleyEusford+1","animator:Viivi+1"],"picked":"SKIP","floor":59},{"not_picked":["animator:IrohaTamaki+1","animator:CrowleyEusford+1","animator:Viivi+1"],"picked":"SKIP","floor":59},{"not_picked":["animator:Priestess","animator:OrikoMikuni","animator:IrohaTamaki"],"picked":"SKIP","floor":63},{"not_picked":["animator:YaoHaDucy","animator:RinTohsaka","animator:Berserker"],"picked":"SKIP","floor":67}],"player_experience":426352,"relics_obtained":[{"floor":7,"key":"Shovel"},{"floor":13,"key":"Regal Pillow"},{"floor":26,"key":"animator:BattleDrones"},{"floor":27,"key":"Gremlin Horn"},{"floor":41,"key":"Orichalcum"},{"floor":43,"key":"DataDisk"},{"floor":53,"key":"animator:TheEruzaStone"},{"floor":56,"key":"animator:AncientMedallion"},{"floor":61,"key":"animator:AncientMedallion"},{"floor":61,"key":"animator:AncientMedallion"},{"floor":61,"key":"animator:AncientMedallion"},{"floor":61,"key":"animator:AncientMedallion"},{"floor":63,"key":"animator:AncientMedallion"},{"floor":64,"key":"animator:AncientMedallion"},{"floor":67,"key":"animator:AncientMedallion"}],"event_choices":[{"cards_removed":["animator:Arpeggio"],"damage_healed":0,"gold_gain":0,"player_choice":"Purged","damage_taken":0,"max_hp_gain":0,"max_hp_loss":0,"event_name":"Purifier","floor":2,"gold_loss":0},{"damage_healed":0,"gold_gain":0,"player_choice":"0 cards matched","damage_taken":0,"max_hp_gain":0,"max_hp_loss":0,"event_name":"Match and Keep!","floor":19,"gold_loss":0,"cards_obtained":[]},{"cards_removed":["animator:YuiTsuruno"],"damage_healed":0,"gold_gain":0,"player_choice":"Removed Attack","damage_taken":0,"max_hp_gain":0,"max_hp_loss":0,"event_name":"Falling","floor":38,"gold_loss":0},{"damage_healed":0,"gold_gain":0,"player_choice":"Memory 1","damage_taken":0,"max_hp_gain":0,"max_hp_loss":0,"event_name":"SensoryStone","floor":39,"gold_loss":0},{"damage_healed":0,"gold_gain":0,"player_choice":"Embrace Madness","damage_taken":8,"max_hp_gain":0,"max_hp_loss":0,"event_name":"Winding Halls","floor":47,"gold_loss":0,"cards_obtained":["animator:HigakiRinne"]},{"damage_healed":0,"gold_gain":0,"player_choice":"Memory 1","damage_taken":0,"max_hp_gain":0,"max_hp_loss":0,"event_name":"SensoryStone","floor":57,"gold_loss":0}],"is_beta":false,"boss_relics":[{"not_picked":["Black Star","animator:RacePiece"],"picked":"Busted Crown"},{"not_picked":["Astrolabe","Pandora\u0027s Box"],"picked":"Runic Dome"}],"items_purged_floors":[0,0,0,0,0,0,0,4],"is_endless":false,"potions_floor_spawned":[1,3,11,16,20,28,29,30,41,42,45,54,63,67],"killed_by":"animator:TheUnnamed","ascension_level":0}}