{"host":"cf08bg5xocf3tx1r","time":1612235700,"event":{"mods":["AchievementEnabler","BaseMod","BetterRewards","Colored Map","Colored Powertips","Energized Spire","Hubris","Infinite Spire","Minty Spire (QoL Compilation)","Replay The Spire","Shop Mod","StSLib"],"gold_per_floor":[114,114,124,141,141,141,141,141,141,141,141,152,165,192,192,295,295,314,239,164,164,164],"floor_reached":21,"language":"KOR","playtime":1252,"items_purged":["Strike_R","Strike_R"],"score":167,"play_id":"5d5cd11e-42fc-49a6-b62c-b1286831e2e4","local_time":"20210202121500","is_ascension_mode":false,"campfire_choices":[{"floor":6,"key":"REST"},{"floor":8,"key":"REST"},{"floor":15,"key":"REST"}],"circlet_count":0,"master_deck":["Strike_R","Strike_R+1","Defend_R","Defend_R","Defend_R","Bash","Pommel Strike","Armaments","Metallicize","Run Through+1","infinitespire:Collect+1","Barricade","Headbutt","Impervious","Shockwave+1","Abandon+1"],"relics":["Black Blood","hubris:EvacipatedBox","hubris:KleinBottle","hubris:FruitBowl","hubris:Towel","hubris:BottledRain","Whetstone"],"acts_visited":["Exordium","TheCity"],"potions_floor_usage":[],"damage_taken":[{"damage":1,"enemies":"2 Louse","floor":1,"turns":4},{"damage":1,"enemies":"Cultist","floor":3,"turns":4},{"damage":5,"enemies":"infinitespire:Voidling","floor":4,"turns":4},{"damage":7,"enemies":"3 Louse","floor":12,"turns":5},{"damage":9,"enemies":"Blue Slaver","floor":13,"turns":4},{"damage":23,"enemies":"Slime Boss","floor":16,"turns":16},{"damage":36,"enemies":"3 Byrds","floor":18,"turns":11},{"damage":25,"enemies":"2 Thieves","floor":19,"turns":5},{"damage":46,"enemies":"Centurion and Healer","floor":21,"turns":7}],"seed_played":"-3449729182041144784","potions_obtained":[{"floor":12,"key":"SpeedPotion"},{"floor":13,"key":"CultistPotion"}],"is_trial":false,"path_per_floor":["M","?","M","M","$","R","?","R","T","$","?","M","M","T","R","B",null,"M","M","$","M"],"character_chosen":"IRONCLAD","items_purchased":["hubris:EvacipatedBox","hubris:KleinBottle","hubris:FruitBowl"],"campfire_rested":3,"item_purchase_floors":[5,5,5],"current_hp_per_floor":[80,80,80,80,18,42,42,66,66,66,66,65,62,62,80,63,80,56,43,43,0,0],"gold":164,"neow_bonus":"REMOVE_CARD","is_daily":false,"chose_seed":false,"campfire_upgraded":0,"win_rate":0.0,"timestamp":1612235700,"path_taken":["M","?","M","M","?","R","?","R","T","?","?","?","M","?","R","BOSS","M","M","$","M"],"items_purchased_type":["Relic","Relic","Relic"],"build_version":"2020-12-22","purchased_purges":2,"victory":false,"max_hp_per_floor":[80,80,80,80,80,80,80,80,80,80,80,80,80,80,80,80,80,80,80,80,80,80],"card_choices":[{"not_picked":["True Grit","Body Slam"],"picked":"Pommel Strike","floor":1},{"not_picked":["Dual Wield","True Grit"],"picked":"Metallicize","floor":3},{"not_picked":["Ghostly Armor","ReplayTheSpireMod:LeadingStrike"],"picked":"Run Through","floor":4},{"not_picked":["hubris:Rewind","infinitespire:Punishment"],"picked":"infinitespire:Collect","floor":5},{"not_picked":["Replay:Undeath\u0027s Touch","ReplayTheSpireMod:Strike From Hell"],"picked":"Barricade","floor":12},{"not_picked":["Perfected Strike","Run Through"],"picked":"Headbutt","floor":13},{"not_picked":["Exhume","Demonic Infusion"],"picked":"Impervious","floor":16},{"not_picked":["Perfected Strike","hubris:ReadiedAction"],"picked":"Shockwave+1","floor":18},{"not_picked":["Iron Wave","Flex"],"picked":"Abandon+1","floor":19}],"player_experience":64537,"relics_obtained":[{"floor":9,"key":"hubris:BottledRain"},{"floor":14,"key":"Whetstone"}],"event_choices":[{"damage_healed":0,"gold_gain":0,"cards_transformed":["Defend_R"],"player_choice":"Transformed","damage_taken":0,"max_hp_gain":0,"max_hp_loss":0,"event_name":"Transmorgrifier","floor":2,"gold_loss":0,"cards_obtained":["Armaments"]},{"damage_healed":0,"gold_gain":0,"player_choice":"Upgraded","damage_taken":0,"max_hp_gain":0,"max_hp_loss":0,"event_name":"Upgrade Shrine","floor":11,"gold_loss":0,"cards_upgraded":["infinitespire:Collect"]}],"is_beta":false,"boss_relics":[{"not_picked":["Honey Jar","energizedSpire:TabascoSauce","energizedSpire:EnergizedDie"],"picked":"Black Blood"}],"items_purged_floors":[5,20],"is_endless":false,"potions_floor_spawned":[12,13],"killed_by":"Centurion and Healer","ascension_level":0}}