{"host":"btk6hapgokl8j5e3","time":1612285229,"event":{"mods":["Act Like it!","BaseMod","BetterRewards","Colored Powertips","Friendly Minions","GifTheSpireLib","Minty Spire (QoL Compilation)","StSLib","The Animator"],"gold_per_floor":[116,140,160,160,175,208,208,208,208,221,249,264,264,297,297,407,407,407],"floor_reached":17,"language":"ENG","playtime":3228,"items_purged":["animator:Strike","animator:Defend","animator:Strike","animator:Strike","animator:Defend","animator:Defend","animator:Defend_MadokaMagica","animator:Strike_MadokaMagica"],"score":327,"play_id":"ec31f69d-6cfa-4f20-82eb-54cfdc67d5ba","local_time":"20210202180029","is_ascension_mode":false,"campfire_choices":[{"floor":7,"key":"RECALL"},{"data":"animator:Guy","floor":13,"key":"SMITH"},{"data":"animator:OrikoMikuni","floor":15,"key":"SMITH"}],"circlet_count":0,"master_deck":["animator:IrohaTamaki","animator:YuiTsuruno","animator:OrikoMikuni+1","animator:Patchouli","animator:YuiTsuruno","animator:Emilia+1","animator:Ain","animator:Magilou","animator:Aisha","animator:DolaRiku+1","animator:Rimuru","animator:Patchouli","animator:MisaKurobane","animator:NarberalGamma","animator:HououinKyouma","animator:Lelouch","animator:MadokaKaname","animator:Zero","animator:Kuroyukihime","animator:DwarfShaman","animator:YachiyoNanami","animator:MamiTomoe","animator:Jibril","animator:Zero","animator:Shiro","animator:Guy+1","animator:Tet","animator:Add","animator:Togame","animator:Guy","animator:DolaCouronne","animator:Eve","animator:HomuraAkemi"],"relics":["animator:LivingPicture","animator:ColorlessFragment","animator:PurgingStone","Vajra","Thread and Needle","Medical Kit","Prayer Wheel","Tiny Chest","Meat on the Bone","Membership Card","Omamori","Juzu Bracelet","Matryoshka","War Paint","Regal Pillow","Anchor","animator:WornHelmet","Gremlin Horn","Coffee Dripper"],"acts_visited":["Exordium","TheCity"],"potions_floor_usage":[5],"damage_taken":[{"damage":7,"enemies":"Jaw Worm","floor":1,"turns":2},{"damage":0,"enemies":"Cultist","floor":2,"turns":3},{"damage":0,"enemies":"Small Slimes","floor":3,"turns":1},{"damage":0,"enemies":"Looter","floor":5,"turns":2},{"damage":0,"enemies":"Gremlin Nob","floor":6,"turns":4},{"damage":0,"enemies":"Blue Slaver","floor":10,"turns":3},{"damage":0,"enemies":"Lagavulin","floor":11,"turns":5},{"damage":0,"enemies":"Exordium Wildlife","floor":12,"turns":2},{"damage":13,"enemies":"Gremlin Nob","floor":14,"turns":3},{"damage":29,"enemies":"Slime Boss","floor":16,"turns":7}],"seed_played":"755167499557969260","potions_obtained":[{"floor":1,"key":"DistilledChaos"},{"floor":6,"key":"Strength Potion"},{"floor":12,"key":"EssenceOfSteel"},{"floor":14,"key":"SteroidPotion"}],"is_trial":false,"path_per_floor":["M","M","M","?","M","E","R","?","T","M","E","M","R","E","R","B",null],"character_chosen":"THE_ANIMATOR","items_purchased":["animator:OrikoMikuni","Vajra","Thread and Needle","Medical Kit","animator:Patchouli","Prayer Wheel","Tiny Chest","Meat on the Bone","animator:YuiTsuruno","animator:Emilia","animator:Ain","animator:Magilou","animator:Aisha","Membership Card","animator:DolaRiku","Omamori","animator:Rimuru","animator:ColorlessFragment","animator:Patchouli","Juzu Bracelet","Matryoshka","animator:MisaKurobane","animator:NarberalGamma","War Paint","animator:HououinKyouma","animator:Lelouch","animator:MadokaKaname","animator:Zero","animator:Kuroyukihime","animator:DwarfShaman","animator:YachiyoNanami","animator:MamiTomoe","animator:Jibril","animator:Zero","animator:Shiro","animator:Guy","animator:Tet"],"campfire_rested":0,"item_purchase_floors":[0,0,0,0,0,0,0,0,0,0,0,0,0,0,0,0,0,0,0,0,0,0,0,0,0,0,0,0,0,0,0,0,0,0,0,0,0],"current_hp_per_floor":[34,34,34,34,34,34,34,34,34,34,34,34,34,33,33,16,66,66],"gold":407,"neow_bonus":"","is_daily":false,"chose_seed":false,"campfire_upgraded":2,"win_rate":0.0,"timestamp":1612285229,"path_taken":["M","M","M","?","M","E","R","?","T","M","E","M","R","E","R","BOSS"],"items_purchased_type":["Card","Relic","Relic","Relic","Card","Relic","Relic","Relic","Card","Card","Card","Card","Card","Relic","Card","Relic","Card","Relic","Card","Relic","Relic","Card","Card","Relic","Card","Card","Card","Card","Card","Card","Card","Card","Card","Card","Card","Card","Card"],"build_version":"2020-12-22","purchased_purges":8,"victory":false,"max_hp_per_floor":[66,66,66,66,66,66,66,66,66,66,66,66,66,66,66,66,66,66],"card_choices":[{"not_picked":["animator:Viivi","animator:Azekura","animator:DolaStephanie"],"picked":"SKIP","floor":1},{"not_picked":["animator:Mitsurugi","animator:ZankiKiguchi","animator:DolaSchwi"],"picked":"SKIP","floor":1},{"not_picked":["animator:Kazuma","animator:Lancer"],"picked":"animator:Add","floor":2},{"not_picked":["animator:Rena","animator:Cocytus"],"picked":"animator:Togame","floor":2},{"not_picked":["animator:Rider","animator:MadokaKaname","animator:DwarfShaman"],"picked":"SKIP","floor":3},{"not_picked":["animator:Rider","animator:MadokaKaname","animator:DwarfShaman"],"picked":"SKIP","floor":3},{"not_picked":["animator:Ciel","animator:HighElfArcher"],"picked":"animator:Guy","floor":5},{"not_picked":["animator:Add","animator:Shuna","animator:EmiyaShirou"],"picked":"SKIP","floor":5},{"not_picked":["animator:ChaikaBohdan","animator:Verdia"],"picked":"animator:DolaCouronne","floor":6},{"not_picked":["animator:CowGirl","animator:Jibril"],"picked":"animator:Eve","floor":10},{"not_picked":["animator:AcuraTooru","animator:Nanami","animator:Entoma"],"picked":"SKIP","floor":11},{"not_picked":["animator:Kaijin","animator:Spearman","animator:Hakurou"],"picked":"SKIP","floor":12},{"not_picked":["animator:Illya","animator:MamiTomoe","animator:TsurugaMeisai"],"picked":"SKIP","floor":12},{"not_picked":["animator:Wiz","animator:AcuraShin"],"picked":"animator:HomuraAkemi","floor":16}],"player_experience":423124,"relics_obtained":[{"floor":6,"key":"Regal Pillow"},{"floor":9,"key":"Anchor"},{"floor":11,"key":"animator:WornHelmet"},{"floor":14,"key":"Gremlin Horn"}],"event_choices":[{"damage_healed":0,"gold_gain":0,"player_choice":"Ignored","damage_taken":0,"max_hp_gain":0,"max_hp_loss":0,"event_name":"Transmorgrifier","floor":4,"gold_loss":0},{"damage_healed":0,"gold_gain":0,"player_choice":"Bought 0 Potions","damage_taken":0,"max_hp_gain":0,"max_hp_loss":0,"event_name":"The Woman in Blue","floor":8,"gold_loss":0}],"is_beta":false,"boss_relics":[{"not_picked":["Tiny House","Mark of Pain"],"picked":"Coffee Dripper"}],"items_purged_floors":[0,0,0,0,0,0,0,0],"is_endless":false,"potions_floor_spawned":[1,6,12,14],"ascension_level":0}}