{"host":"72u2l81w7bxoihz9","time":1612264513,"event":{"mods":["Act Like it!","Aspiration","BaseMod","BetterRewards","Dota2Spire","Downfall","Friendly Minions","Gensokyo","GifTheSpireLib","Hallownest","Hermit","KinomotoSakuraMod(木之本樱)","Luminous","Marisa（F雨　魔理沙）","Minty Spire (QoL Compilation)","MostiFishMod","Prisma Mod","Remilia（蕾米莉亚）","Replay The Spire","Shop Mod","Spicy Shops","StSLib","TestMod","The Bug Knight","The Construct","The Cursed","The Gatherer","TheWitcher","UnlockEverythingMod","Yakumo Yukari mod","Yuyuko","[IsaacMod]以撒尖塔","noobMod","【功能Mod】聪明的最终Boss","篝火指南"],"gold_per_floor":[99,114,128,144,244,244,244,244,-1345,-1330,-1311,-1249,-1235,-1158,-1141,-1043,-1043,-1043,-1024,-1009,-709,-697,-697,-697,-697,-680,-663,-651,-637,-612,-595,-583,-488,-488,-488,-477,-477,-465,-364,-364,-315,-315,-304,-289,-259,-239,-221,-221,-207,-207],"floor_reached":51,"language":"ZHS","playtime":2586,"items_purged":["Regret"],"score":967,"play_id":"14fd4165-833e-4abc-b71e-0e7391a28852","local_time":"20210202191513","is_ascension_mode":true,"campfire_choices":[{"data":"Slimebound:Split","floor":1,"key":"SMITH"},{"data":"Slimebound:TagTeam","floor":18,"key":"SMITH"},{"data":"Slimebound:SlimeBarrage","floor":23,"key":"SMITH"},{"data":"Slimebound:MegaLick","floor":35,"key":"SMITH"},{"data":"Slimebound:OozeBath","floor":40,"key":"SMITH"},{"data":"Slimebound:GrowthPunch","floor":42,"key":"SMITH"}],"circlet_count":0,"master_deck":["Slimebound:Strike_Slimebound","Slimebound:Strike_Slimebound","Slimebound:Strike_Slimebound","Slimebound:Tackle","Slimebound:Defend_Slimebound","Slimebound:Defend_Slimebound","Slimebound:Defend_Slimebound","Slimebound:Defend_Slimebound","Slimebound:Split+1","Slimebound:CorrosiveSpit","Slimebound:Repurpose","Slimebound:HauntingLick","Slimebound:Repurpose","Slimebound:SlimeBarrage+1","Slimebound:TagTeam+1","Slimebound:AcidTongue+1","Slimebound:Repurpose+1","Slimebound:LeechEnergy+1","Slimebound:GrowthPunch+1","Slimebound:GoopSpray+1","Slimebound:MassRepurpose","Slimebound:MegaLick+1","Slimebound:OozeBath+1","Panic Button"],"relics":["Slimebound:AbsorbEndCombat","testmod-TestBox","HushsDoor","DaveBox","ice","testmod-ArcanaOfDestiny","BirthdayGift-Icosahedron","ReplayFunnel","Shuriken","MerchantsRug","Replay:Wax Seal","SynthV:MejaisSoulstealer","Painkiller Herb","SnafuTest:BearRelic","Sizzling Blood","Counterbalance","aspiration:DefectSkillbook","Dota2Spire:PhaseBoots","InkBottle"],"acts_visited":["Exordium","TheCity","TheBeyond"],"potions_floor_usage":[28,31,33,33,36,45,50,50],"damage_taken":[{"damage":0,"enemies":"Jaw Worm","floor":2,"turns":2},{"damage":7,"enemies":"Small Slimes","floor":3,"turns":3},{"damage":0,"enemies":"2 Louse","floor":4,"turns":2},{"damage":0,"enemies":"Large Slime","floor":10,"turns":2},{"damage":0,"enemies":"3 Louse","floor":11,"turns":1},{"damage":0,"enemies":"Gremlin Nob","floor":12,"turns":2},{"damage":8,"enemies":"Exordium Wildlife","floor":13,"turns":2},{"damage":0,"enemies":"Large Slime","floor":15,"turns":1},{"damage":0,"enemies":"WA_ARCHETYPE_RETAIN","floor":16,"turns":2},{"damage":15,"enemies":"Chosen","floor":19,"turns":2},{"damage":0,"enemies":"Shelled Parasite and Fungi","floor":20,"turns":2},{"damage":0,"enemies":"downfall:FleeingMerchant","floor":21,"turns":3},{"damage":0,"enemies":"Snake Plant","floor":22,"turns":1},{"damage":0,"enemies":"Cultist and Chosen","floor":26,"turns":2},{"damage":0,"enemies":"Centurion and Healer","floor":27,"turns":2},{"damage":0,"enemies":"Chosen and Byrds","floor":28,"turns":1},{"damage":0,"enemies":"Snecko","floor":29,"turns":1},{"damage":0,"enemies":"Book of Stabbing","floor":30,"turns":1},{"damage":0,"enemies":"Cultist and Chosen","floor":31,"turns":2},{"damage":0,"enemies":"Centurion and Healer","floor":32,"turns":2},{"damage":9,"enemies":"IC_MUSHROOM_ARCHETYPE","floor":33,"turns":2},{"damage":0,"enemies":"3 Darklings","floor":36,"turns":2},{"damage":0,"enemies":"Orb Walker","floor":38,"turns":2},{"damage":0,"enemies":"Writhing Mass","floor":43,"turns":2},{"damage":0,"enemies":"Maw","floor":44,"turns":2},{"damage":0,"enemies":"Nemesis","floor":45,"turns":3},{"damage":0,"enemies":"Jaw Worm Horde","floor":46,"turns":1},{"damage":0,"enemies":"3 Darklings","floor":47,"turns":1},{"damage":0,"enemies":"4 Shapes","floor":49,"turns":2},{"damage":0,"enemies":"DF_ARCHETYPE_ORBS","floor":50,"turns":2}],"seed_played":"4413482642658110678","potions_obtained":[{"floor":10,"key":"AttackPotion"},{"floor":11,"key":"Milkshake"},{"floor":12,"key":"FearPotion"},{"floor":14,"key":"Ancient Potion"},{"floor":22,"key":"DistilledChaos"},{"floor":28,"key":"SpeedPotion"},{"floor":29,"key":"Adrenaline Potion"},{"floor":30,"key":"ColorlessPotion"},{"floor":33,"key":"Fruit Juice"},{"floor":36,"key":"SkillPotion"},{"floor":43,"key":"Regen Potion"},{"floor":44,"key":"Fire Potion"}],"is_trial":false,"path_per_floor":["R","M","M","M","?","T","T","?","R","M","M","?","M","?","M","B",null,"T","?","?","T","?","T","T","?","?","?","?","?","E","?","?","B",null,"T","?","?","?","T","T","T","T","?","?","E","?","?","?","?","B",null],"character_chosen":"SLIMEBOUND","items_purchased":["MerchantsRug","Replay:Wax Seal","SynthV:MejaisSoulstealer"],"campfire_rested":0,"item_purchase_floors":[9,9,9],"current_hp_per_floor":[71,71,65,67,67,67,67,67,67,71,71,71,64,64,65,71,71,71,71,71,71,71,71,71,75,75,75,75,75,75,75,75,71,75,75,80,72,79,79,79,79,79,80,80,80,80,80,65,76,80],"gold":-207,"neow_bonus":"TEN_PERCENT_HP_BONUS","is_daily":false,"chose_seed":false,"campfire_upgraded":6,"win_rate":0.0,"timestamp":1612264513,"path_taken":["R","M","M","M","?","?","T","?","R","M","M","?","?","?","M","BOSS","T","?","?","T","?","T","T","?","?","?","?","?","E","?","?","BOSS","T","?","?","?","?","T","T","T","?","?","E","?","?","?","?","BOSS"],"items_purchased_type":["Relic","Relic","Relic"],"build_version":"2020-12-22","purchased_purges":1,"victory":true,"max_hp_per_floor":[71,71,71,71,71,71,71,71,71,71,71,71,71,71,71,71,71,71,71,71,71,71,71,71,75,75,75,75,75,75,75,75,75,75,75,80,80,80,80,80,80,80,80,80,80,80,80,80,80,80],"card_choices":[{"not_picked":[],"picked":"ChaosCard","floor":0},{"not_picked":["Slimebound:Replication","Slimebound:SlimeBrawl"],"picked":"Slimebound:Repurpose","floor":2},{"not_picked":["Slimebound:LeechEnergy","Slimebound:SplitMire","Slimebound:Prepare"],"picked":"SKIP","floor":3},{"not_picked":["Slimebound:SplitBruiser","Slimebound:SlimeBrawl"],"picked":"Slimebound:HauntingLick","floor":4},{"not_picked":["Slimebound:FinishingTackle","Slimebound:RollThrough","Slimebound:HauntingLick"],"picked":"SKIP","floor":10},{"not_picked":["Slimebound:LivingWall","Slimebound:ProtectTheBoss","Slimebound:LeechLife"],"picked":"SKIP","floor":11},{"not_picked":["Slimebound:ViciousTackle","Slimebound:HauntingLick"],"picked":"Bomb","floor":12},{"not_picked":["Slimebound:FlameTackle","Slimebound:RainOfGoop"],"picked":"Slimebound:Repurpose","floor":13},{"not_picked":["Slimebound:ForwardTackle","Bomb"],"picked":"Slimebound:SlimeBarrage","floor":15},{"not_picked":["Slimebound:DouseInSlime","Slimebound:SelfFormingGoo"],"picked":"Slimebound:TagTeam","floor":16},{"not_picked":["Slimebound:SlimeSpikes","Slimebound:GrowthPunch"],"picked":"Slimebound:AcidTongue+1","floor":19},{"not_picked":["Slimebound:Equalize","Slimebound:SplitLeeching"],"picked":"Slimebound:Repurpose+1","floor":20},{"not_picked":["Slimebound:LivingWall","Slimebound:SplitMire+1","Slimebound:ForwardTackle"],"picked":"SKIP","floor":21},{"not_picked":["Slimebound:SplitAcid+1","Slimebound:RallyTheTroops"],"picked":"Slimebound:LeechEnergy+1","floor":22},{"not_picked":["Slimebound:FinishingTackle","Slimebound:LivingWall","Slimebound:SplitMire"],"picked":"SKIP","floor":26},{"not_picked":["Slimebound:PressTheAttack","Slimebound:ItLooksTasty"],"picked":"Slimebound:GrowthPunch","floor":27},{"not_picked":["Slimebound:SplitSpecialist","Slimebound:MassFeed"],"picked":"Slimebound:GoopSpray+1","floor":28},{"not_picked":["Slimebound:GrowthPunch","Slimebound:GoopTackle","Slimebound:Grow"],"picked":"SKIP","floor":29},{"not_picked":["Slimebound:Teamwork","Slimebound:Replication"],"picked":"Slimebound:MassRepurpose","floor":30},{"not_picked":["Slimebound:SlimeSpikes","Slimebound:SplitSpecialist"],"picked":"Slimebound:MegaLick","floor":31},{"not_picked":["Slimebound:BestDefense+1","Slimebound:GoopTackle","Slimebound:FlameTackle+1"],"picked":"SKIP","floor":32},{"not_picked":["Slimebound:DuplicatedForm","Slimebound:MinionMaster"],"picked":"Slimebound:OozeBath","floor":33},{"not_picked":["Undo","Leap","Slimebound:Chomp"],"picked":"Panic Button","floor":36},{"not_picked":["Ball Lightning","Slimebound:RollThrough","Slimebound:ItLooksTasty+1","Sunder+1"],"picked":"SKIP","floor":38},{"not_picked":["Slimebound:DisruptingSlam+1","Slimebound:FormOfPuddle+1","Conserve Battery+1","Slimebound:FinishingTackle"],"picked":"SKIP","floor":43},{"not_picked":["Blizzard","Slimebound:LivingWall","MostiFishMod:DawningShadow","Darkness"],"picked":"SKIP","floor":44},{"not_picked":["MostiFishMod:PushDownKick+1","Tempest+1","Slimebound:FirmFortitude","Go for the Eyes"],"picked":"SKIP","floor":45},{"not_picked":["ReplaySort+1","Recycle+1","Streamline+1","Slimebound:ComboTackle"],"picked":"SKIP","floor":46},{"not_picked":["Slimebound:BestDefense","Scrape+1","Slimebound:FinishingTackle","Slimebound:ItLooksTasty+1"],"picked":"SKIP","floor":47},{"not_picked":["Slimebound:Equalize+1","MostiFishMod:GatherIntelligence","BasicCrystalCard","MostiFishMod:ATRI"],"picked":"SKIP","floor":49}],"player_experience":144492,"relics_obtained":[{"floor":6,"key":"ReplayFunnel"},{"floor":7,"key":"Shuriken"},{"floor":12,"key":"Dota2Spire:ShadowBlade"},{"floor":14,"key":"TuHaoJin"},{"floor":24,"key":"SnafuTest:BearRelic"},{"floor":30,"key":"Counterbalance"},{"floor":41,"key":"Dota2Spire:PhaseBoots"},{"floor":45,"key":"InkBottle"}],"event_choices":[{"damage_healed":0,"gold_gain":0,"player_choice":"Box","damage_taken":0,"relics_obtained":["Regal Pillow"],"max_hp_gain":0,"max_hp_loss":0,"event_name":"Big Fish","floor":8,"gold_loss":0,"cards_obtained":["Regret"]},{"damage_healed":0,"gold_gain":0,"player_choice":"Ignored","damage_taken":8,"max_hp_gain":0,"max_hp_loss":0,"event_name":"恩洛斯的盘子","floor":37,"gold_loss":0}],"is_beta":false,"boss_relics":[{"not_picked":["testmod-BloodSacrificeSpiritualization","NightmareShop"],"picked":"Painkiller Herb"},{"not_picked":[]},{"not_picked":["Abe\u0027s Treasure","bronze:MakeshiftBattery"],"picked":"aspiration:DefectSkillbook"},{"not_picked":[]}],"items_purged_floors":[9],"is_endless":false,"potions_floor_spawned":[10,11,12,19,22,28,29,30,33,36,43,44],"ascension_level":1}}