{"host":"ks71jpc99eh4jnzm","time":1612273261,"event":{"mods":["BaseMod","Colored Map","DeckTracker","Minty Spire (QoL Compilation)"],"gold_per_floor":[116,129,129,41,41,74,18,48,74,88,117,137,137,165,165,242,242,262,282,171,86,42,76,86,86,86,106,133,133,133,151,151,151,151],"floor_reached":33,"language":"KOR","playtime":2522,"items_purged":["Defend_R"],"score":626,"play_id":"54b55659-98bd-4670-94f3-030f5e5261cf","local_time":"20210202224101","daily_mods":["Heirloom"],"is_ascension_mode":true,"campfire_choices":[{"data":"Perfected Strike","floor":13.0,"key":"SMITH"},{"data":"Perfected Strike","floor":15.0,"key":"SMITH"},{"floor":25.0,"key":"REST"},{"data":"Perfected Strike","floor":32.0,"key":"SMITH"}],"circlet_count":0,"master_deck":["AscendersBane","Strike_R","Strike_R","Strike_R","Strike_R","Strike_R","Defend_R","Defend_R","Bash","Headbutt","Perfected Strike+1","Twin Strike","Ghostly Armor","Demon Form","Pommel Strike","Perfected Strike+1","Twin Strike","Cleave","Seeing Red","Limit Break","Inflame","Whirlwind","Whirlwind","Armaments+1","Perfected Strike+1"],"relics":["Burning Blood","Magic Flower","Orichalcum","Darkstone Periapt","Blood Vial","Boot","Art of War","Lizard Tail","Sozu","WingedGreaves","Kunai","Mercury Hourglass","Anchor"],"acts_visited":[],"potions_floor_usage":[],"damage_taken":[{"damage":6.0,"enemies":"Cultist","floor":1.0,"turns":3.0},{"damage":11.0,"enemies":"Small Slimes","floor":2.0,"turns":3.0},{"damage":12.0,"enemies":"3 Sentries","floor":6.0,"turns":7.0},{"damage":14.0,"enemies":"Lagavulin","floor":8.0,"turns":4.0},{"damage":4.0,"enemies":"Jaw Worm","floor":10.0,"turns":3.0},{"damage":24.0,"enemies":"3 Sentries","floor":11.0,"turns":6.0},{"damage":8.0,"enemies":"Red Slaver","floor":12.0,"turns":2.0},{"damage":2.0,"enemies":"Gremlin Nob","floor":14.0,"turns":3.0},{"damage":46.0,"enemies":"The Guardian","floor":16.0,"turns":8.0},{"damage":0.0,"enemies":"Chosen","floor":18.0,"turns":3.0},{"damage":25.0,"enemies":"2 Thieves","floor":19.0,"turns":4.0},{"damage":37.0,"enemies":"Book of Stabbing","floor":23.0,"turns":4.0},{"damage":0.0,"enemies":"Centurion and Healer","floor":24.0,"turns":4.0},{"damage":15.0,"enemies":"Cultist and Chosen","floor":27.0,"turns":4.0},{"damage":62.0,"enemies":"Slavers","floor":28.0,"turns":4.0},{"damage":27.0,"enemies":"Snake Plant","floor":31.0,"turns":3.0},{"damage":74,"enemies":"Champ","floor":33,"turns":7}],"seed_played":"64337080369409067","potions_obtained":[{"floor":6.0,"key":"Ancient Potion"},{"floor":10.0,"key":"PowerPotion"},{"floor":11.0,"key":"FearPotion"},{"floor":12.0,"key":"Energy Potion"},{"floor":14.0,"key":"SteroidPotion"}],"is_trial":true,"path_per_floor":["M","M","?","$","?","E","$","E","T","M","E","M","R","E","R","B",null,"M","M","$","?","$","E","M","R","T","M","E","?","?","M","R","B"],"character_chosen":"IRONCLAD","items_purchased":["Twin Strike","Ghostly Armor","SteroidPotion","Whirlwind","Whirlwind"],"campfire_rested":1,"item_purchase_floors":[4,4,7,20,22],"current_hp_per_floor":[71,69,62,62,57,54,54,49,49,57,45,49,49,59,59,25,63,75,59,59,59,59,34,46,68,68,65,15,15,15,57,57,0,0],"gold":151,"neow_bonus":"","is_daily":false,"chose_seed":false,"campfire_upgraded":3,"win_rate":0.0,"timestamp":1612273261,"path_taken":["M","M","?","$","?","E","?","E","T","M","E","?","R","E","R","BOSS","M","M","$","?","$","E","M","R","T","M","E","?","?","?","R","BOSS"],"items_purchased_type":["Card","Card","Potion","Card","Card"],"build_version":"2020-12-22","purchased_purges":1,"victory":false,"max_hp_per_floor":[75,75,75,75,75,75,75,75,75,75,75,75,75,75,75,75,75,75,75,75,75,75,75,75,75,75,75,75,75,75,75,75,75,75],"card_choices":[{"not_picked":["Rampage","Disarm"],"picked":"Headbutt","floor":1.0},{"not_picked":["Sword Boomerang","Flame Barrier"],"picked":"Perfected Strike","floor":2.0},{"not_picked":["Immolate","Barricade"],"picked":"Demon Form","floor":6.0},{"not_picked":["Berserk","Anger"],"picked":"Pommel Strike","floor":8.0},{"not_picked":["Havoc","Headbutt"],"picked":"Perfected Strike","floor":10.0},{"not_picked":["Armaments","Burning Pact"],"picked":"Twin Strike","floor":11.0},{"not_picked":["Corruption","Havoc"],"picked":"Cleave","floor":12.0},{"not_picked":["Wild Strike","Fiend Fire"],"picked":"Seeing Red","floor":14.0},{"not_picked":["Feed","Fiend Fire"],"picked":"Limit Break","floor":16.0},{"not_picked":["Hemokinesis","Iron Wave"],"picked":"Inflame","floor":18.0},{"not_picked":["Twin Strike","Iron Wave","Sword Boomerang"],"picked":"SKIP","floor":19.0},{"not_picked":["Power Through","Clothesline","Warcry"],"picked":"SKIP","floor":23.0},{"not_picked":["Wild Strike","Entrench","Body Slam"],"picked":"SKIP","floor":24.0},{"not_picked":["Sword Boomerang","Rupture"],"picked":"Armaments+1","floor":27.0},{"not_picked":["Heavy Blade","Cleave","Metallicize"],"picked":"SKIP","floor":28.0},{"not_picked":["Armaments","Thunderclap+1"],"picked":"Perfected Strike","floor":31.0}],"player_experience":379480,"relics_obtained":[{"floor":6.0,"key":"Darkstone Periapt"},{"floor":8.0,"key":"Blood Vial"},{"floor":9.0,"key":"Boot"},{"floor":11.0,"key":"Art of War"},{"floor":14.0,"key":"Lizard Tail"},{"floor":23.0,"key":"Kunai"},{"floor":26.0,"key":"Mercury Hourglass"},{"floor":28.0,"key":"Anchor"}],"event_choices":[{"cards_removed":["Defend_R"],"damage_healed":0.0,"max_hp_gain":0.0,"max_hp_loss":0.0,"gold_gain":0.0,"event_name":"Golden Wing","player_choice":"Card Removal","floor":3.0,"gold_loss":0.0,"damage_taken":7.0},{"damage_healed":0.0,"max_hp_gain":0.0,"max_hp_loss":0.0,"gold_gain":0.0,"event_name":"Scrap Ooze","player_choice":"Success","floor":5.0,"gold_loss":0.0,"damage_taken":5.0,"relics_obtained":["Orichalcum"]},{"damage_healed":0.0,"max_hp_gain":0.0,"max_hp_loss":0.0,"gold_gain":0.0,"event_name":"Addict","player_choice":"Obtained Relic","floor":21.0,"gold_loss":85.0,"damage_taken":0.0,"relics_obtained":["WingedGreaves"]},{"damage_healed":0.0,"max_hp_gain":0.0,"max_hp_loss":0.0,"gold_gain":0.0,"event_name":"Cursed Tome","player_choice":"Ignored","floor":29.0,"gold_loss":0.0,"damage_taken":0.0},{"damage_healed":0.0,"max_hp_gain":0.0,"max_hp_loss":0.0,"gold_gain":0.0,"event_name":"Lab","player_choice":"Got Potions","floor":30.0,"gold_loss":0.0,"damage_taken":0.0}],"is_beta":false,"boss_relics":[{"not_picked":["Empty Cage","Runic Cube"],"picked":"Sozu"}],"items_purged_floors":[20],"is_endless":false,"potions_floor_spawned":[6,10,11,12,14,23,24],"killed_by":"Champ","ascension_level":20}}