{"host":"c6u7e77myxvw4d0m","time":1612265576,"event":{"mods":["AchievementEnabler","BaseMod","Bestiary","Colored Map","Colored Powertips","Minty Spire (QoL Compilation)","Rare Cards Sparkle","Relic Stats","everything is the same but u backflip on backflip"],"gold_per_floor":[217,235,252,327,63,63,97,97,97,112,145,145,173,3,3,75,75,93,143,224,224,240,270,270,305,305,305,305,339,339,7,7,95,95,115,135,135,154,163,163,201,227,227,227,236,26,45,65,65,65],"floor_reached":51,"language":"ENG","playtime":2454,"items_purged":["Sword Boomerang"],"score":1593,"play_id":"7dc06c2a-d41b-4aeb-9357-4da64ac22963","local_time":"20210202133256","is_ascension_mode":true,"campfire_choices":[{"data":"Uppercut","floor":6,"key":"SMITH"},{"data":"1","floor":8,"key":"LIFT"},{"data":"2","floor":12,"key":"LIFT"},{"data":"3","floor":15,"key":"LIFT"},{"floor":24,"key":"REST"},{"data":"Spot Weakness","floor":27,"key":"SMITH"},{"data":"Inflame","floor":30,"key":"SMITH"},{"data":"Fire Breathing","floor":32,"key":"SMITH"},{"floor":40,"key":"RECALL"},{"floor":44,"key":"REST"},{"floor":49,"key":"REST"}],"circlet_count":0,"master_deck":["AscendersBane","Strike_R","Strike_R","Strike_R","Strike_R","Strike_R","Defend_R","Defend_R","Defend_R","Defend_R","Bash","Reckless Charge","Uppercut+1","Perfected Strike","Cleave","Thunderclap","Inflame+1","Fire Breathing+1","Spot Weakness+1","Corruption","Carnage","Pommel Strike","Reaper","Perfected Strike","Offering","Barricade","Sentinel","Pummel","Shockwave","Reaper","Rage","Twin Strike","Feed","Exhume","Spot Weakness","Havoc+1","True Grit"],"relics":["Burning Blood","Lantern","Girya","White Beast Statue","Ornamental Fan","Unceasing Top","Cursed Key","Pear","Smiling Mask","CeramicFish","TungstenRod","Dead Branch","Fusion Hammer","Bronze Scales"],"acts_visited":["Exordium","TheCity","TheBeyond"],"potions_floor_usage":[7,10,11,13,18,25,25,29,33,38,41,50,50],"damage_taken":[{"damage":14,"enemies":"Jaw Worm","floor":1,"turns":5},{"damage":3,"enemies":"2 Louse","floor":2,"turns":3},{"damage":1,"enemies":"Cultist","floor":3,"turns":3},{"damage":20,"enemies":"Lagavulin","floor":7,"turns":4},{"damage":6,"enemies":"Blue Slaver","floor":10,"turns":3},{"damage":6,"enemies":"Gremlin Nob","floor":11,"turns":3},{"damage":6,"enemies":"3 Sentries","floor":13,"turns":4},{"damage":0,"enemies":"Slime Boss","floor":16,"turns":6},{"damage":18,"enemies":"3 Byrds","floor":18,"turns":4},{"damage":0,"enemies":"Spheric Guardian","floor":22,"turns":2},{"damage":57,"enemies":"Gremlin Leader","floor":23,"turns":5},{"damage":16,"enemies":"Slavers","floor":25,"turns":3},{"damage":25,"enemies":"Gremlin Leader","floor":29,"turns":5},{"damage":8,"enemies":"Champ","floor":33,"turns":5},{"damage":67,"enemies":"3 Shapes","floor":35,"turns":9},{"damage":1,"enemies":"Orb Walker","floor":36,"turns":2},{"damage":14,"enemies":"4 Shapes","floor":38,"turns":1},{"damage":5,"enemies":"Reptomancer","floor":41,"turns":1},{"damage":5,"enemies":"Spire Growth","floor":42,"turns":4},{"damage":10,"enemies":"Transient","floor":47,"turns":6},{"damage":0,"enemies":"Maw","floor":48,"turns":3},{"damage":20,"enemies":"Donu and Deca","floor":50,"turns":4}],"seed_played":"-3105660883812916731","potions_obtained":[{"floor":2,"key":"Ancient Potion"},{"floor":3,"key":"DistilledChaos"},{"floor":10,"key":"BloodPotion"},{"floor":11,"key":"GamblersBrew"},{"floor":13,"key":"Block Potion"},{"floor":16,"key":"Fire Potion"},{"floor":18,"key":"Explosive Potion"},{"floor":25,"key":"DuplicationPotion"},{"floor":29,"key":"DistilledChaos"},{"floor":33,"key":"EssenceOfSteel"},{"floor":35,"key":"ColorlessPotion"},{"floor":36,"key":"SneckoOil"},{"floor":38,"key":"SneckoOil"},{"floor":41,"key":"Strength Potion"},{"floor":42,"key":"LiquidMemories"}],"is_trial":false,"path_per_floor":["M","M","M","?","$","R","E","R","T","M","E","R","E","$","R","B",null,"M","?","T","?","M","E","R","E","T","R","?","E","R","$","R","B",null,"M","M","?","M","?","R","E","M","T","R","?","$","M","M","R","B",null],"character_chosen":"IRONCLAD","items_purchased":["Lantern","Perfected Strike","Strength Potion","Fire Breathing","Spot Weakness","Dead Branch","Exhume","Spot Weakness"],"campfire_rested":3,"item_purchase_floors":[5,5,5,14,14,31,46,46],"current_hp_per_floor":[60,63,68,57,57,57,43,43,43,58,58,58,58,58,58,64,72,60,60,70,70,76,25,50,40,40,40,40,67,67,67,67,75,83,67,72,72,85,85,85,85,85,85,85,85,85,81,85,85,88],"gold":65,"neow_bonus":"HUNDRED_GOLD","is_daily":false,"chose_seed":false,"campfire_upgraded":4,"win_rate":0.0,"timestamp":1612265576,"path_taken":["M","M","M","?","$","R","E","R","T","M","E","R","E","$","R","BOSS","M","?","?","?","?","E","R","E","T","R","?","E","R","$","R","BOSS","M","M","?","?","?","R","E","?","T","R","?","?","M","M","R","BOSS"],"items_purchased_type":["Relic","Card","Potion","Card","Card","Relic","Card","Card"],"build_version":"2020-12-22","purchased_purges":1,"victory":true,"max_hp_per_floor":[75,75,75,75,75,75,75,75,75,75,75,75,75,75,75,75,75,75,75,85,85,85,85,85,85,85,85,85,85,85,85,85,85,85,85,85,85,85,85,85,85,85,85,85,85,85,85,85,85,88],"relic_stats":{"counters":[22,85],"Ornamental Fan":[108],"CeramicFish":126,"Dead Branch":[141],"Bronze Scales":[39],"Cursed Key":1,"Smiling Mask":25,"obtain_stats":[{"Girya":7,"Lantern":5,"Pear":20,"CeramicFish":25,"Dead Branch":31,"Cursed Key":17,"Smiling Mask":23,"Burning Blood":0,"White Beast Statue":9,"Ornamental Fan":11,"Bronze Scales":41,"Fusion Hammer":34,"Unceasing Top":13,"TungstenRod":29},{"Girya":4,"Lantern":3,"Pear":9,"CeramicFish":12,"Dead Branch":13,"Cursed Key":8,"Smiling Mask":11,"Burning Blood":0,"White Beast Statue":4,"Ornamental Fan":6,"Bronze Scales":18,"Fusion Hammer":14,"Unceasing Top":7,"TungstenRod":13},{"Girya":15,"Lantern":11,"Pear":35,"CeramicFish":45,"Dead Branch":50,"Cursed Key":31,"Smiling Mask":42,"Burning Blood":0,"White Beast Statue":15,"Ornamental Fan":21,"Bronze Scales":68,"Fusion Hammer":55,"Unceasing Top":25,"TungstenRod":50}],"Burning Blood":113,"Unceasing Top":[2],"TungstenRod":28},"card_choices":[{"not_picked":["Wild Strike","Bloodletting"],"picked":"Sword Boomerang","floor":1},{"not_picked":["Entrench","Dual Wield"],"picked":"Reckless Charge","floor":2},{"not_picked":["Thunderclap","Wild Strike"],"picked":"Uppercut","floor":3},{"not_picked":["Warcry","Metallicize"],"picked":"Cleave","floor":7},{"not_picked":["Sword Boomerang","Wild Strike"],"picked":"Blood for Blood","floor":10},{"not_picked":["Seeing Red","Dark Embrace"],"picked":"Thunderclap","floor":11},{"not_picked":["Armaments","Cleave"],"picked":"Inflame","floor":13},{"not_picked":["Impervious","Exhume"],"picked":"Corruption","floor":16},{"not_picked":["Body Slam","Iron Wave+1"],"picked":"Carnage","floor":18},{"not_picked":["Iron Wave","Sever Soul"],"picked":"Pommel Strike","floor":22},{"not_picked":["Anger","Twin Strike"],"picked":"Reaper","floor":23},{"not_picked":["Anger","Havoc+1"],"picked":"Perfected Strike","floor":25},{"not_picked":["Rupture+1","Perfected Strike"],"picked":"Offering","floor":29},{"not_picked":["Offering","Double Tap"],"picked":"Barricade","floor":33},{"not_picked":["Combust","Infernal Blade"],"picked":"Sentinel","floor":35},{"not_picked":["Inflame","Dropkick"],"picked":"Pummel","floor":36},{"not_picked":["Twin Strike+1","Body Slam"],"picked":"Shockwave","floor":38},{"not_picked":["Cleave","Carnage"],"picked":"Rage","floor":41},{"not_picked":["Heavy Blade","Headbutt+1"],"picked":"Twin Strike","floor":42},{"not_picked":["Rupture","Clash"],"picked":"Havoc+1","floor":47},{"not_picked":["Rampage","Cleave+1"],"picked":"True Grit","floor":48}],"player_experience":618269,"relics_obtained":[{"floor":7,"key":"Girya"},{"floor":9,"key":"White Beast Statue"},{"floor":11,"key":"Ornamental Fan"},{"floor":13,"key":"Unceasing Top"},{"floor":20,"key":"Pear"},{"floor":23,"key":"Smiling Mask"},{"floor":25,"key":"CeramicFish"},{"floor":29,"key":"TungstenRod"},{"floor":41,"key":"Bronze Scales"}],"event_choices":[{"damage_healed":0,"gold_gain":75,"player_choice":"Gather Gold","damage_taken":11,"max_hp_gain":0,"max_hp_loss":0,"event_name":"World of Goop","floor":4,"gold_loss":0},{"damage_healed":0,"gold_gain":50,"player_choice":"Stole From Cult","damage_taken":0,"max_hp_gain":0,"max_hp_loss":0,"event_name":"Nest","floor":19,"gold_loss":0},{"cards_removed":["Doubt"],"damage_healed":0,"gold_gain":0,"player_choice":"Removed Curses","damage_taken":0,"max_hp_gain":0,"max_hp_loss":0,"event_name":"Fountain of Cleansing","floor":21,"gold_loss":0},{"damage_healed":0,"gold_gain":0,"player_choice":"Ignored","damage_taken":0,"max_hp_gain":0,"max_hp_loss":0,"event_name":"Vampires","floor":28,"gold_loss":0},{"damage_healed":0,"gold_gain":0,"player_choice":"Ignored","damage_taken":0,"max_hp_gain":0,"max_hp_loss":0,"event_name":"SecretPortal","floor":37,"gold_loss":0},{"damage_healed":0,"gold_gain":0,"player_choice":"Copied","damage_taken":0,"max_hp_gain":0,"max_hp_loss":0,"event_name":"Duplicator","floor":39,"gold_loss":0,"cards_obtained":["Reaper"]},{"damage_healed":0,"gold_gain":0,"cards_transformed":["Blood for Blood"],"player_choice":"Transformed","damage_taken":0,"max_hp_gain":0,"max_hp_loss":0,"event_name":"Transmorgrifier","floor":45,"gold_loss":0,"cards_obtained":["Feed"]}],"is_beta":false,"boss_relics":[{"not_picked":["Black Blood","Runic Cube"],"picked":"Cursed Key"},{"not_picked":["Mark of Pain","Runic Dome"],"picked":"Fusion Hammer"}],"items_purged_floors":[46],"is_endless":false,"potions_floor_spawned":[2,3,10,11,13,16,18,22,23,25,29,33,35,36,38,41,42,47,48],"ascension_level":18}}