{"host":"xi8yg1ddhptuxb9d","time":1612290992,"event":{"mods":["AchievementEnabler","BaseMod","Block Reminder","Minty Spire (QoL Compilation)","Relic Sorter","StSLib"],"gold_per_floor":[109,121,121,141,160,160,171,171,196,222,240,205,205,225,225,304,304,318,334,350,157,157,157],"floor_reached":22,"language":"ENG","playtime":1057,"items_purged":[],"score":387,"play_id":"7644cbfe-3e22-4fed-bf75-f443a0fdfa24","local_time":"20210202133632","is_ascension_mode":true,"campfire_choices":[{"floor":6,"key":"REST"},{"floor":8,"key":"REST"},{"data":"Rupture","floor":13,"key":"SMITH"},{"data":"Corruption","floor":15,"key":"SMITH"}],"circlet_count":0,"master_deck":["AscendersBane","Bash","Demon Form","Rupture+1","Reckless Charge","Offering","Sword Boomerang","Iron Wave","Ghostly Armor","Corruption+1","Pommel Strike","Bloodletting","Shrug It Off","Seeing Red","Combust","Shrug It Off","Impervious","Thunderclap+1","Shrug It Off+1","Pummel"],"relics":["Pandora\u0027s Box","Dream Catcher","Akabeko","Fusion Hammer"],"acts_visited":["Exordium","TheCity"],"potions_floor_usage":[16,16,20,20],"damage_taken":[{"damage":13,"enemies":"Small Slimes","floor":1,"turns":5},{"damage":6,"enemies":"Cultist","floor":2,"turns":3},{"damage":1,"enemies":"2 Louse","floor":4,"turns":3},{"damage":18,"enemies":"Large Slime","floor":5,"turns":3},{"damage":16,"enemies":"Blue Slaver","floor":7,"turns":4},{"damage":9,"enemies":"Lagavulin","floor":10,"turns":4},{"damage":14,"enemies":"Exordium Wildlife","floor":11,"turns":3},{"damage":11,"enemies":"Looter","floor":14,"turns":2},{"damage":21,"enemies":"The Guardian","floor":16,"turns":8},{"damage":25,"enemies":"3 Byrds","floor":18,"turns":4},{"damage":17,"enemies":"Shell Parasite","floor":19,"turns":4},{"damage":11,"enemies":"Cultist and Chosen","floor":20,"turns":5},{"damage":42,"enemies":"Sentry and Sphere","floor":22,"turns":5}],"seed_played":"-6578420135192412684","potions_obtained":[{"floor":2,"key":"ElixirPotion"},{"floor":4,"key":"AttackPotion"},{"floor":5,"key":"AttackPotion"},{"floor":10,"key":"Energy Potion"},{"floor":18,"key":"Weak Potion"},{"floor":19,"key":"Weak Potion"}],"is_trial":false,"path_per_floor":["M","M","?","M","M","R","M","R","T","E","M","?","R","M","R","B",null,"M","M","M","$","M"],"character_chosen":"IRONCLAD","items_purchased":["Pummel","FairyPotion"],"campfire_rested":2,"item_purchase_floors":[21,21],"current_hp_per_floor":[55,49,49,48,30,52,36,58,58,49,35,53,53,42,42,21,62,37,20,9,9,0,0],"gold":157,"neow_bonus":"BOSS_RELIC","is_daily":false,"chose_seed":false,"campfire_upgraded":2,"win_rate":0.0,"timestamp":1612290992,"path_taken":["M","M","?","?","M","R","M","R","T","E","M","?","R","M","R","BOSS","M","M","M","$","M"],"items_purchased_type":["Card","Potion"],"build_version":"2020-12-22","purchased_purges":0,"victory":false,"max_hp_per_floor":[75,75,75,75,75,75,75,75,75,75,75,75,75,75,75,75,75,75,75,75,75,75,75],"card_choices":[{"not_picked":["Iron Wave","Warcry"],"picked":"Pommel Strike","floor":1},{"not_picked":["Infernal Blade","Wild Strike"],"picked":"Bloodletting","floor":2},{"not_picked":["Clash","Battle Trance"],"picked":"Shrug It Off","floor":4},{"not_picked":["Power Through","Carnage"],"picked":"Seeing Red","floor":5},{"not_picked":["Heavy Blade","Pommel Strike"],"picked":"Combust","floor":7},{"not_picked":["Havoc","Body Slam"],"picked":"Shrug It Off","floor":10},{"not_picked":["Whirlwind","Battle Trance"],"picked":"Impervious","floor":11},{"not_picked":["Dropkick","Anger","Clash"],"picked":"SKIP","floor":14},{"not_picked":["Whirlwind","Inflame"],"picked":"Thunderclap+1","floor":18},{"not_picked":["Sentinel","Cleave","Intimidate"],"picked":"SKIP","floor":19},{"not_picked":["Infernal Blade","Armaments"],"picked":"Shrug It Off+1","floor":20}],"player_experience":700610,"relics_obtained":[{"floor":9,"key":"Dream Catcher"},{"floor":10,"key":"Akabeko"}],"event_choices":[{"cards_removed":["Barricade"],"damage_healed":0,"gold_gain":0,"player_choice":"Purged","damage_taken":0,"max_hp_gain":0,"max_hp_loss":0,"event_name":"Purifier","floor":3,"gold_loss":0},{"damage_healed":18,"gold_gain":0,"player_choice":"Healed","damage_taken":0,"max_hp_gain":0,"max_hp_loss":0,"event_name":"The Cleric","floor":12,"gold_loss":35}],"is_beta":false,"boss_relics":[{"not_picked":["SacredBark","Runic Dome"],"picked":"Fusion Hammer"}],"items_purged_floors":[],"is_endless":false,"potions_floor_spawned":[2,4,5,10,11,18,19],"killed_by":"Sentry and Sphere","ascension_level":16}}