{"host":"8fnghcq8tvbg6z9e","time":1612265364,"event":{"mods":["BaseMod","Conspire","Downfall","Minty Spire (QoL Compilation)","Quick Restart","StSLib"],"gold_per_floor":[119,194,194,144,160,160,192,209,236,236,48,80,100,100,100,100,100],"floor_reached":16,"language":"ZHS","playtime":376,"items_purged":["conspire:GhostlyDefend"],"score":148,"play_id":"aab140c0-db89-45b5-98e0-be7aa1fa4750","local_time":"20210202192924","is_ascension_mode":false,"campfire_choices":[{"floor":10,"key":"RECALL"},{"floor":15,"key":"REST"}],"circlet_count":0,"master_deck":["conspire:GhostlyStrike","conspire:GhostlyStrike","conspire:GhostlyStrike","conspire:GhostlyStrike","conspire:GhostlyDefend","conspire:GhostlyDefend","conspire:GhostlyDefend+1","conspire:GhostlyDefend","Survivor","Neutralize","Infinite Blades+1","Accuracy"],"relics":["Ring of the Snake","NeowsBlessing","Oddly Smooth Stone","Ancient Tea Set","Membership Card","conspire:GlowingRock","Blue Candle"],"acts_visited":["Exordium"],"potions_floor_usage":[12,12],"damage_taken":[{"damage":0,"enemies":"Jaw Worm","floor":1,"turns":1},{"damage":0,"enemies":"2 Louse","floor":5,"turns":1},{"damage":0,"enemies":"conspire:MimicChest","floor":7,"turns":1},{"damage":0,"enemies":"Small Slimes","floor":8,"turns":5},{"damage":21,"enemies":"Gremlin Nob","floor":12,"turns":4},{"damage":10,"enemies":"3 Louse","floor":13,"turns":4},{"damage":1,"enemies":"Hexaghost","floor":16,"turns":7}],"seed_played":"-6827194307552520217","potions_obtained":[{"floor":1,"key":"SkillPotion"},{"floor":5,"key":"Energy Potion"},{"floor":8,"key":"SkillPotion"}],"is_trial":false,"path_per_floor":["M","?","?","?","M","?","?","M","T","R","$","E","M","?","R","B"],"character_chosen":"THE_SILENT","items_purchased":["Membership Card"],"campfire_rested":1,"item_purchase_floors":[11],"current_hp_per_floor":[70,59,45,45,45,45,45,45,45,45,45,24,14,9,30,29,29],"gold":100,"neow_bonus":"THREE_ENEMY_KILL","is_daily":false,"chose_seed":false,"campfire_upgraded":0,"win_rate":0.0,"timestamp":1612265364,"path_taken":["M","?","?","?","?","?","?","M","T","R","$","E","M","?","R","BOSS"],"items_purchased_type":["Relic"],"build_version":"2020-12-22","purchased_purges":1,"victory":false,"max_hp_per_floor":[70,70,70,70,70,70,70,70,70,70,70,70,70,70,70,70,70],"card_choices":[{"not_picked":["Dash","Reflex"],"picked":"Infinite Blades","floor":1},{"not_picked":["Deflect","Quick Slash","Flying Knee"],"picked":"SKIP","floor":5},{"not_picked":["Corpse Explosion","Outmaneuver","Sucker Punch"],"picked":"SKIP","floor":8},{"not_picked":["Blade Dance","Flechettes"],"picked":"Accuracy","floor":12},{"not_picked":["Poisoned Stab","Setup","Tools of the Trade"],"picked":"SKIP","floor":13}],"player_experience":215012,"relics_obtained":[{"floor":7,"key":"Oddly Smooth Stone"},{"floor":9,"key":"Ancient Tea Set"},{"floor":12,"key":"conspire:GlowingRock"}],"event_choices":[{"damage_healed":0,"gold_gain":75,"player_choice":"Gather Gold","damage_taken":11,"max_hp_gain":0,"max_hp_loss":0,"event_name":"World of Goop","floor":2,"gold_loss":0},{"damage_healed":0,"gold_gain":0,"player_choice":"Entered Light","damage_taken":14,"max_hp_gain":0,"max_hp_loss":0,"event_name":"Shining Light","floor":3,"gold_loss":0,"cards_upgraded":["Defend_G","Infinite Blades"]},{"cards_removed":["Strike_G"],"damage_healed":0,"gold_gain":0,"player_choice":"Card Removal","damage_taken":0,"max_hp_gain":0,"max_hp_loss":0,"event_name":"The Cleric","floor":4,"gold_loss":50},{"damage_healed":0,"gold_gain":0,"player_choice":"Agree","damage_taken":0,"max_hp_gain":0,"max_hp_loss":0,"event_name":"conspire:LoneGhost","floor":6,"gold_loss":0}],"is_beta":false,"boss_relics":[],"items_purged_floors":[11],"is_endless":false,"potions_floor_spawned":[1,5,8],"killed_by":"Hexaghost","ascension_level":0}}