{"host":"p8bnstsjdxjza4jm","time":1612291194,"event":{"mods":["BaseMod","Colored Powertips","Marisa£¨Ùöéë¡¡Øª×âÞÞ£©","Minty Spire (QoL Compilation)","Quick Restart","StSLib"],"gold_per_floor":[117,117,22,97,97,97,127,137,137,148,73,4,4,17,17,113,113,103,103,202,102,17,349,349,365,365,385,385,260,43,57,57,160,160,178,178,196,296,306,331,331,344,371,386,399,412,431,431,431,431],"floor_reached":51,"language":"KOR","playtime":3239,"items_purged":["Strike_R","True Grit+1","Bash"],"score":722,"play_id":"0ed21ea0-ddc4-421f-af38-a7582f4e1589","local_time":"20210203033954","is_ascension_mode":false,"campfire_choices":[{"data":"Evolve","floor":6,"key":"SMITH"},{"data":"Evolve","floor":13,"key":"SMITH"},{"floor":15,"key":"REST"},{"data":"Wild Strike","floor":24,"key":"SMITH"},{"data":"Reckless Charge","floor":28,"key":"SMITH"},{"data":"Dark Embrace","floor":32,"key":"SMITH"},{"floor":41,"key":"REST"},{"floor":49,"key":"REST"}],"circlet_count":0,"master_deck":["Defend_R+1","Defend_R","Defend_R","Evolve+1","Wild Strike+1","Second Wind","Evolve+1","Reckless Charge+1","Flame Barrier+1","Power Through+1","Body Slam+1","Dark Embrace+1","Juggernaut","Wild Strike","Wild Strike"],"relics":["Burning Blood","Art of War","Kunai","Singing Bowl","Astrolabe","TungstenRod","Old Coin","Pantograph","War Paint","Empty Cage","Toy Ornithopter","MealTicket"],"acts_visited":["Exordium","TheCity","TheBeyond"],"potions_floor_usage":[10,16,33,33,35,37,37,39,42,45,45,50],"damage_taken":[{"damage":6,"enemies":"2 Louse","floor":1,"turns":3},{"damage":36,"enemies":"Lagavulin","floor":7,"turns":5},{"damage":12,"enemies":"Small Slimes","floor":8,"turns":4},{"damage":6,"enemies":"Cultist","floor":10,"turns":3},{"damage":23,"enemies":"Exordium Thugs","floor":14,"turns":5},{"damage":35,"enemies":"Slime Boss","floor":16,"turns":9},{"damage":14,"enemies":"2 Thieves","floor":18,"turns":5},{"damage":11,"enemies":"Book of Stabbing","floor":23,"turns":8},{"damage":0,"enemies":"Spheric Guardian","floor":25,"turns":3},{"damage":10,"enemies":"Centurion and Healer","floor":27,"turns":7},{"damage":2,"enemies":"Cultist and Chosen","floor":31,"turns":6},{"damage":68,"enemies":"Automaton","floor":33,"turns":10},{"damage":21,"enemies":"Orb Walker","floor":35,"turns":4},{"damage":20,"enemies":"3 Darklings","floor":37,"turns":5},{"damage":8,"enemies":"Jaw Worm Horde","floor":39,"turns":5},{"damage":55,"enemies":"Reptomancer","floor":40,"turns":6},{"damage":41,"enemies":"Transient","floor":42,"turns":5},{"damage":0,"enemies":"Spire Growth","floor":44,"turns":4},{"damage":13,"enemies":"Jaw Worm Horde","floor":45,"turns":4},{"damage":12,"enemies":"Maw","floor":46,"turns":6},{"damage":0,"enemies":"3 Darklings","floor":47,"turns":5},{"damage":39,"enemies":"Donu and Deca","floor":50,"turns":9}],"seed_played":"6126903409750810980","potions_obtained":[{"floor":8,"key":"AttackPotion"},{"floor":14,"key":"LiquidMemories"},{"floor":23,"key":"PowerPotion"},{"floor":31,"key":"Block Potion"},{"floor":33,"key":"EntropicBrew"},{"floor":40,"key":"Explosive Potion"},{"floor":42,"key":"Energy Potion"},{"floor":44,"key":"CultistPotion"},{"floor":46,"key":"GamblersBrew"}],"is_trial":false,"path_per_floor":["M","?","$","?","?","R","E","M","T","M","$","$","R","M","R","B",null,"M","?","?","$","?","E","R","M","T","M","R","$","$","M","R","B",null,"M","$","M","?","M","E","R","M","T","M","M","M","M","?","R","B",null],"character_chosen":"IRONCLAD","items_purchased":["Evolve","Wild Strike","Evolve","Dark Embrace","War Paint"],"campfire_rested":3,"item_purchase_floors":[3,3,12,30,30],"current_hp_per_floor":[80,85,85,74,74,74,44,38,38,40,40,40,40,23,49,22,89,81,81,81,81,81,76,76,84,84,82,82,82,82,88,88,33,95,82,82,68,68,66,19,48,20,20,28,33,29,37,37,69,66],"gold":431,"neow_bonus":"RANDOM_COMMON_RELIC","is_daily":false,"chose_seed":false,"campfire_upgraded":5,"win_rate":0.0,"timestamp":1612291194,"path_taken":["M","?","$","?","?","R","E","M","T","?","?","$","R","M","R","BOSS","M","?","?","$","?","E","R","M","T","M","R","?","$","M","R","BOSS","M","$","M","?","M","E","R","M","T","M","?","?","M","?","R","BOSS"],"items_purchased_type":["Card","Card","Card","Card","Relic"],"build_version":"2020-12-22","purchased_purges":3,"victory":true,"max_hp_per_floor":[80,85,85,85,85,85,85,85,85,87,87,87,87,87,87,89,89,89,89,89,89,89,89,89,91,91,93,93,93,93,95,95,95,95,97,97,97,97,97,99,99,101,101,103,105,107,109,109,109,109],"card_choices":[{"not_picked":["Armaments","Sentinel","Headbutt"],"picked":"SKIP","floor":1},{"not_picked":["Entrench","Shockwave"],"picked":"Second Wind","floor":7},{"not_picked":["Headbutt","Twin Strike","Shockwave"],"picked":"SKIP","floor":8},{"not_picked":["Havoc","Pommel Strike","Disarm"],"picked":"Singing Bowl","floor":10},{"not_picked":["Impervious","Burning Pact"],"picked":"Reckless Charge","floor":14},{"not_picked":["Corruption","Fiend Fire","Demon Form"],"picked":"Singing Bowl","floor":16},{"not_picked":["Carnage","Flex"],"picked":"Power Through","floor":18},{"not_picked":["Flame Barrier","Shockwave"],"picked":"Body Slam+1","floor":23},{"not_picked":["Dual Wield+1","Blood for Blood","Pummel"],"picked":"Singing Bowl","floor":25},{"not_picked":["Flex","Inflame","Searing Blow"],"picked":"Singing Bowl","floor":27},{"not_picked":["Havoc","Sword Boomerang+1","Whirlwind"],"picked":"Singing Bowl","floor":31},{"not_picked":["Exhume","Reaper"],"picked":"Juggernaut","floor":33},{"not_picked":["Heavy Blade+1","Cleave","Clash+1"],"picked":"Singing Bowl","floor":35},{"not_picked":["Pummel+1","Twin Strike"],"picked":"Wild Strike","floor":37},{"not_picked":["True Grit","Body Slam"],"picked":"Wild Strike","floor":39},{"not_picked":["Clothesline","Shrug It Off+1","Flame Barrier+1"],"picked":"Singing Bowl","floor":40},{"not_picked":["Uppercut+1","Sword Boomerang+1","Seeing Red"],"picked":"Singing Bowl","floor":42},{"not_picked":["Perfected Strike","Heavy Blade","Twin Strike+1"],"picked":"Singing Bowl","floor":44},{"not_picked":["Thunderclap","Combust+1","Reckless Charge"],"picked":"Singing Bowl","floor":45},{"not_picked":["Clash+1","Headbutt+1","True Grit+1"],"picked":"Singing Bowl","floor":46},{"not_picked":["Cleave+1","Wild Strike","Pummel"],"picked":"Singing Bowl","floor":47}],"player_experience":74259,"relics_obtained":[{"floor":7,"key":"Kunai"},{"floor":9,"key":"Singing Bowl"},{"floor":23,"key":"Old Coin"},{"floor":26,"key":"Pantograph"},{"floor":40,"key":"Toy Ornithopter"},{"floor":43,"key":"MealTicket"}],"event_choices":[{"damage_healed":0,"gold_gain":0,"player_choice":"Donut","damage_taken":0,"max_hp_gain":5,"max_hp_loss":0,"event_name":"Big Fish","floor":2,"gold_loss":0},{"damage_healed":0,"gold_gain":75,"player_choice":"Gather Gold","damage_taken":11,"max_hp_gain":0,"max_hp_loss":0,"event_name":"World of Goop","floor":4,"gold_loss":0},{"damage_healed":0,"gold_gain":0,"player_choice":"Bought 0 Potions","damage_taken":0,"max_hp_gain":0,"max_hp_loss":0,"event_name":"The Woman in Blue","floor":5,"gold_loss":0},{"cards_removed":["Strike_R"],"damage_healed":0,"gold_gain":0,"player_choice":"Elegance","damage_taken":0,"max_hp_gain":0,"max_hp_loss":0,"event_name":"Back to Basics","floor":19,"gold_loss":0},{"damage_healed":0,"gold_gain":99,"player_choice":"Stole From Cult","damage_taken":0,"max_hp_gain":0,"max_hp_loss":0,"event_name":"Nest","floor":20,"gold_loss":0},{"damage_healed":0,"gold_gain":0,"player_choice":"Obtained Relic","damage_taken":0,"relics_obtained":["TungstenRod"],"max_hp_gain":0,"max_hp_loss":0,"event_name":"Addict","floor":22,"gold_loss":85},{"damage_healed":0,"gold_gain":100,"player_choice":"Pray","damage_taken":0,"max_hp_gain":0,"max_hp_loss":0,"event_name":"Golden Shrine","floor":38,"gold_loss":0},{"damage_healed":0,"gold_gain":0,"player_choice":"0 cards matched","damage_taken":0,"max_hp_gain":0,"max_hp_loss":0,"event_name":"Match and Keep!","floor":48,"gold_loss":0,"cards_obtained":[]}],"is_beta":false,"boss_relics":[{"not_picked":["Runic Dome","Black Star"],"picked":"Astrolabe"},{"not_picked":["Velvet Choker","Runic Cube"],"picked":"Empty Cage"}],"items_purged_floors":[11,21,29],"is_endless":false,"potions_floor_spawned":[8,14,23,31,33,40,42,44,46],"ascension_level":0}}