{"host":"dvpvhz1t6etneyb3","time":1612301125,"event":{"mods":["AchievementEnabler","BaseMod","Colored Map","Highlight Path","Minty Spire (QoL Compilation)","Permanent Neow","Quick Restart"],"gold_per_floor":[119,134,134,144,114,439,439,456,456,456,486,80,114,131,131,131,131],"floor_reached":16,"language":"ENG","playtime":776,"items_purged":["Strike_R"],"score":265,"play_id":"e4a4f21b-6fff-4766-b35c-af057fd622ad","local_time":"20210202162525","is_ascension_mode":true,"campfire_choices":[{"data":"Feed","floor":7.0,"key":"SMITH"},{"floor":10.0,"key":"REST"},{"data":"Disarm","floor":15.0,"key":"SMITH"}],"circlet_count":0,"master_deck":["AscendersBane","Strike_R","Strike_R","Strike_R","Strike_R","Defend_R","Defend_R","Defend_R","Defend_R","Bash","Feed+1","Clothesline","Disarm+1","Sword Boomerang","Iron Wave","Feed+1","Carnage","Disarm","Shrug It Off"],"relics":["Burning Blood","Darkstone Periapt","Old Coin","Unceasing Top","Self Forming Clay","DollysMirror","Peace Pipe"],"acts_visited":["Exordium"],"potions_floor_usage":[16],"damage_taken":[{"damage":11.0,"enemies":"Jaw Worm","floor":1.0,"turns":6.0},{"damage":3.0,"enemies":"Small Slimes","floor":2.0,"turns":4.0},{"damage":4.0,"enemies":"Cultist","floor":4.0,"turns":5.0},{"damage":11.0,"enemies":"Lagavulin","floor":6.0,"turns":7.0},{"damage":16.0,"enemies":"3 Louse","floor":8.0,"turns":4.0},{"damage":60.0,"enemies":"3 Sentries","floor":11.0,"turns":11.0},{"damage":6.0,"enemies":"Gremlin Nob","floor":13.0,"turns":3.0},{"damage":8.0,"enemies":"Exordium Wildlife","floor":14.0,"turns":7.0},{"damage":44,"enemies":"The Guardian","floor":16,"turns":13}],"seed_played":"-7752872889477664750","potions_obtained":[{"floor":2.0,"key":"FearPotion"},{"floor":5.0,"key":"CultistPotion"},{"floor":13.0,"key":"Fire Potion"}],"is_trial":false,"path_per_floor":["M","M","?","M","?","E","R","M","T","R","E","$","E","M","R","B"],"character_chosen":"IRONCLAD","items_purchased":["DollysMirror","Block Potion","AttackPotion","Carnage"],"campfire_rested":1,"item_purchase_floors":[12,12,12,12],"current_hp_per_floor":[48,54,43,48,48,46,46,40,40,67,17,17,17,23,23,0,0],"gold":131,"neow_bonus":"THREE_RARE_CARDS","is_daily":false,"chose_seed":false,"campfire_upgraded":2,"win_rate":0.0,"timestamp":1612301125,"path_taken":["M","M","?","M","?","E","R","M","T","R","E","$","E","M","R","BOSS"],"items_purchased_type":["Relic","Potion","Potion","Card"],"build_version":"2020-12-22","purchased_purges":1,"victory":false,"max_hp_per_floor":[78,81,81,84,84,87,87,91,91,91,95,95,95,103,103,103,103],"card_choices":[{"not_picked":["Limit Break","Double Tap"],"picked":"Feed","floor":0.0},{"not_picked":["True Grit","Evolve"],"picked":"Clothesline","floor":1.0},{"not_picked":["Shrug It Off","Sentinel"],"picked":"Disarm","floor":2.0},{"not_picked":["Flame Barrier","Iron Wave"],"picked":"Sword Boomerang","floor":4.0},{"not_picked":["Whirlwind","Thunderclap"],"picked":"Iron Wave","floor":6.0},{"not_picked":["Sword Boomerang","Dropkick","Entrench"],"picked":"SKIP","floor":8.0},{"not_picked":["Sever Soul","Iron Wave","Armaments"],"picked":"SKIP","floor":11.0},{"not_picked":["Ghostly Armor","Second Wind"],"picked":"Disarm","floor":13.0},{"not_picked":["Clothesline","Intimidate"],"picked":"Shrug It Off","floor":14.0}],"player_experience":2124128,"relics_obtained":[{"floor":6.0,"key":"Old Coin"},{"floor":9.0,"key":"Unceasing Top"},{"floor":11.0,"key":"Self Forming Clay"},{"floor":13.0,"key":"Peace Pipe"}],"event_choices":[{"damage_healed":0.0,"max_hp_gain":0.0,"max_hp_loss":0.0,"gold_gain":0.0,"event_name":"Scrap Ooze","player_choice":"Success","floor":3.0,"gold_loss":0.0,"damage_taken":11.0,"relics_obtained":["Darkstone Periapt"]},{"damage_healed":0.0,"max_hp_gain":0.0,"max_hp_loss":0.0,"gold_gain":0.0,"event_name":"The Woman in Blue","player_choice":"Bought 2 Potions","floor":5.0,"gold_loss":0.0,"damage_taken":0.0}],"is_beta":false,"boss_relics":[],"items_purged_floors":[12],"is_endless":false,"potions_floor_spawned":[2,13],"killed_by":"The Guardian","ascension_level":20}}