{"host":"e3jr8cs0hrgde9ri","time":1612243525,"event":{"mods":["2.2 Compatiblity","BaseMod","Highlight Path","Minty Spire (QoL Compilation)","Permanent Neow","Quick Restart","SuperFastMode"],"gold_per_floor":[116,130,130,130,154,187,187,212,238,163,198,233,233,233],"floor_reached":13,"language":"ENG","playtime":321,"items_purged":["Strike_P"],"score":186,"play_id":"2e8f3461-6a52-4409-8e58-bb2db2bd35d9","local_time":"20210201212525","is_ascension_mode":true,"campfire_choices":[{"data":"Wallop","floor":7,"key":"SMITH"}],"circlet_count":0,"master_deck":["AscendersBane","Strike_P","Strike_P","Strike_P","Defend_P","Defend_P","Defend_P","Defend_P","Eruption","Vigilance","Wallop+1","EmptyFist+1","Protect","Meditate","BowlingBash"],"relics":["Sozu","Golden Idol","Oddly Smooth Stone","Toy Ornithopter","Damaru","Odd Mushroom"],"acts_visited":["Exordium"],"potions_floor_usage":[],"damage_taken":[{"damage":0.0,"enemies":"Cultist","floor":1.0,"turns":2.0},{"damage":7.0,"enemies":"Small Slimes","floor":2.0,"turns":3.0},{"damage":2,"enemies":"2 Louse","floor":5,"turns":2},{"damage":13,"enemies":"Lagavulin","floor":6,"turns":7},{"damage":0,"enemies":"Large Slime","floor":8,"turns":3},{"damage":10,"enemies":"3 Sentries","floor":11,"turns":11},{"damage":8,"enemies":"The Mushroom Lair","floor":12,"turns":3},{"damage":10,"enemies":"Gremlin Nob","floor":13,"turns":4}],"seed_played":"-1969130278376921343","potions_obtained":[],"is_trial":false,"path_per_floor":["M","M","?","?","M","E","R","M","T","$","E","?","E"],"character_chosen":"WATCHER","items_purchased":[],"campfire_rested":0,"item_purchase_floors":[],"current_hp_per_floor":[61,54,54,54,52,39,39,39,39,39,29,21,11,11],"gold":233,"neow_bonus":"BOSS_RELIC","is_daily":false,"chose_seed":false,"campfire_upgraded":1,"win_rate":0.0,"timestamp":1612243525,"path_taken":["M","M","?","?","M","E","R","?","T","$","E","?","E"],"items_purchased_type":[],"build_version":"2020-12-22","purchased_purges":1,"victory":false,"max_hp_per_floor":[68,68,62,62,62,62,62,62,62,62,62,62,62,62],"card_choices":[{"not_picked":["Consecrate","FollowUp"],"picked":"Wallop","floor":1.0},{"not_picked":["Evaluate","ClearTheMind"],"picked":"EmptyFist","floor":2.0},{"not_picked":["JustLucky","PathToVictory"],"picked":"Protect","floor":5},{"not_picked":["ForeignInfluence","Devotion"],"picked":"Meditate","floor":6},{"not_picked":["Protect","Prostrate","CutThroughFate"],"picked":"SKIP","floor":8},{"not_picked":["FollowUp","MasterReality"],"picked":"BowlingBash","floor":11}],"player_experience":1809646,"relics_obtained":[{"floor":6,"key":"Oddly Smooth Stone"},{"floor":9,"key":"Toy Ornithopter"},{"floor":11,"key":"Damaru"},{"floor":12,"key":"Odd Mushroom"}],"event_choices":[{"damage_healed":0.0,"max_hp_gain":0.0,"max_hp_loss":6.0,"gold_gain":0.0,"event_name":"Golden Idol","player_choice":"Lose Max HP","floor":3.0,"gold_loss":0.0,"damage_taken":0.0,"relics_obtained":["Golden Idol"]},{"damage_healed":0.0,"max_hp_gain":0.0,"max_hp_loss":0.0,"gold_gain":0.0,"event_name":"Accursed Blacksmith","player_choice":"Forge","floor":4.0,"gold_loss":0.0,"damage_taken":0.0,"cards_upgraded":["EmptyFist"]},{"damage_healed":0,"gold_gain":0,"player_choice":"Fought Mushrooms","damage_taken":0,"max_hp_gain":0,"max_hp_loss":0,"event_name":"Mushrooms","floor":12,"gold_loss":0}],"is_beta":false,"boss_relics":[],"items_purged_floors":[10],"is_endless":false,"potions_floor_spawned":[6,8],"killed_by":"Gremlin Nob","ascension_level":20}}