{"host":"3y2rtlgteqp2nuo3","time":1612233521,"event":{"mods":["2.2 Compatiblity","AchievementEnabler","BaseMod","Colored Map","DeckTracker","Highlight Path","Keyboard Shortcuts","Minty Spire (QoL Compilation)","Permanent Neow","Quick Restart","StSLib","SuperFastMode","everything is the same but u backflip on backflip"],"gold_per_floor":[117,128,128,142,156,156,168,188,188,188,204,217,217,142,142,218,218,233,233,233],"floor_reached":19,"language":"KOR","playtime":461,"items_purged":["Strike_G"],"score":302,"play_id":"de72ec98-8ea2-4979-b453-b9999de14007","local_time":"20210202113841","is_ascension_mode":true,"campfire_choices":[{"data":"Deadly Poison","floor":6.0,"key":"SMITH"},{"data":"Bane","floor":13.0,"key":"SMITH"},{"floor":15.0,"key":"REST"}],"circlet_count":0,"master_deck":["AscendersBane","Strike_G","Strike_G","Defend_G","Defend_G","Defend_G","Defend_G","Defend_G","Survivor","Neutralize","Predator","Deadly Poison+1","Blade Dance","Bane+1","Outmaneuver","Tools of the Trade","Tactician","Backflip","Night Terror","Leg Sweep"],"relics":["Ring of the Snake","Matryoshka","Cursed Key"],"acts_visited":["Exordium","TheCity"],"potions_floor_usage":[18,18],"damage_taken":[{"damage":0.0,"enemies":"2 Louse","floor":1.0,"turns":3.0},{"damage":1.0,"enemies":"Jaw Worm","floor":2.0,"turns":4.0},{"damage":3.0,"enemies":"Small Slimes","floor":4.0,"turns":3.0},{"damage":6.0,"enemies":"Blue Slaver","floor":5.0,"turns":5.0},{"damage":3.0,"enemies":"Looter","floor":7.0,"turns":2.0},{"damage":14.0,"enemies":"Exordium Thugs","floor":8.0,"turns":2.0},{"damage":12.0,"enemies":"3 Louse","floor":11.0,"turns":4.0},{"damage":13.0,"enemies":"2 Fungi Beasts","floor":12.0,"turns":4.0},{"damage":37.0,"enemies":"The Guardian","floor":16.0,"turns":12.0},{"damage":25,"enemies":"3 Byrds","floor":18,"turns":4},{"damage":0,"enemies":"Spheric Guardian","floor":19,"turns":2}],"seed_played":"-2526660822649217060","potions_obtained":[{"floor":1.0,"key":"LiquidMemories"},{"floor":2.0,"key":"Explosive Potion"},{"floor":16.0,"key":"Energy Potion"},{"floor":18,"key":"GhostInAJar"}],"is_trial":false,"path_per_floor":["M","M","?","M","M","R","M","M","T","?","M","M","R","$","R","B",null,"M","M"],"character_chosen":"THE_SILENT","items_purchased":[],"campfire_rested":1,"item_purchase_floors":[],"current_hp_per_floor":[59,58,51,48,42,42,39,25,25,47,35,22,22,22,41,4,51,26,26,26],"gold":233,"neow_bonus":"REMOVE_CARD","is_daily":false,"chose_seed":false,"campfire_upgraded":2,"win_rate":0.0,"timestamp":1612233521,"path_taken":["M","M","?","M","M","R","M","M","T","?","M","M","R","$","R","BOSS","M","M"],"items_purchased_type":[],"build_version":"2020-12-22","purchased_purges":1,"victory":false,"max_hp_per_floor":[66,66,66,66,66,66,66,66,66,66,66,66,66,66,66,66,66,66,66,66],"card_choices":[{"not_picked":["Calculated Gamble","Outmaneuver"],"picked":"Predator","floor":1.0},{"not_picked":["Outmaneuver","Blade Dance"],"picked":"Deadly Poison","floor":2.0},{"not_picked":["Backflip","Concentrate"],"picked":"Blade Dance","floor":4.0},{"not_picked":["PiercingWail","Deflect"],"picked":"Bane","floor":5.0},{"not_picked":["Dodge and Roll","Distraction"],"picked":"Outmaneuver","floor":7.0},{"not_picked":["Deflect","Tactician"],"picked":"Tools of the Trade","floor":8.0},{"not_picked":["Setup","Slice"],"picked":"Tactician","floor":11.0},{"not_picked":["Quick Slash","Concentrate"],"picked":"Backflip","floor":12.0},{"not_picked":["Malaise","Venomology"],"picked":"Night Terror","floor":16.0},{"not_picked":["Dagger Spray","Dodge and Roll"],"picked":"Leg Sweep","floor":18}],"player_experience":745127,"relics_obtained":[{"floor":9.0,"key":"Matryoshka"}],"event_choices":[{"cards_removed":["Strike_G"],"damage_healed":0.0,"max_hp_gain":0.0,"max_hp_loss":0.0,"gold_gain":0.0,"event_name":"Golden Wing","player_choice":"Card Removal","floor":3.0,"gold_loss":0.0,"damage_taken":7.0},{"damage_healed":22.0,"max_hp_gain":0.0,"max_hp_loss":0.0,"gold_gain":0.0,"event_name":"Big Fish","player_choice":"Banana","floor":10.0,"gold_loss":0.0,"damage_taken":0.0}],"is_beta":false,"boss_relics":[{"not_picked":["HoveringKite","Calling Bell"],"picked":"Cursed Key"}],"items_purged_floors":[14],"is_endless":false,"potions_floor_spawned":[1,2,16,18],"killed_by":"Spheric Guardian","ascension_level":17}}