{"host":"qxeepl7ydvsgmfdb","time":1612241594,"event":{"mods":["AchievementEnabler","BaseMod","Colored Powertips","Minty Spire (QoL Compilation)","Quick Restart","slay the spire mod where everything is the same but ironclad has a cowboy hat"],"gold_per_floor":[115,115,115,115,134,161,161,188,269,295,308,327,327,341,341,438,438,451,476,172,172,192,192,225,241,294,294,306,306,306,321,321,416,416,429,448,448,498,720,720,720,735,735,735,750,750,768,787,787,787,787,787,38,70,70,70],"floor_reached":55,"language":"ENG","playtime":1859,"items_purged":["Decay","Strike_G"],"score":799,"play_id":"ce96cf84-b473-4398-94b9-932103b52176","local_time":"20210201235314","is_ascension_mode":true,"campfire_choices":[{"floor":13.0,"key":"REST"},{"data":"Poisoned Stab","floor":15.0,"key":"SMITH"},{"floor":23.0,"key":"REST"},{"floor":27.0,"key":"REST"},{"data":"Cloak And Dagger","floor":30.0,"key":"SMITH"},{"data":"Deflect","floor":32.0,"key":"SMITH"},{"floor":40.0,"key":"RECALL"},{"floor":46.0,"key":"REST"},{"floor":49.0,"key":"REST"},{"data":"Defend_G","floor":52.0,"key":"PURGE"}],"circlet_count":0,"master_deck":["Strike_G+1","Defend_G","Defend_G","Defend_G","Defend_G","Survivor","Neutralize","Slice+1","Blade Dance","Deflect+1","Poisoned Stab+1","Cloak And Dagger+1","Corpse Explosion","Slice","Accuracy+1","Slice","Footwork+1","Blade Dance","Deadly Poison","Blade Dance+1","After Image+1","Deadly Poison+1","PiercingWail+1","Noxious Fumes+1"],"relics":["Ring of the Snake","NeowsBlessing","Blood Vial","Paper Crane","Kunai","Frozen Egg 2","Whetstone","Black Star","Red Mask","Toy Ornithopter","Unceasing Top","Strawberry","Smiling Mask","MealTicket","Empty Cage","Peace Pipe","Lizard Tail","Pantograph","Ginger","Art of War","Sundial"],"acts_visited":["Exordium","TheCity","TheBeyond","TheEnding"],"potions_floor_usage":[55,55,55],"damage_taken":[{"damage":0.0,"enemies":"Jaw Worm","floor":1.0,"turns":1.0},{"damage":0.0,"enemies":"2 Louse","floor":5.0,"turns":1.0},{"damage":0.0,"enemies":"Gremlin Nob","floor":6.0,"turns":1.0},{"damage":29.0,"enemies":"Lagavulin","floor":8.0,"turns":8.0},{"damage":9.0,"enemies":"Gremlin Nob","floor":10.0,"turns":5.0},{"damage":0.0,"enemies":"Small Slimes","floor":11.0,"turns":2.0},{"damage":2.0,"enemies":"Gremlin Gang","floor":12.0,"turns":4.0},{"damage":6.0,"enemies":"Blue Slaver","floor":14.0,"turns":2.0},{"damage":37.0,"enemies":"Hexaghost","floor":16.0,"turns":13.0},{"damage":2.0,"enemies":"Chosen","floor":18.0,"turns":6.0},{"damage":22.0,"enemies":"Masked Bandits","floor":19.0,"turns":4.0},{"damage":11.0,"enemies":"Shell Parasite","floor":22.0,"turns":5.0},{"damage":23.0,"enemies":"Book of Stabbing","floor":24.0,"turns":5.0},{"damage":7.0,"enemies":"Centurion and Healer","floor":25.0,"turns":4.0},{"damage":0.0,"enemies":"3 Cultists","floor":28.0,"turns":2.0},{"damage":11.0,"enemies":"Shelled Parasite and Fungi","floor":31.0,"turns":4.0},{"damage":46.0,"enemies":"Automaton","floor":33.0,"turns":11.0},{"damage":7.0,"enemies":"3 Shapes","floor":35.0,"turns":5.0},{"damage":2.0,"enemies":"3 Darklings","floor":36.0,"turns":2.0},{"damage":8.0,"enemies":"Mind Bloom Boss Battle","floor":38.0,"turns":7.0},{"damage":0.0,"enemies":"Reptomancer","floor":41.0,"turns":3.0},{"damage":0.0,"enemies":"Transient","floor":42.0,"turns":5.0},{"damage":34.0,"enemies":"Spire Growth","floor":45.0,"turns":5.0},{"damage":0.0,"enemies":"Maw","floor":47.0,"turns":8.0},{"damage":37.0,"enemies":"Sphere and 2 Shapes","floor":48.0,"turns":5.0},{"damage":41.0,"enemies":"Donu and Deca","floor":50.0,"turns":8.0},{"damage":14.0,"enemies":"Shield and Spear","floor":54.0,"turns":8.0},{"damage":136,"enemies":"The Heart","floor":55,"turns":11}],"seed_played":"-1513276723078779925","potions_obtained":[{"floor":5.0,"key":"SkillPotion"},{"floor":8.0,"key":"CunningPotion"},{"floor":10.0,"key":"GhostInAJar"},{"floor":11.0,"key":"Energy Potion"},{"floor":22.0,"key":"Swift Potion"},{"floor":24.0,"key":"SmokeBomb"},{"floor":33.0,"key":"CunningPotion"},{"floor":36.0,"key":"Weak Potion"},{"floor":45.0,"key":"BlessingOfTheForge"},{"floor":48.0,"key":"Swift Potion"},{"floor":54.0,"key":"Strength Potion"}],"is_trial":false,"path_per_floor":["M","?","?","?","M","E","?","E","T","E","M","M","R","M","R","B",null,"M","?","$","?","M","R","E","M","T","R","M","?","R","M","R","B",null,"M","M","?","?","?","R","E","M","T","T","M","R","M","M","R","B",null,"R","$","E","B"],"character_chosen":"THE_SILENT","items_purchased":["Toy Ornithopter","CunningPotion","Pantograph","Ginger","AttackPotion","EntropicBrew"],"campfire_rested":5,"item_purchase_floors":[20,20,53,53,53,53],"current_hp_per_floor":[70,63,63,63,63,63,63,36,36,29,31,31,52,48,48,13,70,68,48,48,32,23,44,35,35,35,58,60,60,60,56,56,12,77,70,70,70,64,64,64,76,77,77,77,43,66,68,33,56,27,77,77,77,63,0,0],"gold":70,"neow_bonus":"THREE_ENEMY_KILL","is_daily":false,"chose_seed":false,"campfire_upgraded":3,"win_rate":0.0,"timestamp":1612241594,"path_taken":["M","?","?","?","?","E","?","E","T","E","M","M","R","M","R","BOSS","M","?","$","?","M","R","E","M","T","R","M","?","R","M","R","BOSS","M","M","?","?","?","R","E","M","T","?","M","R","M","M","R","BOSS","R","$","E","BOSS"],"items_purchased_type":["Relic","Potion","Relic","Relic","Potion","Potion"],"build_version":"2020-12-22","purchased_purges":2,"victory":false,"max_hp_per_floor":[70,70,70,70,70,70,70,70,70,70,70,70,70,70,70,70,70,70,70,70,70,70,70,77,77,77,77,77,77,77,77,77,77,77,77,77,77,77,77,77,77,77,77,77,77,77,77,77,77,77,77,77,77,77,77,77],"card_choices":[{"not_picked":["Bane","Cloak And Dagger"],"picked":"Dagger Spray","floor":1.0},{"not_picked":["Eviscerate","Dodge and Roll"],"picked":"Slice","floor":5.0},{"not_picked":["Unload","Masterful Stab"],"picked":"Blade Dance","floor":6.0},{"not_picked":["Tools of the Trade","Quick Slash"],"picked":"Deflect","floor":8.0},{"not_picked":["Bane","Dagger Throw","Dodge and Roll"],"picked":"SKIP","floor":10.0},{"not_picked":["Well Laid Plans+1","Quick Slash","Prepared"],"picked":"SKIP","floor":11.0},{"not_picked":["Cloak And Dagger","Crippling Poison"],"picked":"Poisoned Stab","floor":12.0},{"not_picked":["Acrobatics","PiercingWail"],"picked":"Cloak And Dagger","floor":14.0},{"not_picked":["Night Terror","Tools of the Trade+1"],"picked":"Corpse Explosion","floor":16.0},{"not_picked":["Acrobatics","Sucker Punch"],"picked":"Slice","floor":18.0},{"not_picked":["Bane","Leg Sweep"],"picked":"Accuracy+1","floor":19.0},{"not_picked":["Bullet Time","Underhanded Strike"],"picked":"Slice","floor":22.0},{"not_picked":["Choke","Accuracy+1"],"picked":"Footwork+1","floor":24.0},{"not_picked":["Dodge and Roll","Quick Slash"],"picked":"Blade Dance","floor":25.0},{"not_picked":["Quick Slash","Backflip+1"],"picked":"Deadly Poison","floor":28.0},{"not_picked":["Dagger Throw","Distraction"],"picked":"Blade Dance+1","floor":31.0},{"not_picked":["Night Terror","A Thousand Cuts+1"],"picked":"After Image+1","floor":33.0},{"not_picked":["Poisoned Stab","Escape Plan+1","Skewer"],"picked":"SKIP","floor":35.0},{"not_picked":["Underhanded Strike+1","Slice"],"picked":"Deadly Poison+1","floor":36.0},{"not_picked":["Choke","Dodge and Roll+1","Sucker Punch"],"picked":"SKIP","floor":42.0},{"not_picked":["Dagger Throw+1","Eviscerate"],"picked":"PiercingWail+1","floor":45.0},{"not_picked":["Escape Plan","Acrobatics+1","Caltrops+1"],"picked":"SKIP","floor":47.0},{"not_picked":["Quick Slash","Outmaneuver+1"],"picked":"Noxious Fumes+1","floor":48.0},{"not_picked":["Endless Agony+1","Dagger Throw+1","Burst"],"picked":"SKIP","floor":54.0}],"player_experience":167652,"relics_obtained":[{"floor":6.0,"key":"Blood Vial"},{"floor":8.0,"key":"Kunai"},{"floor":9.0,"key":"Frozen Egg 2"},{"floor":10.0,"key":"Whetstone"},{"floor":19.0,"key":"Red Mask"},{"floor":24.0,"key":"Unceasing Top"},{"floor":24.0,"key":"Strawberry"},{"floor":26.0,"key":"Smiling Mask"},{"floor":38.0,"key":"Peace Pipe"},{"floor":44.0,"key":"Lizard Tail"},{"floor":54.0,"key":"Art of War"},{"floor":54.0,"key":"Sundial"}],"event_choices":[{"cards_removed":["Strike_G"],"damage_healed":0.0,"max_hp_gain":0.0,"max_hp_loss":0.0,"gold_gain":0.0,"event_name":"Golden Wing","player_choice":"Card Removal","floor":2.0,"gold_loss":0.0,"damage_taken":7.0},{"damage_healed":0.0,"max_hp_gain":0.0,"max_hp_loss":0.0,"gold_gain":0.0,"event_name":"Living Wall","player_choice":"Grow","floor":3.0,"gold_loss":0.0,"damage_taken":0.0,"cards_upgraded":["Dagger Spray"]},{"damage_healed":0.0,"max_hp_gain":0.0,"max_hp_loss":0.0,"gold_gain":0.0,"event_name":"Wheel of Change","player_choice":"Cursed","floor":4.0,"gold_loss":0.0,"damage_taken":0.0,"cards_obtained":["Decay"]},{"damage_healed":0.0,"max_hp_gain":0.0,"max_hp_loss":0.0,"gold_gain":0.0,"event_name":"Dead Adventurer","player_choice":"Searched \u00271\u0027 times","floor":7.0,"gold_loss":0.0,"damage_taken":0.0,"relics_obtained":["Paper Crane"]},{"damage_healed":0.0,"max_hp_gain":0.0,"max_hp_loss":0.0,"gold_gain":0.0,"event_name":"Masked Bandits","player_choice":"Fought Bandits","floor":19.0,"gold_loss":0.0,"damage_taken":0.0},{"damage_healed":0.0,"max_hp_gain":0.0,"max_hp_loss":0.0,"gold_gain":0.0,"event_name":"Cursed Tome","player_choice":"Obtained Book","floor":21.0,"gold_loss":0.0,"damage_taken":16.0},{"damage_healed":0.0,"max_hp_gain":0.0,"max_hp_loss":0.0,"gold_gain":0.0,"event_name":"The Mausoleum","player_choice":"Opened","floor":29.0,"gold_loss":0.0,"damage_taken":0.0,"relics_obtained":["MealTicket"]},{"cards_removed":["Dagger Spray"],"damage_healed":0.0,"max_hp_gain":0.0,"max_hp_loss":0.0,"gold_gain":0.0,"event_name":"Falling","player_choice":"Removed Attack","floor":37.0,"gold_loss":0.0,"damage_taken":0.0},{"damage_healed":0.0,"max_hp_gain":0.0,"max_hp_loss":0.0,"gold_gain":0.0,"event_name":"MindBloom","player_choice":"Fight","floor":38.0,"gold_loss":0.0,"damage_taken":0.0},{"damage_healed":0.0,"max_hp_gain":0.0,"max_hp_loss":0.0,"gold_gain":222.0,"event_name":"Tomb of Lord Red Mask","player_choice":"Wore Mask","floor":39.0,"gold_loss":0.0,"damage_taken":0.0}],"is_beta":false,"boss_relics":[{"not_picked":["Runic Pyramid","Fusion Hammer"],"picked":"Black Star"},{"not_picked":["Busted Crown","Tiny House"],"picked":"Empty Cage"}],"items_purged_floors":[20,53],"is_endless":false,"potions_floor_spawned":[5,8,10,11,22,24,33,36,41,45,48,54],"killed_by":"The Heart","ascension_level":1}}