{"host":"7tvb1em0d2fx72q7","time":1612244617,"event":{"mods":["BaseMod","Challenge The Spire","Minty Spire (QoL Compilation)","StSLib","everything is the same but u backflip on backflip"],"gold_per_floor":[112,124,124,138,138,138,167,167,249,249,249,28,55,55,55,134,134,148,148,73,73,90,121,138,167,217,248,248,248,248],"floor_reached":29,"language":"ENG","playtime":1882,"items_purged":[],"score":574,"play_id":"3871211d-760d-431f-9c94-c70dba02a1be","local_time":"20210202004337","is_ascension_mode":true,"campfire_choices":[{"floor":6,"key":"REST"},{"floor":8,"key":"REST"},{"data":"Riddle With Holes","floor":11,"key":"SMITH"},{"data":"Deadly Poison","floor":15,"key":"SMITH"},{"floor":28,"key":"REST"}],"circlet_count":0,"master_deck":["AscendersBane","Strike_G","Strike_G","Strike_G","Strike_G","Defend_G","Defend_G+1","Defend_G","Defend_G","Defend_G","Survivor","Neutralize","Deadly Poison+1","Bane+1","Blade Dance","Riddle With Holes+1","Deadly Poison+1","Noxious Fumes","Adrenaline","Predator","Footwork","Dodge and Roll","Noxious Fumes","Malaise","PiercingWail","Well Laid Plans"],"relics":["Ring of the Snake","Thread and Needle","Bag of Preparation","Pear","Strawberry","PreservedInsect","Darkstone Periapt","Cursed Key","Omamori","Pen Nib","Potion Belt"],"acts_visited":["Exordium","TheCity"],"potions_floor_usage":[16,22,24],"damage_taken":[{"damage":0,"enemies":"Jaw Worm","floor":1,"turns":5},{"damage":4,"enemies":"2 Louse","floor":2,"turns":3},{"damage":0,"enemies":"Small Slimes","floor":4,"turns":4},{"damage":25,"enemies":"3 Sentries","floor":7,"turns":9},{"damage":7,"enemies":"Gremlin Nob","floor":13,"turns":3},{"damage":16,"enemies":"Slime Boss","floor":16,"turns":6},{"damage":8,"enemies":"2 Thieves","floor":18,"turns":4},{"damage":0,"enemies":"3 Byrds","floor":22,"turns":5},{"damage":4,"enemies":"Book of Stabbing","floor":23,"turns":4},{"damage":2,"enemies":"Snake Plant","floor":24,"turns":3},{"damage":55,"enemies":"Gremlin Leader","floor":25,"turns":6},{"damage":14,"enemies":"Book of Stabbing","floor":27,"turns":4},{"damage":35,"enemies":"Gremlin Leader","floor":29,"turns":2}],"seed_played":"7970165353759083208","potions_obtained":[{"floor":1,"key":"PowerPotion"},{"floor":2,"key":"BlessingOfTheForge"},{"floor":18,"key":"ColorlessPotion"},{"floor":22,"key":"FairyPotion"},{"floor":23,"key":"Poison Potion"}],"is_trial":false,"path_per_floor":["M","M","?","M","?","R","E","R","T","?","R","$","E","$","R","B",null,"M","?","?","?","M","E","M","E","T","E","R","E"],"character_chosen":"THE_SILENT","items_purchased":["PreservedInsect","Deadly Poison"],"campfire_rested":3,"item_purchase_floors":[12,12],"current_hp_per_floor":[44,40,20,20,20,39,14,33,43,39,39,39,32,32,32,16,66,58,58,58,58,58,54,52,24,24,10,34,0,0],"gold":248,"neow_bonus":"ONE_RARE_RELIC","is_daily":false,"chose_seed":false,"campfire_upgraded":2,"win_rate":0.0,"timestamp":1612244617,"path_taken":["M","M","?","M","?","R","E","R","T","?","R","$","E","?","R","BOSS","M","?","?","?","M","E","M","E","T","E","R","E"],"items_purchased_type":["Relic","Card"],"build_version":"2020-12-22","purchased_purges":0,"victory":false,"max_hp_per_floor":[66,66,66,66,66,66,66,66,76,83,83,83,83,83,83,83,83,83,83,83,83,83,83,83,83,83,83,83,83,83],"card_choices":[{"not_picked":["Escape Plan","Underhanded Strike"],"picked":"Deadly Poison","floor":1},{"not_picked":["Heel Hook","Quick Slash"],"picked":"Bane","floor":2},{"not_picked":["Deflect","Bane"],"picked":"Blade Dance","floor":4},{"not_picked":["Acrobatics","Outmaneuver"],"picked":"Riddle With Holes","floor":7},{"not_picked":["Poisoned Stab","Distraction"],"picked":"Noxious Fumes","floor":13},{"not_picked":["Burst","Unload"],"picked":"Adrenaline","floor":16},{"not_picked":["Slice","Blade Dance"],"picked":"Predator","floor":18},{"not_picked":["Deadly Poison","Bane"],"picked":"Dodge and Roll","floor":22},{"not_picked":["Slice","Dagger Spray+1"],"picked":"Noxious Fumes","floor":23},{"not_picked":["Deadly Poison","Dagger Throw"],"picked":"Malaise","floor":24},{"not_picked":["Infinite Blades","Terror"],"picked":"PiercingWail","floor":25},{"not_picked":["All Out Attack","Blur"],"picked":"Well Laid Plans","floor":27}],"player_experience":1998030,"relics_obtained":[{"floor":7,"key":"Bag of Preparation"},{"floor":9,"key":"Pear"},{"floor":13,"key":"Darkstone Periapt"},{"floor":25,"key":"Omamori"},{"floor":26,"key":"Pen Nib"},{"floor":27,"key":"Potion Belt"}],"event_choices":[{"damage_healed":0,"gold_gain":0,"player_choice":"Entered Light","damage_taken":20,"max_hp_gain":0,"max_hp_loss":0,"event_name":"Shining Light","floor":3,"gold_loss":0,"cards_upgraded":["Deadly Poison","Defend_G"]},{"damage_healed":0,"gold_gain":0,"player_choice":"Grow","damage_taken":0,"max_hp_gain":0,"max_hp_loss":0,"event_name":"Living Wall","floor":5,"gold_loss":0,"cards_upgraded":["Bane"]},{"damage_healed":0,"gold_gain":0,"player_choice":"Success","damage_taken":11,"relics_obtained":["Strawberry"],"max_hp_gain":0,"max_hp_loss":0,"event_name":"Scrap Ooze","floor":10,"gold_loss":0},{"damage_healed":0,"gold_gain":0,"player_choice":"Read","damage_taken":0,"max_hp_gain":0,"max_hp_loss":0,"event_name":"The Library","floor":19,"gold_loss":0,"cards_obtained":["Footwork"]},{"cards_removed":["Strike_G"],"damage_healed":0,"gold_gain":0,"player_choice":"Gave Gold","damage_taken":0,"max_hp_gain":0,"max_hp_loss":0,"event_name":"Beggar","floor":20,"gold_loss":75},{"damage_healed":0,"gold_gain":0,"player_choice":"Ignored","damage_taken":0,"max_hp_gain":0,"max_hp_loss":0,"event_name":"Ghosts","floor":21,"gold_loss":0}],"is_beta":false,"boss_relics":[{"not_picked":["Fusion Hammer","Ring of the Serpent"],"picked":"Cursed Key"}],"items_purged_floors":[],"is_endless":false,"potions_floor_spawned":[1,2,18,22,23],"killed_by":"Gremlin Leader","ascension_level":20}}