{"host":"8rgpnls124hwjv5t","time":1612299994,"event":{"mods":["BaseMod","Colored Map","Colored Powertips","DeckTracker","Highlight Path","Minty Spire (QoL Compilation)","Permanent Neow","Quick Restart","Relic Stats","Shop Mod","StSLib"],"gold_per_floor":[117,133,147,147,117,156,156,192,219,219,232,255,255,303,303,303,303],"floor_reached":16,"language":"ENG","playtime":748,"items_purged":[],"score":220,"play_id":"286b4492-bd5b-4f80-8d9c-a904d03cb872","local_time":"20210202160634","is_ascension_mode":true,"campfire_choices":[{"floor":7,"key":"REST"},{"floor":10,"key":"REST"},{"floor":13,"key":"REST"},{"floor":15,"key":"REST"}],"circlet_count":0,"master_deck":["AscendersBane","Strike_G","Strike_G","Strike_G","Strike_G","Strike_G","Defend_G","Defend_G","Defend_G","Defend_G","Defend_G","Survivor","Neutralize","Cloak And Dagger","Backflip","Predator","Burst","Dagger Throw","Footwork","Flying Knee"],"relics":["WristBlade","Golden Idol","MealTicket","Anchor","Strawberry","CeramicFish"],"acts_visited":["Exordium"],"potions_floor_usage":[3,6,16,16],"damage_taken":[{"damage":9,"enemies":"Jaw Worm","floor":1,"turns":6},{"damage":7,"enemies":"Small Slimes","floor":2,"turns":5},{"damage":1,"enemies":"Cultist","floor":3,"turns":5},{"damage":26,"enemies":"Lagavulin","floor":6,"turns":10},{"damage":58,"enemies":"Gremlin Nob","floor":8,"turns":6},{"damage":2,"enemies":"Exordium Wildlife","floor":11,"turns":3},{"damage":12,"enemies":"Large Slime","floor":12,"turns":8},{"damage":66,"enemies":"Slime Boss","floor":16,"turns":8}],"seed_played":"7455813898357912654","potions_obtained":[{"floor":3,"key":"Fruit Juice"},{"floor":5,"key":"Poison Potion"},{"floor":5,"key":"FairyPotion"},{"floor":8,"key":"CultistPotion"},{"floor":11,"key":"BlessingOfTheForge"}],"is_trial":false,"path_per_floor":["M","M","M","?","?","E","R","E","T","R","M","M","R","T","R","B"],"character_chosen":"THE_SILENT","items_purchased":[],"campfire_rested":4,"item_purchase_floors":[],"current_hp_per_floor":[50,43,47,47,47,21,40,5,12,33,31,19,40,40,61,0,0],"gold":303,"neow_bonus":"BOSS_RELIC","is_daily":false,"chose_seed":false,"campfire_upgraded":0,"win_rate":0.0,"timestamp":1612299994,"path_taken":["M","M","M","?","?","E","R","E","T","R","M","?","R","?","R","BOSS"],"items_purchased_type":[],"build_version":"2020-12-22","purchased_purges":0,"victory":false,"max_hp_per_floor":[66,66,71,64,64,64,64,64,71,71,71,71,71,71,71,71,71],"relic_stats":{"counters":[8,51],"Golden Idol":23,"CeramicFish":0,"MealTicket":0,"obtain_stats":[{"Anchor":8,"WristBlade":0,"Golden Idol":4,"Strawberry":9,"CeramicFish":14,"MealTicket":6,"Ring of the Snake":0},{"Anchor":5,"WristBlade":0,"Golden Idol":3,"Strawberry":5,"CeramicFish":7,"MealTicket":4,"Ring of the Snake":0},{"Anchor":32,"WristBlade":0,"Golden Idol":16,"Strawberry":32,"CeramicFish":43,"MealTicket":26,"Ring of the Snake":0}]},"card_choices":[{"not_picked":["Heel Hook","Bane"],"picked":"Cloak And Dagger","floor":1},{"not_picked":["Well Laid Plans","All Out Attack"],"picked":"Backflip","floor":2},{"not_picked":["Flying Knee","Deflect"],"picked":"Predator","floor":3},{"not_picked":["Prepared","Choke"],"picked":"Burst","floor":6},{"not_picked":["Outmaneuver","Unload"],"picked":"Dagger Throw","floor":8},{"not_picked":["Deflect","Caltrops"],"picked":"Footwork","floor":11},{"not_picked":["Bane","Underhanded Strike"],"picked":"Flying Knee","floor":12}],"player_experience":463213,"relics_obtained":[{"floor":6,"key":"MealTicket"},{"floor":8,"key":"Anchor"},{"floor":9,"key":"Strawberry"},{"floor":14,"key":"CeramicFish"}],"event_choices":[{"damage_healed":0,"gold_gain":0,"player_choice":"Lose Max HP","damage_taken":0,"relics_obtained":["Golden Idol"],"max_hp_gain":0,"max_hp_loss":7,"event_name":"Golden Idol","floor":4,"gold_loss":0},{"damage_healed":0,"gold_gain":0,"player_choice":"Bought 2 Potions","damage_taken":0,"max_hp_gain":0,"max_hp_loss":0,"event_name":"The Woman in Blue","floor":5,"gold_loss":0}],"is_beta":false,"boss_relics":[],"items_purged_floors":[],"is_endless":false,"potions_floor_spawned":[3,8,11],"killed_by":"Slime Boss","ascension_level":20}}