{"host":"nyffms3wv8okr3l3","time":1612309042,"event":{"mods":["Astrologer","Bard","BaseMod","Beaked The Cultist","Bestiary","BetterRewards","Colored Powertips","Downfall","Fiend Mod","Gremlin Mod","Hermit","Hubris","Hunter ??","Infinite Spire","Marisa????????","Minty Spire (QoL Compilation)","Replay The Spire","SOS???????","StSLib","Synergy Search","The Forsaken"],"gold_per_floor":[116,131,131,131,151,151,171,171,171,171,171,190,190,45,45,175,175,191,191,191,191],"floor_reached":20,"language":"ENG","playtime":774,"items_purged":[],"score":162,"play_id":"81746894-3f4c-409c-9a8a-b4bf330fe38b","local_time":"20210202213722","is_ascension_mode":false,"campfire_choices":[{"floor":6,"key":"REST"},{"data":"Static Discharge","floor":8,"key":"SMITH"},{"floor":10,"key":"REST"},{"floor":15,"key":"REST"}],"circlet_count":0,"master_deck":["Strike_B","Strike_B","Strike_B","Strike_B","Defend_B+1","Defend_B","Defend_B","Defend_B","Zap","Dualcast+1","Compile Driver","Doom and Gloom","hubris:NaturalOne","Static Discharge+1","Redo","Stack","Loop","Rip and Tear","Electrodynamics","Doom and Gloom"],"relics":["Cracked Core","hubris:TenFootPole","hubris:Icosahedron","hubris:SphereOfDissonance","Golden Idol","Inserter"],"acts_visited":["Exordium","TheCity"],"potions_floor_usage":[16,16,20],"damage_taken":[{"damage":1,"enemies":"Cultist","floor":1,"turns":3},{"damage":6,"enemies":"2 Louse","floor":2,"turns":3},{"damage":1,"enemies":"Jaw Worm","floor":5,"turns":3},{"damage":6,"enemies":"Exordium Wildlife","floor":7,"turns":3},{"damage":0,"enemies":"Large Slime","floor":12,"turns":5},{"damage":67,"enemies":"Hexaghost","floor":16,"turns":7},{"damage":55,"enemies":"2 Thieves","floor":18,"turns":3},{"damage":20,"enemies":"3 Byrds","floor":20,"turns":2}],"seed_played":"-4362728840089661408","potions_obtained":[{"floor":2,"key":"Strength Potion"},{"floor":7,"key":"Dexterity Potion"},{"floor":16,"key":"Reflective Coating"},{"floor":18,"key":"Cursed Concoction"}],"is_trial":false,"path_per_floor":["M","M","?","?","M","R","M","R","T","R","?","M","?","$","R","B",null,"M","?","M"],"character_chosen":"DEFECT","items_purchased":["Loop","Rip and Tear"],"campfire_rested":3,"item_purchase_floors":[14,14],"current_hp_per_floor":[74,68,61,61,60,75,69,69,69,75,66,66,66,66,75,8,75,20,20,0,0],"gold":191,"neow_bonus":"RANDOM_COMMON_RELIC","is_daily":false,"chose_seed":false,"campfire_upgraded":1,"win_rate":0.0,"timestamp":1612309042,"path_taken":["M","?","?","?","M","R","?","R","T","R","?","M","?","?","R","BOSS","M","?","M"],"items_purchased_type":["Card","Card"],"build_version":"2020-12-22","purchased_purges":0,"victory":false,"max_hp_per_floor":[75,75,75,75,75,75,75,75,75,75,75,75,75,75,75,75,75,75,75,75,75],"card_choices":[{"not_picked":["White Noise","Heatsinks"],"picked":"Compile Driver","floor":1},{"not_picked":["Conserve Battery","Scrape"],"picked":"Doom and Gloom","floor":2},{"not_picked":["Hologram","ReplayTheSpireMod:Calculation Training"],"picked":"Static Discharge","floor":5},{"not_picked":["Leap","Scrape"],"picked":"Redo","floor":7},{"not_picked":["Steam","Beam Cell"],"picked":"Stack","floor":12},{"not_picked":["hubris:DoWhile","Creative AI"],"picked":"Electrodynamics","floor":16},{"not_picked":["Heatsinks","Stack+1"],"picked":"Doom and Gloom","floor":18}],"player_experience":67252,"relics_obtained":[{"floor":9,"key":"hubris:SphereOfDissonance"}],"event_choices":[{"damage_healed":0,"gold_gain":0,"player_choice":"Entered Light","damage_taken":15,"max_hp_gain":0,"max_hp_loss":0,"event_name":"Shining Light","floor":3,"gold_loss":0,"cards_upgraded":["Defend_B","Dualcast"]},{"damage_healed":0,"gold_gain":0,"player_choice":"Take Damage","damage_taken":18,"relics_obtained":["Golden Idol"],"max_hp_gain":0,"max_hp_loss":0,"event_name":"Golden Idol","floor":11,"gold_loss":0}],"is_beta":false,"boss_relics":[{"not_picked":["Fiend:Scarf","Snecko Eye"],"picked":"Inserter"}],"items_purged_floors":[],"is_endless":false,"potions_floor_spawned":[2,7,16,18],"killed_by":"3 Byrds","ascension_level":0}}