{"host":"bakf0s4odzu8z5xt","time":1612242039,"event":{"mods":["BaseMod","Downfall","Friendly Minions","Minty Spire (QoL Compilation)","StSLib"],"gold_per_floor":[99,109,129,141,291,326,326,1,1,1,101,114,114,133,150,150,150,150],"floor_reached":16,"language":"ENG","playtime":1252,"items_purged":["downfall:Icky"],"score":102,"play_id":"29bec175-93d6-40db-a121-b4a83a09450f","local_time":"20210201230039","is_ascension_mode":false,"campfire_choices":[{"data":"Guardian:TwinSlam","floor":1,"key":"SMITH"},{"data":"Guardian:RefractedBeam","floor":9,"key":"SMITH"},{"data":"Guardian:RefractedBeam+1","floor":13,"key":"SMITH"}],"circlet_count":0,"master_deck":["Guardian:Strike_Guardian","Guardian:Strike_Guardian","Guardian:Strike_Guardian","Guardian:Strike_Guardian","Guardian:Defend_Guardian","Guardian:Defend_Guardian","Guardian:Defend_Guardian","Guardian:Defend_Guardian","Guardian:CurlUp","Guardian:TwinSlam+1","Guardian:RefractedBeam+2","Guardian:ChargeCore","Guardian:FuturePlans","Guardian:TemporalShield","Guardian:PolyBeam","Guardian:PiercingHide","Guardian:TimeBomb","Guardian:Gem_Blue","Guardian:StasisField"],"relics":["Guardian:ModeShifter","Ice Cream","Torii","Sling","White Beast Statue"],"acts_visited":["Exordium"],"potions_floor_usage":[6,12,16],"damage_taken":[{"damage":5,"enemies":"Jaw Worm","floor":2,"turns":5},{"damage":0,"enemies":"2 Louse","floor":3,"turns":2},{"damage":1,"enemies":"Cultist","floor":4,"turns":3},{"damage":27,"enemies":"Lagavulin","floor":6,"turns":8},{"damage":3,"enemies":"downfall:FleeingMerchant","floor":8,"turns":4},{"damage":30,"enemies":"downfall:LadyInBlue","floor":11,"turns":11},{"damage":1,"enemies":"Exordium Thugs","floor":12,"turns":6},{"damage":7,"enemies":"Large Slime","floor":14,"turns":6},{"damage":12,"enemies":"Blue Slaver","floor":15,"turns":2},{"damage":12,"enemies":"DF_ARCHETYPE_STREAMLINE","floor":16,"turns":4}],"seed_played":"-3963491818460864254","potions_obtained":[{"floor":3,"key":"Energy Potion"},{"floor":11,"key":"EssenceOfSteel"},{"floor":11,"key":"LiquidBronze"},{"floor":11,"key":"AttackPotion"},{"floor":12,"key":"Fire Potion"}],"is_trial":false,"path_per_floor":["R","M","M","M","?","E","T","$","R","?","?","M","R","M","M","B"],"character_chosen":"GUARDIAN","items_purchased":["Sling","Guardian:TemporalShield","Guardian:PolyBeam"],"campfire_rested":0,"item_purchase_floors":[8,8,8],"current_hp_per_floor":[88,83,83,82,82,55,55,52,52,52,22,21,21,14,2,0,0,0],"gold":150,"neow_bonus":"TEN_PERCENT_HP_BONUS","is_daily":false,"chose_seed":false,"campfire_upgraded":3,"win_rate":0.0,"timestamp":1612242039,"path_taken":["R","M","M","M","?","E","T","$","R","?","?","?","R","M","M","BOSS"],"items_purchased_type":["Relic","Card","Card"],"build_version":"2020-12-22","purchased_purges":1,"victory":false,"max_hp_per_floor":[88,88,88,88,88,88,88,88,88,88,88,88,88,88,88,88,88,88],"card_choices":[{"not_picked":["Guardian:Gem_Lightblue","Guardian:Gem_Cyan"],"picked":"Guardian:RefractedBeam","floor":2},{"not_picked":["Guardian:Gem_Lightblue","Guardian:TemporalShield"],"picked":"Guardian:ChargeCore","floor":3},{"not_picked":["Guardian:TemporalShield","Guardian:RollAttack"],"picked":"Guardian:FuturePlans","floor":4},{"not_picked":["Guardian:RollAttack","Guardian:PrimingBeam","Guardian:VentSteam"],"picked":"SKIP","floor":6},{"not_picked":["Guardian:Harden","Guardian:Gem_Green","Guardian:ArmoredProtocol"],"picked":"SKIP","floor":8},{"not_picked":["Guardian:RefractedBeam","Guardian:Gem_Cyan"],"picked":"Guardian:PiercingHide","floor":11},{"not_picked":["Guardian:BodySlam","Guardian:Reroute"],"picked":"Guardian:TimeBomb","floor":12},{"not_picked":["Guardian:Gem_Lightblue","Guardian:ShieldCharger"],"picked":"Guardian:Gem_Blue","floor":14},{"not_picked":["Guardian:CrystalBeam","Guardian:RollAttack"],"picked":"Guardian:StasisField","floor":15}],"player_experience":2047587,"relics_obtained":[{"floor":6,"key":"Ice Cream"},{"floor":7,"key":"Torii"},{"floor":11,"key":"White Beast Statue"}],"event_choices":[],"is_beta":false,"boss_relics":[],"items_purged_floors":[8],"is_endless":false,"potions_floor_spawned":[3,11,12,14,15],"killed_by":"DF_ARCHETYPE_STREAMLINE","ascension_level":0}}