{"host":"c3lc60y5x60jlt1y","time":1612270656,"event":{"mods":["AchievementEnabler","BaseMod","Bestiary","Colored Map","Minty Spire (QoL Compilation)","Quick Restart","StSLib","ojb\u0027s Info Mod"],"gold_per_floor":[119,129,54,54,79,107,107,138,186,186,24,50,10,22,22,95,95,112,132,149,166,75,75,75,75],"floor_reached":24,"language":"ENG","playtime":7034,"items_purged":["Defend_P","Strike_P"],"score":528,"play_id":"09fc24b5-164c-4132-93e1-3ac75e0ad5da","local_time":"20210202145736","is_ascension_mode":true,"campfire_choices":[{"data":"Adaptation","floor":7.0,"key":"SMITH"},{"data":"Blasphemy","floor":10.0,"key":"SMITH"},{"data":"Ragnarok","floor":15.0,"key":"SMITH"},{"floor":23.0,"key":"REST"}],"circlet_count":0,"master_deck":["AscendersBane","Strike_P","Strike_P","Strike_P","Defend_P","Defend_P","Eruption","Vigilance","Adaptation+1","Sanctity","CutThroughFate","Blasphemy+1","Ragnarok+1","Indignation","Omniscience","DeceiveReality","Study","Meditate","TalkToTheHand","Crescendo","ClearTheMind"],"relics":["PureWater","NeowsBlessing","Tiny Chest","Sundial","Bronze Scales","Regal Pillow","Membership Card","Pear","Fusion Hammer"],"acts_visited":["Exordium","TheCity"],"potions_floor_usage":[],"damage_taken":[{"damage":0.0,"enemies":"Cultist","floor":1.0,"turns":1.0},{"damage":0.0,"enemies":"Jaw Worm","floor":2.0,"turns":1.0},{"damage":0.0,"enemies":"Lagavulin","floor":6.0,"turns":1.0},{"damage":22.0,"enemies":"Gremlin Nob","floor":8.0,"turns":3.0},{"damage":0.0,"enemies":"Lagavulin","floor":12.0,"turns":4.0},{"damage":7.0,"enemies":"2 Louse","floor":14.0,"turns":2.0},{"damage":15.0,"enemies":"Hexaghost","floor":16.0,"turns":7.0},{"damage":0.0,"enemies":"Spheric Guardian","floor":18.0,"turns":1.0},{"damage":14.0,"enemies":"Shell Parasite","floor":19.0,"turns":3.0},{"damage":9.0,"enemies":"3 Cultists","floor":20.0,"turns":4.0},{"damage":17.0,"enemies":"Centurion and Healer","floor":21.0,"turns":5.0},{"damage":76,"enemies":"Slavers","floor":24,"turns":3}],"seed_played":"-728837571989578338","potions_obtained":[{"floor":6.0,"key":"Fire Potion"},{"floor":14.0,"key":"EntropicBrew"},{"floor":16.0,"key":"StancePotion"}],"is_trial":false,"path_per_floor":["M","M","$","?","T","E","R","E","T","R","$","E","$","M","R","B",null,"M","M","M","M","$","R","E"],"character_chosen":"WATCHER","items_purchased":["Membership Card","Ragnarok","Crescendo","ClearTheMind"],"campfire_rested":1,"item_purchase_floors":[11,13,22,22],"current_hp_per_floor":[61,61,61,54,54,54,54,32,32,32,32,42,42,35,35,20,64,64,50,41,24,24,62,0,0],"gold":75,"neow_bonus":"THREE_ENEMY_KILL","is_daily":false,"chose_seed":false,"campfire_upgraded":3,"win_rate":0.0,"timestamp":1612270656,"path_taken":["M","M","$","?","?","E","R","E","T","R","$","E","$","M","R","BOSS","M","M","M","M","$","R","E"],"items_purchased_type":["Relic","Card","Card","Card"],"build_version":"2020-12-22","purchased_purges":2,"victory":false,"max_hp_per_floor":[68,68,68,68,68,68,68,68,68,68,68,78,78,78,78,78,78,78,78,78,78,78,78,78,78],"card_choices":[{"not_picked":["EmptyFist","FlyingSleeves"],"picked":"Adaptation","floor":1.0},{"not_picked":["DeceiveReality","ClearTheMind"],"picked":"Sanctity","floor":2.0},{"not_picked":["Study","Conclude"],"picked":"CutThroughFate","floor":6.0},{"not_picked":["Crescendo","Prostrate"],"picked":"Blasphemy","floor":8.0},{"not_picked":["ClearTheMind","JustLucky","EmptyBody"],"picked":"SKIP","floor":12.0},{"not_picked":["Evaluate","SashWhip"],"picked":"Indignation","floor":14.0},{"not_picked":["Wish","Establishment"],"picked":"Omniscience","floor":16.0},{"not_picked":["ClearTheMind","EmptyBody"],"picked":"DeceiveReality","floor":18.0},{"not_picked":["FollowUp","BowlingBash"],"picked":"Study","floor":19.0},{"not_picked":["Prostrate","JustLucky"],"picked":"Meditate","floor":20.0},{"not_picked":["Wallop","EmptyFist"],"picked":"TalkToTheHand","floor":21.0}],"player_experience":8928203,"relics_obtained":[{"floor":5.0,"key":"Tiny Chest"},{"floor":6.0,"key":"Sundial"},{"floor":8.0,"key":"Bronze Scales"},{"floor":9.0,"key":"Regal Pillow"},{"floor":12.0,"key":"Pear"}],"event_choices":[{"cards_removed":["Defend_P"],"damage_healed":0.0,"max_hp_gain":0.0,"max_hp_loss":0.0,"gold_gain":0.0,"event_name":"Golden Wing","player_choice":"Card Removal","floor":4.0,"gold_loss":0.0,"damage_taken":7.0}],"is_beta":false,"boss_relics":[{"not_picked":["Tiny House","Coffee Dripper"],"picked":"Fusion Hammer"}],"items_purged_floors":[3,22],"is_endless":false,"potions_floor_spawned":[6,14,16,20,21],"killed_by":"Slavers","ascension_level":20}}