{"host":"5gc11emcm5chfr5t","time":1612298811,"event":{"mods":["2.2 Compatiblity","AchievementEnabler","BaseMod","Bestiary","Better Note","Colored Map","Colored Powertips","Downfall","Googly Eyes","Minty Spire (QoL Compilation)","Rare Cards Sparkle","StSLib"],"gold_per_floor":[99,117,417,429,429,439,516,535,545,545,573,273,290,303,314,314,314,314],"floor_reached":16,"language":"ENG","playtime":740,"items_purged":[],"score":212,"play_id":"4a80a4c0-b39e-4d8c-b5f7-d7c9f050bd49","local_time":"20210202154651","is_ascension_mode":true,"campfire_choices":[{"floor":1,"key":"RECALL"},{"floor":12,"key":"REST"}],"circlet_count":0,"master_deck":["AscendersBane","sneckomod:Strike+1","sneckomod:Strike+1","sneckomod:Strike","sneckomod:Defend+1","sneckomod:Defend","sneckomod:Defend","sneckomod:TailWhip","sneckomod:SnekBite","sneckomod:Unknown","sneckomod:Unknown","sneckomod:UnknownClassGREEN","downfall:Icky","downfall:Icky","downfall:Icky","sneckomod:QuickMove","sneckomod:UnknownClassPURPLE","sneckomod:UnknownColorless","sneckomod:QuickMove","sneckomod:QuickMove","sneckomod:Unknown0Cost","sneckomod:UnknownColorless","sneckomod:UnknownRarePower"],"relics":["bronze:MakeshiftBattery","PreservedInsect","downfall:HeartBlessingBlue","downfall:HeartBlessingRed","downfall:HeartBlessingGreen"],"acts_visited":["Exordium"],"potions_floor_usage":[11,16,16],"damage_taken":[{"damage":0,"enemies":"Cultist","floor":2,"turns":2},{"damage":18,"enemies":"Small Slimes","floor":4,"turns":5},{"damage":10,"enemies":"2 Louse","floor":6,"turns":2},{"damage":5,"enemies":"Blue Slaver","floor":8,"turns":4},{"damage":16,"enemies":"Large Slime","floor":9,"turns":6},{"damage":24,"enemies":"3 Sentries","floor":11,"turns":9},{"damage":6,"enemies":"Exordium Thugs","floor":13,"turns":8},{"damage":0,"enemies":"2 Fungi Beasts","floor":14,"turns":3},{"damage":16,"enemies":"Exordium Wildlife","floor":15,"turns":4},{"damage":29,"enemies":"SI_SHIV_ARCHETYPE","floor":16,"turns":6}],"seed_played":"-3168460800248310162","potions_obtained":[{"floor":4,"key":"PowerPotion"},{"floor":6,"key":"SkillPotion"},{"floor":13,"key":"sneckomod:MuddlingPotion"},{"floor":15,"key":"Energy Potion"}],"is_trial":false,"path_per_floor":["R","M","?","M","?","M","T","M","M","?","E","R","M","M","M","B"],"character_chosen":"THE_SNECKO","items_purchased":[],"campfire_rested":1,"item_purchase_floors":[],"current_hp_per_floor":[75,75,75,57,57,47,47,42,26,26,2,39,33,33,17,0,0,0],"gold":314,"neow_bonus":"BOSS_RELIC","is_daily":false,"chose_seed":false,"campfire_upgraded":0,"win_rate":0.0,"timestamp":1612298811,"path_taken":["R","M","?","M","?","M","T","M","M","?","E","R","M","?","M","BOSS"],"items_purchased_type":[],"build_version":"2020-12-22","purchased_purges":0,"victory":false,"max_hp_per_floor":[83,83,83,83,83,83,83,83,83,83,83,93,93,93,93,93,93,93],"card_choices":[{"not_picked":["sneckomod:SerpentIdol","sneckomod:RainOfDice"],"picked":"sneckomod:UnknownClassGREEN","floor":2},{"not_picked":["sneckomod:IronFang","sneckomod:UnknownBlock"],"picked":"sneckomod:QuickMove","floor":4},{"not_picked":["sneckomod:UnknownX","sneckomod:UnknownStrike"],"picked":"sneckomod:UnknownClassPURPLE","floor":6},{"not_picked":["sneckomod:UnknownCommonAttack","sneckomod:UnknownExhaust"],"picked":"sneckomod:UnknownColorless","floor":8},{"not_picked":["sneckomod:Memorize","sneckomod:UnendingSupply"],"picked":"sneckomod:QuickMove","floor":9},{"not_picked":["sneckomod:Nope","sneckomod:SoulCleanse"],"picked":"sneckomod:QuickMove","floor":11},{"not_picked":["sneckomod:UnknownClassTHE_CHAMP_GRAY","sneckomod:UnknownDraw"],"picked":"sneckomod:Unknown0Cost","floor":13},{"not_picked":["sneckomod:MasterEye","sneckomod:UnknownUncommonPower"],"picked":"sneckomod:UnknownColorless","floor":14},{"not_picked":["sneckomod:IronFang","sneckomod:Unknown2Cost"],"picked":"sneckomod:UnknownRarePower","floor":15}],"player_experience":596653,"relics_obtained":[{"floor":11,"key":"PreservedInsect"}],"event_choices":[{"cards_removed":["downfall:Malfunctioning"],"damage_healed":0,"gold_gain":0,"player_choice":"Forget","damage_taken":0,"max_hp_gain":0,"max_hp_loss":0,"event_name":"Living Wall","floor":10,"gold_loss":0}],"is_beta":false,"boss_relics":[],"items_purged_floors":[],"is_endless":false,"potions_floor_spawned":[4,6,13,15],"killed_by":"SI_SHIV_ARCHETYPE","ascension_level":20}}