{"host":"t1puqh5lxz8sp6fn","time":1612224329,"event":{"mods":["AchievementEnabler","BaseMod","Colored Powertips","Minty Spire (QoL Compilation)","Rare Cards Sparkle","Relic Stats","StSLib"],"gold_per_floor":[113,127,140,39,53,53,88,88,112,128,145,145,145,164,164,237,237,250,0,10,10,10],"floor_reached":21,"playtime":1259,"items_purged":[],"score":302,"play_id":"f9e405b0-3479-4ce5-9485-5dadc73e8f19","local_time":"20210201210529","is_ascension_mode":true,"campfire_choices":[{"data":"Lockon","floor":6,"key":"SMITH"},{"floor":13,"key":"REST"},{"data":"Loop","floor":15,"key":"SMITH"}],"circlet_count":0,"master_deck":["AscendersBane","Strike_B+1","Strike_B","Strike_B","Defend_B","Defend_B","Defend_B","Defend_B","Zap+1","Dualcast","Steam Power","Compile Driver","Self Repair","Cold Snap","Lockon+1","Rebound","Reboot","Loop+1","Undo+1","Echo Form","Machine Learning","FTL+1","Bandage Up","Conserve Battery"],"relics":["Cracked Core","Happy Flower","Strawberry","SlaversCollar","Runic Capacitor"],"acts_visited":["Exordium","TheCity"],"potions_floor_usage":[7,16,16],"damage_taken":[{"damage":0,"enemies":"2 Louse","floor":1,"turns":1},{"damage":0,"enemies":"Cultist","floor":2,"turns":4},{"damage":12,"enemies":"Jaw Worm","floor":3,"turns":3},{"damage":7,"enemies":"2 Fungi Beasts","floor":5,"turns":3},{"damage":15,"enemies":"Gremlin Nob","floor":7,"turns":3},{"damage":22,"enemies":"Lots of Slimes","floor":10,"turns":4},{"damage":16,"enemies":"Exordium Thugs","floor":11,"turns":4},{"damage":0,"enemies":"Exordium Wildlife","floor":14,"turns":2},{"damage":4,"enemies":"The Guardian","floor":16,"turns":8},{"damage":21,"enemies":"Spheric Guardian","floor":18,"turns":4},{"damage":29,"enemies":"3 Byrds","floor":20,"turns":5},{"damage":43,"enemies":"Shelled Parasite and Fungi","floor":21,"turns":4}],"seed_played":"-2356029120921969044","potions_obtained":[{"floor":3,"key":"SteroidPotion"},{"floor":5,"key":"BlessingOfTheForge"},{"floor":10,"key":"FocusPotion"},{"floor":14,"key":"Fruit Juice"},{"floor":20,"key":"CultistPotion"}],"is_trial":false,"path_per_floor":["M","M","M","$","M","R","E","?","T","M","M","?","R","M","R","B",null,"M","$","M","M"],"character_chosen":"DEFECT","items_purchased":["Cold Snap","PowerPotion","Runic Capacitor","Bandage Up"],"campfire_rested":1,"item_purchase_floors":[4,4,19,19],"current_hp_per_floor":[68,68,56,56,56,56,48,48,55,33,24,8,32,32,32,40,75,54,54,36,0,0],"gold":10,"neow_bonus":"UPGRADE_CARD","is_daily":false,"chose_seed":false,"campfire_upgraded":2,"win_rate":0.0,"timestamp":1612224329,"path_taken":["M","M","M","$","M","R","E","?","T","?","M","?","R","M","R","BOSS","M","$","M","M"],"items_purchased_type":["Card","Potion","Relic","Card"],"build_version":"2020-12-13","purchased_purges":0,"victory":false,"max_hp_per_floor":[75,75,75,75,75,75,75,75,82,82,82,82,82,82,82,87,87,87,87,87,87,87],"relic_stats":{"Happy Flower":[10],"counters":[12,44],"obtain_stats":[{"SlaversCollar":17,"Happy Flower":7,"Strawberry":9,"Runic Capacitor":19,"Cracked Core":0},{"SlaversCollar":9,"Happy Flower":5,"Strawberry":5,"Runic Capacitor":10,"Cracked Core":0},{"SlaversCollar":32,"Happy Flower":14,"Strawberry":14,"Runic Capacitor":35,"Cracked Core":0}]},"card_choices":[{"not_picked":["Stack","Force Field"],"picked":"Steam Power","floor":1},{"not_picked":["Beam Cell","Static Discharge"],"picked":"Compile Driver","floor":2},{"not_picked":["Redo","Turbo"],"picked":"Self Repair","floor":3},{"not_picked":["All For One","Heatsinks"],"picked":"Lockon","floor":5},{"not_picked":["Compile Driver","Coolheaded"],"picked":"Rebound","floor":7},{"not_picked":["Beam Cell","Genetic Algorithm"],"picked":"Loop","floor":10},{"not_picked":["Redo","Gash"],"picked":"Undo","floor":11},{"not_picked":["Coolheaded","Gash"],"picked":"Echo Form","floor":14},{"not_picked":["Fission","Amplify"],"picked":"Machine Learning","floor":16},{"not_picked":["Gash","Hello World"],"picked":"FTL+1","floor":18},{"not_picked":["Steam","Sweeping Beam"],"picked":"Conserve Battery","floor":20}],"player_experience":462794,"relics_obtained":[{"floor":7,"key":"Happy Flower"},{"floor":9,"key":"Strawberry"}],"event_choices":[{"damage_healed":0,"gold_gain":0,"cards_transformed":["Strike_B"],"player_choice":"Transformed","damage_taken":0,"max_hp_gain":0,"max_hp_loss":0,"event_name":"Transmorgrifier","floor":8,"gold_loss":0,"cards_obtained":["Reboot"]},{"damage_healed":0,"gold_gain":0,"player_choice":"Entered Light","damage_taken":16,"max_hp_gain":0,"max_hp_loss":0,"event_name":"Shining Light","floor":12,"gold_loss":0,"cards_upgraded":["Undo","Strike_B"]}],"is_beta":false,"boss_relics":[{"not_picked":["Busted Crown","Astrolabe"],"picked":"SlaversCollar"}],"items_purged_floors":[],"is_endless":false,"potions_floor_spawned":[3,5,10,14,20],"killed_by":"Shelled Parasite and Fungi","ascension_level":13}}