{"host":"fbnmuibw0uyiaf00","time":1612246765,"event":{"mods":["BaseMod","Colored Powertips","Lobotomy","LobotomyExtend","Marisa£®ÏF”Í°°ƒß¿Ì…≥£©","Minty Spire (QoL Compilation)","Remilia£®¿Ÿ√◊¿Ú—«£©","UnlockEverythingMod","Youmu£®ªÍ∆«—˝√Œ£©","[IsaacMod]“‘»ˆº‚À˛"],"gold_per_floor":[116,66,66,87,106,132,109,166,166,178,178,200,249,262,262,375,375,375,427,53,66,66,158,211,246,271,271,127,173,197,253,265,412,424,477,530,542,554,594,606,663,40,40,80,126,126,183,245,245,280,280,280,280,21,68,194,194],"floor_reached":56,"language":"ZHS","playtime":2396,"items_purged":["Shame"],"score":1258,"play_id":"110482c8-5756-481a-94a9-d6c7d447816d","local_time":"20210202141925","is_ascension_mode":true,"campfire_choices":[{"floor":11,"key":"RECALL"},{"floor":15,"key":"REST"},{"data":"QueenOfMidnight","floor":27,"key":"SMITH"},{"data":"ScarletMeister","floor":32,"key":"SMITH"},{"data":"HeartBreak","floor":40,"key":"SMITH"},{"data":"BloodyBrimstone","floor":46,"key":"SMITH"},{"floor":49,"key":"DIG"},{"floor":53,"key":"DIG"}],"circlet_count":0,"master_deck":["Strike_RM","Strike_RM","Strike_RM","Defend_RM","Defend_RM","Defend_RM","RedMoon","ScarletShoot","BloodyBrimstone+1","ScarletImprint","SuperhumanBloodyKnife","Ultimatum","StarOfDavid","VampireSweep","LeisurelyOfLord","MiserableFate","BloodAndWine","Stigmanizer","QueenOfMidnight+1","ChainGang","ScarletMeister+1","MastersStateliness","GlobalNightmare","BloodySeventeenLaser","BlasphemousPunishment+1","HeartBreak+1","BombardNight","UltimateOffering","MillenniumVampire+1","BloodyMagicSquare+1","CeilingFear+1","ScarletGensokyo+1","DemonKingCradle+1","DemonKingCradle+1","Writhe","BloodyHallows+1","BlasphemousPunishment+1","BlasphemousPunishment+1","HeartBreak"],"relics":["ScarletHat","HushsDoor","SalivaCoin","NeowsBlessing","Singing Bowl","LetterFromLob","BookofShadows","Anchor","Mango","ScarletDevilRocket","APieceOfRedMist","Gungnir","Toxic Egg 2","Kunai","BookOfRevelations","Orrery","Bag of Marbles","MawBank","Astrolabe","Incubus","Letter Opener","TheBattery","PreservedInsect","SatanicBible","HornCleat","Shovel","Mummified Hand","InkBottle","DeadEye","Mercury Hourglass"],"acts_visited":["Exordium","TheCity","TheBeyond","TheEnding"],"potions_floor_usage":[33,36,36,36,36,50,50,56],"damage_taken":[{"damage":0,"enemies":"Jaw Worm","floor":1,"turns":1},{"damage":0,"enemies":"Small Slimes","floor":5,"turns":1},{"damage":0,"enemies":"Gremlin Nob","floor":6,"turns":1},{"damage":19,"enemies":"Lagavulin","floor":8,"turns":8},{"damage":0,"enemies":"2 Louse","floor":10,"turns":2},{"damage":10,"enemies":"Red Slaver","floor":12,"turns":5},{"damage":22,"enemies":"Gremlin Nob","floor":13,"turns":4},{"damage":0,"enemies":"Exordium Thugs","floor":14,"turns":4},{"damage":11,"enemies":"Slime Boss","floor":16,"turns":8},{"damage":9,"enemies":"3 Byrds","floor":19,"turns":5},{"damage":0,"enemies":"2 Thieves","floor":21,"turns":3},{"damage":21,"enemies":"Book of Stabbing","floor":23,"turns":7},{"damage":13,"enemies":"Snecko","floor":24,"turns":5},{"damage":10,"enemies":"Gremlin Leader","floor":25,"turns":1},{"damage":22,"enemies":"Slavers","floor":29,"turns":3},{"damage":10,"enemies":"Shelled Parasite and Fungi","floor":30,"turns":1},{"damage":0,"enemies":"Gremlin Leader","floor":31,"turns":2},{"damage":44,"enemies":"Champ","floor":33,"turns":5},{"damage":48,"enemies":"3 Shapes","floor":35,"turns":3},{"damage":42,"enemies":"3 Darklings","floor":36,"turns":4},{"damage":43,"enemies":"Spire Growth","floor":39,"turns":3},{"damage":38,"enemies":"Nemesis","floor":41,"turns":3},{"damage":33,"enemies":"Reptomancer","floor":44,"turns":2},{"damage":72,"enemies":"Transient","floor":45,"turns":5},{"damage":0,"enemies":"2 Orb Walkers","floor":47,"turns":1},{"damage":33,"enemies":"Maw","floor":48,"turns":5},{"damage":74,"enemies":"Awakened One","floor":50,"turns":5},{"damage":46,"enemies":"Shield and Spear","floor":55,"turns":1},{"damage":174,"enemies":"LittleHush","floor":56,"turns":13}],"seed_played":"-5062651050773411111","potions_obtained":[{"floor":5,"key":"EntropicBrew"},{"floor":12,"key":"GamblersBrew"},{"floor":14,"key":"DistilledChaos"},{"floor":24,"key":"Strength Potion"},{"floor":33,"key":"Dexterity Potion"},{"floor":41,"key":"Strength Potion"}],"is_trial":false,"path_per_floor":["M","?","$","?","M","E","$","E","T","M","R","M","E","M","R","B",null,"M","M","$","M","?","E","M","E","T","R","$","E","M","E","R","B",null,"M","M","?","?","M","R","E","$","T","E","M","R","?","M","R","B",null,null,"R","$","E","B"],"character_chosen":"REMILIA","items_purchased":["StarOfDavid","Gungnir","MastersStateliness","FavorOfDestiny","Orrery","Incubus","TheBattery","PreservedInsect","SatanicBible","DeadEye"],"campfire_rested":1,"item_purchase_floors":[7,20,20,20,28,34,42,42,42,54],"current_hp_per_floor":[75,75,75,63,63,63,63,46,60,60,60,53,31,32,59,54,88,88,84,84,87,87,87,79,79,79,79,83,65,67,67,67,81,61,59,65,65,65,65,65,65,65,65,67,69,69,69,71,71,71,71,71,71,71,71,0,0],"gold":194,"neow_bonus":"THREE_ENEMY_KILL","is_daily":false,"chose_seed":false,"campfire_upgraded":4,"win_rate":0.0,"timestamp":1612246765,"path_taken":["M","?","$","?","?","E","?","E","T","M","R","M","E","M","R","BOSS","M","M","$","M","?","E","?","E","T","R","$","E","M","E","R","BOSS","M","M","?","?","?","R","E","$","T","E","M","R","?","M","R","BOSS","R","$","E","BOSS"],"items_purchased_type":["Card","Relic","Card","Card","Relic","Relic","Relic","Relic","Relic","Relic"],"build_version":"2020-12-22","purchased_purges":1,"victory":false,"max_hp_per_floor":[75,75,75,75,75,75,75,77,91,91,91,91,91,91,91,88,88,88,87,87,87,87,87,84,81,81,81,85,82,84,84,84,81,61,63,65,65,65,65,65,65,65,65,67,69,69,69,71,71,71,71,71,71,71,71,65,65],"card_choices":[{"not_picked":[],"picked":"BloodyBrimstone","floor":0},{"not_picked":["VampireFantasy","FitfulNightmare"],"picked":"ScarletImprint","floor":1},{"not_picked":["RedRainbow","TwelveNightmare"],"picked":"SuperhumanBloodyKnife","floor":5},{"not_picked":["HunterOfTheNight","RedNightlessCastle"],"picked":"Ultimatum","floor":6},{"not_picked":["Bomb","FitfulNightmare"],"picked":"VampireSweep","floor":8},{"not_picked":["MastersStateliness","ForbiddenFruit","AfternoonTea"],"picked":"Singing Bowl","floor":8},{"not_picked":["VampireKiss","EndlessAdversity"],"picked":"LeisurelyOfLord","floor":10},{"not_picked":["UnstableMagic","ScarletImprint"],"picked":"MiserableFate","floor":10},{"not_picked":["UltimateOffering","EndlessAdversity"],"picked":"BloodAndWine","floor":12},{"not_picked":["VampireKiss","BlasphemousPunishment"],"picked":"Stigmanizer","floor":12},{"not_picked":["ScarletDevil","ScarletGensokyo"],"picked":"QueenOfMidnight","floor":13},{"not_picked":["UnderTheZenith","Stigmanizer"],"picked":"ChainGang","floor":14},{"not_picked":["DemonKingCradle","QueenOfMidnight"],"picked":"ScarletMeister","floor":16},{"not_picked":["ScarletDevil","BloodHunter","ScarletImprint"],"picked":"Singing Bowl","floor":19},{"not_picked":["ForbiddenFruit","UnstableMagic"],"picked":"GlobalNightmare","floor":21},{"not_picked":["Maim+1","Stigmanizer"],"picked":"BloodySeventeenLaser","floor":23},{"not_picked":["UnderTheZenith+1","StarOfDavid"],"picked":"BlasphemousPunishment+1","floor":24},{"not_picked":["AfternoonTea+1","MastersStateliness"],"picked":"HeartBreak","floor":25},{"not_picked":["Maim+1","BloodHunter+1","CharismaGuard"],"picked":"Singing Bowl","floor":28},{"not_picked":["ReincarnationDial+1","StarOfDavid"],"picked":"DiffusionOfMisfortune","floor":28},{"not_picked":["UnstableMagic+1","FavorOfDestiny+1"],"picked":"BombardNight","floor":28},{"not_picked":["Maim+1","CharismaGuard","ScarletDream+1"],"picked":"Singing Bowl","floor":28},{"not_picked":["Stigmanizer","CharismaGuard+1"],"picked":"UltimateOffering","floor":28},{"not_picked":["NightDance","FavorOfDestiny+1"],"picked":"MillenniumVampire+1","floor":29},{"not_picked":["Septette+1","MastersStateliness","VampirishNight+1"],"picked":"Singing Bowl","floor":30},{"not_picked":["ScarletDevilSign","Stigmanizer"],"picked":"BloodyMagicSquare+1","floor":31},{"not_picked":["BatForm","BloodRain+1"],"picked":"CeilingFear+1","floor":33},{"not_picked":["BloodHunter+1","DiffusionOfMisfortune+1","StarOfDavid"],"picked":"Singing Bowl","floor":35},{"not_picked":["MastersStateliness","ScarletNetherworld+1","UnderTheZenith+1"],"picked":"Singing Bowl","floor":36},{"not_picked":["UnstableMagic+1","CharismaGuard"],"picked":"BloodyHallows+1","floor":39},{"not_picked":["VampireKiss","FavorOfDestiny+1"],"picked":"BlasphemousPunishment+1","floor":41},{"not_picked":["Maim+1","BadLadyScramble+1","VampirishNight+1"],"picked":"Singing Bowl","floor":44},{"not_picked":["ScarletImprint","StarOfDavid+1","VampireFantasy+1"],"picked":"Singing Bowl","floor":45},{"not_picked":["DiffusionOfMisfortune+1","RedRainbow+1"],"picked":"BlasphemousPunishment+1","floor":47},{"not_picked":["ScarletDream+1","MiserableFate+1","RedNightlessCastle"],"picked":"Singing Bowl","floor":48},{"not_picked":["ScarletSymphony+1","ReincarnationDial+1"],"picked":"HeartBreak","floor":55}],"player_experience":37063,"relics_obtained":[{"floor":5,"key":"LetterFromLob"},{"floor":6,"key":"BookofShadows"},{"floor":8,"key":"Anchor"},{"floor":9,"key":"Mango"},{"floor":13,"key":"ScarletDevilRocket"},{"floor":23,"key":"Kunai"},{"floor":25,"key":"BookOfRevelations"},{"floor":29,"key":"Bag of Marbles"},{"floor":31,"key":"MawBank"},{"floor":41,"key":"Letter Opener"},{"floor":43,"key":"HornCleat"},{"floor":47,"key":"Shovel"},{"floor":49,"key":"Mummified Hand"},{"floor":53,"key":"InkBottle"},{"floor":55,"key":"Mercury Hourglass"}],"event_choices":[{"cards_removed":["Strike_RM"],"damage_healed":0,"gold_gain":0,"player_choice":"Card Removal","damage_taken":0,"max_hp_gain":0,"max_hp_loss":0,"event_name":"The Cleric","floor":2,"gold_loss":50},{"damage_healed":0,"gold_gain":0,"player_choice":"Success","damage_taken":12,"relics_obtained":["Singing Bowl"],"max_hp_gain":0,"max_hp_loss":0,"event_name":"Scrap Ooze","floor":4,"gold_loss":0},{"damage_healed":0,"gold_gain":0,"player_choice":"Stole Relic","damage_taken":0,"relics_obtained":["Toxic Egg 2"],"max_hp_gain":0,"max_hp_loss":0,"event_name":"Addict","floor":22,"gold_loss":0,"cards_obtained":["Shame"]},{"damage_healed":0,"gold_gain":0,"player_choice":"Ignored","damage_taken":0,"max_hp_gain":0,"max_hp_loss":0,"event_name":"Tomb of Lord Red Mask","floor":37,"gold_loss":0},{"damage_healed":16,"gold_gain":0,"player_choice":"Writhe","damage_taken":0,"max_hp_gain":0,"max_hp_loss":0,"event_name":"Winding Halls","floor":38,"gold_loss":0,"cards_obtained":["Writhe"]},{"damage_healed":0,"gold_gain":0,"player_choice":"Fight","damage_taken":0,"max_hp_gain":0,"max_hp_loss":0,"event_name":"Mysterious Sphere","floor":47,"gold_loss":0}],"is_beta":false,"boss_relics":[{"not_picked":["Cursed Key","Pandora\u0027s Box"],"picked":"APieceOfRedMist"},{"not_picked":[]},{"not_picked":["ChampionBelt","SlaversCollar"],"picked":"Astrolabe"},{"not_picked":[]}],"items_purged_floors":[42],"is_endless":false,"potions_floor_spawned":[5,12,14,19,23,25,30,33,35,41,44,45,48,55],"killed_by":"LittleHush","ascension_level":2}}