{"host":"Jinnai","time":1612246090,"event":{"mods":["BaseMod","Bestiary","Block Reminder","Colored Map","Colored Powertips","Highlight Path","Minty Spire (QoL Compilation)","Quick Restart","Relic Stats","StSLib"],"gold_per_floor":[109,35,55,55,69,101,119,147,147,172,40,54,54,54,54,126,126,144,159,177,227,227,227],"floor_reached":22,"language":"ENG","playtime":745,"items_purged":["Dualcast"],"score":412,"play_id":"4109ffb4-20e0-43a5-b266-260e4e38376b","local_time":"20210202010810","is_ascension_mode":true,"campfire_choices":[{"data":"Hyperbeam","floor":13,"key":"SMITH"},{"floor":15,"key":"REST"}],"circlet_count":0,"master_deck":["AscendersBane","Strike_B","Strike_B","Strike_B","Strike_B","Defend_B","Defend_B","Defend_B","Zap","Reinforced Body","FTL","FTL","Sweeping Beam","Streamline","Gash","Hyperbeam+1","Self Repair","Conserve Battery","Gash","Electrodynamics","Rebound+1","Genetic Algorithm+1","Reprogram"],"relics":["Cracked Core","Eternal Feather","Shuriken","Mummified Hand","StrikeDummy","Cursed Key"],"acts_visited":["Exordium","TheCity"],"potions_floor_usage":[7,8,10,12,16],"damage_taken":[{"damage":14,"enemies":"Jaw Worm","floor":1,"turns":3},{"damage":0,"enemies":"Cultist","floor":3,"turns":3},{"damage":0,"enemies":"Small Slimes","floor":5,"turns":2},{"damage":26,"enemies":"Lagavulin","floor":6,"turns":5},{"damage":0,"enemies":"3 Louse","floor":7,"turns":1},{"damage":8,"enemies":"Gremlin Nob","floor":8,"turns":3},{"damage":8,"enemies":"3 Sentries","floor":10,"turns":3},{"damage":16,"enemies":"Exordium Thugs","floor":12,"turns":3},{"damage":5,"enemies":"Slime Boss","floor":16,"turns":6},{"damage":31,"enemies":"Shell Parasite","floor":18,"turns":5},{"damage":6,"enemies":"Spheric Guardian","floor":19,"turns":3},{"damage":33,"enemies":"Snecko","floor":20,"turns":5},{"damage":26,"enemies":"Snake Plant","floor":22,"turns":4}],"seed_played":"-8898491572151569399","potions_obtained":[{"floor":1,"key":"Fire Potion"},{"floor":6,"key":"Explosive Potion"},{"floor":8,"key":"LiquidBronze"},{"floor":10,"key":"CultistPotion"},{"floor":14,"key":"Strength Potion"},{"floor":16,"key":"BlessingOfTheForge"}],"is_trial":false,"path_per_floor":["M","$","M","?","M","E","M","E","T","E","$","M","R","?","R","B",null,"M","M","M","?","M"],"character_chosen":"DEFECT","items_purchased":["FTL","Explosive Potion"],"campfire_rested":1,"item_purchase_floors":[2,11],"current_hp_per_floor":[57,57,57,57,57,31,31,23,23,22,22,13,22,22,54,56,73,49,50,24,24,0,0],"gold":227,"neow_bonus":"TEN_PERCENT_HP_BONUS","is_daily":false,"chose_seed":false,"campfire_upgraded":1,"win_rate":0.0,"timestamp":1612246090,"path_taken":["M","$","M","?","M","E","M","E","T","E","$","?","R","?","R","BOSS","M","?","M","?","M"],"items_purchased_type":["Card","Potion"],"build_version":"2020-12-18","purchased_purges":1,"victory":false,"max_hp_per_floor":[78,78,78,78,78,78,78,78,78,78,78,78,78,78,78,78,78,78,78,78,78,78,78],"relic_stats":{"counters":[13,46],"Shuriken":[15],"Mummified Hand":[12],"Eternal Feather":18,"Cursed Key":0,"obtain_stats":[{"Shuriken":8,"Mummified Hand":9,"Eternal Feather":6,"Cracked Core":0,"StrikeDummy":10,"Cursed Key":17},{"Shuriken":6,"Mummified Hand":6,"Eternal Feather":4,"Cracked Core":0,"StrikeDummy":7,"Cursed Key":9},{"Shuriken":17,"Mummified Hand":17,"Eternal Feather":13,"Cracked Core":0,"StrikeDummy":20,"Cursed Key":29}]},"card_choices":[{"not_picked":["Hologram","Loop"],"picked":"Reinforced Body","floor":1},{"not_picked":["Lockon","Coolheaded"],"picked":"FTL","floor":3},{"not_picked":["Go for the Eyes","Defragment"],"picked":"Streamline","floor":5},{"not_picked":["Sweeping Beam","Hologram"],"picked":"Gash","floor":6},{"not_picked":["Coolheaded","Steam"],"picked":"Hyperbeam","floor":7},{"not_picked":["Double Energy","Conserve Battery"],"picked":"Self Repair","floor":8},{"not_picked":["Redo","Fusion"],"picked":"Conserve Battery","floor":10},{"not_picked":["Stack","Cold Snap"],"picked":"Gash","floor":12},{"not_picked":["Rainbow","Creative AI"],"picked":"Electrodynamics","floor":16},{"not_picked":["Steam","Beam Cell"],"picked":"Rebound+1","floor":18},{"not_picked":["Stack","Gash"],"picked":"Genetic Algorithm+1","floor":19},{"not_picked":["Steam Power","Double Energy"],"picked":"Reprogram","floor":20}],"player_experience":1637429,"relics_obtained":[{"floor":6,"key":"Eternal Feather"},{"floor":8,"key":"Shuriken"},{"floor":9,"key":"Mummified Hand"},{"floor":10,"key":"StrikeDummy"}],"event_choices":[{"damage_healed":0,"gold_gain":0,"cards_transformed":["Defend_B"],"player_choice":"Transformed","damage_taken":0,"max_hp_gain":0,"max_hp_loss":0,"event_name":"Transmorgrifier","floor":4,"gold_loss":0,"cards_obtained":["Sweeping Beam"]},{"damage_healed":0,"gold_gain":0,"player_choice":"Got Potions","damage_taken":0,"max_hp_gain":0,"max_hp_loss":0,"event_name":"Lab","floor":14,"gold_loss":0},{"damage_healed":0,"gold_gain":50,"player_choice":"Stole From Cult","damage_taken":0,"max_hp_gain":0,"max_hp_loss":0,"event_name":"Nest","floor":21,"gold_loss":0}],"is_beta":true,"boss_relics":[{"not_picked":["Black Star","Sozu"],"picked":"Cursed Key"}],"items_purged_floors":[11],"is_endless":false,"potions_floor_spawned":[1,6,8,10,16,18,20],"killed_by":"Snake Plant","ascension_level":20}}