{"host":"na09lpbrez4gbfiz","time":1612298805,"event":{"mods":["Act Like it!","BaseMod","BetterRewards","Colored Map","Colored Powertips","DeckTracker","Googly Eyes","Highlight Path","Minty Spire (QoL Compilation)","Quick Restart","Spicy Shops","StSLib","SuperFastMode","Synergy Search"],"gold_per_floor":[118,167,242,15,15,58,70,115,152,184,196,236,258,280,292,304,304],"floor_reached":16,"language":"ENG","playtime":415,"items_purged":["Strike_R"],"score":286,"play_id":"055081cc-3b39-4037-b800-112186653ff0","local_time":"20210202214645","is_ascension_mode":true,"campfire_choices":[{"data":"True Grit","floor":11,"key":"SMITH"},{"floor":15,"key":"REST"}],"circlet_count":0,"master_deck":["AscendersBane","Strike_R","Strike_R","Strike_R","Strike_R","Defend_R","Defend_R","Defend_R","Defend_R","Bash","True Grit+1","Hemokinesis","Double Tap","Shrug It Off","Shrug It Off"],"relics":["Burning Blood","NeowsBlessing","Anchor","Medical Kit","MawBank","Dream Catcher","Tiny Chest","MealTicket","Blue Candle"],"acts_visited":["Exordium"],"potions_floor_usage":[12,16],"damage_taken":[{"damage":0,"enemies":"Cultist","floor":1,"turns":1},{"damage":0,"enemies":"Lagavulin","floor":6,"turns":1},{"damage":0,"enemies":"Gremlin Nob","floor":8,"turns":1},{"damage":4,"enemies":"Jaw Worm","floor":10,"turns":2},{"damage":36,"enemies":"Lagavulin","floor":12,"turns":7},{"damage":2,"enemies":"2 Louse","floor":13,"turns":3},{"damage":9,"enemies":"Blue Slaver","floor":14,"turns":4},{"damage":54,"enemies":"Hexaghost","floor":16,"turns":16}],"seed_played":"105262274979591114","potions_obtained":[{"floor":6,"key":"ColorlessPotion"},{"floor":8,"key":"GamblersBrew"},{"floor":14,"key":"DuplicationPotion"}],"is_trial":false,"path_per_floor":["M","T","?","$","?","E","$","E","T","M","R","E","M","M","R","B"],"character_chosen":"IRONCLAD","items_purchased":["Medical Kit"],"campfire_rested":1,"item_purchase_floors":[4],"current_hp_per_floor":[74,74,63,63,45,51,51,57,57,59,59,29,33,30,52,0,0],"gold":304,"neow_bonus":"THREE_ENEMY_KILL","is_daily":false,"chose_seed":false,"campfire_upgraded":1,"win_rate":0.0,"timestamp":1612298805,"path_taken":["M","?","?","$","?","E","$","E","T","M","R","E","M","M","R","BOSS"],"items_purchased_type":["Relic"],"build_version":"2020-12-22","purchased_purges":1,"victory":false,"max_hp_per_floor":[75,75,75,75,75,75,75,75,75,75,75,75,75,75,75,75,75],"card_choices":[{"not_picked":["Dropkick","Anger"],"picked":"True Grit","floor":1},{"not_picked":["Perfected Strike","Spot Weakness"],"picked":"Hemokinesis","floor":6},{"not_picked":["Armaments","Warcry"],"picked":"Double Tap","floor":8},{"not_picked":["Blood for Blood","Armaments","Flex"],"picked":"SKIP","floor":10},{"not_picked":["Pummel","Corruption"],"picked":"Shrug It Off","floor":12},{"not_picked":["Flex","Dark Embrace","Warcry"],"picked":"SKIP","floor":13},{"not_picked":["Clothesline","Sword Boomerang"],"picked":"Shrug It Off","floor":14}],"player_experience":218299,"relics_obtained":[{"floor":2,"key":"Anchor"},{"floor":6,"key":"Dream Catcher"},{"floor":8,"key":"Tiny Chest"},{"floor":9,"key":"MealTicket"},{"floor":12,"key":"Blue Candle"}],"event_choices":[{"damage_healed":0,"gold_gain":75,"player_choice":"Gather Gold","damage_taken":11,"max_hp_gain":0,"max_hp_loss":0,"event_name":"World of Goop","floor":3,"gold_loss":0},{"damage_healed":0,"gold_gain":0,"player_choice":"Success","damage_taken":18,"relics_obtained":["MawBank"],"max_hp_gain":0,"max_hp_loss":0,"event_name":"Scrap Ooze","floor":5,"gold_loss":0}],"is_beta":false,"boss_relics":[],"items_purged_floors":[4],"is_endless":false,"potions_floor_spawned":[6,8,14],"killed_by":"Hexaghost","ascension_level":14}}