{"host":"nyffms3wv8okr3l3","time":1612229154,"event":{"mods":["Astrologer","Bard","BaseMod","Beaked The Cultist","Bestiary","BetterRewards","Colored Powertips","Downfall","Fiend Mod","Gremlin Mod","Hermit","Hubris","Hunter ??","Infinite Spire","Marisa????????","Minty Spire (QoL Compilation)","Replay The Spire","StSLib","Synergy Search","The Forsaken"],"gold_per_floor":[112,112,123,123,123,148,170,203,258,203,203,218,218,258,258,374,374,409,409,409,409,395,395,414,445,470,470,470,470,470,478,478,593,593,613,646,646,646,646,681,711,733,758,768,768],"floor_reached":44,"language":"ENG","playtime":2557,"items_purged":[],"score":477,"play_id":"2ea190ef-95a5-4ba7-b92f-ed3851568051","local_time":"20210201232553","is_ascension_mode":false,"campfire_choices":[{"floor":11,"key":"REST"},{"floor":13,"key":"REST"},{"floor":15,"key":"REST"},{"floor":23,"key":"REST"},{"floor":27,"key":"REST"},{"floor":28,"key":"REST"},{"floor":30,"key":"REST"},{"floor":32,"key":"REST"}],"circlet_count":0,"master_deck":["Strike_R","Strike_R","Strike_R","Strike_R","Strike_R","Defend_R","Defend_R","Defend_R","Defend_R","Bash","Clash","Cleave","Iron Wave","SashWhip","Headbutt","Life Link","Life Link","ReplayTheSpireMod:Stacked","Perfected Strike","Wraith Form v2","CurseOfTheBell","Anger","ReplayTheSpireMod:Strike From Hell","Sword Boomerang+1","Intimidate","Feed","Flex+1","Flame Barrier+1","ReplayTheSpireMod:Private Reserves","Writhe","Inflame","ReplayTheSpireMod:Muscle Training+1","Twin Strike"],"relics":["Replay:M_StaffOfTheSnake","NeowsBlessing","infinitespire:Cubic Diamond","Blue Candle","infinitespire:Midas Blood","Replay:Rubber Ducky","Bag of Marbles","Replay:Mystery Machine","Calling Bell","infinitespire:Beetle Shell","infinitespire:Bottled Soul","Lizard Tail","NlothsMask","WingedGreaves","Enchiridion","hubris:Backtick","Brimstone","Champion Belt","Self Forming Clay","Omamori"],"acts_visited":["Exordium","TheCity","TheBeyond"],"potions_floor_usage":[16,33,33,33,40,44],"damage_taken":[{"damage":0,"enemies":"2 Louse","floor":1,"turns":1},{"damage":0,"enemies":"Small Slimes","floor":3,"turns":1},{"damage":0,"enemies":"3 Sentries","floor":6,"turns":1},{"damage":1,"enemies":"Jaw Worm","floor":7,"turns":3},{"damage":36,"enemies":"Lagavulin","floor":8,"turns":7},{"damage":6,"enemies":"2 Fungi Beasts","floor":12,"turns":3},{"damage":20,"enemies":"3 Sentries","floor":14,"turns":4},{"damage":63,"enemies":"Fading Forest","floor":16,"turns":11},{"damage":27,"enemies":"Shell Parasite","floor":18,"turns":10},{"damage":11,"enemies":"2 Thieves","floor":22,"turns":4},{"damage":13,"enemies":"Snecko","floor":24,"turns":7},{"damage":40,"enemies":"3 Cultists","floor":25,"turns":6},{"damage":85,"enemies":"Collector","floor":33,"turns":8},{"damage":17,"enemies":"3 Shapes","floor":35,"turns":3},{"damage":23,"enemies":"R_Hoarder","floor":40,"turns":7},{"damage":20,"enemies":"3 Darklings","floor":41,"turns":5},{"damage":27,"enemies":"Sphere and 2 Shapes","floor":42,"turns":5},{"damage":23,"enemies":"Spire Growth","floor":44,"turns":4}],"seed_played":"-5522425698012375422","potions_obtained":[{"floor":1,"key":"LiquidMemories"},{"floor":8,"key":"Block Potion"},{"floor":12,"key":"LiquidBronze"},{"floor":18,"key":"Strength Potion"},{"floor":35,"key":"LiquidBronze"},{"floor":41,"key":"CultistPotion"}],"is_trial":false,"path_per_floor":["M","?","M","?","?","E","M","E","T","$","R","M","R","E","R","B",null,"M","?","$","AVR","M","R","M","M","T","R","R","?","R","?","R","B",null,"M","?","?","?","?","E","M","M","T","M"],"character_chosen":"IRONCLAD","items_purchased":["Life Link"],"campfire_rested":8,"item_purchase_floors":[10],"current_hp_per_floor":[80,80,80,80,75,75,74,38,38,38,62,56,80,60,80,27,80,53,53,53,53,42,66,53,13,13,37,61,61,80,64,80,40,80,63,63,63,80,83,60,40,13,13,0,0],"gold":768,"neow_bonus":"THREE_ENEMY_KILL","is_daily":false,"chose_seed":false,"campfire_upgraded":0,"win_rate":0.0,"timestamp":1612229153,"path_taken":["M","?","M","?","?","E","M","E","T","$","R","?","R","E","R","BOSS","M","?","?","AVR","M","R","M","M","T","R","R","?","R","?","R","BOSS","M","?","?","?","?","E","M","M","T","M"],"items_purchased_type":["Card"],"build_version":"2020-12-22","purchased_purges":0,"victory":false,"max_hp_per_floor":[80,80,80,80,80,80,80,80,80,80,80,80,80,80,80,80,80,80,80,80,80,80,80,80,80,80,80,80,80,80,80,80,80,80,80,80,80,80,83,83,83,83,83,83,83],"card_choices":[{"not_picked":["True Grit","Shrug It Off"],"picked":"Clash","floor":1},{"not_picked":["Spot Weakness","Dark Embrace"],"picked":"Cleave","floor":3},{"not_picked":["Clash","Establishment"],"picked":"Iron Wave","floor":6},{"not_picked":["hubris:ReadiedAction","Headbutt"],"picked":"SashWhip","floor":7},{"not_picked":["hubris:ReadiedAction","Crescendo"],"picked":"Headbutt","floor":8},{"not_picked":["SashWhip","Dual Wield"],"picked":"ReplayTheSpireMod:Stacked","floor":12},{"not_picked":["Shrug It Off","Pommel Strike"],"picked":"Perfected Strike","floor":14},{"not_picked":["Offering","Eclipse"],"picked":"Wraith Form v2","floor":16},{"not_picked":["Metallicize","Clothesline"],"picked":"Anger","floor":18},{"not_picked":["Iron Wave","Armaments"],"picked":"ReplayTheSpireMod:Strike From Hell","floor":22},{"not_picked":["Run Through","hubris:ReadiedAction"],"picked":"Sword Boomerang+1","floor":24},{"not_picked":["Body Slam","ReplayTheSpireMod:Limb From Limb"],"picked":"Intimidate","floor":25},{"not_picked":["Fiend Fire","Juggernaut"],"picked":"Feed","floor":33},{"not_picked":["Clash+1","Second Wind+1"],"picked":"Flex+1","floor":35},{"not_picked":["Body Slam","hubris:ReadiedAction+1"],"picked":"Flame Barrier+1","floor":36},{"not_picked":["Blind","Finesse"],"picked":"ReplayTheSpireMod:Private Reserves","floor":37},{"not_picked":["Flex","Run Through+1"],"picked":"Inflame","floor":40},{"not_picked":["Headbutt+1","Searing Blow"],"picked":"ReplayTheSpireMod:Muscle Training+1","floor":41},{"not_picked":["ReplayTheSpireMod:Corrosion Curse","ReplayReversal+1"],"picked":"Twin Strike","floor":42}],"player_experience":57558,"relics_obtained":[{"floor":6,"key":"infinitespire:Midas Blood"},{"floor":8,"key":"Replay:Rubber Ducky"},{"floor":9,"key":"Bag of Marbles"},{"floor":14,"key":"Replay:Mystery Machine"},{"floor":17,"key":"infinitespire:Beetle Shell"},{"floor":17,"key":"infinitespire:Bottled Soul"},{"floor":17,"key":"Lizard Tail"},{"floor":31,"key":"Enchiridion"},{"floor":36,"key":"Champion Belt"},{"floor":40,"key":"Self Forming Clay"},{"floor":43,"key":"Omamori"}],"event_choices":[{"damage_healed":0,"gold_gain":0,"player_choice":"Leave","damage_taken":0,"max_hp_gain":0,"max_hp_loss":0,"event_name":"The Cleric","floor":2,"gold_loss":0},{"damage_healed":0,"gold_gain":0,"player_choice":"Trade","damage_taken":0,"relics_obtained":["NlothsMask"],"max_hp_gain":0,"max_hp_loss":0,"event_name":"FaceTrader","floor":19,"gold_loss":0},{"damage_healed":0,"gold_gain":0,"player_choice":"Obtained Book","damage_taken":16,"max_hp_gain":0,"max_hp_loss":0,"event_name":"Cursed Tome","floor":31,"gold_loss":0},{"damage_healed":0,"gold_gain":0,"player_choice":"Memory 1","damage_taken":0,"max_hp_gain":0,"max_hp_loss":0,"event_name":"SensoryStone","floor":37,"gold_loss":0},{"damage_healed":20,"gold_gain":0,"player_choice":"Writhe","damage_taken":0,"max_hp_gain":0,"max_hp_loss":0,"event_name":"Winding Halls","floor":38,"gold_loss":0,"cards_obtained":["Writhe"]}],"is_beta":false,"boss_relics":[{"not_picked":["ChewingGum","Black Star"],"picked":"Calling Bell"},{"not_picked":["infinitespire:Cupcake","beaked:SacredDeck"],"picked":"hubris:Backtick"}],"items_purged_floors":[],"is_endless":false,"potions_floor_spawned":[1,8,12,14,18,22,24,25,35,41],"killed_by":"Spire Growth","ascension_level":0}}