{"host":"mq7pyadb5kndcn8l","time":1612233273,"event":{"mods":["AchievementEnabler","Arknights","Aspiration","BaseMod","Better Altar","Better Match","Better Note","Better Sensory Stone","Better Skull","Better Third Choice","BetterRewards","Block Reminder","CCEM2","Challenge The Spire","ChefMod","Colored Map","Colored Powertips","Conspire","Displayed Cursed Tome","Dota2Spire","Energized Spire","GifTheSpireLib","Highlight Path","Hubris","Infinite Spire","Mad Scientist","Marked Mod","Mimic Mod","Minty Spire (QoL Compilation)","Permanent Neow","QueenMod","Quick Restart","Random Character Button","Rare Cards Sparkle","Relic Filter","Relic Sorter","Reliquary","Replay The Spire","Reworked Bosses","Shade Mod","Shop Mod","Spicy Shops","Spikes Relics","Spire Arcade","StSLib","Stuff the Spire","SuperFastMode","The Blue Laboratory","Thieving Mod","Trackpad","Transform Curses","Wandering Minibosses"],"gold_per_floor":[114,189,114,114,174,174,203,24,75,87,118,132,166,1,1,73,73,93,93,108,108,118,143,143,255,325,353,470,470,570,601,601,676,676,690,615,55,75,91,91,5,25,25,55,0,20,20,49,145,145,145,145,2,32,32],"floor_reached":56,"language":"ENG","playtime":24150,"items_purged":["Shade:CarefulCut","Shade:Strike_Shade","Shade:Strike_Shade","Shade:Strike_Shade","Shade:Defend_Shade","Shade:Defend_Shade"],"score":3417,"play_id":"db5c8de5-0ffb-4dc3-b714-5d1c68736acd","local_time":"20210201213433","is_ascension_mode":true,"campfire_choices":[{"data":"Apotheosis","floor":6,"key":"SMITH"},{"data":"1","floor":15,"key":"LIFT"},{"data":"2","floor":24,"key":"LIFT"},{"data":"3","floor":32,"key":"LIFT"},{"floor":40,"key":"RECALL"},{"data":"Specialist","floor":47,"key":"SMITH"},{"data":"Shade:Brains","floor":52,"key":"SMITH"}],"circlet_count":0,"master_deck":["AscendersBane","Shade:Defend_Shade+1","Shade:AnimateDead","Shade:CommandSoldier+1","Shade:OpenGraves+1","Apotheosis+1","Shade:FreshBones","Shade:FuneraryJewels","Shade:Coordination","Shade:AnimateDead","Shade:Brains+1","hubris:DuctTapeCard","Shade:AblativeArmor","Specialist+1","Shade:Carnophage"],"relics":["Shade:YorickSkull","Dota2Spire:ShadowBlade","hubris:Icosahedron","MerchantsRug","Anchor","StuffTheSpire:Experiment12","hubris:EmptyBottle","CrustySpines","Garlic","StuffTheSpire:CocoNut","Girya","Dota2Spire:ShivaGuard","reliquary:Aerogel","wanderingMiniBosses:ThiefScarf","CCEMRelics:DarkMatter","hubris:BottledRain","hubris:GlazedTorus","Mummified Hand","FossilizedHelix","StuffTheSpire:DarkSteelAnvil","hubris:DuctTape","Busted Crown","trackpad:BottledShadow","Singing Bowl","Oddly Smooth Stone","Dota2Spire:ArcaneBoots","Membership Card","reliquary:Knoch","Anchor"],"acts_visited":["Exordium","TheCity","TheBeyond","TheEnding"],"potions_floor_usage":[],"damage_taken":[{"damage":0,"enemies":"Jaw Worm","floor":1,"turns":3},{"damage":0,"enemies":"Gremlin Nob","floor":7,"turns":3},{"damage":0,"enemies":"2 Louse","floor":10,"turns":2},{"damage":0,"enemies":"Lagavulin","floor":11,"turns":6},{"damage":0,"enemies":"conspire:RoseBush","floor":12,"turns":2},{"damage":0,"enemies":"Gremlin Nob","floor":13,"turns":4},{"damage":0,"enemies":"Fading Forest","floor":16,"turns":11},{"damage":0,"enemies":"2 Thieves","floor":18,"turns":3},{"damage":0,"enemies":"Shell Parasite","floor":20,"turns":7},{"damage":0,"enemies":"Slavers","floor":23,"turns":3},{"damage":0,"enemies":"Snake Plant","floor":25,"turns":3},{"damage":6,"enemies":"Gremlin Leader","floor":27,"turns":5},{"damage":0,"enemies":"conspire:HollyBat","floor":28,"turns":5},{"damage":0,"enemies":"Colosseum Slavers","floor":30,"turns":3},{"damage":0,"enemies":"Colosseum Nobs","floor":30,"turns":3},{"damage":0,"enemies":"Slavers","floor":31,"turns":3},{"damage":0,"enemies":"conspire:MysteriousRune","floor":33,"turns":5},{"damage":0,"enemies":"Orb Walker","floor":35,"turns":2},{"damage":0,"enemies":"3 Shapes","floor":38,"turns":1},{"damage":0,"enemies":"Spire Growth","floor":39,"turns":3},{"damage":0,"enemies":"3 Darklings","floor":42,"turns":2},{"damage":0,"enemies":"Nemesis","floor":44,"turns":3},{"damage":0,"enemies":"Sphere and 2 Shapes","floor":46,"turns":1},{"damage":0,"enemies":"Giant Head","floor":48,"turns":5},{"damage":0,"enemies":"bossMod:newAwakened","floor":50,"turns":5},{"damage":0,"enemies":"Shield and Spear","floor":54,"turns":2},{"damage":0,"enemies":"The Heart","floor":55,"turns":5}],"seed_played":"-2795375185316235180","potions_obtained":[{"floor":1,"key":"blueLaboratory:FruitPreserves"},{"floor":5,"key":"SteroidPotion"}],"is_trial":false,"path_per_floor":["M","?","?","?","?","R","E","$","T","M","E","M","E","$","R","B",null,"M","?","M","?","$","E","R","M","T","E","M","T","?","E","R","B",null,"M","?","$","M","M","R","$","M","T","E","$","M","R","E","R_BF","B",null,"R","$","E","B",null],"character_chosen":"SHADE","items_purchased":["StuffTheSpire:BottledEssence","MerchantsRug","Anchor","Shade:CommandSoldier","StuffTheSpire:Experiment12","hubris:EmptyBottle","Lee\u0027s Waffle","Shade:OpenGraves","Guide Book","Dota2Spire:ShadowBlade","CrustySpines","Apotheosis","Garlic","StuffTheSpire:CocoNut","Dota2Spire:ShivaGuard","DollysMirror","trackpad:BottledShadow","Singing Bowl","Oddly Smooth Stone","Specialist","Membership Card","Shade:Carnophage"],"campfire_rested":0,"item_purchase_floors":[0,0,0,0,0,0,0,0,0,0,0,0,0,0,8,14,37,37,41,45,45,53],"current_hp_per_floor":[69,58,58,63,63,63,63,63,63,63,63,63,63,63,63,63,71,71,71,71,71,71,71,71,71,71,65,65,65,65,67,67,67,72,72,72,72,74,76,76,76,76,76,78,78,80,80,82,82,82,84,84,84,86,86],"gold":32,"neow_bonus":"","is_daily":false,"chose_seed":false,"campfire_upgraded":3,"win_rate":0.0,"timestamp":1612233273,"path_taken":["M","?","?","?","?","R","E","?","T","M","E","M","E","$","R","BOSS","M","?","M","?","?","E","R","M","T","E","M","?","?","E","R","BOSS","M","?","$","M","M","R","$","M","T","E","?","M","R","E","R_BF","BOSS","R","$","E","BOSS"],"items_purchased_type":["Relic","Relic","Relic","Card","Relic","Relic","Relic","Card","Relic","Relic","Relic","Card","Relic","Relic","Relic","Relic","Relic","Relic","Relic","Card","Relic","Card"],"build_version":"2020-12-22","purchased_purges":6,"victory":true,"max_hp_per_floor":[69,69,69,74,74,74,74,74,74,74,74,74,74,74,74,74,74,74,74,74,74,74,74,74,74,74,74,74,74,74,74,74,74,74,74,74,74,76,78,78,78,78,78,80,80,82,82,84,84,84,84,84,84,86,86],"card_choices":[{"not_picked":["Shade:WallOfFlesh","Shade:FeralStrike"],"picked":"Shade:FreshBones","floor":1},{"not_picked":["Shade:TouchOfTheGrave","Shade:SpectralStrikes"],"picked":"Shade:WallOfFlesh","floor":7},{"not_picked":["Shade:Haruspicy","Shade:FleshToFlesh"],"picked":"Shade:GraveStillness","floor":10},{"not_picked":["Shade:Bonestorm","Shade:SanguineRitual"],"picked":"Shade:FuneraryJewels","floor":11},{"not_picked":["Shade:FleshToFlesh","Shade:SkeletonHug","Shade:ClawBack"],"picked":"SKIP","floor":12},{"not_picked":["Shade:TouchOfTheGrave","Shade:Brains"],"picked":"Shade:Coordination","floor":13},{"not_picked":["Shade:Awaken","Shade:Doomsay","Shade:FingerOfDeath"],"picked":"SKIP","floor":18},{"not_picked":["Shade:FreshBones","Shade:Frenzy"],"picked":"Shade:GraveStillness","floor":20},{"not_picked":["Shade:FleshToFlesh+1","Shade:Patience"],"picked":"Shade:Brains","floor":23},{"not_picked":["Shade:SkeletonHug","Shade:FeralStrike+1","Shade:ClawBack"],"picked":"SKIP","floor":25},{"not_picked":["Shade:RavenousHorde","Shade:BoneShards","Shade:SpontaneousRitual"],"picked":"SKIP","floor":27},{"not_picked":["Shade:RavenousHorde","Shade:BoneShards","Shade:SpontaneousRitual"],"picked":"SKIP","floor":27},{"not_picked":["Shade:ClawBack","Shade:DangerousRitual+1","Shade:PressTheAttack"],"picked":"SKIP","floor":28},{"not_picked":["Shade:Trample","Shade:ClawBack","Shade:Consume"],"picked":"SKIP","floor":31},{"not_picked":["Shade:GoDigging"],"picked":"SKIP","floor":35},{"not_picked":["Shade:Brains"],"picked":"Singing Bowl","floor":38},{"not_picked":["Shade:StitchTogether"],"picked":"Singing Bowl","floor":39},{"not_picked":[],"picked":"Shade:AblativeArmor","floor":42},{"not_picked":["Shade:SkeletonArmy"],"picked":"Singing Bowl","floor":44},{"not_picked":["Shade:ClawBack"],"picked":"Singing Bowl","floor":46},{"not_picked":["Shade:ExtraLimbs"],"picked":"Singing Bowl","floor":48},{"not_picked":["Shade:SoulToxin"],"picked":"Singing Bowl","floor":54}],"player_experience":677593,"relics_obtained":[{"floor":4,"key":"CCEMRelics:IronFruit"},{"floor":7,"key":"Girya"},{"floor":11,"key":"reliquary:Aerogel"},{"floor":13,"key":"Tiny Chest"},{"floor":20,"key":"wanderingMiniBosses:ThiefScarf"},{"floor":20,"key":"CCEMRelics:DarkMatter"},{"floor":23,"key":"Replay:Mystery Machine"},{"floor":26,"key":"hubris:BottledRain"},{"floor":27,"key":"hubris:GlazedTorus"},{"floor":29,"key":"reliquary:FeatherDuster"},{"floor":30,"key":"StuffTheSpire:DarkSteelAnvil"},{"floor":30,"key":"hubris:DuctTape"},{"floor":31,"key":"ReplayTheSpireMod:TigerMarble"},{"floor":43,"key":"Dota2Spire:ArcaneBoots"},{"floor":44,"key":"aspiration:Lifesprig"},{"floor":48,"key":"reliquary:Knoch"},{"floor":54,"key":"reliquary:SculptingSteel"}],"event_choices":[{"damage_healed":0,"gold_gain":75,"player_choice":"Gold","damage_taken":11,"max_hp_gain":0,"max_hp_loss":0,"event_name":"betterThird:BetterGoop","floor":2,"gold_loss":0},{"cards_removed":["Shade:Strike_Shade"],"damage_healed":0,"gold_gain":0,"player_choice":"Card Removal","damage_taken":0,"max_hp_gain":0,"max_hp_loss":0,"event_name":"The Cleric","floor":3,"gold_loss":75},{"damage_healed":0,"gold_gain":0,"player_choice":"Ignored","damage_taken":0,"max_hp_gain":0,"max_hp_loss":0,"event_name":"Ghosts","floor":19,"gold_loss":0},{"damage_healed":0,"gold_gain":0,"player_choice":"Fight","damage_taken":0,"max_hp_gain":0,"max_hp_loss":0,"event_name":"Colosseum","floor":30,"gold_loss":0},{"damage_healed":0,"gold_gain":0,"player_choice":"Fought Nobs","damage_taken":0,"max_hp_gain":0,"max_hp_loss":0,"event_name":"Colosseum","floor":30,"gold_loss":0},{"cards_removed":["Shade:Defend_Shade"],"damage_healed":0,"gold_gain":0,"player_choice":"Single Remove","damage_taken":0,"max_hp_gain":0,"max_hp_loss":0,"event_name":"Designer","floor":36,"gold_loss":75}],"is_beta":false,"boss_relics":[{"not_picked":["aspiration:RitualDagger","hubris:Backtick"],"picked":"CCEMRelics:DarkMatter"},{"not_picked":["StuffTheSpire:Kangaroo","CCEMRelics:ExpiredCReal"],"picked":"Busted Crown"}],"items_purged_floors":[0,0,0,8,37,53],"is_endless":false,"potions_floor_spawned":[1,10,13,18,20,27,31,35,42,44,54],"ascension_level":17}}