{"host":"n8m0so6y44v0klfv","time":1612281440,"event":{"mods":["BaseMod","Colored Map","Downfall","Minty Spire (QoL Compilation)","StSLib"],"gold_per_floor":[99,114,131,131,35,69,95,95,154,54,88,108,8,22,41,137,137,137,151,171,202,112,112,112,112,112,112],"floor_reached":25,"language":"ENG","playtime":1396,"items_purged":["bronze:Defend"],"score":230,"play_id":"d013ad0d-9d4e-4432-9b9c-0e612602fad3","local_time":"20210202105720","is_ascension_mode":true,"campfire_choices":[{"floor":1,"key":"RECALL"},{"data":"bronze:FineTuning","floor":8,"key":"SMITH"},{"floor":10,"key":"REST"},{"floor":13,"key":"REST"},{"data":"bronze:FindAndReplace","floor":18,"key":"SMITH"}],"circlet_count":0,"master_deck":["bronze:Strike","bronze:Strike","bronze:Defend","bronze:Defend","bronze:Defend","bronze:Replicate","bronze:Goto","bronze:Invalidate","bronze:FineTuning+1","bronze:Return","bronze:Branch","bronze:Assembly","bronze:Separator","bronze:Iterate","bronze:AlphaBuild","bronze:GetLatest","bronze:Philosophize","bronze:Philosophize","bronze:FindAndReplace+1","bronze:ChildClass","bronze:ForceShield"],"relics":["bronze:BronzeCore","Ornamental Fan","bronze:SilverBullet","Mercury Hourglass","downfall:HeartBlessingRed","Unceasing Top","downfall:HeartBlessingGreen","Black Star","Red Mask"],"acts_visited":["Exordium","TheCity"],"potions_floor_usage":[16,16,20,22],"damage_taken":[{"damage":0,"enemies":"Small Slimes","floor":2,"turns":3},{"damage":8,"enemies":"Jaw Worm","floor":3,"turns":4},{"damage":5,"enemies":"downfall:FleeingMerchant","floor":5,"turns":4},{"damage":16,"enemies":"Lagavulin","floor":6,"turns":5},{"damage":13,"enemies":"3 Sentries","floor":9,"turns":5},{"damage":12,"enemies":"Gremlin Nob","floor":11,"turns":3},{"damage":0,"enemies":"2 Louse","floor":12,"turns":1},{"damage":0,"enemies":"Large Slime","floor":14,"turns":3},{"damage":0,"enemies":"Lots of Slimes","floor":15,"turns":1},{"damage":32,"enemies":"DF_ARCHETYPE_STREAMLINE","floor":16,"turns":6},{"damage":0,"enemies":"3 Byrds","floor":19,"turns":2},{"damage":19,"enemies":"Cultist and Chosen","floor":20,"turns":5},{"damage":29,"enemies":"Masked Bandits","floor":21,"turns":4},{"damage":17,"enemies":"downfall:FleeingMerchant","floor":22,"turns":4},{"damage":13,"enemies":"Slavers","floor":25,"turns":2}],"seed_played":"-6669733053077296278","potions_obtained":[{"floor":6,"key":"Energy Potion"},{"floor":14,"key":"bronze:CleanCodePotion"},{"floor":15,"key":"bronze:CleanCodePotion"},{"floor":16,"key":"Swift Potion"},{"floor":20,"key":"SpeedPotion"},{"floor":21,"key":"PowerPotion"}],"is_trial":false,"path_per_floor":["R","M","M","?","$","E","T","R","?","R","E","M","R","M","M","B",null,"R","M","M","?","$","?","T","E"],"character_chosen":"THE_AUTOMATON","items_purchased":["bronze:Assembly"],"campfire_rested":2,"item_purchase_floors":[5],"current_hp_per_floor":[70,70,62,62,57,41,41,41,28,49,37,37,58,58,58,26,70,70,70,51,22,5,5,5,0,0,0],"gold":112,"neow_bonus":"TRANSFORM_CARD","is_daily":false,"chose_seed":false,"campfire_upgraded":2,"win_rate":0.0,"timestamp":1612281440,"path_taken":["R","M","M","?","$","E","T","R","?","R","E","M","R","?","M","BOSS","R","M","M","?","$","?","T","E"],"items_purchased_type":["Card"],"build_version":"2020-12-22","purchased_purges":1,"victory":false,"max_hp_per_floor":[70,70,70,70,70,70,70,70,70,70,70,70,70,70,70,70,70,70,70,70,70,70,70,70,70,70,70],"card_choices":[{"not_picked":["bronze:Invalidate","bronze:Overload"],"picked":"bronze:FineTuning","floor":2},{"not_picked":["bronze:Shield","bronze:Invalidate"],"picked":"bronze:Return","floor":3},{"not_picked":["bronze:Shield","bronze:Allocate"],"picked":"bronze:Branch","floor":5},{"not_picked":["bronze:Overload","bronze:Allocate"],"picked":"bronze:Separator","floor":6},{"not_picked":["bronze:Separator","bronze:WildBeam"],"picked":"bronze:Iterate","floor":9},{"not_picked":["bronze:ShipIt","bronze:Shield"],"picked":"bronze:AlphaBuild","floor":11},{"not_picked":["bronze:WildBeam","bronze:Fortify"],"picked":"bronze:GetLatest","floor":12},{"not_picked":["bronze:ForLoop","bronze:Refactor"],"picked":"bronze:Philosophize","floor":14},{"not_picked":["bronze:Constructor","bronze:DelayedGuard"],"picked":"bronze:Philosophize","floor":15},{"not_picked":["bronze:Assembly","bronze:HyperBeam"],"picked":"bronze:FindAndReplace","floor":16},{"not_picked":["bronze:CutThrough+1","bronze:Separator"],"picked":"bronze:ChildClass","floor":19},{"not_picked":["bronze:BitShift","bronze:ClassDefault"],"picked":"bronze:ForceShield","floor":20},{"not_picked":["bronze:Philosophize","bronze:Invalidate","bronze:Overload+1"],"picked":"SKIP","floor":22}],"player_experience":524102,"relics_obtained":[{"floor":6,"key":"Ornamental Fan"},{"floor":7,"key":"bronze:SilverBullet"},{"floor":9,"key":"Mercury Hourglass"},{"floor":11,"key":"Unceasing Top"},{"floor":21,"key":"Red Mask"}],"event_choices":[{"cards_removed":["bronze:Strike"],"damage_healed":0,"gold_gain":0,"player_choice":"Card Removal","damage_taken":0,"max_hp_gain":0,"max_hp_loss":0,"event_name":"The Cleric","floor":4,"gold_loss":0},{"damage_healed":0,"gold_gain":0,"player_choice":"Fought Bandits","damage_taken":0,"max_hp_gain":0,"max_hp_loss":0,"event_name":"Masked Bandits","floor":21,"gold_loss":0},{"damage_healed":0,"gold_gain":0,"player_choice":"Ignored","damage_taken":0,"max_hp_gain":0,"max_hp_loss":0,"event_name":"Vampires","floor":23,"gold_loss":0}],"is_beta":false,"boss_relics":[{"not_picked":["Philosopher\u0027s Stone","Astrolabe"],"picked":"Black Star"}],"items_purged_floors":[22],"is_endless":false,"potions_floor_spawned":[6,14,15,16,20,21],"killed_by":"Slavers","ascension_level":2}}