{"host":"3yynf0dn84873kbr","time":1612246189,"event":{"mods":["Act Like it!","Arknights","BaseMod","CapriCore","Gensokyo","Marisa（F雨　魔理沙）","Minty Spire (QoL Compilation)","StSLib","WarShipGirlsR/战舰少女R mod","[IsaacMod]以撒尖塔"],"gold_per_floor":[109,83,83,101,101,135,135,135,135,135,64,14,29,48,48,151,151,168,168,183,203,43,77,77,77,158,158,184,184,434,460,460,560,560,579,579,579,256,256,256,36,67,67,67,67,142,142,170,170,170,170],"floor_reached":50,"language":"ZHS","playtime":1623,"items_purged":[],"score":1171,"play_id":"8f5abc00-1b7b-4119-8c29-826c8931fa17","local_time":"20210202140949","is_ascension_mode":false,"campfire_choices":[{"data":"MysteriousBeam","floor":7.0,"key":"SMITH"},{"data":"DC","floor":10.0,"key":"SMITH"},{"data":"CasketOfStar","floor":24.0,"key":"SMITH"},{"data":"FinalSpark","floor":27.0,"key":"SMITH"},{"data":"OortCloud","floor":29.0,"key":"SMITH"},{"data":"StarDustReverie","floor":32.0,"key":"SMITH"},{"data":"Secret Technique","floor":40.0,"key":"SMITH"},{"floor":45.0,"key":"RECALL"},{"data":"StarDustReverie","floor":49.0,"key":"SMITH"}],"circlet_count":0,"master_deck":["Strike_MRS+1","Strike_MRS+1","Strike_MRS+1","Strike_MRS+1","Defend_MRS","Defend_MRS","Defend_MRS","MasterSpark+1","UpSweep","EnergyFlow","DC+1","MysteriousBeam+1","StarBarrage","Gensokyo:BlessingOfConstitution+1","OortCloud+1","DoubleSpark","CasketOfStar+1","OrrerysSun","DoubleSpark","GalacticHalo","FinalSpark+1","StarDustReverie+1","StarDustReverie+1","DoubleSpark","Secret Technique+1","Gensokyo:BlemishedSteel","MachineGunSpark"],"relics":["MiniHakkero","HushsDoor","NeowsBlessing","TheBean","Gensokyo:MarisaImprobabilityPotion","SatanicBible","Orichalcum","MagicMushroom","GuppysTail","GuppysCollar","GuppysPaw","Thread and Needle","BookofShadows","Juzu Bracelet","Blue Candle","ExperimentalFamiliar","Toolbox","SteamSale","TuHaoJin","TheBible","AmplifyWand","Lizard Tail"],"acts_visited":["Exordium","Gensokyo:Gensokyo","Gensokyo:Gensokyoer"],"potions_floor_usage":[],"damage_taken":[{"damage":0.0,"enemies":"Gensokyo:Python","floor":1.0,"turns":1.0},{"damage":0.0,"enemies":"Gensokyo:2_Kodama","floor":4.0,"turns":1.0},{"damage":0.0,"enemies":"Gensokyo:Mamizou","floor":6.0,"turns":1.0},{"damage":1.0,"enemies":"Gensokyo:Gryphon","floor":13.0,"turns":2.0},{"damage":0.0,"enemies":"Gensokyo:VengefulSpirit","floor":14.0,"turns":2.0},{"damage":0.0,"enemies":"Gensokyo:Yukari","floor":16.0,"turns":6.0},{"damage":0.0,"enemies":"Gensokyo:CosmicMonolith","floor":18.0,"turns":1.0},{"damage":0.0,"enemies":"Gensokyo:2_Gloops","floor":20.0,"turns":2.0},{"damage":0.0,"enemies":"Gensokyo:Slime_Group","floor":21.0,"turns":2.0},{"damage":0.0,"enemies":"Gensokyo:Tenshi","floor":23.0,"turns":2.0},{"damage":0.0,"enemies":"Gensokyo:Reisen","floor":28.0,"turns":1.0},{"damage":0.0,"enemies":"Gensokyo:Tenshi","floor":31.0,"turns":1.0},{"damage":15.0,"enemies":"Gensokyo:Kaguya","floor":33.0,"turns":5.0},{"damage":0.0,"enemies":"Gensokyo:3_Boulders","floor":35.0,"turns":1.0},{"damage":0.0,"enemies":"Gensokyo:Kasen","floor":42.0,"turns":3.0},{"damage":0.0,"enemies":"Gensokyo:Marisa","floor":48.0,"turns":1.0},{"damage":4,"enemies":"Gensokyo:Scarlet_Devils","floor":50,"turns":5}],"seed_played":"6141900111299345123","potions_obtained":[{"floor":1.0,"key":"AttackPotion"},{"floor":4.0,"key":"LiquidMemories"},{"floor":14.0,"key":"SpeedPotion"},{"floor":18.0,"key":"SpeedPotion"},{"floor":48.0,"key":"ShroomBrew"}],"is_trial":false,"path_per_floor":["M","$","?","M","?","E","R","?","T","R","$","?","M","M","R","B",null,"M","?","M","M","$","E","R","$","T","R","E","R","?","E","R","B",null,"M","?","?","$","?","R","COS","E","T","?","R","T","?","E","R","B"],"character_chosen":"MARISA","items_purchased":["DoubleSpark","StarBarrage","GuppysTail","GuppysCollar","GuppysPaw","FinalSpark","Toolbox","Secret Technique"],"campfire_rested":0,"item_purchase_floors":[2,11,17,17,17,22,38,38],"current_hp_per_floor":[75,75,75,75,53,53,53,53,53,53,53,53,52,52,52,52,49,49,49,49,49,49,49,49,49,49,49,49,49,47,47,47,32,47,47,47,47,47,47,47,47,47,47,47,47,47,47,47,47,43,43],"gold":170,"neow_bonus":"THREE_ENEMY_KILL","is_daily":false,"chose_seed":false,"campfire_upgraded":8,"win_rate":0.0,"timestamp":1612246189,"path_taken":["M","$","?","?","?","E","R","?","T","R","$","?","M","M","R","BOSS","M","?","M","M","?","E","R","$","T","R","E","R","?","E","R","BOSS","M","?","?","$","?","R","COS","E","T","?","R","?","?","E","R","BOSS"],"items_purchased_type":["Card","Card","Relic","Relic","Relic","Card","Relic","Card"],"build_version":"2020-12-22","purchased_purges":0,"victory":false,"max_hp_per_floor":[75,75,75,75,75,75,75,75,75,75,75,75,75,75,75,75,49,49,49,49,49,49,49,49,49,49,49,49,49,47,47,47,47,47,47,47,47,47,47,47,47,47,47,47,47,47,47,47,47,47,47],"card_choices":[{"not_picked":["6A","GravityBeat"],"picked":"EnergyFlow","floor":1.0},{"not_picked":["IllusionStar","EnergyRecoil"],"picked":"DC","floor":4.0},{"not_picked":["6A","AsteroidBelt"],"picked":"MysteriousBeam","floor":6.0},{"not_picked":["WitchOfGreed","EnergyRecoil"],"picked":"OortCloud","floor":13.0},{"not_picked":["ChargingUp","WitchOfGreed"],"picked":"DoubleSpark","floor":14.0},{"not_picked":["AbsoluteMagnitude","MaximisePower"],"picked":"CasketOfStar","floor":16.0},{"not_picked":["MysteriousBeam","AsteroidBelt"],"picked":"OrrerysSun","floor":18.0},{"not_picked":["DC","NonDirectionalLaser"],"picked":"DoubleSpark","floor":20.0},{"not_picked":["6A","UnstableBomb"],"picked":"GalacticHalo","floor":21.0},{"not_picked":["MagicChant","FairyDestructionRay"],"picked":"StarDustReverie","floor":23.0},{"not_picked":["DC","6A","BlazeAway"],"picked":"SKIP","floor":28.0},{"not_picked":["MeteoricShower","ShootingEcho","UnstableBomb+1"],"picked":"SKIP","floor":31.0},{"not_picked":["BlazingStar","BigCrunch"],"picked":"StarDustReverie","floor":33.0},{"not_picked":["Orbital+1","DeepEcoloBomb+1"],"picked":"DoubleSpark","floor":35.0},{"not_picked":["EnergyRecoil","StarDustReverie"],"picked":"MachineGunSpark","floor":42.0},{"not_picked":["Acceleration","DeepEcoloBomb","6A+1"],"picked":"SKIP","floor":48.0}],"player_experience":143244,"relics_obtained":[{"floor":6.0,"key":"SatanicBible"},{"floor":9.0,"key":"Orichalcum"},{"floor":23.0,"key":"Thread and Needle"},{"floor":26.0,"key":"BookofShadows"},{"floor":28.0,"key":"Juzu Bracelet"},{"floor":31.0,"key":"Blue Candle"},{"floor":42.0,"key":"TuHaoJin"},{"floor":43.0,"key":"TheBible"},{"floor":46.0,"key":"AmplifyWand"},{"floor":48.0,"key":"Lizard Tail"}],"event_choices":[],"is_beta":false,"boss_relics":[{"not_picked":["Philosopher\u0027s Stone","Coffee Dripper"],"picked":"MagicMushroom"},{"not_picked":[]},{"not_picked":["Calling Bell","Empty Cage"],"picked":"ExperimentalFamiliar"},{"not_picked":[]}],"items_purged_floors":[],"is_endless":false,"potions_floor_spawned":[1,4,14,18,21,48],"killed_by":"Gensokyo:Scarlet_Devils","ascension_level":0}}