{"host":"xbcigfihm5bg9lhe","time":1612274155,"event":{"mods":["AchievementEnabler","BaseMod","DeckTracker","Minty Spire (QoL Compilation)","Permanent Neow","Quick Restart"],"gold_per_floor":[113,123,133,208,221,221,254,254,254,254,286,304,322,339,339,444,444,461,461,461,77,77,77,77,77],"floor_reached":24,"language":"ENG","playtime":1202,"items_purged":["Juggernaut"],"score":237,"play_id":"4ff41f26-8c5e-4a6c-b736-95d1dec13efe","local_time":"20210202155555","is_ascension_mode":true,"campfire_choices":[{"data":"Armaments","floor":6.0,"key":"SMITH"},{"data":"Thunderclap","floor":8.0,"key":"SMITH"},{"data":"Bash","floor":10.0,"key":"SMITH"},{"data":"Flame Barrier","floor":15.0,"key":"SMITH"},{"data":"Demon Form","floor":23.0,"key":"SMITH"}],"circlet_count":0,"master_deck":["Strike_R","Strike_R","Strike_R","Strike_R","Defend_R","Defend_R","Defend_R","Defend_R","Bash+1","Armaments+1","Thunderclap+1","Flame Barrier+1","Shrug It Off+1","Flex+1","Anger","Double Tap+1","Demon Form+1","Bloodletting+1","Apotheosis+1"],"relics":["Black Blood","WingedGreaves","Pear","Toxic Egg 2","Question Card","Bronze Scales","Nilry\u0027s Codex"],"acts_visited":["Exordium","TheCity"],"potions_floor_usage":[24],"damage_taken":[{"damage":8.0,"enemies":"Jaw Worm","floor":1.0,"turns":5.0},{"damage":5.0,"enemies":"Cultist","floor":2.0,"turns":5.0},{"damage":2.0,"enemies":"2 Louse","floor":3.0,"turns":3.0},{"damage":11.0,"enemies":"2 Fungi Beasts","floor":5.0,"turns":5.0},{"damage":27.0,"enemies":"3 Sentries","floor":7.0,"turns":8.0},{"damage":23.0,"enemies":"Gremlin Nob","floor":11.0,"turns":4.0},{"damage":3.0,"enemies":"Red Slaver","floor":12.0,"turns":4.0},{"damage":14.0,"enemies":"Lots of Slimes","floor":13.0,"turns":3.0},{"damage":6.0,"enemies":"Looter","floor":14.0,"turns":3.0},{"damage":30.0,"enemies":"Hexaghost","floor":16.0,"turns":12.0},{"damage":5.0,"enemies":"Chosen","floor":18.0,"turns":7.0},{"damage":66,"enemies":"Gremlin Leader","floor":24,"turns":5}],"seed_played":"3454310091719083328","potions_obtained":[{"floor":5.0,"key":"Regen Potion"},{"floor":7.0,"key":"Dexterity Potion"},{"floor":11.0,"key":"Ancient Potion"},{"floor":12.0,"key":"SpeedPotion"},{"floor":16.0,"key":"SkillPotion"}],"is_trial":false,"path_per_floor":["M","M","M","?","M","R","E","R","T","R","E","M","M","M","R","B",null,"M","?","$","$","?","R","E"],"character_chosen":"IRONCLAD","items_purchased":["Bronze Scales","Apotheosis+1"],"campfire_rested":0,"item_purchase_floors":[21,21],"current_hp_per_floor":[70,71,72,65,60,60,64,64,64,64,47,50,42,42,42,18,82,82,82,82,82,66,66,0,0],"gold":77,"neow_bonus":"ONE_RARE_RELIC","is_daily":false,"chose_seed":false,"campfire_upgraded":5,"win_rate":0.0,"timestamp":1612274155,"path_taken":["M","M","M","?","?","R","E","R","T","R","E","M","M","?","R","BOSS","M","?","?","$","?","R","E"],"items_purchased_type":["Relic","Card"],"build_version":"2020-12-22","purchased_purges":1,"victory":false,"max_hp_per_floor":[72,72,72,72,72,72,82,82,82,82,82,82,82,82,82,82,82,82,82,82,82,82,82,82,82],"card_choices":[{"not_picked":["Clothesline","Flex"],"picked":"Armaments","floor":1.0},{"not_picked":["Pummel","True Grit","Armaments"],"picked":"SKIP","floor":2.0},{"not_picked":["Reckless Charge","Wild Strike"],"picked":"Thunderclap","floor":3.0},{"not_picked":["Anger","Reckless Charge"],"picked":"Flame Barrier","floor":5.0},{"not_picked":["Evolve","Dark Embrace","Burning Pact"],"picked":"SKIP","floor":7.0},{"not_picked":["Flex+1","Heavy Blade"],"picked":"Shrug It Off+1","floor":11.0},{"not_picked":["Thunderclap","Armaments+1","Sever Soul"],"picked":"Flex+1","floor":12.0},{"not_picked":["Rampage","Reckless Charge","Clash"],"picked":"Anger","floor":13.0},{"not_picked":["Heavy Blade","Cleave","Pummel"],"picked":"Double Tap+1","floor":14.0},{"not_picked":["Offering+1","Berserk","Corruption"],"picked":"Demon Form","floor":16.0},{"not_picked":["Clothesline","Thunderclap","Searing Blow"],"picked":"Bloodletting+1","floor":18.0}],"player_experience":146170,"relics_obtained":[{"floor":7.0,"key":"Pear"},{"floor":9.0,"key":"Toxic Egg 2"},{"floor":11.0,"key":"Question Card"},{"floor":22.0,"key":"Nilry\u0027s Codex"}],"event_choices":[{"damage_healed":0.0,"max_hp_gain":0.0,"max_hp_loss":0.0,"gold_gain":75.0,"event_name":"FaceTrader","player_choice":"Touch","floor":4.0,"gold_loss":0.0,"damage_taken":7.0},{"damage_healed":0.0,"max_hp_gain":0.0,"max_hp_loss":0.0,"gold_gain":0.0,"cards_transformed":["Strike_R"],"event_name":"Transmorgrifier","player_choice":"Transformed","floor":19.0,"gold_loss":0.0,"damage_taken":0.0,"cards_obtained":["Juggernaut"]},{"damage_healed":0.0,"max_hp_gain":0.0,"max_hp_loss":0.0,"gold_gain":0.0,"event_name":"Cursed Tome","player_choice":"Obtained Book","floor":22.0,"gold_loss":0.0,"damage_taken":16.0}],"is_beta":false,"boss_relics":[{"not_picked":["Astrolabe","Velvet Choker"],"picked":"Black Blood"}],"items_purged_floors":[21],"is_endless":false,"potions_floor_spawned":[5,7,11,12,16],"killed_by":"Gremlin Leader","ascension_level":3}}