{"host":"sc0o2qwpf9j16a4i","time":1612264954,"event":{"mods":["AchievementEnabler","BaseMod","BetterRewards","Block Reminder","Colored Map","Colored Powertips","Custom Start","Highlight Path","Minty Spire (QoL Compilation)","Relic Stats"],"gold_per_floor":[147,189,234,0,175,253,307,361,388,6,36,36,138,177,177,462,462,495,495,495,528,558,654,690,690,736,796,901,901,951,1062,1074,1401,1413,1467,1479,1533,1545,345,447,495,654,706,706,706,745,847,889,889,889],"floor_reached":51,"language":"ENG","playtime":2085,"items_purged":["Doubt"],"score":1134,"play_id":"4d736264-0189-46cc-b83b-290089833364","local_time":"20210202132234","daily_mods":["Heirloom","Red Cards","Midas"],"is_ascension_mode":false,"campfire_choices":[{"floor":12,"key":"REST"},{"floor":15,"key":"REST"},{"floor":25,"key":"REST"},{"floor":29,"key":"REST"},{"floor":32,"key":"REST"},{"floor":49,"key":"REST"}],"circlet_count":0,"master_deck":["Strike_P","Strike_P","Strike_P","Strike_P","Defend_P","Defend_P","Defend_P","Defend_P","Eruption","Vigilance","Protect","Thunderclap+1","CrushJoints","Corruption","Twin Strike","WaveOfTheHand","BattleHymn","Pommel Strike","Consecrate+1","FlyingSleeves","Burning Pact","Feed","CurseOfTheBell","ClearTheMind+1","Feel No Pain","Meditate","Disarm","Crescendo+1","Shrug It Off+1","InnerPeace","Shrug It Off+1","Wallop+1","Spot Weakness","Shockwave","Sentinel","SpiritShield","Shrug It Off+1","Clothesline+1","Feel No Pain","Whirlwind+1","Worship","Shrug It Off+1","Armaments+1","Dark Embrace","Entrench+1","Prostrate+1","Evolve+1","Shockwave","Flame Barrier+1","Barricade"],"relics":["HolyWater","Calipers","Lee\u0027s Waffle","Oddly Smooth Stone","Tiny Chest","Bag of Marbles","Sling","Lantern","Calling Bell","Regal Pillow","Mummified Hand","Prayer Wheel","MutagenicStrength","Bag of Preparation","Smiling Mask","PreservedInsect","MawBank","The Courier","Anchor","Whetstone","Damaru","TeardropLocket","Gremlin Horn","Turnip","Strawberry","Dream Catcher","Dead Branch","Omamori","Yang"],"acts_visited":["Exordium","TheCity","TheBeyond"],"potions_floor_usage":[7,13,16,24,28,28,33],"damage_taken":[{"damage":0,"enemies":"Cultist","floor":1,"turns":6},{"damage":5,"enemies":"Small Slimes","floor":2,"turns":4},{"damage":1,"enemies":"Jaw Worm","floor":3,"turns":4},{"damage":58,"enemies":"Gremlin Nob","floor":6,"turns":7},{"damage":8,"enemies":"Lots of Slimes","floor":7,"turns":6},{"damage":0,"enemies":"Red Slaver","floor":8,"turns":3},{"damage":1,"enemies":"Exordium Thugs","floor":11,"turns":4},{"damage":0,"enemies":"3 Sentries","floor":13,"turns":2},{"damage":12,"enemies":"Blue Slaver","floor":14,"turns":2},{"damage":10,"enemies":"Slime Boss","floor":16,"turns":9},{"damage":9,"enemies":"Chosen","floor":18,"turns":6},{"damage":11,"enemies":"Spheric Guardian","floor":21,"turns":5},{"damage":14,"enemies":"Snecko","floor":22,"turns":9},{"damage":0,"enemies":"Gremlin Leader","floor":23,"turns":5},{"damage":6,"enemies":"Cultist and Chosen","floor":24,"turns":9},{"damage":0,"enemies":"Chosen and Byrds","floor":27,"turns":10},{"damage":7,"enemies":"Book of Stabbing","floor":28,"turns":4},{"damage":47,"enemies":"Collector","floor":33,"turns":13},{"damage":0,"enemies":"Orb Walker","floor":35,"turns":3},{"damage":3,"enemies":"3 Darklings","floor":37,"turns":13},{"damage":14,"enemies":"Nemesis","floor":40,"turns":5},{"damage":0,"enemies":"4 Shapes","floor":41,"turns":1},{"damage":0,"enemies":"2 Orb Walkers","floor":42,"turns":2},{"damage":0,"enemies":"Jaw Worm Horde","floor":46,"turns":3},{"damage":0,"enemies":"Reptomancer","floor":47,"turns":1},{"damage":0,"enemies":"Sphere and 2 Shapes","floor":48,"turns":2},{"damage":0,"enemies":"Donu and Deca","floor":50,"turns":5}],"seed_played":"-8274287592658430899","potions_obtained":[{"floor":3,"key":"Regen Potion"},{"floor":8,"key":"SkillPotion"},{"floor":13,"key":"Explosive Potion"},{"floor":16,"key":"Block Potion"},{"floor":21,"key":"CultistPotion"},{"floor":23,"key":"Fire Potion"},{"floor":27,"key":"Ambrosia"},{"floor":37,"key":"LiquidBronze"},{"floor":40,"key":"Swift Potion"},{"floor":42,"key":"Ancient Potion"},{"floor":48,"key":"SteroidPotion"}],"is_trial":true,"path_per_floor":["M","M","M","$","?","E","M","M","T","$","M","R","E","M","R","B",null,"M","?","?","M","M","E","M","R","T","M","E","R","T","?","R","B",null,"M","?","M","T","$","E","M","?","T","?","?","M","E","M","R","B",null],"character_chosen":"WATCHER","items_purchased":["TalkToTheHand","Lee\u0027s Waffle","BattleHymn","Bag of Marbles","Sling","Pommel Strike","Anchor","Worship","Whetstone","Damaru","TeardropLocket","Gremlin Horn","Turnip","Strawberry"],"campfire_rested":6,"item_purchase_floors":[4,4,10,10,10,10,39,39,39,39,39,39,39,39],"current_hp_per_floor":[72,67,66,79,79,21,28,28,28,28,27,50,50,38,61,51,79,70,70,70,62,51,54,51,91,91,94,87,94,94,94,94,47,94,94,94,94,94,101,87,87,87,87,87,87,87,87,87,99,99],"gold":889,"neow_bonus":"","is_daily":false,"chose_seed":false,"campfire_upgraded":0,"win_rate":0.0,"timestamp":1612264954,"path_taken":["M","M","?","?","?","E","M","M","T","$","M","R","E","M","R","BOSS","M","?","?","M","?","E","M","R","T","M","E","R","?","?","R","BOSS","M","?","?","?","$","E","M","?","T","?","?","M","E","M","R","BOSS"],"items_purchased_type":["Card","Relic","Card","Relic","Relic","Card","Relic","Card","Relic","Relic","Relic","Relic","Relic","Relic"],"build_version":"2020-12-22","purchased_purges":1,"victory":true,"max_hp_per_floor":[72,72,72,79,79,79,79,79,79,79,79,79,79,79,79,79,79,79,79,79,82,85,88,91,91,91,94,94,94,94,94,94,94,94,94,94,97,97,104,104,104,104,104,104,99,99,99,99,99,99],"relic_stats":{"Lee\u0027s Waffle":13,"Regal Pillow":13,"Gremlin Horn":[6,7],"counters":[27,143],"Dead Branch":[53],"Yang":[31],"PreservedInsect":107,"Bag of Preparation":[26],"Whetstone":["Thunderclap","Consecrate"],"Smiling Mask":10,"MawBank":108,"Dream Catcher":1,"Mummified Hand":[52],"Tiny Chest":2,"Prayer Wheel":10,"Turnip":[0],"obtain_stats":[{"Lantern":13,"Regal Pillow":17,"Calipers":0,"Gremlin Horn":39,"Yang":47,"Bag of Preparation":23,"Whetstone":39,"TeardropLocket":39,"Sling":10,"Smiling Mask":26,"Dream Catcher":40,"Mummified Hand":17,"Strawberry":39,"Tiny Chest":9,"Prayer Wheel":17,"Lee\u0027s Waffle":4,"Dead Branch":42,"Oddly Smooth Stone":6,"Damaru":39,"PreservedInsect":28,"The Courier":38,"Omamori":43,"MawBank":30,"Calling Bell":17,"Anchor":39,"MutagenicStrength":19,"HolyWater":34,"Turnip":39,"Bag of Marbles":10,"PureWater":0},{"Lantern":8,"Regal Pillow":10,"Calipers":0,"Gremlin Horn":20,"Yang":25,"Bag of Preparation":14,"Whetstone":20,"TeardropLocket":20,"Sling":6,"Smiling Mask":15,"Dream Catcher":21,"Mummified Hand":10,"Strawberry":20,"Tiny Chest":6,"Prayer Wheel":10,"Lee\u0027s Waffle":3,"Dead Branch":23,"Oddly Smooth Stone":4,"Damaru":20,"PreservedInsect":17,"The Courier":20,"Omamori":23,"MawBank":17,"Calling Bell":10,"Anchor":20,"MutagenicStrength":11,"HolyWater":18,"Turnip":20,"Bag of Marbles":6,"PureWater":0},{"Lantern":36,"Regal Pillow":47,"Calipers":0,"Gremlin Horn":124,"Yang":136,"Bag of Preparation":72,"Whetstone":124,"TeardropLocket":124,"Sling":30,"Smiling Mask":81,"Dream Catcher":129,"Mummified Hand":47,"Strawberry":124,"Tiny Chest":30,"Prayer Wheel":47,"Lee\u0027s Waffle":14,"Dead Branch":132,"Oddly Smooth Stone":21,"Damaru":124,"PreservedInsect":95,"The Courier":124,"Omamori":132,"MawBank":95,"Calling Bell":47,"Anchor":124,"MutagenicStrength":53,"HolyWater":108,"Turnip":124,"Bag of Marbles":30,"PureWater":0}]},"card_choices":[{"not_picked":["Searing Blow","Crescendo"],"picked":"Protect","floor":1},{"not_picked":["True Grit","Cleave"],"picked":"Thunderclap","floor":2},{"not_picked":["Burning Pact","Feel No Pain"],"picked":"CrushJoints","floor":3},{"not_picked":["Havoc","Dark Embrace"],"picked":"Corruption","floor":6},{"not_picked":["MentalFortress","PathToVictory"],"picked":"Twin Strike","floor":7},{"not_picked":["Sword Boomerang","DevaForm"],"picked":"WaveOfTheHand","floor":8},{"not_picked":["Metallicize","JustLucky"],"picked":"Consecrate","floor":11},{"not_picked":["Havoc","EmptyMind"],"picked":"FlyingSleeves","floor":13},{"not_picked":["Prostrate","Cleave"],"picked":"Burning Pact","floor":14},{"not_picked":["Bludgeon","SpiritShield"],"picked":"Feed","floor":16},{"not_picked":["Consecrate","FlurryOfBlows"],"picked":"ClearTheMind+1","floor":18},{"not_picked":["Tantrum+1","Headbutt"],"picked":"Feel No Pain","floor":18},{"not_picked":["Anger","Warcry"],"picked":"Meditate","floor":21},{"not_picked":["Combust","Flex+1"],"picked":"Disarm","floor":21},{"not_picked":["CarveReality","Perfected Strike"],"picked":"Crescendo+1","floor":22},{"not_picked":["Pommel Strike","Headbutt"],"picked":"Shrug It Off+1","floor":22},{"not_picked":["Halt+1","EmptyBody"],"picked":"InnerPeace","floor":23},{"not_picked":["Pray","Evaluate"],"picked":"Shrug It Off+1","floor":24},{"not_picked":["Judgement","ForeignInfluence"],"picked":"Wallop+1","floor":24},{"not_picked":["Rampage","FlyingSleeves"],"picked":"Spot Weakness","floor":27},{"not_picked":["BattleHymn","Fasting2+1"],"picked":"Shockwave","floor":27},{"not_picked":["EmptyFist","Havoc+1"],"picked":"Sentinel","floor":28},{"not_picked":["DeusExMachina","Scrawl"],"picked":"SpiritShield","floor":33},{"not_picked":["ForeignInfluence+1","Headbutt"],"picked":"Shrug It Off+1","floor":35},{"not_picked":["Protect","Ghostly Armor+1"],"picked":"Clothesline+1","floor":35},{"not_picked":["Armaments+1","Fiend Fire"],"picked":"Whirlwind+1","floor":37},{"not_picked":["Armaments","CrushJoints+1","Clothesline"],"picked":"SKIP","floor":37},{"not_picked":["FollowUp","Double Tap"],"picked":"Shrug It Off+1","floor":40},{"not_picked":["Evolve+1","SashWhip+1"],"picked":"Armaments+1","floor":41},{"not_picked":["Perfected Strike+1","Halt","FlurryOfBlows+1"],"picked":"SKIP","floor":41},{"not_picked":["Collect+1","Halt"],"picked":"Dark Embrace","floor":42},{"not_picked":["JustLucky","Pummel"],"picked":"Entrench+1","floor":46},{"not_picked":["Clash+1","Consecrate+1"],"picked":"Prostrate+1","floor":46},{"not_picked":["WheelKick+1","Evaluate+1"],"picked":"Evolve+1","floor":47},{"not_picked":["LessonLearned","Bloodletting"],"picked":"Shockwave","floor":48},{"not_picked":["CutThroughFate","Twin Strike+1"],"picked":"Flame Barrier+1","floor":48},{"not_picked":["Perfected Strike","Wild Strike+1"],"picked":"Barricade","floor":49}],"player_experience":1129600,"relics_obtained":[{"floor":6,"key":"Oddly Smooth Stone"},{"floor":9,"key":"Tiny Chest"},{"floor":13,"key":"Lantern"},{"floor":17,"key":"Regal Pillow"},{"floor":17,"key":"Mummified Hand"},{"floor":17,"key":"Prayer Wheel"},{"floor":23,"key":"Bag of Preparation"},{"floor":26,"key":"Smiling Mask"},{"floor":28,"key":"PreservedInsect"},{"floor":30,"key":"MawBank"},{"floor":38,"key":"The Courier"},{"floor":40,"key":"Dream Catcher"},{"floor":42,"key":"Dead Branch"},{"floor":43,"key":"Omamori"},{"floor":47,"key":"Yang"}],"event_choices":[{"damage_healed":0,"gold_gain":175,"player_choice":"AGREE","damage_taken":0,"max_hp_gain":0,"max_hp_loss":0,"event_name":"Liars Game","floor":5,"gold_loss":0,"cards_obtained":["Doubt"]},{"damage_healed":0,"gold_gain":0,"player_choice":"Inject Mutagens","damage_taken":0,"relics_obtained":["MutagenicStrength"],"max_hp_gain":0,"max_hp_loss":0,"event_name":"Drug Dealer","floor":19,"gold_loss":0},{"damage_healed":0,"gold_gain":0,"player_choice":"0 cards matched","damage_taken":0,"max_hp_gain":0,"max_hp_loss":0,"event_name":"Match and Keep!","floor":20,"gold_loss":0,"cards_obtained":[]},{"damage_healed":0,"gold_gain":99,"player_choice":"Stole From Cult","damage_taken":0,"max_hp_gain":0,"max_hp_loss":0,"event_name":"Nest","floor":31,"gold_loss":0},{"damage_healed":0,"gold_gain":0,"player_choice":"Copied","damage_taken":0,"max_hp_gain":0,"max_hp_loss":0,"event_name":"Duplicator","floor":36,"gold_loss":0,"cards_obtained":["Feel No Pain"]},{"damage_healed":0,"gold_gain":0,"player_choice":"Fight","damage_taken":0,"max_hp_gain":0,"max_hp_loss":0,"event_name":"Mysterious Sphere","floor":42,"gold_loss":0},{"cards_removed":["TalkToTheHand"],"damage_healed":0,"gold_gain":0,"player_choice":"Removed Attack","damage_taken":0,"max_hp_gain":0,"max_hp_loss":0,"event_name":"Falling","floor":44,"gold_loss":0},{"damage_healed":0,"gold_gain":0,"player_choice":"Max HP","damage_taken":0,"max_hp_gain":0,"max_hp_loss":5,"event_name":"Winding Halls","floor":45,"gold_loss":0}],"is_beta":false,"boss_relics":[{"not_picked":["Astrolabe","Runic Pyramid"],"picked":"Calling Bell"},{"not_picked":["Tiny House","Coffee Dripper"],"picked":"HolyWater"}],"items_purged_floors":[39],"is_endless":false,"potions_floor_spawned":[3,8,13,16,21,23,27,37,40,42,48],"ascension_level":0}}