{"host":"vyjryxuuuxkt43k4","time":1612247517,"event":{"mods":["AchievementEnabler","BaseMod","Colored Map","DeckTracker","Keyboard Shortcuts","Minty Spire (QoL Compilation)","Permanent Neow","Quick Restart","Rare Cards Sparkle","Relic Stats","StSLib","SuperFastMode","everything is the same but u backflip on backflip"],"gold_per_floor":[118,118,37,112,112,145,165,165,192,192,29,29,29,47,47,122,122,132,132,152,64,44,44,64,98,98,98,110,110,125,139,139,211,211,228,228,228,228,228],"floor_reached":38,"language":"KOR","playtime":3909,"items_purged":[],"score":702,"play_id":"519632c4-227e-402b-ac43-a40bb4f5faa3","local_time":"20210202153157","is_ascension_mode":true,"campfire_choices":[{"floor":10.0,"key":"REST"},{"data":"Caltrops","floor":12.0,"key":"SMITH"},{"floor":15.0,"key":"REST"},{"data":"Noxious Fumes","floor":23.0,"key":"SMITH"},{"data":"Cloak And Dagger","floor":27.0,"key":"SMITH"},{"data":"Calculated Gamble","floor":29.0,"key":"SMITH"},{"data":"Acrobatics","floor":32.0,"key":"SMITH"}],"circlet_count":0,"master_deck":["AscendersBane","Strike_G","Strike_G","Strike_G","Strike_G","Defend_G","Defend_G","Defend_G","Defend_G","Survivor","Neutralize","Malaise","Caltrops+1","Dash","Footwork","Predator","Acrobatics+1","Corpse Explosion","Blur","Ghostly","Ghostly","Ghostly","Dagger Throw","Noxious Fumes+1","Calculated Gamble+1","Cloak And Dagger+1","Flechettes","Grand Finale","Escape Plan","Pain"],"relics":["Ring of the Snake","Incense Burner","Oddly Smooth Stone","PreservedInsect","Bag of Marbles","Runic Pyramid","Dead Branch","Art of War","HoveringKite","WarpedTongs"],"acts_visited":["Exordium","TheCity","TheBeyond"],"potions_floor_usage":[38],"damage_taken":[{"damage":13.0,"enemies":"Jaw Worm","floor":1.0,"turns":10.0},{"damage":38.0,"enemies":"Gremlin Nob","floor":6.0,"turns":7.0},{"damage":0.0,"enemies":"Small Slimes","floor":7.0,"turns":3.0},{"damage":0.0,"enemies":"2 Louse","floor":14.0,"turns":3.0},{"damage":10.0,"enemies":"Hexaghost","floor":16.0,"turns":12.0},{"damage":22.0,"enemies":"2 Thieves","floor":18.0,"turns":4.0},{"damage":2.0,"enemies":"Shell Parasite","floor":20.0,"turns":9.0},{"damage":12.0,"enemies":"Snake Plant","floor":24.0,"turns":6.0},{"damage":3.0,"enemies":"Slavers","floor":25.0,"turns":4.0},{"damage":0.0,"enemies":"3 Cultists","floor":28.0,"turns":3.0},{"damage":0.0,"enemies":"Centurion and Healer","floor":30.0,"turns":6.0},{"damage":0.0,"enemies":"Shelled Parasite and Fungi","floor":31.0,"turns":5.0},{"damage":17.0,"enemies":"Collector","floor":33.0,"turns":11.0},{"damage":15.0,"enemies":"Orb Walker","floor":35.0,"turns":5.0},{"damage":14,"enemies":"3 Darklings","floor":38,"turns":4}],"seed_played":"2057437750118754917","potions_obtained":[{"floor":1.0,"key":"Explosive Potion"},{"floor":7.0,"key":"Strength Potion"},{"floor":14.0,"key":"BlessingOfTheForge"},{"floor":20.0,"key":"DuplicationPotion"},{"floor":22.0,"key":"SmokeBomb"},{"floor":30.0,"key":"DuplicationPotion"},{"floor":35.0,"key":"ColorlessPotion"}],"is_trial":false,"path_per_floor":["M","?","$","?","?","E","M","?","T","R","$","R","?","M","R","B",null,"M","?","M","$","?","R","M","E","T","R","M","R","M","M","R","B",null,"M","?","?","M"],"character_chosen":"THE_SILENT","items_purchased":["Dash","Bag of Marbles","Noxious Fumes"],"campfire_rested":2,"item_purchase_floors":[3,11,21],"current_hp_per_floor":[46,51,51,40,40,2,2,2,2,23,23,23,16,16,37,27,60,38,35,33,33,33,33,21,18,18,18,18,18,18,18,18,1,27,12,12,12,0,0],"gold":228,"neow_bonus":"ONE_RANDOM_RARE_CARD","is_daily":false,"chose_seed":false,"campfire_upgraded":5,"win_rate":0.0,"timestamp":1612247517,"path_taken":["M","?","$","?","?","E","?","?","T","R","$","R","?","M","R","BOSS","M","?","M","$","?","R","M","E","T","R","M","R","?","?","R","BOSS","M","?","?","?"],"items_purchased_type":["Card","Relic","Card"],"build_version":"2020-12-22","purchased_purges":0,"victory":false,"max_hp_per_floor":[66,71,71,71,71,71,71,71,71,71,71,71,71,71,71,71,71,71,35,35,35,35,35,35,35,35,35,35,35,35,35,35,35,35,35,35,35,35,35],"relic_stats":{"counters":[15,92],"Dead Branch":[50],"HoveringKite":[7],"PreservedInsect":42,"Art of War":[3],"obtain_stats":[{"Dead Branch":25,"Oddly Smooth Stone":6,"HoveringKite":34,"PreservedInsect":9,"Incense Burner":5,"Bag of Marbles":11,"Art of War":26,"Ring of the Snake":0,"Runic Pyramid":17,"WarpedTongs":37},{"Dead Branch":9,"Oddly Smooth Stone":2,"HoveringKite":13,"PreservedInsect":3,"Incense Burner":1,"Bag of Marbles":3,"Art of War":9,"Ring of the Snake":0,"Runic Pyramid":5,"WarpedTongs":14},{"Dead Branch":58,"Oddly Smooth Stone":17,"HoveringKite":83,"PreservedInsect":20,"Incense Burner":10,"Bag of Marbles":20,"Art of War":58,"Ring of the Snake":0,"Runic Pyramid":35,"WarpedTongs":88}],"Ring of the Snake":[30],"WarpedTongs":[4]},"card_choices":[{"not_picked":["Infinite Blades","Prepared"],"picked":"Caltrops","floor":1.0},{"not_picked":["Backflip","Concentrate"],"picked":"Footwork","floor":6.0},{"not_picked":["Dagger Throw","Bane"],"picked":"Predator","floor":7.0},{"not_picked":["Accuracy","Reflex"],"picked":"Acrobatics","floor":14.0},{"not_picked":["Bullet Time","Burst"],"picked":"Corpse Explosion","floor":16.0},{"not_picked":["Deadly Poison+1","Sucker Punch"],"picked":"Blur","floor":18.0},{"not_picked":["Skewer","Infinite Blades+1"],"picked":"Dagger Throw","floor":20.0},{"not_picked":["Poisoned Stab","Setup"],"picked":"Calculated Gamble","floor":24.0},{"not_picked":["A Thousand Cuts","Poisoned Stab"],"picked":"Cloak And Dagger","floor":25.0},{"not_picked":["Quick Slash","Heel Hook"],"picked":"Flechettes","floor":28.0},{"not_picked":["Dagger Throw","Bane","Quick Slash"],"picked":"SKIP","floor":30.0},{"not_picked":["Dagger Throw","Backflip","Outmaneuver"],"picked":"SKIP","floor":31.0},{"not_picked":["Bullet Time","Venomology"],"picked":"Grand Finale","floor":33.0},{"not_picked":["Quick Slash","Bouncing Flask"],"picked":"Escape Plan","floor":35.0}],"player_experience":608048,"relics_obtained":[{"floor":5.0,"key":"Incense Burner"},{"floor":6.0,"key":"Oddly Smooth Stone"},{"floor":9.0,"key":"PreservedInsect"},{"floor":25.0,"key":"Dead Branch"},{"floor":26.0,"key":"Art of War"}],"event_choices":[{"damage_healed":0.0,"max_hp_gain":5.0,"max_hp_loss":0.0,"gold_gain":0.0,"event_name":"Big Fish","player_choice":"Donut","floor":2.0,"gold_loss":0.0,"damage_taken":0.0},{"damage_healed":0.0,"max_hp_gain":0.0,"max_hp_loss":0.0,"gold_gain":75.0,"event_name":"World of Goop","player_choice":"Gather Gold","floor":4.0,"gold_loss":0.0,"damage_taken":11.0},{"damage_healed":0.0,"max_hp_gain":0.0,"max_hp_loss":0.0,"gold_gain":0.0,"event_name":"Wheel of Change","player_choice":"Relic","floor":5.0,"gold_loss":0.0,"damage_taken":0.0},{"damage_healed":0.0,"max_hp_gain":0.0,"max_hp_loss":0.0,"gold_gain":0.0,"event_name":"Scrap Ooze","player_choice":"Fled","floor":8.0,"gold_loss":0.0,"damage_taken":0.0},{"cards_removed":["Strike_G"],"damage_healed":0.0,"max_hp_gain":0.0,"max_hp_loss":0.0,"gold_gain":0.0,"event_name":"Golden Wing","player_choice":"Card Removal","floor":13.0,"gold_loss":0.0,"damage_taken":7.0},{"damage_healed":0.0,"max_hp_gain":0.0,"max_hp_loss":36.0,"gold_gain":0.0,"event_name":"Ghosts","player_choice":"Became a Ghost","floor":19.0,"gold_loss":0.0,"damage_taken":0.0,"cards_obtained":["Ghostly","Ghostly","Ghostly"]},{"damage_healed":0.0,"max_hp_gain":0.0,"max_hp_loss":0.0,"gold_gain":0.0,"event_name":"The Woman in Blue","player_choice":"Bought 1 Potion","floor":22.0,"gold_loss":0.0,"damage_taken":0.0},{"cards_removed":["Defend_G"],"damage_healed":0.0,"max_hp_gain":0.0,"max_hp_loss":0.0,"gold_gain":0.0,"event_name":"Falling","player_choice":"Removed Skill","floor":36.0,"gold_loss":0.0,"damage_taken":0.0},{"damage_healed":0.0,"max_hp_gain":0.0,"max_hp_loss":0.0,"gold_gain":0.0,"event_name":"Accursed Blacksmith","player_choice":"Rummage","floor":37.0,"gold_loss":0.0,"damage_taken":0.0,"relics_obtained":["WarpedTongs"],"cards_obtained":["Pain"]}],"is_beta":false,"boss_relics":[{"not_picked":["Black Star","Runic Dome"],"picked":"Runic Pyramid"},{"not_picked":["Empty Cage","Pandora\u0027s Box"],"picked":"HoveringKite"}],"items_purged_floors":[],"is_endless":false,"potions_floor_spawned":[1,7,14,20,25,28,30,35],"killed_by":"3 Darklings","ascension_level":16}}