{"host":"r53pw7z744tg3fxg","time":1612275796,"event":{"mods":["AchievementEnabler","BaseMod","Colored Map","Colored Powertips","Highlight Path","Minty Spire (QoL Compilation)","Quick Restart","Transform Curses"],"gold_per_floor":[114,129,144,144,144,144,182,182,182,201,220,220,145,183,183,308,308,327,427,27,46,6,344,344,27,27,46,46,84,9,47,47,172,172,191,254,273,495,123,123,142,142,192,192,192,192,192],"floor_reached":46,"language":"ENG","playtime":1947,"items_purged":["Injury"],"score":587,"play_id":"4c3b59f6-9689-413c-81ee-3e583d14819b","local_time":"20210202072316","daily_mods":["Chimera","Blue Cards","Binary"],"is_ascension_mode":false,"campfire_choices":[{"data":"Eruption","floor":6.0,"key":"SMITH"},{"floor":8.0,"key":"REST"},{"data":"Zap","floor":15.0,"key":"SMITH"},{"floor":24.0,"key":"REST"},{"data":"Whirlwind","floor":28,"key":"SMITH"},{"floor":32,"key":"DIG"},{"floor":40,"key":"DIG"},{"floor":42,"key":"DIG"},{"floor":44,"key":"DIG"}],"circlet_count":0,"master_deck":["Bash","Survivor","Zap+1","Eruption+1","Strike_R","Strike_G","Strike_B","Defend_R","Defend_G","Defend_P","Flame Barrier+1","Go for the Eyes","Coolheaded","Cold Snap","Stack","Sweeping Beam","Reaper","Whirlwind+1","Blood for Blood","CurseOfTheBell","Glacier","Barricade+1","Streamline","Parasite"],"relics":["Burning Blood","Golden Idol","Kunai","Matryoshka","Pen Nib","Gambling Chip","Regal Pillow","Busted Crown","PreservedInsect","Frozen Egg 2","Old Coin","Membership Card","StoneCalendar","Juzu Bracelet","Calipers","Shovel","Bronze Scales","Red Mask","Red Skull","Calling Bell","Bag of Marbles","Pantograph","Torii","Bird Faced Urn","Lizard Tail","Orichalcum","Mummified Hand","White Beast Statue","Akabeko","Gremlin Horn"],"acts_visited":["Exordium","TheCity","TheBeyond"],"potions_floor_usage":[29,33,36,41,46,46],"damage_taken":[{"damage":12.0,"enemies":"Cultist","floor":1.0,"turns":3.0},{"damage":15.0,"enemies":"Small Slimes","floor":2.0,"turns":4.0},{"damage":2.0,"enemies":"2 Louse","floor":3.0,"turns":3.0},{"damage":35.0,"enemies":"Lagavulin","floor":7.0,"turns":5.0},{"damage":7.0,"enemies":"Blue Slaver","floor":10.0,"turns":5.0},{"damage":0.0,"enemies":"Looter","floor":11.0,"turns":4.0},{"damage":15.0,"enemies":"3 Sentries","floor":14.0,"turns":8.0},{"damage":0.0,"enemies":"Slime Boss","floor":16.0,"turns":7.0},{"damage":13.0,"enemies":"Chosen","floor":18.0,"turns":5.0},{"damage":14.0,"enemies":"Shell Parasite","floor":21.0,"turns":4.0},{"damage":47.0,"enemies":"Gremlin Leader","floor":23.0,"turns":5.0},{"damage":0.0,"enemies":"Snake Plant","floor":27.0,"turns":3.0},{"damage":24,"enemies":"Book of Stabbing","floor":29,"turns":4},{"damage":0,"enemies":"Masked Bandits","floor":31,"turns":2},{"damage":33,"enemies":"Automaton","floor":33,"turns":9},{"damage":2,"enemies":"Orb Walker","floor":35,"turns":4},{"damage":6,"enemies":"Mind Bloom Boss Battle","floor":36,"turns":5},{"damage":29,"enemies":"3 Shapes","floor":37,"turns":2},{"damage":2,"enemies":"Writhing Mass","floor":41,"turns":8},{"damage":138,"enemies":"Donu and Deca","floor":46,"turns":11}],"seed_played":"-9070903199233054170","potions_obtained":[{"floor":1.0,"key":"GamblersBrew"},{"floor":2.0,"key":"SmokeBomb"},{"floor":7.0,"key":"FearPotion"},{"floor":23.0,"key":"Strength Potion"},{"floor":29,"key":"FearPotion"},{"floor":31,"key":"LiquidMemories"},{"floor":33,"key":"LiquidBronze"},{"floor":41,"key":"Ancient Potion"}],"is_trial":false,"path_per_floor":["M","M","M","?","?","R","E","R","T","M","M","T","$","E","R","B",null,"M","?","$","M","$","E","R","$","T","M","R","E","$","?","R","B",null,"M","?","M","?","$","R","M","R","T","R","?","B"],"character_chosen":"IRONCLAD","items_purchased":["PreservedInsect","Frozen Egg 2","Whirlwind","Membership Card","StoneCalendar","Blood for Blood","Bronze Scales","Lizard Tail","Glacier","Orichalcum","Barricade+1","PowerPotion","Streamline"],"campfire_rested":2,"item_purchase_floors":[20,20,22,25,25,25,30,39,39,39,39,39,39],"current_hp_per_floor":[74,65,69,69,69,69,40,64,64,63,69,69,69,60,60,66,80,73,73,73,71,71,38,77,77,77,80,80,62,62,68,68,45,80,80,80,60,60,60,60,68,68,68,68,68,0,0],"gold":192,"neow_bonus":"","is_daily":true,"chose_seed":false,"campfire_upgraded":3,"win_rate":0.0,"timestamp":1612275796,"path_taken":["M","M","?","?","?","R","E","R","T","M","M","?","?","E","R","BOSS","M","?","$","M","?","E","R","?","T","M","R","E","$","?","R","BOSS","M","?","M","?","$","R","M","R","T","R","?","BOSS"],"items_purchased_type":["Relic","Relic","Card","Relic","Relic","Card","Relic","Relic","Card","Relic","Card","Potion","Card"],"build_version":"2020-12-22","purchased_purges":1,"victory":false,"max_hp_per_floor":[80,80,80,80,80,80,80,80,80,80,80,80,80,80,80,80,80,80,80,80,80,80,80,80,80,80,80,80,80,80,80,80,80,80,80,80,80,80,80,80,80,80,80,80,80,80,80],"card_choices":[{"not_picked":["Clothesline"],"picked":"Flame Barrier","floor":1.0},{"not_picked":["Redo"],"picked":"Go for the Eyes","floor":2.0},{"not_picked":["Iron Wave"],"picked":"Coolheaded","floor":3.0},{"not_picked":["Dual Wield"],"picked":"Cold Snap","floor":7.0},{"not_picked":["Doom and Gloom"],"picked":"Stack","floor":10.0},{"not_picked":["Recycle"],"picked":"Sweeping Beam","floor":11.0},{"not_picked":["Meteor Strike","Fiend Fire"],"picked":"SKIP","floor":14.0},{"not_picked":["Offering"],"picked":"Reaper","floor":16.0}],"player_experience":1420092,"relics_obtained":[{"floor":7.0,"key":"Kunai"},{"floor":9.0,"key":"Matryoshka"},{"floor":12.0,"key":"Pen Nib"},{"floor":12.0,"key":"Gambling Chip"},{"floor":14.0,"key":"Regal Pillow"},{"floor":23.0,"key":"Old Coin"},{"floor":26.0,"key":"Juzu Bracelet"},{"floor":26.0,"key":"Calipers"},{"floor":29,"key":"Shovel"},{"floor":31,"key":"Red Mask"},{"floor":32,"key":"Red Skull"},{"floor":34,"key":"Bag of Marbles"},{"floor":34,"key":"Pantograph"},{"floor":34,"key":"Torii"},{"floor":36,"key":"Bird Faced Urn"},{"floor":40,"key":"Mummified Hand"},{"floor":42,"key":"White Beast Statue"},{"floor":43,"key":"Akabeko"},{"floor":44,"key":"Gremlin Horn"}],"event_choices":[{"damage_healed":0.0,"max_hp_gain":0.0,"max_hp_loss":0.0,"gold_gain":0.0,"event_name":"Living Wall","player_choice":"Grow","floor":4.0,"gold_loss":0.0,"damage_taken":0.0,"cards_upgraded":["Flame Barrier"]},{"damage_healed":0.0,"max_hp_gain":0.0,"max_hp_loss":0.0,"gold_gain":0.0,"event_name":"Golden Idol","player_choice":"Take Wound","floor":5.0,"gold_loss":0.0,"damage_taken":0.0,"relics_obtained":["Golden Idol"],"cards_obtained":["Injury"]},{"damage_healed":0.0,"max_hp_gain":0.0,"max_hp_loss":0.0,"gold_gain":100.0,"event_name":"Golden Shrine","player_choice":"Pray","floor":19.0,"gold_loss":0.0,"damage_taken":0.0},{"damage_healed":0,"gold_gain":0,"player_choice":"Fought Bandits","damage_taken":0,"max_hp_gain":0,"max_hp_loss":0,"event_name":"Masked Bandits","floor":31,"gold_loss":0},{"damage_healed":0,"gold_gain":0,"player_choice":"Fight","damage_taken":0,"max_hp_gain":0,"max_hp_loss":0,"event_name":"MindBloom","floor":36,"gold_loss":0},{"damage_healed":0,"gold_gain":222,"player_choice":"Wore Mask","damage_taken":0,"max_hp_gain":0,"max_hp_loss":0,"event_name":"Tomb of Lord Red Mask","floor":38,"gold_loss":0},{"damage_healed":0,"gold_gain":0,"player_choice":"Took Portal","damage_taken":0,"max_hp_gain":0,"max_hp_loss":0,"event_name":"SecretPortal","floor":45,"gold_loss":0}],"is_beta":false,"boss_relics":[{"not_picked":["Black Star","SlaversCollar"],"picked":"Busted Crown"},{"not_picked":["Philosopher\u0027s Stone","Cursed Key"],"picked":"Calling Bell"}],"items_purged_floors":[13],"is_endless":false,"potions_floor_spawned":[1,2,7,23,29,31,33,35,41],"killed_by":"Donu and Deca","ascension_level":0}}