{"host":"n91kx4xj3dn3811n","time":1612245630,"event":{"mods":["Act Like it!","BaseMod","Better Third Choice","CapriCore","Colored Powertips","Highlight Path","Marisa£¨ìFÓê¡¡Ä§ÀíÉ³£©","Minty Spire (QoL Compilation)","MostiFishMod","Quick Restart","Reimu£¨²©ÀöÁéÃÎ£©","Remilia£¨ÀÙÃ×ÀòÑÇ£©","Replay The Spire","RumiaBox-Â¶Ã×æ«µÄÉñÃØºÐ×Ó","Spicy Shops","StSLib","The Cursed","The Immortal","The Servant 0.9.4","Waifu the Spire","¡¾ÒÅÎï¿¨ÅÆ¡¿REMEMod","²ÐÁôÖ®Îï","óô»ðÖ¸ÄÏ"],"gold_per_floor":[117,217,227,241,260,288,305,337,337,337,360,360,360,407,407,525,525,556,314,343,376,376,427,427,476,476,517,570,640,640,712,712,847,847,912,912,912],"floor_reached":36,"language":"ZHS","playtime":2563,"items_purged":["SuperNova+1"],"score":846,"play_id":"9a437bd6-74fb-4c24-84fa-29c9e7f72c15","local_time":"20210202140030","is_ascension_mode":true,"campfire_choices":[{"data":"EscapeVelocity","floor":10,"key":"SMITH"},{"data":"PulseMagic","floor":13,"key":"SMITH"},{"data":"IllusionStar","floor":15,"key":"SMITH"},{"floor":24,"key":"REST"},{"floor":30,"key":"REST"}],"circlet_count":0,"master_deck":["Strike_MRS","Strike_MRS","Strike_MRS","Strike_MRS","Defend_MRS","Defend_MRS","Defend_MRS","Defend_MRS","MasterSpark","UpSweep","FinalSpark+1","IllusionStar+1","DoubleSpark","PulseMagic+1","StarBarrage","PowerUp","UnstableBomb","EscapeVelocity+1","CasketOfStar+1","PropBag+1","GravityBeat","LuminesStrike+1","PowerUp","StarBarrage","6A+1","Occultation","MilkyWay","MachineGunSpark+1","BigCrunch+1","Acceleration","UnstableBomb+1","PowerUp","WitchOfGreed+1","PropBag+1","ShootingEcho","GrandCross+1","MilkyWay","IllusionStar+1","StarBarrage","BlazingStar+1","ShootingEcho+1","LuminesStrike+1","RefractionSpark+1","GravityBeat","WitchOfGreed+1","6A+1","IllusionStar+1","Singularity+1","EnergyRecoil","ManaConvection","DarkMatter","Acceleration","Orbital","WitchOfGreed+1","SporeBomb+1","MachineGunSpark+1","UnstableBomb","PowerUp","MysteriousBeam","GrandCross+1","Writhe","SuperNova+1","JA+1","TreasureHunter+1","ManaRampage+1","BinaryStars+1","OortCloud+1","BlazeAway+1","IllusionStar","SporeBomb","EnergyRecoil"],"relics":["MiniHakkero","DaveBox","REME_ComplimentaryCards","SynthV","Mastiff:ReiMu","SynthV:TestCard","SentryEyes","Pondfish Scales","Golden Egg","Replay:Bandana","Frozen Egg 2","Black Star","REME_IWantAll","LastBattle","ReplayTheSpireMod:TigerMarble","REME_PuzzleBoxRelic","Lizard Tail","Garlic","REME_LimitBreaker","Tea:ReiMu","GodSword4","PlaceholderMod:SoulofChaos","WingedGreaves","OneHitWonderSystem"],"acts_visited":["Exordium","TheCity","TheBeyond"],"potions_floor_usage":[],"damage_taken":[{"damage":3,"enemies":"Jaw Worm","floor":1,"turns":3},{"damage":0,"enemies":"Cultist","floor":3,"turns":3},{"damage":0,"enemies":"Small Slimes","floor":4,"turns":3},{"damage":0,"enemies":"Blue Slaver","floor":5,"turns":2},{"damage":0,"enemies":"Lagavulin","floor":6,"turns":4},{"damage":0,"enemies":"Looter","floor":7,"turns":1},{"damage":0,"enemies":"3 Sentries","floor":8,"turns":2},{"damage":7,"enemies":"Lagavulin","floor":14,"turns":3},{"damage":0,"enemies":"Fading Forest","floor":16,"turns":11},{"damage":13,"enemies":"2 Thieves","floor":18,"turns":2},{"damage":4,"enemies":"Chosen","floor":20,"turns":2},{"damage":8,"enemies":"Sentry and Sphere","floor":21,"turns":3},{"damage":22,"enemies":"REME_1_Revenger","floor":23,"turns":3},{"damage":0,"enemies":"Gremlin Leader","floor":25,"turns":3},{"damage":190,"enemies":"Slavers","floor":27,"turns":2},{"damage":0,"enemies":"Centurion and Healer","floor":28,"turns":3},{"damage":0,"enemies":"3 Cultists","floor":29,"turns":3},{"damage":0,"enemies":"Book of Stabbing","floor":31,"turns":3},{"damage":0,"enemies":"Automaton","floor":33,"turns":4},{"damage":0,"enemies":"Orb Walker","floor":35,"turns":2}],"seed_played":"-6539399502515395887","potions_obtained":[{"floor":6,"key":"Toxic Potion"},{"floor":8,"key":"BlessingOfTheForge"},{"floor":14,"key":"Elixir"}],"is_trial":false,"path_per_floor":["M","?","M","M","M","E","M","E","T","R","T","?","R","E","R","B",null,"M","$","M","M","?","E","R","E","T","E","M","M","R","E","R","B",null,"M","?"],"character_chosen":"MARISA","items_purchased":["REME_IWantAll","PropBag"],"campfire_rested":2,"item_purchase_floors":[19,19],"current_hp_per_floor":[72,72,72,72,72,72,72,72,72,72,72,72,72,65,65,65,75,62,62,63,60,60,43,70,75,75,52,57,62,95,100,100,105,1,6,0,0],"gold":912,"neow_bonus":"RANDOM_COMMON_RELIC","is_daily":false,"chose_seed":false,"campfire_upgraded":3,"win_rate":0.0,"timestamp":1612245630,"path_taken":["M","?","M","?","M","E","M","E","T","R","?","?","R","E","R","BOSS","M","$","M","M","?","E","R","E","T","E","M","M","R","E","R","BOSS","M","?"],"items_purchased_type":["Relic","Card"],"build_version":"2020-12-22","purchased_purges":1,"victory":false,"max_hp_per_floor":[75,75,75,75,75,75,75,75,75,75,75,75,75,75,75,75,75,75,75,80,85,85,90,90,95,95,100,105,110,110,115,115,120,1,6,1,1],"card_choices":[{"not_picked":["6A","NonDirectionalLaser"],"picked":"IllusionStar","floor":1},{"not_picked":["AsteroidBelt","DragonMeteor","WitchOfGreed","OrrerysSun"],"picked":"DoubleSpark","floor":3},{"not_picked":["GalacticHalo","MysteriousBeam","ChargingUp","DeepEcoloBomb"],"picked":"PulseMagic","floor":4},{"not_picked":["6A","UnstableBomb","Robbery","IllusionStar"],"picked":"StarBarrage","floor":5},{"not_picked":["EventHorizon","IllusionStar","FinalSpark","Acceleration"],"picked":"PowerUp","floor":6},{"not_picked":["IllusionStar","WitchLeyline","DragonMeteor","SporeBomb"],"picked":"UnstableBomb","floor":7},{"not_picked":["SuperNova","ChargeUpSpray","DoubleSpark","MysteriousBeam"],"picked":"EscapeVelocity","floor":8},{"not_picked":["OneTimeOff","IllusionStar","Orbital","Occultation"],"picked":"SuperNova+1","floor":14},{"not_picked":["JA","CollectingQuirk","MillisecondPulsars+1","SatelliteIllusion+1"],"picked":"CasketOfStar+1","floor":16},{"not_picked":["MysteriousBeam","BlazeAway","SporeBomb","GalacticHalo+1","GrandCross"],"picked":"SKIP","floor":18},{"not_picked":["GravityBeat","LuminesStrike+1","PowerUp","StarBarrage","6A+1"],"picked":"Singing Bowl","floor":20},{"not_picked":["Occultation","MilkyWay","MachineGunSpark+1","BigCrunch","Acceleration"],"picked":"Singing Bowl","floor":21},{"not_picked":["UnstableBomb+1","PowerUp","WitchOfGreed+1","PropBag+1","ShootingEcho"],"picked":"Singing Bowl","floor":23},{"not_picked":["GrandCross+1","MilkyWay","IllusionStar+1","StarBarrage","BlazingStar"],"picked":"Singing Bowl","floor":25},{"not_picked":["ShootingEcho+1","LuminesStrike+1","RefractionSpark+1","GravityBeat","WitchOfGreed+1"],"picked":"Singing Bowl","floor":27},{"not_picked":["6A+1","IllusionStar+1","Singularity+1","EnergyRecoil","ManaConvection"],"picked":"Singing Bowl","floor":28},{"not_picked":["DarkMatter","Acceleration","Orbital","WitchOfGreed+1","SporeBomb+1"],"picked":"Singing Bowl","floor":29},{"not_picked":["MachineGunSpark+1","UnstableBomb","PowerUp","MysteriousBeam","GrandCross+1"],"picked":"Singing Bowl","floor":31},{"not_picked":["SuperNova+1","JA","TreasureHunter","ManaRampage","BinaryStars"],"picked":"Singing Bowl","floor":33},{"not_picked":["OortCloud+1","BlazeAway+1","IllusionStar","SporeBomb","EnergyRecoil"],"picked":"Singing Bowl","floor":35}],"player_experience":218071,"relics_obtained":[{"floor":1,"key":"SynthV:TestCard"},{"floor":6,"key":"SentryEyes"},{"floor":8,"key":"Pondfish Scales"},{"floor":9,"key":"Golden Egg"},{"floor":11,"key":"Replay:Bandana"},{"floor":14,"key":"Frozen Egg 2"},{"floor":23,"key":"LastBattle"},{"floor":23,"key":"ReplayTheSpireMod:TigerMarble"},{"floor":25,"key":"REME_PuzzleBoxRelic"},{"floor":25,"key":"Lizard Tail"},{"floor":26,"key":"Garlic"},{"floor":27,"key":"REME_LimitBreaker"},{"floor":27,"key":"Tea:ReiMu"},{"floor":31,"key":"GodSword4"},{"floor":31,"key":"PlaceholderMod:SoulofChaos"}],"event_choices":[{"damage_healed":0,"gold_gain":100,"player_choice":"Gold","damage_taken":0,"max_hp_gain":0,"max_hp_loss":0,"event_name":"Wheel of Change","floor":2,"gold_loss":0},{"damage_healed":0,"gold_gain":0,"player_choice":"Grow","damage_taken":0,"max_hp_gain":0,"max_hp_loss":0,"event_name":"Living Wall","floor":12,"gold_loss":0,"cards_upgraded":["FinalSpark"]},{"damage_healed":0,"gold_gain":0,"player_choice":"Opened","damage_taken":0,"relics_obtained":["WingedGreaves"],"max_hp_gain":0,"max_hp_loss":0,"event_name":"The Mausoleum","floor":32,"gold_loss":0,"cards_obtained":["Writhe"]}],"is_beta":false,"boss_relics":[{"not_picked":["GuanYuAspect","Ectoplasm"],"picked":"Black Star"},{"not_picked":["Busted Crown","Cursed Key"],"picked":"OneHitWonderSystem"}],"items_purged_floors":[19],"is_endless":false,"potions_floor_spawned":[6,8,14,20,23,27,29],"ascension_level":1}}