{"host":"y3h3n3f7seyagppx","time":1612292256,"event":{"mods":["AlwaysNeverKeys","BaseMod","Better Vampires","Colored Powertips","DeckTracker","Emptier Cage","Minty Spire (QoL Compilation)","Permanent Neow","Quick Restart","Rare Cards Sparkle","Relic Sorter","Relic Stats","StSLib","Transform Curses"],"gold_per_floor":[110,128,93,93,113,138,138,169,169,202,220,220,237,256,256,329,329,340,48,83,97,97,127,127,156,202,234,249,275,290,306,306,380,380,393,403,18,18,18,44,44,62,62,80,112,112,146,162,162,162,162,162,162,19,50,50],"floor_reached":57,"language":"ENG","playtime":7486,"items_purged":["Strike_R","Strike_R","Strike_R"],"score":2934,"play_id":"656a150c-e48c-4fb8-a365-e1f0f4279d28","local_time":"20210202135736","is_ascension_mode":true,"campfire_choices":[{"data":"Immolate","floor":7.0,"key":"SMITH"},{"data":"Perfected Strike","floor":12.0,"key":"SMITH"},{"data":"Perfected Strike","floor":15.0,"key":"SMITH"},{"data":"Power Through","floor":32.0,"key":"SMITH"},{"data":"Armaments","floor":41.0,"key":"SMITH"},{"floor":49.0,"key":"DIG"},{"floor":53.0,"key":"DIG"}],"circlet_count":0,"master_deck":["AscendersBane","Strike_R","Strike_R","Defend_R","Defend_R","Defend_R","Bash","Twin Strike","Berserk","Perfected Strike+1","Immolate+1","Disarm","Pommel Strike","Barricade","Reaper","Entrench","Shrug It Off","RitualDagger","Power Through+1","Entrench","Entrench+1","Ghostly Armor","Exhume","Shrug It Off","Shrug It Off+1","Disarm","Exhume","Armaments+1","Blind","Blind","Feel No Pain","Dark Embrace","Second Wind","Reaper+1","Evolve","Shrug It Off","Shockwave"],"relics":["Burning Blood","Bag of Marbles","Pear","Smiling Mask","The Courier","Gremlin Horn","Coffee Dripper","ClockworkSouvenir","MealTicket","Red Mask","Kunai","Bronze Scales","Centennial Puzzle","Orichalcum","Du-Vu Doll","SlaversCollar","Red Skull","Shovel","Molten Egg 2","Toy Ornithopter","Oddly Smooth Stone","Sundial","Paper Frog","Pen Nib"],"acts_visited":["Exordium","TheCity","TheBeyond","TheEnding"],"potions_floor_usage":[56,56],"damage_taken":[{"damage":11.0,"enemies":"Jaw Worm","floor":1.0,"turns":6.0},{"damage":6.0,"enemies":"2 Louse","floor":2.0,"turns":3.0},{"damage":0.0,"enemies":"Cultist","floor":5.0,"turns":2.0},{"damage":8.0,"enemies":"Gremlin Nob","floor":6.0,"turns":3.0},{"damage":0.0,"enemies":"Lagavulin","floor":8.0,"turns":4.0},{"damage":12.0,"enemies":"Gremlin Nob","floor":10.0,"turns":3.0},{"damage":6.0,"enemies":"Looter","floor":11.0,"turns":2.0},{"damage":0.0,"enemies":"2 Fungi Beasts","floor":13.0,"turns":1.0},{"damage":0.0,"enemies":"Blue Slaver","floor":14.0,"turns":1.0},{"damage":65.0,"enemies":"Hexaghost","floor":16.0,"turns":8.0},{"damage":11.0,"enemies":"Shell Parasite","floor":18.0,"turns":2.0},{"damage":0.0,"enemies":"Masked Bandits","floor":20.0,"turns":1.0},{"damage":0.0,"enemies":"3 Byrds","floor":21.0,"turns":2.0},{"damage":13.0,"enemies":"Slavers","floor":23.0,"turns":6.0},{"damage":45.0,"enemies":"Book of Stabbing","floor":25.0,"turns":5.0},{"damage":5.0,"enemies":"Slavers","floor":27.0,"turns":2.0},{"damage":0.0,"enemies":"3 Cultists","floor":28.0,"turns":2.0},{"damage":30.0,"enemies":"Gremlin Leader","floor":29.0,"turns":7.0},{"damage":0.0,"enemies":"Cultist and Chosen","floor":30.0,"turns":5.0},{"damage":4.0,"enemies":"Shelled Parasite and Fungi","floor":31.0,"turns":3.0},{"damage":37.0,"enemies":"Automaton","floor":33.0,"turns":17.0},{"damage":0.0,"enemies":"3 Darklings","floor":35.0,"turns":1.0},{"damage":7.0,"enemies":"3 Shapes","floor":36.0,"turns":5.0},{"damage":13.0,"enemies":"Reptomancer","floor":40.0,"turns":7.0},{"damage":24.0,"enemies":"Writhing Mass","floor":42.0,"turns":12.0},{"damage":9.0,"enemies":"4 Shapes","floor":44.0,"turns":5.0},{"damage":0.0,"enemies":"Nemesis","floor":45.0,"turns":9.0},{"damage":3.0,"enemies":"Giant Head","floor":47.0,"turns":22.0},{"damage":15.0,"enemies":"3 Darklings","floor":48.0,"turns":5.0},{"damage":77.0,"enemies":"Donu and Deca","floor":50.0,"turns":18.0},{"damage":37.0,"enemies":"Awakened One","floor":51.0,"turns":26.0},{"damage":34,"enemies":"Shield and Spear","floor":55,"turns":13},{"damage":29,"enemies":"The Heart","floor":56,"turns":17}],"seed_played":"-8230531015590175286","potions_obtained":[{"floor":5.0,"key":"Explosive Potion"},{"floor":6.0,"key":"Ancient Potion"},{"floor":11.0,"key":"Fire Potion"},{"floor":20.0,"key":"PowerPotion"},{"floor":23.0,"key":"LiquidBronze"},{"floor":25.0,"key":"Strength Potion"},{"floor":27.0,"key":"Swift Potion"},{"floor":30.0,"key":"PowerPotion"},{"floor":33.0,"key":"DistilledChaos"},{"floor":35.0,"key":"SkillPotion"},{"floor":40.0,"key":"Strength Potion"},{"floor":47.0,"key":"BloodPotion"},{"floor":48.0,"key":"AttackPotion"},{"floor":55,"key":"DistilledChaos"}],"is_trial":false,"path_per_floor":["M","M","?","?","M","E","R","E","T","E","M","R","M","M","R","B",null,"M","$","?","M","?","E","?","E","T","E","M","E","M","M","R","B",null,"M","M","$","?","?","E","R","M","T","M","E","?","E","M","R","B","B",null,"R","$","E","B",null],"character_chosen":"IRONCLAD","items_purchased":["ClockworkSouvenir","MealTicket","Red Skull","Disarm","Exhume","Armaments","Evolve","Shrug It Off"],"campfire_rested":0,"item_purchase_floors":[19,19,37,37,37,37,54,54],"current_hp_per_floor":[63,63,75,75,75,83,83,85,85,79,79,79,85,85,85,26,70,65,65,71,77,71,68,68,33,33,40,46,22,31,33,33,17,68,85,85,85,75,75,75,75,61,61,63,74,74,81,81,81,54,49,73,73,81,79,68],"gold":50,"neow_bonus":"RANDOM_COMMON_RELIC","is_daily":false,"chose_seed":false,"campfire_upgraded":5,"win_rate":0.0,"timestamp":1612292256,"path_taken":["M","M","?","?","M","E","R","E","T","E","M","R","M","?","R","BOSS","M","$","?","M","?","E","?","E","T","E","M","E","M","M","R","BOSS","M","M","$","?","?","E","R","M","T","M","E","?","E","M","R","BOSS","BOSS","R","$","E","BOSS"],"items_purchased_type":["Relic","Relic","Relic","Card","Card","Card","Card","Card"],"build_version":"2020-12-22","purchased_purges":3,"victory":true,"max_hp_per_floor":[75,75,75,75,75,85,85,85,85,85,85,85,85,85,85,85,85,85,85,85,85,85,85,85,85,85,85,85,85,85,85,85,85,85,85,85,85,85,85,85,85,85,85,85,85,81,81,81,81,81,81,81,81,81,81,81],"relic_stats":{"Gremlin Horn":[40,40],"counters":[33,225],"Pen Nib":[2],"Orichalcum":[108],"Smiling Mask":90,"Burning Blood":170,"Centennial Puzzle":[42],"Shovel":2,"Sundial":[16],"Bronze Scales":[765],"MealTicket":8,"Kunai":[34],"obtain_stats":[{"Pear":6,"Gremlin Horn":10,"Oddly Smooth Stone":47,"The Courier":9,"Pen Nib":55,"Orichalcum":27,"Smiling Mask":8,"Burning Blood":0,"ClockworkSouvenir":19,"Du-Vu Doll":29,"SlaversCollar":34,"Centennial Puzzle":26,"Shovel":40,"Sundial":49,"Bronze Scales":25,"MealTicket":19,"Molten Egg 2":43,"Bag of Marbles":0,"Coffee Dripper":17,"Red Mask":20,"Kunai":23,"Red Skull":37,"Toy Ornithopter":45,"Paper Frog":53},{"Pear":4,"Gremlin Horn":6,"Oddly Smooth Stone":28,"The Courier":5,"Pen Nib":32,"Orichalcum":16,"Smiling Mask":5,"Burning Blood":0,"ClockworkSouvenir":11,"Du-Vu Doll":18,"SlaversCollar":21,"Centennial Puzzle":15,"Shovel":24,"Sundial":29,"Bronze Scales":15,"MealTicket":11,"Molten Egg 2":25,"Bag of Marbles":0,"Coffee Dripper":10,"Red Mask":12,"Kunai":14,"Red Skull":23,"Toy Ornithopter":27,"Paper Frog":31},{"Pear":14,"Gremlin Horn":21,"Oddly Smooth Stone":146,"The Courier":18,"Pen Nib":208,"Orichalcum":51,"Smiling Mask":18,"Burning Blood":0,"ClockworkSouvenir":35,"Du-Vu Doll":60,"SlaversCollar":85,"Centennial Puzzle":49,"Shovel":98,"Sundial":151,"Bronze Scales":49,"MealTicket":35,"Molten Egg 2":110,"Bag of Marbles":0,"Coffee Dripper":33,"Red Mask":36,"Kunai":44,"Red Skull":91,"Toy Ornithopter":124,"Paper Frog":195}],"Toy Ornithopter":4},"card_choices":[{"not_picked":["True Grit","Thunderclap"],"picked":"Twin Strike","floor":1.0},{"not_picked":["Warcry","Iron Wave"],"picked":"Perfected Strike","floor":2.0},{"not_picked":["Headbutt","Rampage"],"picked":"Perfected Strike","floor":5.0},{"not_picked":["Dropkick","Blood for Blood"],"picked":"Immolate","floor":6.0},{"not_picked":["Anger","Dropkick","Hemokinesis"],"picked":"SKIP","floor":8.0},{"not_picked":["Bloodletting","Sentinel"],"picked":"Disarm","floor":10.0},{"not_picked":["Flex","Pummel"],"picked":"Pommel Strike","floor":11.0},{"not_picked":["Thunderclap","Anger"],"picked":"Barricade","floor":13.0},{"not_picked":["Thunderclap","Reckless Charge","Seeing Red"],"picked":"SKIP","floor":14.0},{"not_picked":["Fiend Fire","Demon Form"],"picked":"Reaper","floor":16.0},{"not_picked":["Clothesline","Wild Strike","Twin Strike"],"picked":"SKIP","floor":18.0},{"not_picked":["Perfected Strike","Burning Pact"],"picked":"Entrench","floor":20.0},{"not_picked":["Burning Pact","Armaments"],"picked":"Shrug It Off","floor":21.0},{"not_picked":["Pommel Strike","Second Wind"],"picked":"Power Through","floor":23.0},{"not_picked":["Pommel Strike","Barricade","Combust+1"],"picked":"SKIP","floor":25.0},{"not_picked":["Iron Wave","Heavy Blade","Havoc"],"picked":"SKIP","floor":27.0},{"not_picked":["Iron Wave","Heavy Blade","Havoc"],"picked":"SKIP","floor":27.0},{"not_picked":["Pommel Strike","Clothesline","Hemokinesis"],"picked":"SKIP","floor":28.0},{"not_picked":["Clash+1","Wild Strike"],"picked":"Entrench+1","floor":29.0},{"not_picked":["Clash+1","Blood for Blood"],"picked":"Ghostly Armor","floor":30.0},{"not_picked":["Hemokinesis","Perfected Strike+1","Combust+1"],"picked":"SKIP","floor":31.0},{"not_picked":["Double Tap","Feed"],"picked":"Exhume","floor":33.0},{"not_picked":["Pommel Strike+1","Rampage+1"],"picked":"Shrug It Off","floor":35.0},{"not_picked":["Flex","Armaments"],"picked":"Shrug It Off+1","floor":36.0},{"not_picked":["Panacea","Good Instincts"],"picked":"Blind","floor":38.0},{"not_picked":["Swift Strike","Flash of Steel"],"picked":"Blind","floor":38.0},{"not_picked":["Wild Strike","Clothesline"],"picked":"Feel No Pain","floor":40.0},{"not_picked":["Warcry","Inflame"],"picked":"Dark Embrace","floor":42.0},{"not_picked":["Blood for Blood+1","Seeing Red+1","Iron Wave+1"],"picked":"SKIP","floor":44.0},{"not_picked":["Feel No Pain","Entrench"],"picked":"Second Wind","floor":45.0},{"not_picked":["Cleave+1","Sword Boomerang+1"],"picked":"Reaper+1","floor":47.0},{"not_picked":["Iron Wave+1","Heavy Blade+1","Sentinel"],"picked":"SKIP","floor":48.0},{"not_picked":["Rage+1","Intimidate"],"picked":"Shockwave","floor":55}],"player_experience":21902760,"relics_obtained":[{"floor":6.0,"key":"Pear"},{"floor":8.0,"key":"Smiling Mask"},{"floor":9.0,"key":"The Courier"},{"floor":10.0,"key":"Gremlin Horn"},{"floor":20.0,"key":"Red Mask"},{"floor":23.0,"key":"Kunai"},{"floor":25.0,"key":"Bronze Scales"},{"floor":26.0,"key":"Centennial Puzzle"},{"floor":27.0,"key":"Orichalcum"},{"floor":29.0,"key":"Du-Vu Doll"},{"floor":40.0,"key":"Shovel"},{"floor":43.0,"key":"Molten Egg 2"},{"floor":45.0,"key":"Toy Ornithopter"},{"floor":47.0,"key":"Oddly Smooth Stone"},{"floor":49.0,"key":"Sundial"},{"floor":53.0,"key":"Paper Frog"},{"floor":55,"key":"Pen Nib"}],"event_choices":[{"damage_healed":18.0,"max_hp_gain":0.0,"max_hp_loss":0.0,"gold_gain":0.0,"event_name":"The Cleric","player_choice":"Healed","floor":3.0,"gold_loss":35.0,"damage_taken":0.0},{"damage_healed":0.0,"max_hp_gain":0.0,"max_hp_loss":0.0,"gold_gain":0.0,"cards_transformed":["Defend_R"],"event_name":"Transmorgrifier","player_choice":"Transformed","floor":4.0,"gold_loss":0.0,"damage_taken":0.0,"cards_obtained":["Berserk"]},{"damage_healed":0.0,"max_hp_gain":0.0,"max_hp_loss":0.0,"gold_gain":0.0,"event_name":"Masked Bandits","player_choice":"Fought Bandits","floor":20.0,"gold_loss":0.0,"damage_taken":0.0},{"damage_healed":0.0,"max_hp_gain":0.0,"max_hp_loss":0.0,"gold_gain":0.0,"event_name":"Nest","player_choice":"Joined the Cult","floor":22.0,"gold_loss":0.0,"damage_taken":6.0,"cards_obtained":["RitualDagger"]},{"damage_healed":0.0,"max_hp_gain":0.0,"max_hp_loss":0.0,"gold_gain":0.0,"event_name":"The Library","player_choice":"Read","floor":24.0,"gold_loss":0.0,"damage_taken":0.0,"cards_obtained":["Entrench"]},{"damage_healed":0.0,"max_hp_gain":0.0,"max_hp_loss":0.0,"gold_gain":0.0,"event_name":"SensoryStone","player_choice":"Memory 3","floor":38.0,"gold_loss":0.0,"damage_taken":10.0},{"cards_removed":["Perfected Strike"],"damage_healed":0.0,"max_hp_gain":0.0,"max_hp_loss":0.0,"gold_gain":0.0,"event_name":"Falling","player_choice":"Removed Attack","floor":39.0,"gold_loss":0.0,"damage_taken":0.0},{"damage_healed":0.0,"max_hp_gain":0.0,"max_hp_loss":4.0,"gold_gain":0.0,"event_name":"Winding Halls","player_choice":"Max HP","floor":46.0,"gold_loss":0.0,"damage_taken":0.0}],"is_beta":false,"boss_relics":[{"not_picked":["Calling Bell","Empty Cage"],"picked":"Coffee Dripper"},{"not_picked":["Black Star","Velvet Choker"],"picked":"SlaversCollar"}],"items_purged_floors":[19,37,54],"is_endless":false,"potions_floor_spawned":[5,6,11,20,23,25,27,30,33,35,40,42,47,48,55],"ascension_level":20}}