{"host":"ek3xvuouaw6vk9if","time":1612308784,"event":{"mods":["BaseMod","BetterRewards","Downfall","Minty Spire (QoL Compilation)","Permanent Neow","Quick Restart","Relic Stats","Replay The Spire","Spire Arcade","StSLib"],"gold_per_floor":[99,115,130,144,75,86,86,86,86,104,104,116,116,116,132,132,132,132],"floor_reached":16,"language":"ENG","playtime":708,"items_purged":[],"score":103,"play_id":"189e8678-fe68-416e-bf79-9b98c10d27f4","local_time":"20210202183304","is_ascension_mode":true,"campfire_choices":[{"data":"bronze:Goto","floor":11,"key":"SMITH"},{"data":"bronze:Iterate","floor":13,"key":"SMITH"}],"circlet_count":0,"master_deck":["bronze:Strike","bronze:Strike","bronze:Defend","bronze:Defend+1","bronze:Defend","bronze:Replicate","bronze:Goto+1","bronze:HyperBeam","bronze:NullPointer","bronze:OilSpill","bronze:ChildClass","bronze:WhirlingStrike","bronze:Philosophize","bronze:Iterate+1","bronze:OilSpill","bronze:Overheat"],"relics":["bronze:BronzeCore","Boot","bronze:BottledCode","downfall:BrokenWingStatue"],"acts_visited":["Exordium"],"potions_floor_usage":[16,16,16],"damage_taken":[{"damage":0,"enemies":"Cultist","floor":2,"turns":4},{"damage":0,"enemies":"Small Slimes","floor":3,"turns":3},{"damage":13,"enemies":"Jaw Worm","floor":4,"turns":4},{"damage":0,"enemies":"downfall:FleeingMerchant","floor":5,"turns":4},{"damage":5,"enemies":"3 Louse","floor":6,"turns":3},{"damage":12,"enemies":"Large Slime","floor":10,"turns":6},{"damage":0,"enemies":"Gremlin Gang","floor":12,"turns":3},{"damage":0,"enemies":"2 Fungi Beasts","floor":15,"turns":2},{"damage":46,"enemies":"DF_ARCHETYPE_STREAMLINE","floor":16,"turns":6}],"seed_played":"8310804367326386932","potions_obtained":[{"floor":2,"key":"Dexterity Potion"},{"floor":4,"key":"champ:CounterPotion"},{"floor":12,"key":"PowerPotion"}],"is_trial":false,"path_per_floor":["R","M","M","M","$","M","T","?","?","M","R","M","R","?","M","B"],"character_chosen":"THE_AUTOMATON","items_purchased":["bronze:WhirlingStrike"],"campfire_rested":0,"item_purchase_floors":[5],"current_hp_per_floor":[62,62,62,49,49,44,44,44,44,32,32,32,32,32,32,0,0,0],"gold":132,"neow_bonus":"TRANSFORM_CARD","is_daily":false,"chose_seed":false,"campfire_upgraded":2,"win_rate":0.0,"timestamp":1612308784,"path_taken":["R","M","M","M","$","M","T","?","?","M","R","M","R","?","M","BOSS"],"items_purchased_type":["Card"],"build_version":"2020-12-22","purchased_purges":0,"victory":false,"max_hp_per_floor":[70,70,70,70,70,70,70,60,60,60,60,60,60,60,60,60,60,60],"relic_stats":{"counters":[9,35],"Boot":[24],"obtain_stats":[{"bronze:BottledCode":8,"bronze:BronzeCore":0,"downfall:BrokenWingStatue":14,"Boot":7},{"bronze:BottledCode":5,"bronze:BronzeCore":0,"downfall:BrokenWingStatue":7,"Boot":5},{"bronze:BottledCode":18,"bronze:BronzeCore":0,"downfall:BrokenWingStatue":27,"Boot":18}]},"card_choices":[{"not_picked":["bronze:Allocate","bronze:Repair"],"picked":"bronze:NullPointer","floor":2},{"not_picked":["bronze:BugBarrage","bronze:BitShift","bronze:Turbo"],"picked":"SKIP","floor":3},{"not_picked":["bronze:BuggyMess","bronze:Turbo"],"picked":"bronze:OilSpill","floor":4},{"not_picked":["bronze:FineTuning","bronze:Separator"],"picked":"bronze:ChildClass","floor":5},{"not_picked":["bronze:ThunderWave","bronze:MaxOutput"],"picked":"bronze:Philosophize","floor":6},{"not_picked":["bronze:BronzeOrb","bronze:WhirlingStrike"],"picked":"bronze:Iterate","floor":10},{"not_picked":["bronze:Frontload","bronze:Optimize"],"picked":"bronze:OilSpill","floor":12},{"not_picked":["bronze:ClassDefault","bronze:Shield"],"picked":"bronze:Overheat","floor":15}],"player_experience":747139,"relics_obtained":[{"floor":7,"key":"Boot"}],"event_choices":[],"is_beta":false,"boss_relics":[],"items_purged_floors":[],"is_endless":false,"potions_floor_spawned":[2,4,12],"killed_by":"DF_ARCHETYPE_STREAMLINE","ascension_level":2}}