{"host":"nwd160me4iqdtr8u","time":1612286130,"event":{"mods":["AchievementEnabler","Act Like it!","BaseMod","Colored Map","DeckTracker","Keyboard Shortcuts","Minty Spire (QoL Compilation)","Quick Restart","Rare Cards Sparkle","Smile Girya","StSLib","SuperFastMode","everything is the same but u backflip on backflip"],"gold_per_floor":[117,127,127,138,158,190,34,34,34,50,61,73,73,93,93,192,192,211,223,223,111,122,122,154,154,227,253,271,17,32,49,49,153,153,165,175,188,208,218,218,246,246,246,279,279,306,306,286,286,286,286,286,38,67,67],"floor_reached":56,"language":"KOR","playtime":3968,"items_purged":["Strike_R"],"score":1551,"play_id":"c5b85e0e-5e37-480f-9190-af110821b8d7","local_time":"20210203021530","is_ascension_mode":true,"campfire_choices":[{"data":"Body Slam","floor":8.0,"key":"SMITH"},{"data":"Dark Embrace","floor":13.0,"key":"SMITH"},{"data":"Uppercut","floor":15.0,"key":"SMITH"},{"data":"Corruption","floor":23.0,"key":"SMITH"},{"data":"Feel No Pain","floor":32.0,"key":"SMITH"},{"data":"Evolve","floor":40.0,"key":"SMITH"},{"data":"Dark Embrace","floor":42.0,"key":"SMITH"},{"data":"Feel No Pain","floor":47.0,"key":"SMITH"},{"data":"Battle Trance","floor":49.0,"key":"SMITH"},{"data":"Fiend Fire","floor":52.0,"key":"SMITH"}],"circlet_count":0,"master_deck":["Strike_R","Strike_R","Strike_R","Defend_R","Defend_R","Defend_R","Bash","Corruption+1","Battle Trance+1","Armaments","Second Wind","Body Slam+1","Power Through","Uppercut+1","Dark Embrace+1","Combust","Immolate","Shrug It Off","Barricade+1","CurseOfTheBell","Shockwave+1","Power Through+1","Feel No Pain+1","Dark Embrace+1","Sever Soul+1","Evolve+1","Ghostly Armor+1","Fiend Fire+1","Feel No Pain+1","Dark Embrace+1","Ghostly Armor+1","Bloodletting+1","Bloodletting+1","Sever Soul+1"],"relics":["Burning Blood","Magic Flower","Bronze Scales","Prayer Wheel","Calling Bell","Lantern","Toxic Egg 2","Torii","Dead Branch","Bottled Tornado","Ancient Tea Set","Bottled Lightning","Black Star","Blood Vial","StrikeDummy","Letter Opener","Mango","Akabeko","Blue Candle","Pen Nib","Gambling Chip"],"acts_visited":["Exordium","TheCity","TheBeyond","TheEnding"],"potions_floor_usage":[55],"damage_taken":[{"damage":9.0,"enemies":"Jaw Worm","floor":1.0,"turns":5.0},{"damage":5.0,"enemies":"Cultist","floor":2.0,"turns":4.0},{"damage":8.0,"enemies":"Small Slimes","floor":4.0,"turns":4.0},{"damage":11.0,"enemies":"Exordium Thugs","floor":5.0,"turns":6.0},{"damage":34.0,"enemies":"3 Sentries","floor":6.0,"turns":13.0},{"damage":3.0,"enemies":"2 Fungi Beasts","floor":10.0,"turns":4.0},{"damage":33.0,"enemies":"Gremlin Gang","floor":11.0,"turns":7.0},{"damage":10.0,"enemies":"Red Slaver","floor":12.0,"turns":4.0},{"damage":17.0,"enemies":"3 Louse","floor":14.0,"turns":3.0},{"damage":24.0,"enemies":"Slime Boss","floor":16.0,"turns":9.0},{"damage":13.0,"enemies":"2 Thieves","floor":18.0,"turns":5.0},{"damage":15.0,"enemies":"Spheric Guardian","floor":19.0,"turns":4.0},{"damage":8.0,"enemies":"Chosen and Byrds","floor":22.0,"turns":7.0},{"damage":17.0,"enemies":"Slavers","floor":24.0,"turns":5.0},{"damage":14.0,"enemies":"Gremlin Leader","floor":27.0,"turns":7.0},{"damage":0.0,"enemies":"Snake Plant","floor":28.0,"turns":4.0},{"damage":0.0,"enemies":"Centurion and Healer","floor":30.0,"turns":5.0},{"damage":3.0,"enemies":"Chosen and Byrds","floor":31.0,"turns":3.0},{"damage":6.0,"enemies":"Collector","floor":33.0,"turns":7.0},{"damage":0.0,"enemies":"Orb Walker","floor":35.0,"turns":3.0},{"damage":1.0,"enemies":"3 Darklings","floor":36.0,"turns":5.0},{"damage":0.0,"enemies":"Transient","floor":37.0,"turns":5.0},{"damage":6.0,"enemies":"Maw","floor":38.0,"turns":4.0},{"damage":7.0,"enemies":"4 Shapes","floor":39.0,"turns":5.0},{"damage":18.0,"enemies":"Nemesis","floor":41.0,"turns":7.0},{"damage":0.0,"enemies":"Giant Head","floor":44.0,"turns":3.0},{"damage":3.0,"enemies":"Reptomancer","floor":46.0,"turns":2.0},{"damage":9.0,"enemies":"Donu and Deca","floor":50.0,"turns":4.0},{"damage":9.0,"enemies":"Shield and Spear","floor":54.0,"turns":4.0},{"damage":41,"enemies":"The Heart","floor":55,"turns":5}],"seed_played":"235526201618005604","potions_obtained":[{"floor":4.0,"key":"Fire Potion"},{"floor":10.0,"key":"BloodPotion"},{"floor":11.0,"key":"Dexterity Potion"},{"floor":14.0,"key":"EssenceOfSteel"},{"floor":22.0,"key":"Fire Potion"},{"floor":24.0,"key":"Energy Potion"},{"floor":28.0,"key":"DuplicationPotion"},{"floor":38.0,"key":"BloodPotion"},{"floor":44.0,"key":"FairyPotion"},{"floor":54.0,"key":"Explosive Potion"}],"is_trial":false,"path_per_floor":["M","M","?","M","M","E","$","R","T","M","M","M","R","M","R","B",null,"M","M","?","$","M","R","E","?","T","E","M","$","M","M","R","B",null,"M","M","M","M","M","R","E","R","T","E","?","E","R","?","R","B",null,"R","$","E","B",null],"character_chosen":"IRONCLAD","items_purchased":["Bronze Scales","Feel No Pain","Bottled Lightning","Blue Candle"],"campfire_rested":0,"item_purchase_floors":[7,21,29,53],"current_hp_per_floor":[77,78,78,76,71,43,43,43,43,49,25,48,48,40,40,25,80,76,70,70,70,71,71,63,63,63,58,67,67,76,80,80,80,80,80,80,80,80,80,80,71,71,71,80,75,94,94,94,94,94,94,94,94,94,62],"gold":67,"neow_bonus":"TRANSFORM_CARD","is_daily":false,"chose_seed":false,"campfire_upgraded":10,"win_rate":0.0,"timestamp":1612286130,"path_taken":["M","M","?","M","M","E","$","R","T","?","M","M","R","M","R","BOSS","M","M","?","$","?","R","E","?","T","E","M","$","M","?","R","BOSS","M","M","M","M","M","R","E","R","T","E","?","E","R","?","R","BOSS","R","$","E","BOSS"],"items_purchased_type":["Relic","Card","Relic","Relic"],"build_version":"2020-12-22","purchased_purges":1,"victory":true,"max_hp_per_floor":[80,80,80,80,80,80,80,80,80,80,80,80,80,80,80,80,80,80,80,80,80,80,80,80,80,80,80,80,80,80,80,80,80,80,80,80,80,80,80,80,80,80,80,80,80,94,94,94,94,94,94,94,94,94,94],"card_choices":[{"not_picked":["Perfected Strike","Burning Pact"],"picked":"Battle Trance","floor":1.0},{"not_picked":["Anger","Metallicize"],"picked":"Armaments","floor":2.0},{"not_picked":["Dual Wield","Havoc"],"picked":"Second Wind","floor":4.0},{"not_picked":["Cleave","Heavy Blade"],"picked":"Body Slam","floor":5.0},{"not_picked":["Body Slam","Pommel Strike","Havoc"],"picked":"SKIP","floor":6.0},{"not_picked":["Seeing Red","Headbutt"],"picked":"Power Through","floor":10.0},{"not_picked":["Body Slam","Thunderclap"],"picked":"Uppercut","floor":10.0},{"not_picked":["Havoc","Second Wind"],"picked":"Dark Embrace","floor":11.0},{"not_picked":["Iron Wave","Second Wind"],"picked":"Combust","floor":11.0},{"not_picked":["Carnage","Flame Barrier"],"picked":"Immolate","floor":12.0},{"not_picked":["Headbutt","Perfected Strike"],"picked":"Shrug It Off","floor":12.0},{"not_picked":["Entrench","Iron Wave","Armaments"],"picked":"SKIP","floor":14.0},{"not_picked":["Sever Soul","Perfected Strike","Hemokinesis"],"picked":"SKIP","floor":14.0},{"not_picked":["Exhume","Feed"],"picked":"Barricade","floor":16.0},{"not_picked":["Havoc+1","Thunderclap+1"],"picked":"Shockwave+1","floor":18.0},{"not_picked":["Armaments+1","Cleave","Battle Trance+1"],"picked":"SKIP","floor":18.0},{"not_picked":["Armaments+1","Cleave","Battle Trance+1"],"picked":"SKIP","floor":18.0},{"not_picked":["Iron Wave","Burning Pact+1"],"picked":"Power Through+1","floor":19.0},{"not_picked":["Spot Weakness+1","Perfected Strike","Rampage"],"picked":"SKIP","floor":19.0},{"not_picked":["Twin Strike","Iron Wave","Power Through+1"],"picked":"SKIP","floor":22.0},{"not_picked":["Entrench+1","Wild Strike","Iron Wave"],"picked":"SKIP","floor":22.0},{"not_picked":["Anger+1","Sever Soul","Brutality"],"picked":"SKIP","floor":24.0},{"not_picked":["Flex+1","Heavy Blade"],"picked":"Dark Embrace+1","floor":27.0},{"not_picked":["Power Through+1","Iron Wave"],"picked":"Sever Soul+1","floor":28.0},{"not_picked":["Perfected Strike","Clash","Sword Boomerang"],"picked":"SKIP","floor":28.0},{"not_picked":["Shrug It Off+1","Headbutt"],"picked":"Evolve","floor":30.0},{"not_picked":["Reckless Charge+1","Sword Boomerang","Anger+1"],"picked":"SKIP","floor":30.0},{"not_picked":["True Grit+1","Flex+1"],"picked":"Ghostly Armor+1","floor":31.0},{"not_picked":["True Grit+1","Anger","Wild Strike"],"picked":"SKIP","floor":31.0},{"not_picked":["Juggernaut","Bludgeon"],"picked":"Fiend Fire","floor":33.0},{"not_picked":["Reckless Charge","Inflame","Havoc+1"],"picked":"SKIP","floor":35.0},{"not_picked":["Whirlwind","Warcry+1","Twin Strike"],"picked":"SKIP","floor":35.0},{"not_picked":["Twin Strike","Metallicize+1"],"picked":"Feel No Pain","floor":36.0},{"not_picked":["Immolate","Headbutt","Hemokinesis+1"],"picked":"SKIP","floor":36.0},{"not_picked":["Flex+1","Power Through+1"],"picked":"Dark Embrace","floor":37.0},{"not_picked":["Flex+1","Armaments+1","Headbutt"],"picked":"SKIP","floor":37.0},{"not_picked":["Infernal Blade+1","Anger"],"picked":"Ghostly Armor+1","floor":38.0},{"not_picked":["Anger","Wild Strike","Headbutt+1"],"picked":"SKIP","floor":38.0},{"not_picked":["Clothesline+1","Feed","True Grit+1"],"picked":"SKIP","floor":39.0},{"not_picked":["Twin Strike","Sword Boomerang","Inflame+1"],"picked":"SKIP","floor":39.0},{"not_picked":["Carnage","Headbutt+1"],"picked":"Bloodletting+1","floor":41.0},{"not_picked":["Disarm+1","Heavy Blade"],"picked":"Bloodletting+1","floor":44.0},{"not_picked":["Burning Pact+1","Armaments+1","Heavy Blade+1"],"picked":"SKIP","floor":46.0},{"not_picked":["Heavy Blade","True Grit+1"],"picked":"Sever Soul+1","floor":54.0}],"player_experience":375764,"relics_obtained":[{"floor":6.0,"key":"Magic Flower"},{"floor":9.0,"key":"Prayer Wheel"},{"floor":17.0,"key":"Lantern"},{"floor":17.0,"key":"Toxic Egg 2"},{"floor":17.0,"key":"Torii"},{"floor":24.0,"key":"Dead Branch"},{"floor":26.0,"key":"Bottled Tornado"},{"floor":27.0,"key":"Ancient Tea Set"},{"floor":41.0,"key":"Blood Vial"},{"floor":41.0,"key":"StrikeDummy"},{"floor":44.0,"key":"Letter Opener"},{"floor":46.0,"key":"Mango"},{"floor":46.0,"key":"Akabeko"},{"floor":54.0,"key":"Pen Nib"},{"floor":54.0,"key":"Gambling Chip"}],"event_choices":[{"cards_removed":["Strike_R"],"damage_healed":0.0,"max_hp_gain":0.0,"max_hp_loss":0.0,"gold_gain":0.0,"event_name":"Purifier","player_choice":"Purged","floor":3.0,"gold_loss":0.0,"damage_taken":0.0},{"damage_healed":0.0,"max_hp_gain":0.0,"max_hp_loss":0.0,"gold_gain":0.0,"event_name":"Upgrade Shrine","player_choice":"Upgraded","floor":20.0,"gold_loss":0.0,"damage_taken":0.0,"cards_upgraded":["Barricade"]},{"damage_healed":0.0,"max_hp_gain":0.0,"max_hp_loss":0.0,"gold_gain":0.0,"event_name":"N\u0027loth","player_choice":"Ignored","floor":25.0,"gold_loss":0.0,"damage_taken":0.0},{"damage_healed":0.0,"max_hp_gain":0.0,"max_hp_loss":0.0,"gold_gain":0.0,"event_name":"SensoryStone","player_choice":"Memory 2","floor":45.0,"gold_loss":0.0,"damage_taken":5.0},{"damage_healed":0.0,"max_hp_gain":0.0,"max_hp_loss":0.0,"gold_gain":0.0,"event_name":"The Woman in Blue","player_choice":"Bought 1 Potion","floor":48.0,"gold_loss":0.0,"damage_taken":0.0}],"is_beta":false,"boss_relics":[{"not_picked":["Runic Cube","Ectoplasm"],"picked":"Calling Bell"},{"not_picked":["Busted Crown","Coffee Dripper"],"picked":"Black Star"}],"items_purged_floors":[21],"is_endless":false,"potions_floor_spawned":[4,10,11,14,22,24,28,30,38,39,44,54],"ascension_level":2}}