{"host":"1xo5g347e5o4auts","time":1612256407,"event":{"mods":["BaseMod","Minty Spire (QoL Compilation)","Permanent Neow","StSLib"],"gold_per_floor":[110,75,92,92,107,107,141,141,141,141,184,184,199,237,237,330,330,354,404,418,418,44,88,88,103,103,123,157,180,203,243,243,333,333,358,371,371,390,413,413,426,470,494,494,527,583,583,597,597,597,597,597],"floor_reached":51,"language":"ENG","playtime":1531,"items_purged":["Decay"],"score":1574,"play_id":"8ac8754c-c9d4-4ded-8dff-aa1982ae0d1a","local_time":"20210202110007","is_ascension_mode":true,"campfire_choices":[{"data":"Whirlwind","floor":6.0,"key":"SMITH"},{"data":"Evolve","floor":8.0,"key":"SMITH"},{"data":"Demon Form","floor":15.0,"key":"SMITH"},{"floor":24.0,"key":"REST"},{"floor":32.0,"key":"REST"},{"floor":40.0,"key":"REST"},{"floor":47,"key":"REST"},{"floor":49,"key":"RECALL"}],"circlet_count":0,"master_deck":["AscendersBane","Bash","Whirlwind+1","Demon Form+1","Evolve+1","Shrug It Off","Feed","Immolate","Battle Trance","Shrug It Off+1","Limit Break","Sword Boomerang+1","Seeing Red","Impervious","Anger","Infernal Blade","Intimidate","Offering","Double Tap","Clothesline","Cleave","Power Through","Body Slam","Shrug It Off+1","True Grit+1"],"relics":["Mark of Pain","Bird Faced Urn","CaptainsWheel","Golden Idol","Ornamental Fan","Matryoshka","Velvet Choker","Oddly Smooth Stone","Self Forming Clay","Membership Card","Regal Pillow","Ancient Tea Set","White Beast Statue","Sundial","Omamori","Ice Cream","Pandora\u0027s Box","Mercury Hourglass","Blue Candle","Girya"],"acts_visited":["Exordium","TheCity","TheBeyond"],"potions_floor_usage":[46,50,50],"damage_taken":[{"damage":7.0,"enemies":"Jaw Worm","floor":1.0,"turns":4.0},{"damage":7.0,"enemies":"Small Slimes","floor":3.0,"turns":3.0},{"damage":0.0,"enemies":"Cultist","floor":5.0,"turns":2.0},{"damage":20.0,"enemies":"3 Sentries","floor":7.0,"turns":4.0},{"damage":6.0,"enemies":"Gremlin Nob","floor":11.0,"turns":3.0},{"damage":0.0,"enemies":"2 Fungi Beasts","floor":13.0,"turns":1.0},{"damage":9.0,"enemies":"3 Sentries","floor":14.0,"turns":5.0},{"damage":55.0,"enemies":"The Guardian","floor":16.0,"turns":11.0},{"damage":7.0,"enemies":"3 Byrds","floor":18.0,"turns":4.0},{"damage":23.0,"enemies":"2 Thieves","floor":20.0,"turns":3.0},{"damage":23.0,"enemies":"Book of Stabbing","floor":23.0,"turns":5.0},{"damage":6.0,"enemies":"Cultist and Chosen","floor":25.0,"turns":5.0},{"damage":0.0,"enemies":"3 Cultists","floor":27.0,"turns":2.0},{"damage":20.0,"enemies":"Gremlin Leader","floor":28.0,"turns":5.0},{"damage":4.0,"enemies":"Centurion and Healer","floor":29.0,"turns":6.0},{"damage":7.0,"enemies":"Sentry and Sphere","floor":30.0,"turns":5.0},{"damage":28.0,"enemies":"Slavers","floor":31.0,"turns":5.0},{"damage":22.0,"enemies":"Automaton","floor":33.0,"turns":6.0},{"damage":12.0,"enemies":"3 Darklings","floor":35.0,"turns":2.0},{"damage":0.0,"enemies":"Orb Walker","floor":36.0,"turns":3.0},{"damage":37.0,"enemies":"Spire Growth","floor":38.0,"turns":4.0},{"damage":6.0,"enemies":"Sphere and 2 Shapes","floor":39.0,"turns":4.0},{"damage":31.0,"enemies":"Maw","floor":41.0,"turns":5.0},{"damage":6.0,"enemies":"Giant Head","floor":42.0,"turns":5.0},{"damage":45.0,"enemies":"Reptomancer","floor":45.0,"turns":5.0},{"damage":0,"enemies":"2 Orb Walkers","floor":46,"turns":1},{"damage":31,"enemies":"Jaw Worm Horde","floor":48,"turns":5},{"damage":16,"enemies":"Awakened One","floor":50,"turns":10},{"damage":24,"enemies":"Donu and Deca","floor":51,"turns":2}],"seed_played":"-1407949452334896958","potions_obtained":[{"floor":1.0,"key":"ElixirPotion"},{"floor":13.0,"key":"FairyPotion"},{"floor":14.0,"key":"Weak Potion"},{"floor":20.0,"key":"DuplicationPotion"},{"floor":25.0,"key":"Strength Potion"},{"floor":27.0,"key":"Fruit Juice"},{"floor":28.0,"key":"LiquidMemories"},{"floor":31.0,"key":"SmokeBomb"},{"floor":33.0,"key":"FearPotion"},{"floor":38.0,"key":"AttackPotion"},{"floor":46,"key":"Energy Potion"},{"floor":48,"key":"GamblersBrew"}],"is_trial":false,"path_per_floor":["M","?","M","?","M","R","E","R","T","?","E","?","M","E","R","B",null,"M","?","M","T","$","E","R","M","T","M","E","M","M","E","R","B",null,"M","M","?","M","M","R","M","E","T","?","E","?","R","M","R","B","B"],"character_chosen":"IRONCLAD","items_purchased":["Membership Card","Immolate","Regal Pillow"],"campfire_rested":4,"item_purchase_floors":[22,22,22],"current_hp_per_floor":[61,75,68,68,68,68,48,48,48,48,44,44,44,37,37,11,54,52,52,31,31,31,15,52,50,50,52,44,47,44,23,64,49,81,69,71,71,38,39,82,55,53,53,53,12,12,55,28,28,16,0,0],"gold":597,"neow_bonus":"BOSS_RELIC","is_daily":false,"chose_seed":false,"campfire_upgraded":3,"win_rate":0.0,"timestamp":1612256407,"path_taken":["M","?","M","?","M","R","E","R","T","?","E","?","?","E","R","BOSS","M","?","M","?","$","E","R","M","T","M","E","?","M","E","R","BOSS","M","M","?","M","M","R","M","E","T","?","E","?","R","M","R","BOSS","BOSS"],"items_purchased_type":["Relic","Card","Relic"],"build_version":"2020-12-22","purchased_purges":1,"victory":false,"max_hp_per_floor":[75,75,75,75,75,75,75,75,75,68,68,68,68,68,68,68,68,71,71,71,71,71,74,74,74,74,74,82,85,85,88,88,91,91,91,91,91,91,94,94,94,94,94,94,94,94,94,94,94,94,94,94],"card_choices":[{"not_picked":["Wild Strike","Body Slam"],"picked":"Whirlwind","floor":1.0},{"not_picked":["Shrug It Off","Headbutt"],"picked":"Uppercut","floor":3.0},{"not_picked":["Dual Wield","Sentinel"],"picked":"Demon Form","floor":5.0},{"not_picked":["Heavy Blade","Infernal Blade"],"picked":"Evolve","floor":7.0},{"not_picked":["Inflame","Blood for Blood","Uppercut"],"picked":"SKIP","floor":11.0},{"not_picked":["Headbutt","Thunderclap"],"picked":"Shrug It Off","floor":13.0},{"not_picked":["Pommel Strike","Combust","Cleave"],"picked":"SKIP","floor":14.0},{"not_picked":["Brutality","Fiend Fire"],"picked":"Feed","floor":16.0},{"not_picked":["Whirlwind","Headbutt","Iron Wave"],"picked":"SKIP","floor":18.0},{"not_picked":["Sever Soul","Iron Wave","Whirlwind"],"picked":"SKIP","floor":20.0},{"not_picked":["Flex","Twin Strike"],"picked":"Battle Trance","floor":23.0},{"not_picked":["Clash","True Grit","Anger"],"picked":"SKIP","floor":25.0},{"not_picked":["Flex","Dropkick","Armaments"],"picked":"SKIP","floor":27.0},{"not_picked":["Intimidate","Warcry"],"picked":"Shrug It Off+1","floor":28.0},{"not_picked":["True Grit","Cleave"],"picked":"Limit Break","floor":29.0},{"not_picked":["Pommel Strike","Havoc"],"picked":"Sword Boomerang+1","floor":30.0},{"not_picked":["Inflame","Havoc+1","Seeing Red"],"picked":"SKIP","floor":31.0},{"not_picked":["Inflame","Havoc+1"],"picked":"Seeing Red","floor":31.0},{"not_picked":["Limit Break","Exhume"],"picked":"Impervious","floor":33.0},{"not_picked":["Warcry","Uppercut+1","Iron Wave"],"picked":"SKIP","floor":35.0},{"not_picked":["Evolve","Searing Blow","Wild Strike"],"picked":"SKIP","floor":36.0},{"not_picked":["Twin Strike","Clash+1","Anger"],"picked":"SKIP","floor":38.0},{"not_picked":["Bludgeon","Wild Strike+1","Anger+1"],"picked":"SKIP","floor":39.0},{"not_picked":["Whirlwind","Rupture","Dropkick"],"picked":"SKIP","floor":41.0},{"not_picked":["Searing Blow","Intimidate","Uppercut"],"picked":"SKIP","floor":42.0},{"not_picked":["Metallicize","Juggernaut","Sword Boomerang"],"picked":"SKIP","floor":45.0},{"not_picked":["Anger+1","Sentinel"],"picked":"Shrug It Off+1","floor":46},{"not_picked":["Combust","Rampage"],"picked":"True Grit+1","floor":48}],"player_experience":1409455,"relics_obtained":[{"floor":7.0,"key":"Bird Faced Urn"},{"floor":9.0,"key":"CaptainsWheel"},{"floor":11.0,"key":"Ornamental Fan"},{"floor":14.0,"key":"Matryoshka"},{"floor":21.0,"key":"Oddly Smooth Stone"},{"floor":21.0,"key":"Self Forming Clay"},{"floor":23.0,"key":"Ancient Tea Set"},{"floor":26.0,"key":"White Beast Statue"},{"floor":26.0,"key":"Sundial"},{"floor":28.0,"key":"Omamori"},{"floor":31.0,"key":"Ice Cream"},{"floor":42.0,"key":"Mercury Hourglass"},{"floor":45.0,"key":"Blue Candle"},{"floor":46,"key":"Girya"}],"event_choices":[{"damage_healed":18.0,"max_hp_gain":0.0,"max_hp_loss":0.0,"gold_gain":0.0,"event_name":"The Cleric","player_choice":"Healed","floor":2.0,"gold_loss":35.0,"damage_taken":0.0},{"damage_healed":0.0,"max_hp_gain":0.0,"max_hp_loss":0.0,"gold_gain":0.0,"event_name":"Liars Game","player_choice":"Ignored","floor":4.0,"gold_loss":0.0,"damage_taken":0.0},{"damage_healed":0.0,"max_hp_gain":0.0,"max_hp_loss":7.0,"gold_gain":0.0,"event_name":"Golden Idol","player_choice":"Lose Max HP","floor":10.0,"gold_loss":0.0,"damage_taken":0.0,"relics_obtained":["Golden Idol"]},{"damage_healed":0.0,"max_hp_gain":0.0,"max_hp_loss":0.0,"gold_gain":0.0,"event_name":"Wheel of Change","player_choice":"Cursed","floor":12.0,"gold_loss":0.0,"damage_taken":0.0,"cards_obtained":["Decay"]},{"damage_healed":0.0,"max_hp_gain":0.0,"max_hp_loss":0.0,"gold_gain":50.0,"event_name":"Nest","player_choice":"Stole From Cult","floor":19.0,"gold_loss":0.0,"damage_taken":0.0},{"damage_healed":0.0,"max_hp_gain":0.0,"max_hp_loss":0.0,"gold_gain":0.0,"event_name":"Tomb of Lord Red Mask","player_choice":"Ignored","floor":37.0,"gold_loss":0.0,"damage_taken":0.0},{"cards_removed":["Uppercut"],"damage_healed":0.0,"max_hp_gain":0.0,"max_hp_loss":0.0,"gold_gain":0.0,"event_name":"Falling","player_choice":"Removed Attack","floor":44.0,"gold_loss":0.0,"damage_taken":0.0},{"damage_healed":0,"gold_gain":0,"player_choice":"Fight","damage_taken":0,"max_hp_gain":0,"max_hp_loss":0,"event_name":"Mysterious Sphere","floor":46,"gold_loss":0}],"is_beta":false,"boss_relics":[{"not_picked":["Coffee Dripper","Runic Cube"],"picked":"Velvet Choker"},{"not_picked":["Astrolabe","Sozu"],"picked":"Pandora\u0027s Box"}],"items_purged_floors":[22],"is_endless":false,"potions_floor_spawned":[1,13,14,20,25,27,28,29,30,31,33,35,36,38,39,41,42,45,46,48],"killed_by":"Donu and Deca","ascension_level":20}}