{"host":"34kve6bedbwpq90u","time":1612278256,"event":{"mods":["100% Spire Juice","AchievementEnabler","Act Like it!","Arknights","BaseMod","BetterRewards","Colored Map","Custom Start","Decade(王小明)","Defuse TimeMaze Blight","Downfall","Friendly Minions","Gensokyo","GifTheSpireLib","HexUI Lib","Minty Spire (QoL Compilation)","MostiFishMod","Quarter Circle Forward PUNCH!","RumiaBox-露米娅的神秘盒子","Ryuuou龙王","Shop Mod","Spicy Shops","StSLib","TestMod","The Fake Hero","Waifu the Spire","WarShipGirlsR/战舰少女R mod"],"gold_per_floor":[114,114,131,143,193,224,235,235,289,289,163,163,192,207,207,282,282,299,318,51,71,71,71,71,101,101,101,111,26,49,74,74,172,172,188,188,208,219,241,261,297,297,297,297,212,212,231,280,280,304,343,343,343,218,253,261,261],"floor_reached":56,"language":"ZHS","playtime":1829,"items_purged":["Strike_G","Strike_G","Defend_G"],"score":2514,"play_id":"557c2460-ca2e-4ee9-b443-1bd70fcb0a08","local_time":"20210202230416","is_ascension_mode":true,"campfire_choices":[{"floor":8,"key":"RECALL"},{"data":"Blade Dance","floor":10,"key":"SMITH"},{"data":"Blade Dance","floor":12,"key":"SMITH"},{"data":"Blade Dance","floor":15,"key":"SMITH"},{"data":"Storm of Steel","floor":23,"key":"SMITH"},{"data":"MostiFishMod:VineMother","floor":32,"key":"SMITH"},{"data":"Concentrate","floor":42,"key":"SMITH"},{"data":"Gensokyo:HouraiInAPot","floor":46,"key":"SMITH"},{"data":"Infinite Blades","floor":49,"key":"SMITH"},{"data":"Prepared","floor":53,"key":"SMITH"}],"circlet_count":0,"master_deck":["AscendersBane","Strike_G","Strike_G","Strike_G","Defend_G","Defend_G","Defend_G","Survivor","Neutralize+1","Blade Dance+1","Concentrate+1","Prepared+1","Blade Dance+1","Blade Dance+1","Storm of Steel+1","Acrobatics","MostiFishMod:VineMother+1","Calculated Gamble","MostiFishMod:ThornCasing+1","Gensokyo:HouraiInAPot+1","Infinite Blades+1"],"relics":["Ring of the Snake","testmod-TestBox","testmod-CasingShield","PatriotShield","SynthV:TestCard","qcfpunch:Wild_Herbs_Ointment","Bronze Scales","SacredBark","SynthV","MealTicket","MutagenicStrength","testmod-TheFather","Philosopher\u0027s Stone","qcfpunch:Army_Boots","ThornShield","Juzu Bracelet","Akabeko","qcfpunch:Red_Beret","testmod-FatalChain"],"acts_visited":["Exordium","TheCity","TheCity","TheEnding"],"potions_floor_usage":[16,41,50],"damage_taken":[{"damage":0,"enemies":"Jaw Worm","floor":1,"turns":2},{"damage":0,"enemies":"Cultist","floor":3,"turns":1},{"damage":0,"enemies":"2 Louse","floor":4,"turns":2},{"damage":0,"enemies":"Gremlin Nob","floor":6,"turns":1},{"damage":0,"enemies":"Lots of Slimes","floor":7,"turns":2},{"damage":0,"enemies":"Lagavulin","floor":13,"turns":2},{"damage":0,"enemies":"Looter","floor":14,"turns":1},{"damage":2,"enemies":"Hexaghost","floor":16,"turns":3},{"damage":0,"enemies":"Chosen","floor":18,"turns":2},{"damage":0,"enemies":"Spheric Guardian","floor":19,"turns":1},{"damage":0,"enemies":"Centurion and Healer","floor":21,"turns":1},{"damage":0,"enemies":"Slavers","floor":25,"turns":1},{"damage":0,"enemies":"Shelled Parasite and Fungi","floor":28,"turns":1},{"damage":0,"enemies":"Snake Plant","floor":30,"turns":1},{"damage":0,"enemies":"Centurion and Healer","floor":31,"turns":1},{"damage":0,"enemies":"Automaton","floor":33,"turns":2},{"damage":0,"enemies":"Gensokyo:AncientGuardian","floor":35,"turns":1},{"damage":0,"enemies":"Gensokyo:3_Bats","floor":37,"turns":1},{"damage":29,"enemies":"Gensokyo:3_Bats","floor":38,"turns":4},{"damage":0,"enemies":"Gensokyo:3_Boulders","floor":39,"turns":1},{"damage":0,"enemies":"Gensokyo:AtlasGolem","floor":40,"turns":1},{"damage":0,"enemies":"Gensokyo:Marisa","floor":41,"turns":1},{"damage":0,"enemies":"Gensokyo:Dusk_and_Dawn","floor":47,"turns":2},{"damage":0,"enemies":"Gensokyo:Kasen","floor":48,"turns":2},{"damage":0,"enemies":"Gensokyo:Scarlet_Devils","floor":50,"turns":3},{"damage":0,"enemies":"Gensokyo:Shinki","floor":51,"turns":3},{"damage":0,"enemies":"Shield and Spear","floor":55,"turns":2},{"damage":69,"enemies":"The Heart","floor":56,"turns":2}],"seed_played":"-3605282763479151140","potions_obtained":[{"floor":1,"key":"GhostInAJar"},{"floor":6,"key":"DistilledChaos"},{"floor":16,"key":"Poison Potion"},{"floor":28,"key":"Regen Potion"},{"floor":33,"key":"Energy Potion"}],"is_trial":false,"path_per_floor":["M","?","M","M","?","E","M","R","T","R","$","R","E","M","R","B",null,"M","M","$","M","$","R","$","E","T","?","M","?","M","M","R","B",null,"M","?","M","?","M","M","E","R","T","?","COS","R","M","E","R","B","B",null,"R","$","E","B"],"character_chosen":"THE_SILENT","items_purchased":["Blade Dance","SynthV"],"campfire_rested":0,"item_purchase_floors":[11,20],"current_hp_per_floor":[59,59,59,59,59,59,59,59,59,59,59,59,59,59,59,57,64,64,64,64,64,64,64,64,64,64,64,64,64,64,64,64,64,66,66,66,66,66,66,66,66,66,66,66,66,66,66,66,66,66,66,66,66,66,66,0,0],"gold":261,"neow_bonus":"UPGRADE_CARD","is_daily":false,"chose_seed":false,"campfire_upgraded":9,"win_rate":0.0,"timestamp":1612278256,"path_taken":["M","?","M","?","?","E","M","R","T","R","$","R","E","M","R","BOSS","M","M","$","M","?","R","$","E","T","?","M","?","M","M","R","BOSS","M","?","M","?","M","M","E","R","T","?","COS","R","M","E","R","BOSS","BOSS","R","$","E","BOSS"],"items_purchased_type":["Card","Relic"],"build_version":"2020-12-22","purchased_purges":3,"victory":false,"max_hp_per_floor":[66,66,66,66,66,66,66,66,66,66,66,66,66,66,66,66,66,66,66,66,66,66,66,66,66,66,66,66,66,66,66,66,66,66,66,66,66,66,66,66,66,66,66,66,66,66,66,66,66,66,66,66,66,66,66,66,66],"card_choices":[{"not_picked":["Predator","Heel Hook"],"picked":"Blade Dance","floor":1},{"not_picked":["Acrobatics","MostiFishMod:PreservedThorns","Deadly Poison","Escape Plan"],"picked":"Concentrate","floor":3},{"not_picked":["Dodge and Roll","Flechettes","Outmaneuver","Deflect"],"picked":"Prepared","floor":4},{"not_picked":["Setup","Poisoned Stab","Corpse Explosion","All Out Attack"],"picked":"Blade Dance","floor":6},{"not_picked":["Dagger Throw","Sucker Punch","Underhanded Strike","Flying Knee","Bane"],"picked":"SKIP","floor":7},{"not_picked":["PiercingWail","Dash","MostiFishMod:PerfectParry","Deadly Poison","Predator"],"picked":"SKIP","floor":13},{"not_picked":["MostiFishMod:AdrenalineArouse","MostiFishMod:PerfectParry","Dagger Throw","Prepared","Flying Knee"],"picked":"SKIP","floor":14},{"not_picked":["MostiFishMod:GrandStart","Doppelganger","Phantasmal Killer","MostiFishMod:Confrontation"],"picked":"Storm of Steel","floor":16},{"not_picked":["Reflex","Sucker Punch+1","MostiFishMod:PerfectParry","Skewer","Predator"],"picked":"SKIP","floor":18},{"not_picked":["Heel Hook+1","Setup","Eviscerate","Deflect","Quick Slash"],"picked":"SKIP","floor":19},{"not_picked":["Quick Slash","Deflect","Leg Sweep","Dagger Throw"],"picked":"Acrobatics","floor":21},{"not_picked":["Crippling Poison","MostiFishMod:PerfectParry","Backflip","Slice"],"picked":"MostiFishMod:VineMother","floor":25},{"not_picked":["Acrobatics","Expertise+1","Underhanded Strike","MostiFishMod:PerfectParry","Slice"],"picked":"SKIP","floor":28},{"not_picked":["PiercingWail","MostiFishMod:PerfectParry","Deflect","Corpse Explosion"],"picked":"Calculated Gamble","floor":30},{"not_picked":["Blade Dance","MostiFishMod:PreservedThorns","MostiFishMod:PoisonShield","Sucker Punch","Well Laid Plans"],"picked":"SKIP","floor":31},{"not_picked":["Underhanded Strike","Masterful Stab+1","All Out Attack+1","Dagger Spray","PiercingWail"],"picked":"SKIP","floor":35},{"not_picked":["Cloak And Dagger+1","Reflex","Blur","MostiFishMod:InvigoratingSolution"],"picked":"MostiFishMod:ThornCasing+1","floor":37},{"not_picked":["Gensokyo:RisingWorld","Gensokyo:LifeSpringInfinity"],"picked":"Gensokyo:HouraiInAPot","floor":38},{"not_picked":["Blur","MostiFishMod:Listen","Calculated Gamble+1","Sucker Punch","Heel Hook"],"picked":"SKIP","floor":39},{"not_picked":["Cloak And Dagger+1","Blur","Slice+1","Backstab","Calculated Gamble"],"picked":"SKIP","floor":40},{"not_picked":["Dagger Throw+1","Dagger Spray+1","Poisoned Stab+1","MostiFishMod:Listen","Riddle With Holes"],"picked":"SKIP","floor":41},{"not_picked":["Crippling Poison+1","Terror+1","Cloak And Dagger","Escape Plan","Underhanded Strike"],"picked":"SKIP","floor":47},{"not_picked":["Deflect+1","Leg Sweep","Flying Knee","Backflip+1"],"picked":"Infinite Blades","floor":48},{"not_picked":["Masterful Stab+1","Bouncing Flask","Blur","Cloak And Dagger","Noxious Fumes"],"picked":"SKIP","floor":55}],"player_experience":57096,"relics_obtained":[{"floor":1,"key":"SynthV:TestCard"},{"floor":6,"key":"qcfpunch:Wild_Herbs_Ointment"},{"floor":13,"key":"Bronze Scales"},{"floor":25,"key":"MealTicket"},{"floor":41,"key":"qcfpunch:Army_Boots"},{"floor":43,"key":"ThornShield"},{"floor":48,"key":"Akabeko"},{"floor":55,"key":"qcfpunch:Red_Beret"}],"event_choices":[{"cards_removed":["Defend_G"],"damage_healed":0,"gold_gain":0,"player_choice":"Card Removal","damage_taken":0,"max_hp_gain":0,"max_hp_loss":0,"event_name":"Wheel of Change","floor":2,"gold_loss":0},{"damage_healed":0,"gold_gain":50,"player_choice":"Pray","damage_taken":0,"max_hp_gain":0,"max_hp_loss":0,"event_name":"Golden Shrine","floor":5,"gold_loss":0},{"damage_healed":0,"gold_gain":0,"player_choice":"Inject Mutagens","damage_taken":0,"relics_obtained":["MutagenicStrength"],"max_hp_gain":0,"max_hp_loss":0,"event_name":"Drug Dealer","floor":27,"gold_loss":0},{"damage_healed":0,"gold_gain":0,"player_choice":"Obtained Relic","damage_taken":0,"relics_obtained":["testmod-TheFather"],"max_hp_gain":0,"max_hp_loss":0,"event_name":"Addict","floor":29,"gold_loss":85},{"damage_healed":0,"gold_gain":0,"player_choice":"Swap Relic","damage_taken":0,"relics_obtained":["Juzu Bracelet"],"max_hp_gain":0,"max_hp_loss":0,"event_name":"给自己的盒子","floor":44,"relics_lost":["DaveBox"],"gold_loss":0}],"is_beta":false,"boss_relics":[{"not_picked":["qcfpunch:Dark_Gi","testmod-BloodSacrificeSpiritualization"],"picked":"SacredBark"},{"not_picked":["Pandora\u0027s Box","EE1DDrone"],"picked":"Philosopher\u0027s Stone"}],"items_purged_floors":[11,20,54],"is_endless":false,"potions_floor_spawned":[1,6,13,14,16,25,28,33,35,37,40,48],"killed_by":"The Heart","ascension_level":20}}