{"host":"9mz6x6ekz95y53i5","time":1612279443,"event":{"mods":["AchievementEnabler","BaseMod","Downfall","Energized Spire","FoggyMod","Minty Spire (QoL Compilation)","Reliquary","Replay The Spire","Spicy Shops","StSLib","The Bug Knight","The Servant 0.9.4","¡¾ÒÅÎï¿¨ÅÆ¡¿REMEMod"],"gold_per_floor":[116,116,116,41,41,41,72,91,170,170,204,204,239,239,239,239,239],"floor_reached":16,"language":"ZHS","playtime":654,"items_purged":[],"score":278,"play_id":"477a462d-e006-4263-b41a-b3586621cdab","local_time":"20210202232403","is_ascension_mode":true,"campfire_choices":[],"circlet_count":0,"master_deck":["AscendersBane","Strike_R","Strike_R","Strike_R+1","Strike_R+1","Strike_R","Defend_R","Defend_R","REME_EyeOfCthun","Flex+1","Second Wind+1","Brutality","Survivor","Neutralize","Spot Weakness"],"relics":["Burning Blood","REME_ComplimentaryCards","NeowsBlessing","ReplayTheSpireMod:Ring of Exchange","ReplayTheSpireMod:Ring of Collecting","TungstenRod","Quantum Egg","Ring of Hypnosis","Gremlin Horn","Simple Rune","Prayer Wheel","Ring of Fury"],"acts_visited":["Exordium"],"potions_floor_usage":[11,16,16],"damage_taken":[{"damage":0,"enemies":"2 Louse","floor":1,"turns":1},{"damage":0,"enemies":"Gremlin Nob","floor":7,"turns":1},{"damage":0,"enemies":"Jaw Worm","floor":8,"turns":1},{"damage":20,"enemies":"3 Sentries","floor":11,"turns":6},{"damage":28,"enemies":"Lagavulin","floor":13,"turns":6},{"damage":34,"enemies":"Fading Forest","floor":16,"turns":7}],"seed_played":"6405906010217268957","potions_obtained":[{"floor":1,"key":"Reflective Coating"},{"floor":8,"key":"Strength Potion"},{"floor":15,"key":"Block Potion"},{"floor":15,"key":"Venom Potion"}],"is_trial":false,"path_per_floor":["M","?","?","?","$","?","E","M","T","?","E","?","E","T","R","B"],"character_chosen":"IRONCLAD","items_purchased":[],"campfire_rested":0,"item_purchase_floors":[],"current_hp_per_floor":[74,74,74,74,74,74,75,75,75,53,39,39,17,17,17,0,0],"gold":239,"neow_bonus":"THREE_ENEMY_KILL","is_daily":false,"chose_seed":false,"campfire_upgraded":0,"win_rate":0.0,"timestamp":1612279443,"path_taken":["M","?","?","?","$","?","E","?","T","?","E","?","E","?","R","BOSS"],"items_purchased_type":[],"build_version":"2020-12-22","purchased_purges":0,"victory":false,"max_hp_per_floor":[75,75,75,75,75,75,75,75,75,75,75,75,75,75,75,75,75],"card_choices":[{"not_picked":["True Grit","Anger"],"picked":"Flex","floor":1},{"not_picked":["Clothesline","Dropkick","Iron Wave"],"picked":"SKIP","floor":7},{"not_picked":["Havoc","Flex","Second Wind"],"picked":"SKIP","floor":8},{"not_picked":["Clash","Headbutt"],"picked":"Brutality","floor":11},{"not_picked":["ReplayTheSpireMod:Muscle Training","Bloodletting"],"picked":"Spot Weakness","floor":13}],"player_experience":203354,"relics_obtained":[{"floor":3,"key":"ReplayTheSpireMod:Ring of Exchange"},{"floor":3,"key":"ReplayTheSpireMod:Ring of Collecting"},{"floor":7,"key":"Quantum Egg"},{"floor":9,"key":"Ring of Hypnosis"},{"floor":9,"key":"Gremlin Horn"},{"floor":11,"key":"Simple Rune"},{"floor":13,"key":"Prayer Wheel"},{"floor":14,"key":"Ring of Fury"}],"event_choices":[{"damage_healed":0,"gold_gain":0,"cards_transformed":["Defend_R"],"player_choice":"Change","damage_taken":0,"max_hp_gain":0,"max_hp_loss":0,"event_name":"Living Wall","floor":2,"gold_loss":0,"cards_obtained":["Second Wind"]},{"cards_removed":["Defend_R"],"damage_healed":0,"gold_gain":0,"player_choice":"Card Removal","damage_taken":0,"max_hp_gain":0,"max_hp_loss":0,"event_name":"The Cleric","floor":4,"gold_loss":75},{"damage_healed":0,"gold_gain":0,"player_choice":"Gave Potion","damage_taken":0,"relics_obtained":["TungstenRod"],"max_hp_gain":0,"max_hp_loss":0,"event_name":"WeMeetAgain","floor":6,"gold_loss":0},{"damage_healed":0,"gold_gain":0,"player_choice":"Entered Light","damage_taken":23,"max_hp_gain":0,"max_hp_loss":0,"event_name":"Shining Light","floor":10,"gold_loss":0,"cards_upgraded":["Flex","Second Wind"]}],"is_beta":false,"boss_relics":[],"items_purged_floors":[],"is_endless":false,"potions_floor_spawned":[1,8],"killed_by":"Fading Forest","ascension_level":20}}