{"host":"vqgrg90fv56geajp","time":1612276696,"event":{"mods":["BaseMod","Colored Map","Colored Powertips","Minty Spire (QoL Compilation)","Quick Restart","Rare Cards Sparkle","Relic Stats"],"gold_per_floor":[113,113,263,263,282,282,310,310,333,350,375,390,104,104,104,104,104],"floor_reached":16,"language":"ENG","playtime":475,"items_purged":["Strike_G"],"score":266,"play_id":"a42c6b77-53bf-48e1-a05b-4a69cd5d1d53","local_time":"20210202163816","is_ascension_mode":true,"campfire_choices":[{"data":"Infinite Blades","floor":6,"key":"SMITH"},{"data":"Cloak And Dagger","floor":8,"key":"SMITH"},{"floor":15,"key":"REST"}],"circlet_count":0,"master_deck":["AscendersBane","Strike_G","Strike_G","Strike_G","Defend_G","Defend_G","Defend_G","Defend_G","Defend_G","Survivor","Neutralize","Infinite Blades+1","Cloak And Dagger+1","Corpse Explosion","Slice+1","Blade Dance","Cloak And Dagger","Outmaneuver"],"relics":["Ring of the Snake","NeowsBlessing","Molten Egg 2","Eternal Feather","Happy Flower","Omamori","Medical Kit"],"acts_visited":["Exordium"],"potions_floor_usage":[11,16],"damage_taken":[{"damage":0,"enemies":"Small Slimes","floor":1,"turns":1},{"damage":0,"enemies":"2 Louse","floor":5,"turns":1},{"damage":0,"enemies":"Gremlin Nob","floor":7,"turns":1},{"damage":0,"enemies":"Cultist","floor":10,"turns":4},{"damage":42,"enemies":"Lagavulin","floor":11,"turns":8},{"damage":4,"enemies":"Looter","floor":12,"turns":4},{"damage":52,"enemies":"Hexaghost","floor":16,"turns":9}],"seed_played":"-8485993986026917342","potions_obtained":[{"floor":1,"key":"Block Potion"},{"floor":5,"key":"Energy Potion"},{"floor":11,"key":"Weak Potion"}],"is_trial":false,"path_per_floor":["M","?","?","?","M","R","E","R","T","M","E","M","$","?","R","B"],"character_chosen":"THE_SILENT","items_purchased":["Medical Kit","Cloak And Dagger"],"campfire_rested":1,"item_purchase_floors":[13,13],"current_hp_per_floor":[59,59,59,59,59,59,59,66,66,66,24,20,20,20,48,0,0],"gold":104,"neow_bonus":"THREE_ENEMY_KILL","is_daily":false,"chose_seed":false,"campfire_upgraded":2,"win_rate":0.0,"timestamp":1612276696,"path_taken":["M","?","?","?","M","R","E","R","T","?","E","M","$","?","R","BOSS"],"items_purchased_type":["Relic","Card"],"build_version":"2020-12-22","purchased_purges":1,"victory":false,"max_hp_per_floor":[66,66,66,66,66,66,66,66,66,66,66,66,66,66,66,66,66],"relic_stats":{"Happy Flower":[8],"counters":[7,28],"Eternal Feather":16,"Medical Kit":[4],"obtain_stats":[{"NeowsBlessing":0,"Happy Flower":9,"Molten Egg 2":2,"Eternal Feather":7,"Omamori":11,"Medical Kit":13,"Ring of the Snake":0},{"NeowsBlessing":0,"Happy Flower":3,"Molten Egg 2":1,"Eternal Feather":3,"Omamori":5,"Medical Kit":6,"Ring of the Snake":0},{"NeowsBlessing":0,"Happy Flower":3,"Molten Egg 2":1,"Eternal Feather":3,"Omamori":15,"Medical Kit":19,"Ring of the Snake":0}],"Ring of the Snake":[14]},"card_choices":[{"not_picked":["All Out Attack","Skewer"],"picked":"Infinite Blades","floor":1},{"not_picked":["Distraction","Backflip"],"picked":"Cloak And Dagger","floor":5},{"not_picked":["Cloak And Dagger","Blur"],"picked":"Corpse Explosion","floor":7},{"not_picked":["Tactician","Bane+1","Outmaneuver"],"picked":"SKIP","floor":10},{"not_picked":["Heel Hook+1","Sucker Punch+1"],"picked":"Slice+1","floor":11},{"not_picked":["Calculated Gamble","Caltrops"],"picked":"Blade Dance","floor":12}],"player_experience":2543497,"relics_obtained":[{"floor":7,"key":"Eternal Feather"},{"floor":9,"key":"Happy Flower"},{"floor":11,"key":"Omamori"}],"event_choices":[{"damage_healed":0,"gold_gain":0,"player_choice":"Box","damage_taken":0,"relics_obtained":["Molten Egg 2"],"max_hp_gain":0,"max_hp_loss":0,"event_name":"Big Fish","floor":2,"gold_loss":0,"cards_obtained":["Regret"]},{"damage_healed":0,"gold_gain":150,"player_choice":"AGREE","damage_taken":0,"max_hp_gain":0,"max_hp_loss":0,"event_name":"Liars Game","floor":3,"gold_loss":0,"cards_obtained":["Doubt"]},{"cards_removed":["Doubt","Regret"],"damage_healed":0,"gold_gain":0,"player_choice":"Removed Curses","damage_taken":0,"max_hp_gain":0,"max_hp_loss":0,"event_name":"Fountain of Cleansing","floor":4,"gold_loss":0},{"damage_healed":0,"gold_gain":0,"cards_transformed":["Strike_G"],"player_choice":"Transformed","damage_taken":0,"max_hp_gain":0,"max_hp_loss":0,"event_name":"Transmorgrifier","floor":14,"gold_loss":0,"cards_obtained":["Outmaneuver"]}],"is_beta":false,"boss_relics":[],"items_purged_floors":[13],"is_endless":false,"potions_floor_spawned":[1,5,11],"killed_by":"Hexaghost","ascension_level":20}}