{"host":"mulvwr6fzlda1d2f","time":1612233140,"event":{"mods":["BaseMod","Colored Powertips","Minty Spire (QoL Compilation)","Quick Restart","Remove Card Discount Mod","StSLib","egg"],"gold_per_floor":[110,128,128,13,31,59,70,35,108,122,137,137,156,169,169,270,270,284,195,213,232,232,232],"floor_reached":22,"language":"ENG","playtime":874,"items_purged":["Strike_B","Strike_B","Strike_B","Blizzard"],"score":202,"play_id":"cd58b094-bb21-43fc-8174-d0568093ea80","local_time":"20210201183220","is_ascension_mode":true,"campfire_choices":[{"floor":12,"key":"RECALL"},{"data":"Barrage","floor":15,"key":"SMITH"}],"circlet_count":0,"master_deck":["Defend_B","Defend_B","Defend_B","Defend_B","Zap","Dualcast","Cold Snap","Leap","Glacier","Melter","Self Repair","Barrage+1","Hello World","Sweeping Beam","All For One","Conserve Battery","Blind"],"relics":["Cracked Core","Dead Branch","SacredBark"],"acts_visited":["Exordium","TheCity"],"potions_floor_usage":[6,16,16,18,20],"damage_taken":[{"damage":0,"enemies":"2 Louse","floor":1,"turns":3},{"damage":0,"enemies":"Cultist","floor":2,"turns":3},{"damage":0,"enemies":"Jaw Worm","floor":5,"turns":3},{"damage":20,"enemies":"Lagavulin","floor":6,"turns":10},{"damage":10,"enemies":"Looter","floor":7,"turns":3},{"damage":0,"enemies":"2 Fungi Beasts","floor":10,"turns":4},{"damage":5,"enemies":"3 Louse","floor":11,"turns":6},{"damage":5,"enemies":"Large Slime","floor":13,"turns":5},{"damage":11,"enemies":"Exordium Wildlife","floor":14,"turns":6},{"damage":34,"enemies":"Hexaghost","floor":16,"turns":13},{"damage":21,"enemies":"Shell Parasite","floor":18,"turns":8},{"damage":12,"enemies":"Spheric Guardian","floor":20,"turns":4},{"damage":12,"enemies":"Shelled Parasite and Fungi","floor":21,"turns":9},{"damage":10,"enemies":"Snake Plant","floor":22,"turns":4}],"seed_played":"2660655650447256298","potions_obtained":[{"floor":2,"key":"PowerPotion"},{"floor":10,"key":"Regen Potion"},{"floor":11,"key":"Dexterity Potion"},{"floor":14,"key":"PowerPotion"},{"floor":16,"key":"EntropicBrew"},{"floor":18,"key":"EssenceOfDarkness"}],"is_trial":false,"path_per_floor":["M","M","?","$","M","E","M","?","T","M","M","R","M","M","R","B",null,"M","$","M","M","M"],"character_chosen":"DEFECT","items_purchased":["Glacier","Melter","Blind"],"campfire_rested":0,"item_purchase_floors":[4,4,19],"current_hp_per_floor":[82,82,82,82,82,62,52,72,72,79,81,81,82,78,78,66,82,68,68,63,58,48,48],"gold":232,"neow_bonus":"TEN_PERCENT_HP_BONUS","is_daily":false,"chose_seed":false,"campfire_upgraded":1,"win_rate":0.0,"timestamp":1612233140,"path_taken":["M","M","?","?","M","E","M","?","T","M","M","R","M","M","R","BOSS","M","$","M","M","M"],"items_purchased_type":["Card","Card","Card"],"build_version":"2020-12-22","purchased_purges":4,"victory":false,"max_hp_per_floor":[82,82,82,82,82,82,82,82,82,82,82,82,82,82,82,82,82,82,82,82,82,82,82],"card_choices":[{"not_picked":["Ball Lightning","Sweeping Beam"],"picked":"Cold Snap","floor":1},{"not_picked":["Rebound","Aggregate"],"picked":"Leap","floor":2},{"not_picked":["Hologram","Tempest"],"picked":"Blizzard","floor":5},{"not_picked":["Force Field","Meteor Strike","Multi-Cast"],"picked":"SKIP","floor":6},{"not_picked":["Steam","Conserve Battery"],"picked":"Self Repair","floor":7},{"not_picked":["Turbo","Fusion"],"picked":"Barrage","floor":10},{"not_picked":["Cold Snap","Rebound","Steam"],"picked":"SKIP","floor":11},{"not_picked":["Ball Lightning","Steam"],"picked":"Hello World","floor":13},{"not_picked":["Hello World","Force Field"],"picked":"Sweeping Beam","floor":14},{"not_picked":["Multi-Cast","Rainbow"],"picked":"All For One","floor":16},{"not_picked":["Steam","Blizzard"],"picked":"Conserve Battery","floor":18},{"not_picked":["Compile Driver","Rip and Tear+1","Melter"],"picked":"SKIP","floor":20},{"not_picked":["Glacier+1","Undo+1","Ball Lightning"],"picked":"SKIP","floor":21}],"player_experience":266109,"relics_obtained":[{"floor":6,"key":"Dead Branch"}],"event_choices":[{"cards_removed":["Strike_B"],"damage_healed":0,"gold_gain":0,"player_choice":"Offered Basic","damage_taken":0,"max_hp_gain":0,"max_hp_loss":0,"event_name":"Bonfire Elementals","floor":3,"gold_loss":0},{"damage_healed":20,"gold_gain":0,"player_choice":"Healed","damage_taken":0,"max_hp_gain":0,"max_hp_loss":0,"event_name":"The Cleric","floor":8,"gold_loss":35}],"is_beta":false,"boss_relics":[{"not_picked":["Cursed Key","Fusion Hammer"],"picked":"SacredBark"}],"items_purged_floors":[4,19,19,19],"is_endless":false,"potions_floor_spawned":[2,10,11,14,16,18],"killed_by":"Snake Plant","ascension_level":1}}