{"host":"xcjf5gtp2l6zn2ds","time":1612296679,"event":{"mods":["BaseMod","Colored Map","Downfall","Minty Spire (QoL Compilation)","Replay The Spire","StSLib"],"gold_per_floor":[99,117,131,145,145,156,183,183,43,55,83,96,96,109,126,226,226,126,143,159,172,187,187,187,87,115,15,15,0,0,10,21,21,21,21],"floor_reached":33,"language":"ENG","playtime":4237,"items_purged":["Slimebound:Defend_Slimebound"],"score":298,"play_id":"875966c8-ae13-4d83-87b0-5c4cfce5e0e0","local_time":"20210202141119","is_ascension_mode":false,"campfire_choices":[{"floor":1,"key":"RECALL"},{"data":"Slimebound:SlimeBarrage","floor":18,"key":"SMITH"},{"data":"Slimebound:LeadByExample","floor":25,"key":"SMITH"},{"data":"Slimebound:GoopSpray","floor":27,"key":"SMITH"},{"data":"Slimebound:Gluttony","floor":30,"key":"SMITH"}],"circlet_count":0,"master_deck":["Slimebound:Strike_Slimebound","Slimebound:Strike_Slimebound","Slimebound:Strike_Slimebound","Slimebound:Tackle","Slimebound:Defend_Slimebound","Slimebound:Defend_Slimebound","Slimebound:Defend_Slimebound","Slimebound:Split","Slimebound:CorrosiveSpit","Slimebound:SplitMire+1","Slimebound:SlimeSpikes","Slimebound:LivingWall","Slimebound:SlimeSpikes","Slimebound:Gluttony+1","Slimebound:AcidTongue","Slimebound:GoopSpray+1","Slimebound:HauntingLick","Slimebound:Repurpose","Slimebound:SplitMire","Slimebound:SlimeBarrage+1","Slimebound:MassFeed","Slimebound:HauntingLick","Slimebound:RainOfGoop+1","Slimebound:LeadByExample+1","Slimebound:MinionMaster","Voices","Slimebound:Schlurp","Slimebound:Nibble+1"],"relics":["Slimebound:AbsorbEndCombat","Pet Ghost","Orichalcum","MealTicket","Sozu","downfall:HeartBlessingRed","ReplayTheSpireMod:Ring of Challenge","downfall:HeartBlessingBlue","Bottled Lightning","downfall:HeartBlessingGreen"],"acts_visited":["Exordium","TheCity"],"potions_floor_usage":[16,16,22],"damage_taken":[{"damage":1,"enemies":"2 Louse","floor":2,"turns":3},{"damage":4,"enemies":"Cultist","floor":3,"turns":3},{"damage":10,"enemies":"Small Slimes","floor":4,"turns":4},{"damage":2,"enemies":"Blue Slaver","floor":6,"turns":5},{"damage":3,"enemies":"downfall:FleeingMerchant","floor":9,"turns":4},{"damage":13,"enemies":"Large Slime","floor":10,"turns":6},{"damage":10,"enemies":"3 Sentries","floor":11,"turns":6},{"damage":7,"enemies":"Exordium Thugs","floor":12,"turns":4},{"damage":6,"enemies":"3 Louse","floor":14,"turns":5},{"damage":4,"enemies":"Lots of Slimes","floor":15,"turns":5},{"damage":36,"enemies":"DF_ARCHETYPE_STREAMLINE","floor":16,"turns":8},{"damage":0,"enemies":"3 Byrds","floor":19,"turns":5},{"damage":10,"enemies":"Shell Parasite","floor":20,"turns":5},{"damage":10,"enemies":"Centurion and Healer","floor":21,"turns":4},{"damage":12,"enemies":"Snecko","floor":22,"turns":4},{"damage":37,"enemies":"Book of Stabbing","floor":26,"turns":5},{"damage":0,"enemies":"downfall:FleeingMerchant","floor":29,"turns":4},{"damage":0,"enemies":"3 Cultists","floor":31,"turns":4},{"damage":10,"enemies":"Snake Plant","floor":32,"turns":4},{"damage":51,"enemies":"SI_MIRROR_ARCHETYPE","floor":33,"turns":8}],"seed_played":"-6899721962377662805","potions_obtained":[{"floor":3,"key":"ColorlessPotion"},{"floor":4,"key":"Elixir"},{"floor":6,"key":"Cursed Concoction"},{"floor":10,"key":"Energy Potion"},{"floor":16,"key":"SkillPotion"}],"is_trial":false,"path_per_floor":["R_BF","M","M","M","?","M","T","?","$","M","E","M","?","M","M","B",null,"R","M","M","M","M","?","T","R","E","R","?","$","R","M","M","B"],"character_chosen":"SLIMEBOUND","items_purchased":["Slimebound:GoopSpray"],"campfire_rested":0,"item_purchase_floors":[9],"current_hp_per_floor":[65,64,63,59,59,61,61,61,65,56,54,51,51,49,53,25,65,65,65,59,55,51,51,51,61,30,30,16,39,39,47,43,0,0,0],"gold":21,"neow_bonus":"RANDOM_COMMON_RELIC","is_daily":false,"chose_seed":false,"campfire_upgraded":4,"win_rate":0.0,"timestamp":1612296679,"path_taken":["R_BF","M","M","M","?","?","T","?","$","M","E","?","?","M","M","BOSS","R","M","M","M","?","?","T","R","E","R","?","?","R","M","M","BOSS"],"items_purchased_type":["Card"],"build_version":"2020-12-22","purchased_purges":1,"victory":false,"max_hp_per_floor":[65,65,65,65,65,65,65,65,65,65,65,65,65,65,65,65,65,65,65,65,65,65,65,65,75,75,75,80,80,80,80,80,80,80,80],"card_choices":[{"not_picked":["Slimebound:SamplingLick","Slimebound:LevelUp"],"picked":"Slimebound:SplitMire","floor":2},{"not_picked":["Slimebound:HauntingLick","Slimebound:Replication"],"picked":"Slimebound:SlimeSpikes","floor":3},{"not_picked":["Slimebound:SplitAcid","Slimebound:ViciousTackle"],"picked":"Slimebound:LivingWall","floor":4},{"not_picked":["Slimebound:RollThrough","Slimebound:RallyTheTroops"],"picked":"Slimebound:Gluttony","floor":6},{"not_picked":["Slimebound:PressTheAttack","Slimebound:SlimeSpikes"],"picked":"Slimebound:AcidTongue","floor":9},{"not_picked":["Slimebound:LeechingTouch","Slimebound:SplitMire"],"picked":"Slimebound:HauntingLick","floor":10},{"not_picked":["Slimebound:OozeBath","Slimebound:HauntingLick"],"picked":"Slimebound:Repurpose","floor":11},{"not_picked":["Slimebound:LivingWall","Slimebound:SplitLeeching","Slimebound:FinishingTackle"],"picked":"SKIP","floor":12},{"not_picked":["Slimebound:RollThrough","Slimebound:Prepare"],"picked":"Slimebound:SplitMire","floor":14},{"not_picked":["Slimebound:SlimeSpikes","Slimebound:LeechEnergy"],"picked":"Slimebound:SlimeBarrage","floor":15},{"not_picked":["Slimebound:MinionMaster","Slimebound:LeechLife"],"picked":"Slimebound:MassFeed","floor":16},{"not_picked":["Slimebound:Grow+1","Slimebound:SplitLeeching+1"],"picked":"Slimebound:HauntingLick","floor":19},{"not_picked":["Slimebound:BestDefense+1","Slimebound:GoopSpray+1"],"picked":"Slimebound:RainOfGoop+1","floor":20},{"not_picked":["Slimebound:GoopTackle","Slimebound:ProtectTheBoss+1"],"picked":"Slimebound:LeadByExample","floor":21},{"not_picked":["Slimebound:HauntingLick","Slimebound:Prepare"],"picked":"Slimebound:MinionMaster","floor":22},{"not_picked":["Slimebound:GoopTackle","Slimebound:RejuvenatingLick"],"picked":"Slimebound:Schlurp","floor":26},{"not_picked":["Slimebound:Chomp","Slimebound:PressTheAttack"],"picked":"Slimebound:Nibble+1","floor":29},{"not_picked":["Slimebound:PressTheAttack+1","Slimebound:RollThrough+1","Slimebound:Nibble"],"picked":"SKIP","floor":31},{"not_picked":["Slimebound:SplitLeeching","Slimebound:FinishingTackle","Slimebound:GoopSpray"],"picked":"SKIP","floor":32}],"player_experience":25991,"relics_obtained":[{"floor":7,"key":"Orichalcum"},{"floor":11,"key":"MealTicket"},{"floor":23,"key":"ReplayTheSpireMod:Ring of Challenge"},{"floor":26,"key":"Bottled Lightning"}],"event_choices":[{"damage_healed":0,"gold_gain":0,"player_choice":"Ignored","damage_taken":0,"max_hp_gain":0,"max_hp_loss":0,"event_name":"NoteForYourself","floor":8,"gold_loss":0},{"damage_healed":0,"gold_gain":0,"player_choice":"Forge","damage_taken":0,"max_hp_gain":0,"max_hp_loss":0,"event_name":"Accursed Blacksmith","floor":13,"gold_loss":0,"cards_upgraded":["Slimebound:SplitMire"]}],"is_beta":false,"boss_relics":[{"not_picked":["Tiny House","Runic Dome"],"picked":"Sozu"}],"items_purged_floors":[9],"is_endless":false,"potions_floor_spawned":[3,4,6,10,14,16,19,21,32],"killed_by":"SI_MIRROR_ARCHETYPE","ascension_level":0}}