{"host":"89frlrzg3lfsymiq","time":1612305630,"event":{"mods":["2.2 Compatiblity","AchievementEnabler","Aspiration","BaseMod","Better Altar","Better Match","Better Note","Better Sensory Stone","Better Skull","Better Third Choice","Conspire","Downfall","GifTheSpireLib","Halation","Highlight Path","Hubris","Minty Spire (QoL Compilation)","Permanent Neow","Quick Restart","StSLib","The Blue Laboratory","The Cursed","The Jungle","The Necromancer","The Runesmith"],"gold_per_floor":[112,75,350,370,385,417,429,429,429,445,148,0,18,33,33,137,137,150,150,166,166,166],"floor_reached":21,"language":"ENG","playtime":718,"items_purged":[],"score":608,"play_id":"1ae11419-e885-4e62-9810-fc527f15b317","local_time":"20210202174030","daily_mods":["Hoarder","DeadlyEvents"],"is_ascension_mode":false,"campfire_choices":[{"floor":8,"key":"REST"},{"data":"Enlightenment","floor":15,"key":"SMITH"}],"circlet_count":0,"master_deck":["Strike_B","Strike_B","Strike_B","Strike_B","Defend_B","Defend_B","Defend_B","Defend_B","Zap","Dualcast","Capacitor","Capacitor","Capacitor","Defragment","Defragment","Defragment","Regret","Regret","Regret","Ball Lightning","Ball Lightning","Ball Lightning","Conserve Battery","Conserve Battery","Conserve Battery","Self Repair","Self Repair","Self Repair","Sunder","Sunder","Sunder","Defragment","Defragment","Defragment","Melter","Melter","Melter","Enlightenment","Enlightenment","Enlightenment+1","Juggernaut","Juggernaut","Juggernaut","Death_March_Dance+1","Death_March_Dance+1","Death_March_Dance+1","Strike_B","Strike_B","Strike_B","Strike_B","Strike_B","Strike_B","Strike_B","Strike_B","Strike_B","Strike_B","Strike_B","Strike_B","Defend_B","Defend_B","Defend_B","Defend_B","Defend_B","Defend_B","Defend_B","Defend_B","Defend_B","Defend_B","Defend_B","Defend_B","Zap","Zap","Zap","Dualcast","Dualcast","Dualcast","Capacitor","Capacitor","Capacitor","Capacitor","Capacitor","Capacitor","Capacitor","Capacitor","Capacitor","Defragment","Defragment","Defragment","Defragment","Defragment","Defragment","Defragment","Defragment","Defragment","Regret","Regret","Regret","Regret","Regret","Regret","Regret","Regret","Regret","Ball Lightning","Ball Lightning","Ball Lightning","Ball Lightning","Ball Lightning","Ball Lightning","Ball Lightning","Ball Lightning","Ball Lightning","Conserve Battery","Conserve Battery","Conserve Battery","Conserve Battery","Conserve Battery","Conserve Battery","Conserve Battery","Conserve Battery","Conserve Battery","Self Repair","Self Repair","Self Repair","Self Repair","Self Repair","Self Repair","Self Repair","Self Repair","Self Repair","Sunder","Sunder","Sunder","Sunder","Sunder","Sunder","Sunder","Sunder","Sunder","Defragment","Defragment","Defragment","Defragment","Defragment","Defragment","Defragment","Defragment","Defragment","Melter","Melter","Melter","Melter","Melter","Melter","Melter","Melter","Melter","Enlightenment","Enlightenment","Enlightenment","Enlightenment","Enlightenment","Enlightenment","Enlightenment+1","Enlightenment+1","Enlightenment+1","Juggernaut","Juggernaut","Juggernaut","Juggernaut","Juggernaut","Juggernaut","Juggernaut","Juggernaut","Juggernaut","Death_March_Dance+1","Death_March_Dance+1","Death_March_Dance+1","Death_March_Dance+1","Death_March_Dance+1","Death_March_Dance+1","Death_March_Dance+1","Death_March_Dance+1","Death_March_Dance+1"],"relics":["Cracked Core","Slimebound:PreparedRelic","Pantograph","PrismaticShard","Runic Pyramid"],"acts_visited":["Exordium","TheCity"],"potions_floor_usage":[6,10],"damage_taken":[{"damage":3,"enemies":"Small Slimes","floor":1,"turns":3},{"damage":12,"enemies":"Cultist","floor":4,"turns":5},{"damage":10,"enemies":"2 Louse","floor":5,"turns":2},{"damage":39,"enemies":"Lagavulin","floor":6,"turns":6},{"damage":10,"enemies":"Blue Slaver","floor":7,"turns":3},{"damage":14,"enemies":"3 Louse","floor":10,"turns":3},{"damage":17,"enemies":"Looter","floor":13,"turns":4},{"damage":2,"enemies":"2 Fungi Beasts","floor":14,"turns":3},{"damage":58,"enemies":"Hexaghost","floor":16,"turns":8},{"damage":69,"enemies":"2 Thieves","floor":18,"turns":5},{"damage":5,"enemies":"Spheric Guardian","floor":20,"turns":3},{"damage":26,"enemies":"Centurion and Healer","floor":21,"turns":1}],"seed_played":"-8978638762958030318","potions_obtained":[{"floor":1,"key":"blueLaboratory:FruitPunch"},{"floor":7,"key":"LiquidMemories"},{"floor":10,"key":"LiquidMemories"},{"floor":14,"key":"EssenceOfSteel"}],"is_trial":true,"path_per_floor":["M","$","?","M","M","E","M","R","T","M","$","?","M","M","R","B",null,"M","?","M","M"],"character_chosen":"DEFECT","items_purchased":["Defragment","PrismaticShard","Defragment","Melter"],"campfire_rested":1,"item_purchase_floors":[2,11,11,11],"current_hp_per_floor":[72,72,72,60,50,13,3,26,26,26,26,32,29,34,34,1,83,21,21,23,0,0],"gold":166,"neow_bonus":"","is_daily":false,"chose_seed":false,"campfire_upgraded":1,"win_rate":0.0,"timestamp":1612305630,"path_taken":["M","$","?","M","M","E","M","R","T","?","$","?","M","M","R","BOSS","M","?","M","M"],"items_purchased_type":["Card","Relic","Card","Card"],"build_version":"2020-12-22","purchased_purges":0,"victory":false,"max_hp_per_floor":[75,75,75,75,75,77,77,77,77,77,77,83,83,83,83,83,83,83,83,83,83,83],"card_choices":[{"not_picked":["Recycle","Double Energy"],"picked":"Capacitor","floor":1},{"not_picked":["Sweeping Beam","Static Discharge"],"picked":"Ball Lightning","floor":4},{"not_picked":["Steam","Redo"],"picked":"Conserve Battery","floor":5},{"not_picked":["Steam","Sweeping Beam","Heatsinks"],"picked":"SKIP","floor":6},{"not_picked":["Undo","Reprogram"],"picked":"Self Repair","floor":7},{"not_picked":["Compile Driver","Blizzard"],"picked":"Sunder","floor":10},{"not_picked":["Compile Driver","FTL","Guardian:PrismaticBarrier"],"picked":"SKIP","floor":13},{"not_picked":["TheCursedMod:CursedAmulet","Reflex","Aggregate"],"picked":"SKIP","floor":14},{"not_picked":["Meteor Strike","Mayhem"],"picked":"Juggernaut","floor":16},{"not_picked":["Madness","Halt+1"],"picked":"Death_March_Dance+1","floor":18},{"not_picked":["champ:BladeFlurry","Coolheaded+1","Guardian:Gem_Cyan"],"picked":"SKIP","floor":20}],"player_experience":220004,"relics_obtained":[{"floor":6,"key":"Slimebound:PreparedRelic"},{"floor":9,"key":"Pantograph"}],"event_choices":[{"damage_healed":0,"gold_gain":275,"player_choice":"Desecrate","damage_taken":0,"max_hp_gain":0,"max_hp_loss":0,"event_name":"Golden Shrine","floor":3,"gold_loss":0,"cards_obtained":["Regret"]},{"damage_healed":0,"gold_gain":0,"player_choice":"RENOUNCE","damage_taken":148,"max_hp_gain":0,"max_hp_loss":0,"event_name":"betterThird:BetterSerpent","floor":12,"gold_loss":148,"cards_obtained":["Enlightenment"]}],"is_beta":false,"boss_relics":[{"not_picked":["aspiration:MobileForge","Snecko Eye"],"picked":"Runic Pyramid"}],"items_purged_floors":[],"is_endless":false,"potions_floor_spawned":[1,7,10,14],"killed_by":"Centurion and Healer","ascension_level":0}}