{"host":"by8i6f8xc0ywpsd5","time":1612286990,"event":{"mods":["BaseMod","Colored Map","Minty Spire (QoL Compilation)","Relic Stats"],"gold_per_floor":[115,129,139,24,24,62,62,86,133,188,224,273,307,340,352,476,488,511,511],"floor_reached":18,"language":"ENG","playtime":3024,"items_purged":[],"score":251,"play_id":"6a9e6431-5d09-4031-a659-ab688446aecb","local_time":"20210202192950","is_ascension_mode":true,"campfire_choices":[{"data":"Blade Dance","floor":7,"key":"SMITH"},{"data":"Terror","floor":15,"key":"SMITH"}],"circlet_count":0,"master_deck":["Strike_G","Strike_G","Strike_G","Strike_G","Strike_G","Defend_G","Defend_G","Defend_G","Defend_G","Defend_G","Survivor","Neutralize","Dagger Throw","Cloak And Dagger","Underhanded Strike","Blade Dance+1","Dash+1","Calculated Gamble","Leg Sweep","Prepared","Well Laid Plans","Adrenaline","Terror+1","After Image"],"relics":["Ring of the Snake","Blood Vial","CeramicFish","Snake Skull","MawBank","Dream Catcher","Question Card","Black Star"],"acts_visited":["Exordium","TheCity"],"potions_floor_usage":[12,18],"damage_taken":[{"damage":0,"enemies":"Cultist","floor":1,"turns":4},{"damage":0,"enemies":"2 Louse","floor":2,"turns":2},{"damage":0,"enemies":"Jaw Worm","floor":3,"turns":4},{"damage":17,"enemies":"3 Sentries","floor":6,"turns":9},{"damage":34,"enemies":"Lagavulin","floor":10,"turns":7},{"damage":0,"enemies":"Large Slime","floor":11,"turns":4},{"damage":0,"enemies":"Gremlin Nob","floor":12,"turns":3},{"damage":0,"enemies":"Exordium Wildlife","floor":13,"turns":3},{"damage":0,"enemies":"Lots of Slimes","floor":14,"turns":4},{"damage":10,"enemies":"Hexaghost","floor":16,"turns":9},{"damage":5,"enemies":"3 Byrds","floor":18,"turns":6}],"seed_played":"-6007751642961256688","potions_obtained":[{"floor":10,"key":"AttackPotion"},{"floor":12,"key":"ColorlessPotion"},{"floor":13,"key":"SneckoOil"},{"floor":14,"key":"LiquidBronze"}],"is_trial":false,"path_per_floor":["M","M","M","$","?","E","R","T","T","E","M","E","M","M","R","B",null,"M"],"character_chosen":"THE_SILENT","items_purchased":["Blade Dance","Dash"],"campfire_rested":0,"item_purchase_floors":[4,4],"current_hp_per_floor":[70,70,70,70,70,53,53,53,53,21,23,25,27,29,29,21,70,65,65],"gold":511,"neow_bonus":"RANDOM_COMMON_RELIC","is_daily":false,"chose_seed":false,"campfire_upgraded":2,"win_rate":0.0,"timestamp":1612286990,"path_taken":["M","M","?","$","?","E","R","?","T","E","M","E","M","M","R","BOSS","M"],"items_purchased_type":["Card","Card"],"build_version":"2020-12-22","purchased_purges":0,"victory":false,"max_hp_per_floor":[70,70,70,70,70,70,70,70,70,70,70,70,70,70,70,70,70,70,70],"relic_stats":{"Blood Vial":12,"Dream Catcher":0,"counters":[11,55],"CeramicFish":63,"Snake Skull":[0],"Black Star":0,"MawBank":108,"Question Card":4,"obtain_stats":[{"Blood Vial":0,"Dream Catcher":10,"CeramicFish":6,"Snake Skull":8,"Black Star":17,"MawBank":9,"Question Card":12,"Ring of the Snake":0},{"Blood Vial":0,"Dream Catcher":5,"CeramicFish":4,"Snake Skull":4,"Black Star":10,"MawBank":4,"Question Card":7,"Ring of the Snake":0},{"Blood Vial":0,"Dream Catcher":26,"CeramicFish":19,"Snake Skull":19,"Black Star":49,"MawBank":19,"Question Card":33,"Ring of the Snake":0}],"Ring of the Snake":[22]},"card_choices":[{"not_picked":["Quick Slash","Terror"],"picked":"Dagger Throw","floor":1},{"not_picked":["Acrobatics","Concentrate"],"picked":"Cloak And Dagger","floor":2},{"not_picked":["Backstab","Deadly Poison"],"picked":"Underhanded Strike","floor":3},{"not_picked":["Concentrate","Sucker Punch"],"picked":"Calculated Gamble","floor":6},{"not_picked":["Backstab","Dodge and Roll"],"picked":"Leg Sweep","floor":10},{"not_picked":["Dodge and Roll","Cloak And Dagger"],"picked":"Prepared","floor":11},{"not_picked":["Blade Dance","Slice"],"picked":"Well Laid Plans","floor":12},{"not_picked":["Backstab","Deflect","Heel Hook"],"picked":"Adrenaline","floor":13},{"not_picked":["Prepared","Flying Knee","Catalyst"],"picked":"Terror","floor":14},{"not_picked":["Adrenaline","Bullet Time","Glass Knife"],"picked":"After Image","floor":16}],"player_experience":1715641,"relics_obtained":[{"floor":6,"key":"CeramicFish"},{"floor":8,"key":"Snake Skull"},{"floor":9,"key":"MawBank"},{"floor":10,"key":"Dream Catcher"},{"floor":12,"key":"Question Card"}],"event_choices":[{"damage_healed":0,"gold_gain":0,"player_choice":"Grow","damage_taken":0,"max_hp_gain":0,"max_hp_loss":0,"event_name":"Living Wall","floor":5,"gold_loss":0,"cards_upgraded":["Dash"]}],"is_beta":false,"boss_relics":[{"not_picked":["Sozu","Coffee Dripper"],"picked":"Black Star"}],"items_purged_floors":[],"is_endless":false,"potions_floor_spawned":[10,12,13,14],"killed_by":"3 Byrds","ascension_level":4}}