{"host":"6q94iy5iz6612v89","time":1612275902,"event":{"mods":["2.2 Compatiblity","AchievementEnabler","BaseMod","Colored Map","DeckTracker","Keyboard Shortcuts","Minty Spire (QoL Compilation)","Permanent Neow","StSLib","SuperFastMode"],"gold_per_floor":[38,76,136,193,193,193,246,298,352,194,231,281,281,281,281,352,352,366,426,169,169,169,169],"floor_reached":22,"language":"KOR","playtime":655,"items_purged":["Strike_P","Defend_P"],"score":426,"play_id":"b6cc11b6-df3e-4c63-9edd-e29da1fcb8d6","local_time":"20210202232502","is_ascension_mode":true,"campfire_choices":[{"data":"Eruption","floor":6,"key":"SMITH"},{"data":"HandOfGreed","floor":13,"key":"SMITH"},{"data":"BowlingBash","floor":15,"key":"SMITH"}],"circlet_count":0,"master_deck":["AscendersBane","Defend_P","Defend_P","Eruption+1","Vigilance","HandOfGreed+1","Study","BowlingBash+1","Halt","MentalFortress","Worship","Devotion","BattleHymn+1","WaveOfTheHand+1","Pray+1","Worship"],"relics":["PureWater","Akabeko","Anchor","Astrolabe","DollysMirror"],"acts_visited":["Exordium","TheCity"],"potions_floor_usage":[1,2,4,7,16,18,22],"damage_taken":[{"damage":3,"enemies":"Cultist","floor":1,"turns":4},{"damage":0,"enemies":"Small Slimes","floor":2,"turns":2},{"damage":0,"enemies":"2 Louse","floor":3,"turns":5},{"damage":26,"enemies":"Exordium Thugs","floor":4,"turns":6},{"damage":0,"enemies":"Lagavulin","floor":7,"turns":4},{"damage":11,"enemies":"Exordium Wildlife","floor":8,"turns":5},{"damage":0,"enemies":"Looter","floor":11,"turns":1},{"damage":3,"enemies":"2 Fungi Beasts","floor":12,"turns":5},{"damage":15,"enemies":"The Guardian","floor":16,"turns":11},{"damage":22,"enemies":"3 Byrds","floor":18,"turns":6},{"damage":9,"enemies":"2 Thieves","floor":19,"turns":4},{"damage":26,"enemies":"Shelled Parasite and Fungi","floor":22,"turns":2}],"seed_played":"-2786907766412261460","potions_obtained":[{"floor":1,"key":"EntropicBrew"},{"floor":4,"key":"SteroidPotion"},{"floor":8,"key":"Block Potion"},{"floor":16,"key":"Block Potion"},{"floor":19,"key":"SkillPotion"}],"is_trial":false,"path_per_floor":["M","M","M","M","?","R","E","M","T","$","M","M","R","?","R","B",null,"M","M","$","?","M"],"character_chosen":"WATCHER","items_purchased":["MentalFortress","DollysMirror"],"campfire_rested":0,"item_purchase_floors":[10,20],"current_hp_per_floor":[58,58,58,32,37,37,37,26,26,26,26,23,23,23,23,8,57,35,26,26,26,0,0],"gold":169,"neow_bonus":"RANDOM_COLORLESS_2","is_daily":false,"chose_seed":false,"campfire_upgraded":3,"win_rate":0.0,"timestamp":1612275902,"path_taken":["M","?","M","M","?","R","E","M","T","$","M","M","R","?","R","BOSS","M","M","$","?","M"],"items_purchased_type":["Card","Relic"],"build_version":"2020-12-22","purchased_purges":2,"victory":false,"max_hp_per_floor":[68,68,68,68,73,73,73,73,73,73,73,73,73,73,73,73,73,73,73,73,73,73,73],"card_choices":[{"not_picked":["Secret Weapon","The Bomb"],"picked":"HandOfGreed","floor":0},{"not_picked":["SignatureMove","Study","Nirvana"],"picked":"SKIP","floor":1},{"not_picked":["SignatureMove","Nirvana"],"picked":"Study","floor":1},{"not_picked":["FlyingSleeves","ThirdEye","Pray"],"picked":"SKIP","floor":2},{"not_picked":["CrushJoints","Conclude"],"picked":"BowlingBash","floor":3},{"not_picked":["ThirdEye","Protect","EmptyBody"],"picked":"SKIP","floor":4},{"not_picked":["Wish","Fasting2","WreathOfFlame"],"picked":"SKIP","floor":7},{"not_picked":["Wish","Fasting2","WreathOfFlame"],"picked":"SKIP","floor":7},{"not_picked":["WreathOfFlame","Vengeance"],"picked":"Halt","floor":8},{"not_picked":["ReachHeaven","CrushJoints"],"picked":"Worship","floor":11},{"not_picked":["PathToVictory","JustLucky","Indignation"],"picked":"SKIP","floor":12},{"not_picked":["Establishment","Wish"],"picked":"Devotion","floor":16},{"not_picked":["BowlingBash","CarveReality","PathToVictory"],"picked":"SKIP","floor":18},{"not_picked":["Indignation","BowlingBash","EmptyBody"],"picked":"SKIP","floor":19}],"player_experience":1452660,"relics_obtained":[{"floor":7,"key":"Akabeko"},{"floor":9,"key":"Anchor"}],"event_choices":[{"damage_healed":0,"gold_gain":0,"player_choice":"Donut","damage_taken":0,"max_hp_gain":5,"max_hp_loss":0,"event_name":"Big Fish","floor":5,"gold_loss":0},{"cards_removed":["Strike_P"],"damage_healed":0,"gold_gain":0,"player_choice":"Purged","damage_taken":0,"max_hp_gain":0,"max_hp_loss":0,"event_name":"Purifier","floor":14,"gold_loss":0},{"damage_healed":0,"gold_gain":0,"player_choice":"Ignored","damage_taken":0,"max_hp_gain":0,"max_hp_loss":0,"event_name":"Cursed Tome","floor":21,"gold_loss":0}],"is_beta":false,"boss_relics":[{"not_picked":["Runic Pyramid","Black Star"],"picked":"Astrolabe"}],"items_purged_floors":[10,20],"is_endless":false,"potions_floor_spawned":[1,4,8,16,19],"killed_by":"Shelled Parasite and Fungi","ascension_level":20}}