{"host":"2qstd83ou5jzlfqv","time":1612231861,"event":{"mods":["BaseMod","Colored Powertips","Minty Spire (QoL Compilation)","Relic Stats"],"gold_per_floor":[109,284,284,294,304,304,333,333,401,135,165,165,8,34,34,136,136,151,151,151,170,183,183,211,211,211,238,71,109,133,165,165,272,272,292,317,326,341,69,81,123,147,156,166,199,199,533,560,560,560],"floor_reached":51,"language":"ENG","playtime":3059,"items_purged":["Doubt","Strike_R","Pain"],"score":1314,"play_id":"9370cd68-f766-4cc8-9c43-44a9b46f9203","local_time":"20210201181101","is_ascension_mode":true,"campfire_choices":[{"data":"Bash","floor":6,"key":"SMITH"},{"data":"Uppercut","floor":8,"key":"SMITH"},{"data":"Flame Barrier","floor":15,"key":"SMITH"},{"data":"Fiend Fire","floor":23,"key":"SMITH"},{"data":"Metallicize","floor":25,"key":"SMITH"},{"data":"Spot Weakness","floor":32,"key":"SMITH"},{"data":"Flame Barrier","floor":46,"key":"SMITH"},{"data":"Feel No Pain","floor":49,"key":"SMITH"}],"circlet_count":0,"master_deck":["AscendersBane","Strike_R","Strike_R","Defend_R","Defend_R","Defend_R","Defend_R+1","Bash+1","Twin Strike","Metallicize+1","Uppercut+1","Intimidate","Shockwave","Whirlwind","Madness","Flame Barrier+1","Fiend Fire+1","Shrug It Off","Sentinel","Dual Wield","Seeing Red","Flame Barrier+1","Second Wind+1","Spot Weakness+1","Reaper","Warcry+1","Exhume","Shrug It Off+1","Second Wind+1","Feel No Pain+1","Parasite","Offering","Parasite"],"relics":["Burning Blood","Blood Vial","Mercury Hourglass","Bronze Scales","Anchor","Happy Flower","Darkstone Periapt","Runic Pyramid","PreservedInsect","Pen Nib","Gremlin Horn","CeramicFish","Centennial Puzzle","Ornamental Fan","Cursed Key","WarpedTongs","War Paint","Singing Bowl","Toy Ornithopter","Bottled Lightning","Old Coin"],"acts_visited":["Exordium","TheCity","TheBeyond"],"potions_floor_usage":[7,14,16,30,33,38,41,44,47,50],"damage_taken":[{"damage":16,"enemies":"Jaw Worm","floor":1,"turns":4},{"damage":0,"enemies":"Small Slimes","floor":4,"turns":3},{"damage":0,"enemies":"2 Louse","floor":5,"turns":4},{"damage":40,"enemies":"Lagavulin","floor":7,"turns":9},{"damage":19,"enemies":"3 Sentries","floor":11,"turns":6},{"damage":23,"enemies":"Lagavulin","floor":14,"turns":5},{"damage":13,"enemies":"Hexaghost","floor":16,"turns":9},{"damage":1,"enemies":"2 Thieves","floor":18,"turns":4},{"damage":0,"enemies":"3 Byrds","floor":21,"turns":5},{"damage":1,"enemies":"Snecko","floor":22,"turns":5},{"damage":18,"enemies":"Slavers","floor":24,"turns":6},{"damage":14,"enemies":"Gremlin Leader","floor":27,"turns":4},{"damage":3,"enemies":"Book of Stabbing","floor":29,"turns":3},{"damage":1,"enemies":"3 Cultists","floor":30,"turns":5},{"damage":25,"enemies":"Slavers","floor":31,"turns":4},{"damage":55,"enemies":"Automaton","floor":33,"turns":10},{"damage":0,"enemies":"Orb Walker","floor":35,"turns":4},{"damage":8,"enemies":"3 Darklings","floor":36,"turns":3},{"damage":17,"enemies":"Spire Growth","floor":38,"turns":5},{"damage":0,"enemies":"Sphere and 2 Shapes","floor":40,"turns":5},{"damage":4,"enemies":"Reptomancer","floor":41,"turns":5},{"damage":10,"enemies":"4 Shapes","floor":42,"turns":8},{"damage":0,"enemies":"Maw","floor":44,"turns":6},{"damage":3,"enemies":"Nemesis","floor":45,"turns":5},{"damage":13,"enemies":"Giant Head","floor":47,"turns":8},{"damage":0,"enemies":"Writhing Mass","floor":48,"turns":5},{"damage":57,"enemies":"Donu and Deca","floor":50,"turns":10}],"seed_played":"2698094127664983563","potions_obtained":[{"floor":4,"key":"SkillPotion"},{"floor":5,"key":"ElixirPotion"},{"floor":7,"key":"PowerPotion"},{"floor":21,"key":"Explosive Potion"},{"floor":24,"key":"Energy Potion"},{"floor":30,"key":"Block Potion"},{"floor":35,"key":"SkillPotion"},{"floor":40,"key":"FearPotion"},{"floor":41,"key":"DistilledChaos"},{"floor":44,"key":"AttackPotion"}],"is_trial":false,"path_per_floor":["M","?","?","M","M","R","E","R","T","$","E","?","$","E","R","B",null,"M","?","T","M","M","R","E","R","T","E","$","E","M","E","R","B",null,"M","M","?","M","$","M","E","M","T","M","E","R","E","M","R","B",null],"character_chosen":"IRONCLAD","items_purchased":["Bronze Scales","Shockwave","Happy Flower","Spot Weakness","War Paint"],"campfire_rested":0,"item_purchase_floors":[10,10,13,28,39],"current_hp_per_floor":[70,70,75,81,87,87,53,53,53,53,42,42,42,27,27,22,75,82,82,82,90,93,93,81,81,81,75,75,80,93,86,86,39,80,88,88,94,85,85,99,99,95,101,107,109,109,102,117,117,69],"gold":560,"neow_bonus":"TEN_PERCENT_HP_BONUS","is_daily":false,"chose_seed":false,"campfire_upgraded":8,"win_rate":0.0,"timestamp":1612231861,"path_taken":["M","?","?","M","M","R","E","R","T","$","E","?","$","E","R","BOSS","M","?","?","M","M","R","E","R","T","E","$","E","M","E","R","BOSS","M","M","?","M","$","M","E","?","T","M","E","R","E","M","R","BOSS"],"items_purchased_type":["Relic","Card","Relic","Card","Relic"],"build_version":"2020-12-22","purchased_purges":3,"victory":true,"max_hp_per_floor":[88,88,93,93,93,93,93,93,93,93,93,93,93,93,93,93,93,93,93,93,93,93,93,93,93,93,93,93,93,93,93,93,93,93,93,93,99,99,99,99,99,99,105,107,109,109,109,117,117,117],"relic_stats":{"Darkstone Periapt":18,"Happy Flower":[41],"Gremlin Horn":[17,19],"Singing Bowl":6,"counters":[27,149],"CeramicFish":99,"PreservedInsect":416,"Pen Nib":[9],"War Paint":["Warcry","Defend_R"],"Cursed Key":1,"Burning Blood":139,"Mercury Hourglass":[601],"WarpedTongs":[54],"Blood Vial":32,"Centennial Puzzle":[28],"Ornamental Fan":[4],"Bronze Scales":[389],"obtain_stats":[{"Darkstone Periapt":14,"Happy Flower":13,"Gremlin Horn":26,"Singing Bowl":41,"CeramicFish":27,"PreservedInsect":20,"Pen Nib":24,"War Paint":39,"Cursed Key":34,"Burning Blood":0,"Mercury Hourglass":9,"WarpedTongs":37,"Old Coin":47,"Blood Vial":7,"Anchor":11,"Centennial Puzzle":29,"Ornamental Fan":31,"Bronze Scales":10,"Bottled Lightning":45,"Toy Ornithopter":43,"Runic Pyramid":17},{"Darkstone Periapt":6,"Happy Flower":5,"Gremlin Horn":11,"Singing Bowl":21,"CeramicFish":12,"PreservedInsect":8,"Pen Nib":11,"War Paint":19,"Cursed Key":16,"Burning Blood":0,"Mercury Hourglass":4,"WarpedTongs":18,"Old Coin":25,"Blood Vial":4,"Anchor":5,"Centennial Puzzle":13,"Ornamental Fan":15,"Bronze Scales":4,"Bottled Lightning":24,"Toy Ornithopter":22,"Runic Pyramid":7},{"Darkstone Periapt":31,"Happy Flower":26,"Gremlin Horn":60,"Singing Bowl":107,"CeramicFish":64,"PreservedInsect":44,"Pen Nib":60,"War Paint":98,"Cursed Key":86,"Burning Blood":0,"Mercury Hourglass":20,"WarpedTongs":93,"Old Coin":134,"Blood Vial":20,"Anchor":26,"Centennial Puzzle":67,"Ornamental Fan":76,"Bronze Scales":20,"Bottled Lightning":126,"Toy Ornithopter":115,"Runic Pyramid":40}],"Toy Ornithopter":3},"card_choices":[{"not_picked":["Wild Strike","Blood for Blood"],"picked":"Twin Strike","floor":1},{"not_picked":["Twin Strike","Flex"],"picked":"Metallicize","floor":4},{"not_picked":["Feel No Pain","Blood for Blood"],"picked":"Uppercut","floor":5},{"not_picked":["Armaments","Juggernaut"],"picked":"Intimidate","floor":7},{"not_picked":["Rampage","Combust"],"picked":"Whirlwind","floor":11},{"not_picked":["Clash","Perfected Strike"],"picked":"Flame Barrier","floor":14},{"not_picked":["Impervious","Bludgeon"],"picked":"Fiend Fire","floor":16},{"not_picked":["Heavy Blade+1","Intimidate+1"],"picked":"Shrug It Off","floor":18},{"not_picked":["Armaments","Body Slam+1"],"picked":"Seeing Red","floor":21},{"not_picked":["True Grit","Cleave"],"picked":"Flame Barrier","floor":22},{"not_picked":["Wild Strike","Pummel"],"picked":"Second Wind+1","floor":24},{"not_picked":["Cleave","Rage","Whirlwind"],"picked":"SKIP","floor":27},{"not_picked":["Immolate","Cleave"],"picked":"Reaper","floor":29},{"not_picked":["Hemokinesis","Shrug It Off"],"picked":"Warcry","floor":30},{"not_picked":["Seeing Red","Second Wind","Blood for Blood+1"],"picked":"SKIP","floor":31},{"not_picked":["Barricade","Double Tap"],"picked":"Exhume","floor":33},{"not_picked":["Body Slam","Havoc","Sword Boomerang+1"],"picked":"SKIP","floor":35},{"not_picked":["Blood for Blood","Dropkick+1"],"picked":"Shrug It Off+1","floor":36},{"not_picked":["Seeing Red","Burning Pact+1","Clothesline+1"],"picked":"SKIP","floor":38},{"not_picked":["Entrench","Seeing Red+1","Whirlwind+1"],"picked":"SKIP","floor":40},{"not_picked":["Disarm+1","Iron Wave"],"picked":"Second Wind+1","floor":41},{"not_picked":["Pommel Strike","Intimidate+1"],"picked":"Feel No Pain","floor":42},{"not_picked":["Wild Strike+1","Flame Barrier+1","Dropkick"],"picked":"Singing Bowl","floor":44},{"not_picked":["Iron Wave","Evolve+1","True Grit+1"],"picked":"Singing Bowl","floor":45},{"not_picked":["Havoc","Anger"],"picked":"Offering","floor":47},{"not_picked":["Twin Strike","Body Slam+1","Offering"],"picked":"Singing Bowl","floor":48}],"player_experience":406800,"relics_obtained":[{"floor":7,"key":"Blood Vial"},{"floor":9,"key":"Mercury Hourglass"},{"floor":11,"key":"Anchor"},{"floor":14,"key":"Darkstone Periapt"},{"floor":20,"key":"PreservedInsect"},{"floor":24,"key":"Pen Nib"},{"floor":26,"key":"Gremlin Horn"},{"floor":27,"key":"CeramicFish"},{"floor":29,"key":"Centennial Puzzle"},{"floor":31,"key":"Ornamental Fan"},{"floor":41,"key":"Singing Bowl"},{"floor":43,"key":"Toy Ornithopter"},{"floor":45,"key":"Bottled Lightning"},{"floor":47,"key":"Old Coin"}],"event_choices":[{"damage_healed":0,"gold_gain":175,"player_choice":"AGREE","damage_taken":0,"max_hp_gain":0,"max_hp_loss":0,"event_name":"Liars Game","floor":2,"gold_loss":0,"cards_obtained":["Doubt"]},{"damage_healed":0,"gold_gain":0,"player_choice":"Donut","damage_taken":0,"max_hp_gain":5,"max_hp_loss":0,"event_name":"Big Fish","floor":3,"gold_loss":0},{"damage_healed":0,"gold_gain":0,"player_choice":"1 cards matched","damage_taken":0,"max_hp_gain":0,"max_hp_loss":0,"event_name":"Match and Keep!","floor":12,"gold_loss":0,"cards_obtained":["Madness"]},{"damage_healed":0,"gold_gain":0,"cards_transformed":["Strike_R","Strike_R"],"player_choice":"Became Test Subject","damage_taken":0,"max_hp_gain":0,"max_hp_loss":0,"event_name":"Drug Dealer","floor":19,"gold_loss":0,"cards_obtained":["Sentinel","Dual Wield"]},{"damage_healed":0,"gold_gain":0,"player_choice":"Rummage","damage_taken":0,"relics_obtained":["WarpedTongs"],"max_hp_gain":0,"max_hp_loss":0,"event_name":"Accursed Blacksmith","floor":37,"gold_loss":0,"cards_obtained":["Pain"]}],"is_beta":false,"boss_relics":[{"not_picked":["Astrolabe","Mark of Pain"],"picked":"Runic Pyramid"},{"not_picked":["Fusion Hammer","Philosopher\u0027s Stone"],"picked":"Cursed Key"}],"items_purged_floors":[10,28,39],"is_endless":false,"potions_floor_spawned":[4,5,7,11,21,24,30,31,35,40,41,44,45],"ascension_level":11}}