{"host":"th1rgt4ohg3ajuw6","time":1612296946,"event":{"mods":["Act Like it!","BaseMod","Downfall","GifTheSpireLib","Minty Spire (QoL Compilation)","Pale of the Ancients","Shop Mod","StSLib","Stuff the Spire"],"gold_per_floor":[214,227,302,316,316,316,65,79,124,124,143,52,52,66,66,192,192,205,173,186,207,207,207,222,222,272,288,288,323,323,347,347,473,473,489,11,32,47,61,61,61,161,240,256,275,290,290,303,303,303,303],"floor_reached":50,"language":"ENG","playtime":3797,"items_purged":[],"score":512,"play_id":"6b8a2603-0d23-4294-bc20-eae6fc855b2a","local_time":"20210202121546","is_ascension_mode":false,"campfire_choices":[{"floor":6.0,"key":"REST"},{"data":"Footwork","floor":13.0,"key":"SMITH"},{"floor":15.0,"key":"REST"},{"floor":23.0,"key":"REST"},{"floor":25.0,"key":"REST"},{"floor":28.0,"key":"REST"},{"floor":32.0,"key":"REST"},{"floor":40,"key":"REST"},{"floor":49,"key":"REST"}],"circlet_count":0,"master_deck":["Strike_G","Strike_G","Strike_G","Strike_G","Strike_G","Defend_G","Defend_G","Defend_G","Defend_G","Defend_G","Survivor","Neutralize","Poisoned Stab","Predator","Cloak And Dagger","Injury","Outmaneuver","Dash+1","Sucker Punch+1","StuffTheSpire:Python","Dodge and Roll","Footwork+1","Deadly Poison","Bullet Time","Caltrops+1","Bouncing Flask+1","Noxious Fumes","Prepared+1","Flying Knee","Deadly Poison+1","PiercingWail","Glass Knife","Phantasmal Killer","Acrobatics","Bouncing Flask","Sucker Punch","Riddle With Holes","Blind","Flying Knee","Slice+1","Quick Slash","Backstab+1","Parasite","Distraction+1","Deflect+1","Crippling Poison"],"relics":["Ring of the Snake","Golden Idol","Lantern","Pen Nib","SacredBark","CultistMask","Oddly Smooth Stone","StuffTheSpire:Gunfinga","MutagenicStrength","HoveringKite","TwistedFunnel"],"acts_visited":["Exordium","TheCity","TheBeyond"],"potions_floor_usage":[33,33,37,48,50],"damage_taken":[{"damage":0.0,"enemies":"Jaw Worm","floor":1.0,"turns":5.0},{"damage":2.0,"enemies":"2 Louse","floor":2.0,"turns":3.0},{"damage":0.0,"enemies":"Cultist","floor":4.0,"turns":3.0},{"damage":0.0,"enemies":"3 Louse","floor":8.0,"turns":3.0},{"damage":5.0,"enemies":"Gremlin Gang","floor":11.0,"turns":5.0},{"damage":4.0,"enemies":"Blue Slaver","floor":14.0,"turns":3.0},{"damage":43.0,"enemies":"The Guardian","floor":16.0,"turns":12.0},{"damage":16.0,"enemies":"Chosen","floor":18.0,"turns":6.0},{"damage":12.0,"enemies":"2 Thieves","floor":19.0,"turns":5.0},{"damage":15.0,"enemies":"Centurion and Healer","floor":20.0,"turns":8.0},{"damage":7.0,"enemies":"Shelled Parasite and Fungi","floor":21.0,"turns":8.0},{"damage":7.0,"enemies":"Snecko","floor":24.0,"turns":5.0},{"damage":24.0,"enemies":"3 Cultists","floor":27.0,"turns":7.0},{"damage":16.0,"enemies":"Gremlin Leader","floor":29.0,"turns":8.0},{"damage":23.0,"enemies":"Cultist and Chosen","floor":31.0,"turns":6.0},{"damage":74,"enemies":"Automaton","floor":33,"turns":10},{"damage":27,"enemies":"3 Darklings","floor":35,"turns":7},{"damage":11,"enemies":"Orb Walker","floor":37,"turns":3},{"damage":18,"enemies":"Transient","floor":38,"turns":5},{"damage":3,"enemies":"4 Shapes","floor":39,"turns":7},{"damage":24,"enemies":"3 Darklings","floor":44,"turns":5},{"damage":0,"enemies":"Writhing Mass","floor":45,"turns":6},{"damage":5,"enemies":"4 Shapes","floor":46,"turns":5},{"damage":24,"enemies":"Spire Growth","floor":48,"turns":4},{"damage":56,"enemies":"Time Eater","floor":50,"turns":10}],"seed_played":"6439720344133470241","potions_obtained":[{"floor":2.0,"key":"FairyPotion"},{"floor":11.0,"key":"FearPotion"},{"floor":14.0,"key":"BlessingOfTheForge"},{"floor":20.0,"key":"GhostInAJar"},{"floor":21.0,"key":"EntropicBrew"},{"floor":37,"key":"Energy Potion"}],"is_trial":false,"path_per_floor":["M","M","?","M","?","R","$","M","T","?","M","$","R","M","R","B",null,"M","M","M","M","?","R","M","R","T","M","R","E","?","M","R","B",null,"M","$","M","M","M","R","?","?","T","M","M","M","?","M","R","B"],"character_chosen":"THE_SILENT","items_purchased":["Outmaneuver","Dash","Lantern","Dodge and Roll","Footwork","TwistedFunnel","Regen Potion","Bouncing Flask","Sucker Punch","Riddle With Holes","Blind"],"campfire_rested":8,"item_purchase_floors":[7,7,7,12,12,36,36,36,36,36,36],"current_hp_per_floor":[70,68,57,57,57,70,70,70,70,56,51,51,51,47,68,25,70,54,42,27,20,20,41,34,55,55,31,52,36,36,13,34,33,70,43,43,59,41,38,59,59,59,59,35,35,30,61,37,55,0,0],"gold":303,"neow_bonus":"HUNDRED_GOLD","is_daily":false,"chose_seed":false,"campfire_upgraded":1,"win_rate":0.0,"timestamp":1612296946,"path_taken":["M","M","?","M","?","R","$","M","T","?","M","?","R","M","R","BOSS","M","M","M","?","?","R","M","R","T","?","R","E","?","M","R","BOSS","M","$","M","M","M","R","?","?","T","M","M","?","?","M","R","BOSS"],"items_purchased_type":["Card","Card","Relic","Card","Card","Relic","Potion","Card","Card","Card","Card"],"build_version":"2020-12-22","purchased_purges":0,"victory":false,"max_hp_per_floor":[70,70,70,70,70,70,70,70,70,70,70,70,70,70,70,70,70,70,70,70,70,70,70,70,70,70,70,70,70,70,70,70,70,70,70,70,70,70,70,70,70,70,70,70,70,70,61,61,61,61,61],"card_choices":[{"not_picked":["Slice","Outmaneuver"],"picked":"Poisoned Stab","floor":1.0},{"not_picked":["Underhanded Strike","Acrobatics"],"picked":"Predator","floor":2.0},{"not_picked":["Bouncing Flask","StuffTheSpire:Python"],"picked":"Cloak And Dagger","floor":4.0},{"not_picked":["StuffTheSpire:Repulse","Expertise"],"picked":"Sucker Punch","floor":8.0},{"not_picked":["Eviscerate","Sucker Punch"],"picked":"StuffTheSpire:Python","floor":11.0},{"not_picked":["Flechettes","Tactician"],"picked":"Deadly Poison","floor":14.0},{"not_picked":["Doppelganger","Tools of the Trade"],"picked":"Bullet Time","floor":16.0},{"not_picked":["Deflect","StuffTheSpire:BrimstoneBlast"],"picked":"Caltrops+1","floor":18.0},{"not_picked":["Deflect+1","Quick Slash"],"picked":"Bouncing Flask+1","floor":19.0},{"not_picked":["Sucker Punch","Well Laid Plans"],"picked":"Noxious Fumes","floor":20.0},{"not_picked":["Deadly Poison","Eviscerate+1"],"picked":"Prepared+1","floor":21.0},{"not_picked":["Reflex","Deadly Poison"],"picked":"Flying Knee","floor":24.0},{"not_picked":["Sucker Punch","Acrobatics"],"picked":"Deadly Poison+1","floor":27.0},{"not_picked":["Deadly Poison","Eviscerate"],"picked":"PiercingWail","floor":29.0},{"not_picked":["Acrobatics","Outmaneuver"],"picked":"Glass Knife","floor":31.0},{"not_picked":["Die Die Die","Bullet Time"],"picked":"Phantasmal Killer","floor":33},{"not_picked":["StuffTheSpire:BumpUp","Choke"],"picked":"Acrobatics","floor":35},{"not_picked":["Backflip","Poisoned Stab"],"picked":"Flying Knee","floor":37},{"not_picked":["StuffTheSpire:DoubleShiv+1","Well Laid Plans+1"],"picked":"Slice+1","floor":38},{"not_picked":["Choke+1","StuffTheSpire:Incursion+1"],"picked":"Quick Slash","floor":39},{"not_picked":["Accuracy+1","Deadly Poison"],"picked":"Backstab+1","floor":44},{"not_picked":["Blade Dance","Slice"],"picked":"Distraction+1","floor":45},{"not_picked":["Tactician","Dagger Spray+1"],"picked":"Deflect+1","floor":46},{"not_picked":["Poisoned Stab+1","Flying Knee+1"],"picked":"Crippling Poison","floor":48}],"player_experience":260373,"relics_obtained":[{"floor":9.0,"key":"Pen Nib"},{"floor":26.0,"key":"Oddly Smooth Stone"},{"floor":29.0,"key":"StuffTheSpire:Gunfinga"}],"event_choices":[{"damage_healed":0.0,"max_hp_gain":0.0,"max_hp_loss":0.0,"gold_gain":75.0,"event_name":"World of Goop","player_choice":"Gather Gold","floor":3.0,"gold_loss":0.0,"damage_taken":11.0},{"damage_healed":0.0,"max_hp_gain":0.0,"max_hp_loss":0.0,"gold_gain":0.0,"event_name":"Golden Idol","player_choice":"Take Wound","floor":5.0,"gold_loss":0.0,"damage_taken":0.0,"relics_obtained":["Golden Idol"],"cards_obtained":["Injury"]},{"damage_healed":0.0,"max_hp_gain":0.0,"max_hp_loss":0.0,"gold_gain":0.0,"event_name":"Shining Light","player_choice":"Entered Light","floor":10.0,"gold_loss":0.0,"damage_taken":14.0,"cards_upgraded":["Dash","Sucker Punch"]},{"damage_healed":0.0,"max_hp_gain":0.0,"max_hp_loss":0.0,"gold_gain":0.0,"event_name":"FaceTrader","player_choice":"Trade","floor":22.0,"gold_loss":0.0,"damage_taken":0.0,"relics_obtained":["CultistMask"]},{"damage_healed":0.0,"max_hp_gain":0.0,"max_hp_loss":0.0,"gold_gain":0.0,"event_name":"Drug Dealer","player_choice":"Inject Mutagens","floor":30.0,"gold_loss":0.0,"damage_taken":0.0,"relics_obtained":["MutagenicStrength"]},{"damage_healed":0,"gold_gain":0,"player_choice":"Ignored","damage_taken":0,"max_hp_gain":0,"max_hp_loss":0,"event_name":"Mysterious Sphere","floor":41,"gold_loss":0},{"damage_healed":0,"gold_gain":100,"player_choice":"Pray","damage_taken":0,"max_hp_gain":0,"max_hp_loss":0,"event_name":"Golden Shrine","floor":42,"gold_loss":0},{"damage_healed":61,"gold_gain":0,"player_choice":"Heal","damage_taken":0,"max_hp_gain":0,"max_hp_loss":9,"event_name":"The Moai Head","floor":47,"gold_loss":0}],"is_beta":false,"boss_relics":[{"not_picked":["Empty Cage","Snecko Eye"],"picked":"SacredBark"},{"not_picked":["Calling Bell","Fusion Hammer"],"picked":"HoveringKite"}],"items_purged_floors":[],"is_endless":false,"potions_floor_spawned":[2,11,14,20,21,24,33,35,37,45],"killed_by":"Time Eater","ascension_level":0}}