{"host":"zwezhz46a5cjkxff","time":1612254471,"event":{"mods":["AchievementEnabler","BaseMod","Colored Map","Colored Powertips","DeckTracker","Hermit","Minty Spire (QoL Compilation)","Permanent Neow","Quick Restart","Rare Cards Sparkle","Relic Stats","Robot Space Explorer","StSLib","SuperFastMode","The Hierophant","The Servant 0.9.4","Weighted Paths","slay the spire mod where everything is the same but ironclad has a cowboy hat"],"gold_per_floor":[12,22,42,42,142,142,159,185,262,262,31,31,31,31],"floor_reached":13,"language":"ENG","playtime":294,"items_purged":["Strike_P"],"score":83,"play_id":"379768ae-45e0-45b5-a231-ef9d75d045a8","local_time":"20210202022751","is_ascension_mode":false,"campfire_choices":[{"floor":6,"key":"RECALL"},{"data":"Chrysalis","floor":10,"key":"SMITH"},{"data":"Evaluate","floor":12,"key":"SMITH"}],"circlet_count":0,"master_deck":["Strike_P","Strike_P","Strike_P","Defend_P","Defend_P","Defend_P","Defend_P","Eruption","Vigilance","Chrysalis+1","FlurryOfBlows","Adaptation","FlurryOfBlows","Evaluate+1","Chrysalis+1"],"relics":["PureWater","Prayer Wheel","DollysMirror"],"acts_visited":["Exordium"],"potions_floor_usage":[8],"damage_taken":[{"damage":3,"enemies":"Jaw Worm","floor":1,"turns":3},{"damage":0,"enemies":"Cultist","floor":2,"turns":2},{"damage":0,"enemies":"Small Slimes","floor":3,"turns":1},{"damage":22,"enemies":"Exordium Wildlife","floor":7,"turns":5},{"damage":14,"enemies":"3 Sentries","floor":8,"turns":4},{"damage":35,"enemies":"Gremlin Nob","floor":13,"turns":3}],"seed_played":"-8397054533944818246","potions_obtained":[{"floor":3,"key":"AttackPotion"},{"floor":8,"key":"Dexterity Potion"}],"is_trial":false,"path_per_floor":["M","M","M","$","?","R","M","E","T","R","$","R","E"],"character_chosen":"WATCHER","items_purchased":["DollysMirror"],"campfire_rested":0,"item_purchase_floors":[11],"current_hp_per_floor":[69,69,69,69,69,69,47,33,33,33,33,33,0,0],"gold":31,"neow_bonus":"RANDOM_COLORLESS_2","is_daily":false,"chose_seed":false,"campfire_upgraded":2,"win_rate":0.0,"timestamp":1612254471,"path_taken":["M","M","M","$","?","R","M","E","T","R","?","R","E"],"items_purchased_type":["Relic"],"build_version":"2020-12-22","purchased_purges":1,"victory":false,"max_hp_per_floor":[72,72,72,72,72,72,72,72,72,72,72,72,72,72],"relic_stats":{"counters":[6,18],"Prayer Wheel":0,"obtain_stats":[{"DollysMirror":11,"Prayer Wheel":8,"PureWater":0},{"DollysMirror":5,"Prayer Wheel":5,"PureWater":0},{"DollysMirror":15,"Prayer Wheel":15,"PureWater":0}]},"card_choices":[{"not_picked":["Violence","Transmutation"],"picked":"Chrysalis","floor":0},{"not_picked":["InnerPeace","Study"],"picked":"FlurryOfBlows","floor":1},{"not_picked":["Consecrate","Study"],"picked":"Adaptation","floor":2},{"not_picked":["ThirdEye","BowlingBash"],"picked":"FlurryOfBlows","floor":3},{"not_picked":["SashWhip","DeceiveReality","Adaptation"],"picked":"SKIP","floor":7},{"not_picked":["CrushJoints","PathToVictory"],"picked":"Evaluate","floor":8}],"player_experience":61493,"relics_obtained":[{"floor":8,"key":"Prayer Wheel"}],"event_choices":[{"damage_healed":0,"gold_gain":100,"player_choice":"Pray","damage_taken":0,"max_hp_gain":0,"max_hp_loss":0,"event_name":"Golden Shrine","floor":5,"gold_loss":0}],"is_beta":false,"boss_relics":[],"items_purged_floors":[11],"is_endless":false,"potions_floor_spawned":[3,8],"killed_by":"Gremlin Nob","ascension_level":0}}