{"host":"tx53bzy9yvi1me7u","time":1612277895,"event":{"mods":["2.2 Compatiblity","Aspiration","BaseMod","Bestiary","Better Altar","Better Match","Better Note","Better Sensory Stone","Better Skull","CCEM2","Colored Map","Colored Powertips","Conspire","Dark Map","Displayed Cursed Tome","Downfall","Fox Events","Halation","Highlight Path","Hubris","Jedi Mod","Mimic Mod","Minty Spire (QoL Compilation)","Permanent Neow","Quick Restart","RatMod","Relic Sorter","Reliquary","Replay The Spire","Small Relic Pack","Spicy Shops","Spikes Relics","Spire Arcade","StS++","StSLib","The Blue Laboratory","The Runesmith","Trackpad","Wandering Minibosses"],"gold_per_floor":[99,204,219,238,238,48,48,82,82,110,129,147,147,166,186,281,281,281,299,399,365,382,401,426,489,500,518,545,556,556,573,593,593,593,593],"floor_reached":33,"language":"ENG","playtime":2751,"items_purged":["Pain","Slimebound:Defend_Slimebound"],"score":287,"play_id":"a50c904f-b0b3-47f1-bf02-bb70dc05486b","local_time":"20210202095815","is_ascension_mode":false,"campfire_choices":[{"data":"Slimebound:Tackle","floor":1,"key":"SMITH"},{"data":"Slimebound:GoopSpray","floor":9,"key":"SMITH"},{"data":"Slimebound:RainOfGoop","floor":13,"key":"SMITH"},{"data":"Slimebound:Overexert","floor":18,"key":"SMITH"},{"data":"Slimebound:RainOfGoop","floor":30,"key":"SMITH"}],"circlet_count":0,"master_deck":["Slimebound:Strike_Slimebound","Slimebound:Strike_Slimebound","Slimebound:Strike_Slimebound","Slimebound:Tackle+1","Slimebound:Defend_Slimebound","Slimebound:Defend_Slimebound","Slimebound:Defend_Slimebound","Slimebound:Split+1","Slimebound:CorrosiveSpit","Slimebound:GoopSpray+1","Slimebound:SplitMire","Slimebound:SplitMire","Slimebound:Repurpose","Slimebound:Nibble","Slimebound:Nibble","Slimebound:RainOfGoop+1","Slimebound:MassFeed","Slimebound:Overexert+1","Slimebound:LevelUp","Slimebound:Overexert","Slimebound:RainOfGoop+1","Slimebound:Schlurp","Slimebound:LeechEnergy","Slimebound:SplitMire","Slimebound:LeechingTouch","Slimebound:TongueLash+1","Slimebound:GoopSpray","Slimebound:SamplingLick","Slimebound:ViciousTackle+1"],"relics":["Slimebound:AbsorbEndCombat","Pet Ghost","aspiration:ChemicalBlood","Simple Rune","aspiration:Lifesprig","Velvet Choker","downfall:GremlinWheel","aspiration:HiddenCompartment","wanderingMiniBosses:ThiefScarf","WarpedTongs","reliquary:Boomerang","Ginger","jedi:ashlotus","Golden Egg"],"acts_visited":["Exordium","TheCity"],"potions_floor_usage":[8,8,8,10,14,16,29,29,29,29,33,33,33],"damage_taken":[{"damage":1,"enemies":"Jaw Worm","floor":3,"turns":3},{"damage":3,"enemies":"Cultist","floor":4,"turns":3},{"damage":15,"enemies":"downfall:FleeingMerchant","floor":6,"turns":4},{"damage":24,"enemies":"Lagavulin","floor":8,"turns":5},{"damage":10,"enemies":"Gremlin Nob","floor":10,"turns":3},{"damage":0,"enemies":"Small Slimes","floor":11,"turns":2},{"damage":11,"enemies":"Exordium Thugs","floor":12,"turns":2},{"damage":4,"enemies":"2 Fungi Beasts","floor":14,"turns":2},{"damage":1,"enemies":"Blue Slaver","floor":15,"turns":3},{"damage":7,"enemies":"WA_ARCHETYPE_RETAIN","floor":16,"turns":4},{"damage":4,"enemies":"Spheric Guardian","floor":19,"turns":3},{"damage":18,"enemies":"Spheric Guardian","floor":20,"turns":3},{"damage":25,"enemies":"conspire:FuzzyDice","floor":21,"turns":7},{"damage":5,"enemies":"Chosen and Byrds","floor":22,"turns":4},{"damage":3,"enemies":"Sentry and Sphere","floor":23,"turns":3},{"damage":17,"enemies":"conspire:HollyBat","floor":25,"turns":6},{"damage":11,"enemies":"Centurion and Healer","floor":26,"turns":5},{"damage":18,"enemies":"Shelled Parasite and Fungi","floor":27,"turns":4},{"damage":1,"enemies":"conspire:Head Lice","floor":28,"turns":5},{"damage":3,"enemies":"Snake Plant","floor":29,"turns":2},{"damage":14,"enemies":"Snecko","floor":31,"turns":4},{"damage":0,"enemies":"Chosen and Byrds","floor":32,"turns":4},{"damage":40,"enemies":"IC_MUSHROOM_ARCHETYPE","floor":33,"turns":7}],"seed_played":"-383490285023615340","potions_obtained":[{"floor":3,"key":"blueLaboratory:PyrophylliteBrew"},{"floor":4,"key":"blueLaboratory:NullPotion"},{"floor":10,"key":"GamblersBrew"},{"floor":11,"key":"blueLaboratory:PhilterOfMotion"},{"floor":14,"key":"EntropicBrew"},{"floor":15,"key":"Adrenaline Potion"},{"floor":16,"key":"blueLaboratory:BottledHope"},{"floor":21,"key":"Dexterity Potion"},{"floor":33,"key":"StSpp:SecondWindPotion"}],"is_trial":false,"path_per_floor":["R","?","M","M","?","$","T","E","R","E","M","M","R","M","M","B",null,"R","M","?","M","M","M","T","M","M","M","E","M","R","M","M","B"],"character_chosen":"SLIMEBOUND","items_purchased":[],"campfire_rested":0,"item_purchase_floors":[],"current_hp_per_floor":[65,44,49,50,50,43,43,27,27,23,29,24,24,24,29,30,65,65,68,57,43,42,43,43,34,31,19,26,25,25,17,23,0,0,0],"gold":593,"neow_bonus":"UPGRADE_CARD","is_daily":false,"chose_seed":false,"campfire_upgraded":5,"win_rate":0.0,"timestamp":1612277895,"path_taken":["R","?","M","?","?","$","T","E","R","E","M","?","R","M","M","BOSS","R","M","?","M","M","?","T","M","M","?","E","M","R","M","M","BOSS"],"items_purchased_type":[],"build_version":"2020-12-22","purchased_purges":2,"victory":false,"max_hp_per_floor":[65,65,65,65,65,65,65,65,65,65,65,65,65,65,65,65,65,65,68,71,74,74,74,74,74,74,74,74,74,74,74,74,74,74,74],"card_choices":[{"not_picked":["Slimebound:Dissolve","Slimebound:SamplingLick"],"picked":"Slimebound:GoopSpray","floor":3},{"not_picked":["Slimebound:LivingWall","Slimebound:Repurpose"],"picked":"Slimebound:SplitMire","floor":4},{"not_picked":["Slimebound:Equalize","Slimebound:SplitAcid"],"picked":"Slimebound:SplitMire","floor":6},{"not_picked":["Slimebound:FormOfPuddle","Slimebound:LeechEnergy"],"picked":"Slimebound:Repurpose","floor":8},{"not_picked":["Slimebound:SplitLeeching","Slimebound:AcidTongue"],"picked":"Slimebound:Nibble","floor":10},{"not_picked":["Slimebound:LeechingTouch","Slimebound:Prepare"],"picked":"Slimebound:Nibble","floor":11},{"not_picked":["Slimebound:ItLooksTasty","Slimebound:SplitBruiser"],"picked":"Slimebound:RainOfGoop","floor":12},{"not_picked":["Slimebound:SplitAcid","Slimebound:Dissolve","Slimebound:LevelUp"],"picked":"SKIP","floor":14},{"not_picked":["Slimebound:FinishingTackle","Slimebound:HauntingLick"],"picked":"Slimebound:MassFeed","floor":15},{"not_picked":["Slimebound:RallyTheTroops","Slimebound:MassRepurpose"],"picked":"Slimebound:Overexert","floor":16},{"not_picked":["Slimebound:SplitMire","Slimebound:FlameTackle"],"picked":"Slimebound:LevelUp","floor":19},{"not_picked":["Slimebound:RollThrough","Slimebound:ProtectTheBoss"],"picked":"Slimebound:Overexert","floor":21},{"not_picked":["Slimebound:ForwardTackle","Slimebound:DisruptingSlam"],"picked":"Slimebound:RainOfGoop","floor":22},{"not_picked":["Slimebound:SplitAcid","Slimebound:Gluttony"],"picked":"Slimebound:Schlurp","floor":23},{"not_picked":["Slimebound:GoopTackle","Slimebound:PressTheAttack"],"picked":"Slimebound:LeechEnergy","floor":25},{"not_picked":["Slimebound:Prepare","Slimebound:RollThrough"],"picked":"Slimebound:SplitMire","floor":26},{"not_picked":["Slimebound:SpikyOuterGoop","Slimebound:PressTheAttack+1"],"picked":"Slimebound:LeechingTouch","floor":27},{"not_picked":["Slimebound:Equalize","Slimebound:Dissolve"],"picked":"Slimebound:TongueLash+1","floor":28},{"not_picked":["Slimebound:LeechingTouch","Slimebound:HauntingLick"],"picked":"Slimebound:GoopSpray","floor":29},{"not_picked":["Slimebound:FlameTackle","Slimebound:LeechEnergy"],"picked":"Slimebound:SamplingLick","floor":31},{"not_picked":["Slimebound:Prepare","Slimebound:ProtectTheBoss+1"],"picked":"Slimebound:ViciousTackle+1","floor":32}],"player_experience":625034,"relics_obtained":[{"floor":7,"key":"aspiration:ChemicalBlood"},{"floor":8,"key":"Simple Rune"},{"floor":10,"key":"aspiration:Lifesprig"},{"floor":20,"key":"downfall:GremlinWheel"},{"floor":24,"key":"aspiration:HiddenCompartment"},{"floor":25,"key":"wanderingMiniBosses:ThiefScarf"},{"floor":25,"key":"WarpedTongs"},{"floor":28,"key":"reliquary:Boomerang"},{"floor":30,"key":"Ginger"}],"event_choices":[{"damage_healed":0,"gold_gain":105,"player_choice":"RE GO ","damage_taken":24,"relics_obtained":["Pet Ghost"],"max_hp_gain":0,"max_hp_loss":0,"event_name":"betterSkull:BetterSkull","floor":2,"gold_loss":0,"cards_upgraded":[]},{"damage_healed":0,"gold_gain":0,"player_choice":"Rummage","damage_taken":0,"relics_obtained":["WarpedTongs"],"max_hp_gain":0,"max_hp_loss":0,"event_name":"Accursed Blacksmith","floor":5,"gold_loss":0,"cards_obtained":["Pain"]},{"damage_healed":0,"gold_gain":0,"player_choice":"Relic","damage_taken":0,"max_hp_gain":0,"max_hp_loss":0,"event_name":"Wheel of Change","floor":30,"gold_loss":0}],"is_beta":false,"boss_relics":[{"not_picked":["halation:Risk","halation:CatFaceCupcake"],"picked":"Velvet Choker"}],"items_purged_floors":[6,6],"is_endless":false,"potions_floor_spawned":[3,4,10,11,15,16,23,25,26,27,28],"killed_by":"IC_MUSHROOM_ARCHETYPE","ascension_level":0}}