{"host":"k7udt7atmcuzf6l0","time":1612237317,"event":{"mods":["AchievementEnabler","BaseMod","BetterRewards","Colored Map","Colored Powertips","Highlight Path","Minty Spire (QoL Compilation)","Quick Restart","Rare Cards Sparkle","Relic Stats","StSLib","UnlockEverythingMod"],"gold_per_floor":[118,193,42,42,58,58,58,88,88,88,119,139,139,153,153,248,248,248,248],"floor_reached":18,"language":"ZHS","playtime":378,"items_purged":[],"score":218,"play_id":"1c2481a5-830e-4260-9af0-a38b4893ccdc","local_time":"20210202114157","is_ascension_mode":false,"campfire_choices":[{"data":"Warcry","floor":6.0,"key":"SMITH"},{"data":"Armaments","floor":13.0,"key":"SMITH"},{"data":"Dual Wield","floor":15,"key":"SMITH"}],"circlet_count":0,"master_deck":["Strike_R","Strike_R","Strike_R","Strike_R","Strike_R","Defend_R","Defend_R","Defend_R","Defend_R","Bash","Warcry+1","Regret","Spot Weakness","Dual Wield+1","Armaments+1","Feed"],"relics":["Burning Blood","NeowsBlessing","Brimstone","Gambling Chip","Vajra","StrikeDummy","Ornamental Fan","Bag of Preparation","Runic Pyramid"],"acts_visited":["Exordium","TheCity"],"potions_floor_usage":[16],"damage_taken":[{"damage":0.0,"enemies":"2 Louse","floor":1.0,"turns":1.0},{"damage":0.0,"enemies":"Jaw Worm","floor":5.0,"turns":1.0},{"damage":0.0,"enemies":"Lagavulin","floor":8.0,"turns":1.0},{"damage":0.0,"enemies":"Gremlin Nob","floor":11.0,"turns":2.0},{"damage":0.0,"enemies":"Cultist","floor":12.0,"turns":2.0},{"damage":28,"enemies":"Exordium Thugs","floor":14,"turns":4},{"damage":46,"enemies":"The Guardian","floor":16,"turns":6},{"damage":87,"enemies":"3 Byrds","floor":18,"turns":3}],"seed_played":"8909010594375072338","potions_obtained":[{"floor":5.0,"key":"EssenceOfSteel"},{"floor":8.0,"key":"Dexterity Potion"},{"floor":14,"key":"Dexterity Potion"}],"is_trial":false,"path_per_floor":["M","?","$","?","M","R","$","E","T","?","E","M","R","M","R","B",null,"M"],"character_chosen":"IRONCLAD","items_purchased":["Brimstone"],"campfire_rested":0,"item_purchase_floors":[3],"current_hp_per_floor":[80,69,69,69,75,75,75,80,80,80,80,80,80,58,58,18,80,0,0],"gold":248,"neow_bonus":"THREE_ENEMY_KILL","is_daily":false,"chose_seed":false,"campfire_upgraded":3,"win_rate":0.0,"timestamp":1612237317,"path_taken":["M","?","$","?","M","R","$","E","T","?","E","M","R","M","R","BOSS","M"],"items_purchased_type":["Relic"],"build_version":"2020-12-22","purchased_purges":0,"victory":false,"max_hp_per_floor":[80,80,80,80,80,80,80,80,80,80,80,80,80,80,80,80,80,84,84],"relic_stats":{"counters":[8,20],"Ornamental Fan":[12],"Gambling Chip":[14],"Bag of Preparation":[8],"obtain_stats":[{"NeowsBlessing":0,"Brimstone":3,"Ornamental Fan":10,"Gambling Chip":4,"Vajra":8,"Bag of Preparation":11,"StrikeDummy":9,"Burning Blood":0,"Runic Pyramid":17},{"NeowsBlessing":0,"Brimstone":1,"Ornamental Fan":3,"Gambling Chip":1,"Vajra":3,"Bag of Preparation":4,"StrikeDummy":3,"Burning Blood":0,"Runic Pyramid":7},{"NeowsBlessing":0,"Brimstone":1,"Ornamental Fan":3,"Gambling Chip":1,"Vajra":3,"Bag of Preparation":5,"StrikeDummy":3,"Burning Blood":0,"Runic Pyramid":17}],"Burning Blood":23},"card_choices":[{"not_picked":["Clothesline","Shrug It Off"],"picked":"Warcry","floor":1.0},{"not_picked":["Flame Barrier","Thunderclap"],"picked":"Spot Weakness","floor":5.0},{"not_picked":["Flame Barrier","Metallicize","Inflame"],"picked":"SKIP","floor":8.0},{"not_picked":["Warcry","Metallicize"],"picked":"Dual Wield","floor":11.0},{"not_picked":["Body Slam","Carnage"],"picked":"Armaments","floor":12.0},{"not_picked":["Perfected Strike","Combust","Dual Wield"],"picked":"SKIP","floor":14},{"not_picked":["Demon Form","Offering"],"picked":"Feed","floor":16}],"player_experience":33108,"relics_obtained":[{"floor":8.0,"key":"Vajra"},{"floor":9.0,"key":"StrikeDummy"},{"floor":11.0,"key":"Bag of Preparation"}],"event_choices":[{"damage_healed":0.0,"max_hp_gain":0.0,"max_hp_loss":0.0,"gold_gain":75.0,"event_name":"World of Goop","player_choice":"Gather Gold","floor":2.0,"gold_loss":0.0,"damage_taken":11.0},{"damage_healed":0.0,"max_hp_gain":0.0,"max_hp_loss":0.0,"gold_gain":0.0,"event_name":"Big Fish","player_choice":"Box","floor":4.0,"gold_loss":0.0,"damage_taken":0.0,"relics_obtained":["Gambling Chip"],"cards_obtained":["Regret"]},{"damage_healed":0.0,"max_hp_gain":0.0,"max_hp_loss":0.0,"gold_gain":0.0,"event_name":"Dead Adventurer","player_choice":"Searched \u00271\u0027 times","floor":10.0,"gold_loss":0.0,"damage_taken":0.0,"relics_obtained":["Ornamental Fan"]}],"is_beta":false,"boss_relics":[{"not_picked":["Calling Bell","SlaversCollar"],"picked":"Runic Pyramid"}],"items_purged_floors":[],"is_endless":false,"potions_floor_spawned":[5,8,14],"killed_by":"3 Byrds","ascension_level":0}}