{"host":"n43wxkei7kulhi8o","time":1612291790,"event":{"mods":["AchievementEnabler","BaseMod","Bestiary","Block Reminder","Colored Map","Colored Powertips","Curses Come First","Custom Start","Dark Map","Highlight Path","Minty Spire (QoL Compilation)","Quick Restart","Relic Stats","StSLib"],"gold_per_floor":[112,112,112,112,62,62,93,93,93,168,200,200,153,187,187,289,289,304,304,304,9,0,0,0],"floor_reached":23,"language":"ENG","playtime":611,"items_purged":[],"score":249,"play_id":"f13ddcae-bd0d-4fda-85c8-29c56cdff082","local_time":"20210202134950","is_ascension_mode":false,"campfire_choices":[{"data":"Zap","floor":6,"key":"SMITH"},{"data":"Dualcast","floor":8,"key":"SMITH"},{"data":"Machine Learning","floor":12,"key":"SMITH"},{"floor":15,"key":"REST"}],"circlet_count":0,"master_deck":["Strike_B","Strike_B+1","Strike_B","Strike_B","Defend_B+1","Defend_B","Defend_B","Defend_B","Zap+1","Dualcast+1","Machine Learning+1","Conserve Battery","Echo Form","Leap+1"],"relics":["Cracked Core","NeowsBlessing","Omamori","Pen Nib","Eternal Feather","Dream Catcher","Regal Pillow","Sozu","MealTicket","Calipers"],"acts_visited":["Exordium","TheCity"],"potions_floor_usage":[],"damage_taken":[{"damage":0,"enemies":"Jaw Worm","floor":1,"turns":1},{"damage":0,"enemies":"Lagavulin","floor":7,"turns":1},{"damage":0,"enemies":"Gremlin Nob","floor":11,"turns":1},{"damage":18,"enemies":"3 Sentries","floor":14,"turns":8},{"damage":48,"enemies":"The Guardian","floor":16,"turns":14},{"damage":17,"enemies":"3 Byrds","floor":18,"turns":4},{"damage":77,"enemies":"Gremlin Leader","floor":23,"turns":11}],"seed_played":"-3881215982740683742","potions_obtained":[{"floor":7,"key":"SteroidPotion"},{"floor":16,"key":"FocusPotion"}],"is_trial":false,"path_per_floor":["M","?","$","?","?","R","E","R","T","?","E","R","$","E","R","B",null,"M","$","?","$","?","E"],"character_chosen":"DEFECT","items_purchased":["Conserve Battery","Calipers"],"campfire_rested":1,"item_purchase_floors":[13,21],"current_hp_per_floor":[75,60,60,60,60,60,60,60,60,49,49,55,55,37,75,27,75,58,58,58,73,73,0,0],"gold":0,"neow_bonus":"THREE_ENEMY_KILL","is_daily":false,"chose_seed":false,"campfire_upgraded":3,"win_rate":0.0,"timestamp":1612291790,"path_taken":["M","?","$","?","?","R","E","R","T","?","E","R","?","E","R","BOSS","M","$","?","$","?","E"],"items_purchased_type":["Card","Relic"],"build_version":"2020-12-22","purchased_purges":0,"victory":false,"max_hp_per_floor":[75,75,75,75,75,75,75,75,75,75,75,75,75,75,75,75,75,75,75,75,75,75,75,75],"relic_stats":{"Sozu":0,"Dream Catcher":1,"Regal Pillow":10,"counters":[7,40],"Eternal Feather":12,"MealTicket":15,"Pen Nib":[5],"obtain_stats":[{"Sozu":17,"Dream Catcher":11,"Regal Pillow":14,"Calipers":21,"NeowsBlessing":0,"Eternal Feather":9,"MealTicket":20,"Pen Nib":7,"Omamori":4,"Cracked Core":0},{"Sozu":5,"Dream Catcher":3,"Regal Pillow":4,"Calipers":6,"NeowsBlessing":0,"Eternal Feather":2,"MealTicket":6,"Pen Nib":2,"Omamori":1,"Cracked Core":0},{"Sozu":25,"Dream Catcher":3,"Regal Pillow":11,"Calipers":29,"NeowsBlessing":0,"Eternal Feather":2,"MealTicket":29,"Pen Nib":2,"Omamori":1,"Cracked Core":0}]},"card_choices":[{"not_picked":["Hologram","Stack","Hello World"],"picked":"SKIP","floor":1},{"not_picked":["Hologram","Go for the Eyes"],"picked":"Machine Learning","floor":7},{"not_picked":["Static Discharge","Go for the Eyes","Redo"],"picked":"SKIP","floor":11},{"not_picked":["Turbo","Genetic Algorithm","Rebound"],"picked":"SKIP","floor":14},{"not_picked":["All For One","Buffer"],"picked":"Echo Form","floor":16},{"not_picked":["Hologram+1","Rebound"],"picked":"Leap+1","floor":18}],"player_experience":666842,"relics_obtained":[{"floor":7,"key":"Pen Nib"},{"floor":9,"key":"Eternal Feather"},{"floor":11,"key":"Dream Catcher"},{"floor":14,"key":"Regal Pillow"}],"event_choices":[{"damage_healed":0,"gold_gain":0,"player_choice":"Entered Light","damage_taken":15,"max_hp_gain":0,"max_hp_loss":0,"event_name":"Shining Light","floor":2,"gold_loss":0,"cards_upgraded":["Strike_B","Defend_B"]},{"damage_healed":0,"gold_gain":0,"player_choice":"Box","damage_taken":0,"relics_obtained":["Omamori"],"max_hp_gain":0,"max_hp_loss":0,"event_name":"Big Fish","floor":4,"gold_loss":0,"cards_obtained":["Regret"]},{"cards_removed":["Regret"],"damage_healed":0,"gold_gain":0,"player_choice":"Card Removal","damage_taken":0,"max_hp_gain":0,"max_hp_loss":0,"event_name":"The Cleric","floor":5,"gold_loss":50},{"damage_healed":0,"gold_gain":75,"player_choice":"Gather Gold","damage_taken":11,"max_hp_gain":0,"max_hp_loss":0,"event_name":"World of Goop","floor":10,"gold_loss":0},{"damage_healed":0,"gold_gain":0,"player_choice":"Opened","damage_taken":0,"relics_obtained":["MealTicket"],"max_hp_gain":0,"max_hp_loss":0,"event_name":"The Mausoleum","floor":20,"gold_loss":0,"cards_obtained":["Writhe"]},{"damage_healed":0,"gold_gain":0,"player_choice":"Paid Fearfully","damage_taken":0,"max_hp_gain":0,"max_hp_loss":0,"event_name":"Masked Bandits","floor":22,"gold_loss":9}],"is_beta":false,"boss_relics":[{"not_picked":["FrozenCore","Ectoplasm"],"picked":"Sozu"}],"items_purged_floors":[],"is_endless":false,"potions_floor_spawned":[7,16],"killed_by":"Gremlin Leader","ascension_level":0}}