{"host":"3498uni0c31c9bdm","time":1612285799,"event":{"mods":["BaseMod","Better Third Choice","Minty Spire (QoL Compilation)","Replay The Spire","StSLib"],"gold_per_floor":[118,140,140,140,160,335,348,373,399,115,115,143,143,158,158,158,158],"floor_reached":16,"language":"ENG","playtime":377,"items_purged":[],"score":167,"play_id":"a06c572a-5642-4801-81b5-fae5f402a94a","local_time":"20210203040959","is_ascension_mode":true,"campfire_choices":[{"floor":11,"key":"REST"},{"floor":15,"key":"REST"}],"circlet_count":0,"master_deck":["AscendersBane","Strike_B","Strike_B","Strike_B","Strike_B","Defend_B","Defend_B","Defend_B","Defend_B","Zap","Dualcast","Melter","ReplayTheSpireMod:Splinters","Sunder","Defragment","Doubt","Turbo","Streamline","Coolheaded","Go for the Eyes","Ball Lightning"],"relics":["Cracked Core","NeowsBlessing","ReplayFunnel","Omamori","Iron Hammer","Regal Pillow"],"acts_visited":["Exordium"],"potions_floor_usage":[8,12,16],"damage_taken":[{"damage":0,"enemies":"Small Slimes","floor":1,"turns":1},{"damage":0,"enemies":"2 Louse","floor":5,"turns":1},{"damage":0,"enemies":"Jaw Worm","floor":7,"turns":1},{"damage":47,"enemies":"Lagavulin","floor":8,"turns":8},{"damage":16,"enemies":"Gremlin Nob","floor":12,"turns":4},{"damage":13,"enemies":"Exordium Wildlife","floor":14,"turns":3},{"damage":59,"enemies":"Slime Boss","floor":16,"turns":8}],"seed_played":"-4820707396527453149","potions_obtained":[{"floor":1,"key":"LiquidMemories"},{"floor":2,"key":"PotionOfCapacity"},{"floor":14,"key":"Fruit Juice"}],"is_trial":false,"path_per_floor":["M","?","?","$","M","?","M","E","T","$","R","E","$","M","R","B"],"character_chosen":"DEFECT","items_purchased":["Iron Hammer","Coolheaded"],"campfire_rested":2,"item_purchase_floors":[10,10],"current_hp_per_floor":[68,68,68,68,68,68,68,21,21,21,43,27,27,14,51,0,0],"gold":158,"neow_bonus":"THREE_ENEMY_KILL","is_daily":false,"chose_seed":false,"campfire_upgraded":0,"win_rate":0.0,"timestamp":1612285799,"path_taken":["M","?","?","?","M","?","M","E","T","$","R","E","$","M","R","BOSS"],"items_purchased_type":["Relic","Card"],"build_version":"2020-12-22","purchased_purges":0,"victory":false,"max_hp_per_floor":[75,75,75,75,75,75,75,75,75,75,75,75,75,75,75,80,80],"card_choices":[{"not_picked":["Steam Power","BasicCrystalCard"],"picked":"Melter","floor":1},{"not_picked":["Darkness","BootSequence"],"picked":"Sunder","floor":2},{"not_picked":["Skim","Consume"],"picked":"Defragment","floor":5},{"not_picked":["Rebound","Hologram"],"picked":"Turbo","floor":7},{"not_picked":["Compile Driver","Beam Cell"],"picked":"Streamline","floor":8},{"not_picked":["Undo","Cold Snap"],"picked":"Go for the Eyes","floor":12},{"not_picked":["FIFO Queue","FTL"],"picked":"Ball Lightning","floor":14}],"player_experience":817767,"relics_obtained":[{"floor":8,"key":"ReplayFunnel"},{"floor":9,"key":"Omamori"},{"floor":12,"key":"Regal Pillow"}],"event_choices":[{"damage_healed":0,"gold_gain":0,"player_choice":"Leave","damage_taken":0,"max_hp_gain":0,"max_hp_loss":0,"event_name":"The Cleric","floor":3,"gold_loss":0},{"damage_healed":0,"gold_gain":175,"player_choice":"AGREE","damage_taken":160,"max_hp_gain":0,"max_hp_loss":0,"event_name":"betterThird:BetterSerpent","floor":6,"gold_loss":0}],"is_beta":false,"boss_relics":[],"items_purged_floors":[],"is_endless":false,"potions_floor_spawned":[1,5,14],"killed_by":"Slime Boss","ascension_level":11}}