{"host":"c35j6tsoy7cxzn43","time":1612266560,"event":{"mods":["BaseMod","Better Third Choice","BetterRewards","Colored Map","Colored Powertips","Conspire","Highlight Path","Hubris","Infinite Spire","Minty Spire (QoL Compilation)","Quick Restart","Replay The Spire","Shop Mod","StSLib"],"gold_per_floor":[117,133,146,23,62,125,125,125,125,177,217,277,75,104,104,222,222,235,235,81,99,130,164,164,200,200,200,77,105,105,141,141,240,240,277,277,295,314,327,359,427,441,441,460,460,490,490,515,515,515,515],"floor_reached":50,"language":"ENG","playtime":4451,"items_purged":["Strike_G"],"score":809,"play_id":"90b31b2c-6ad7-46eb-9663-978266eddd51","local_time":"20210202124920","is_ascension_mode":false,"campfire_choices":[{"data":"Mayhem","floor":8,"key":"SMITH"},{"floor":15,"key":"RECALL"},{"data":"ReplayTheSpireMod:Scrap Shanks","floor":24,"key":"SMITH"},{"data":"Madness","floor":27,"key":"SMITH"},{"data":"Accuracy","floor":30,"key":"SMITH"},{"data":"Blade Dance","floor":32,"key":"SMITH"},{"data":"Envenom","floor":47,"key":"SMITH"},{"floor":49,"key":"REST"}],"circlet_count":0,"master_deck":["Strike_G","Strike_G","Strike_G","Strike_G","Defend_G","Defend_G","Defend_G","Defend_G","Survivor","Neutralize","Accuracy+1","Blade Dance+1","Mayhem+1","Madness+1","HandOfGreed","ReplayTheSpireMod:Scrap Shanks+1","Cloak And Dagger","Dash","Dagger Throw","ReplayTheSpireMod:From All Sides","Bullet Time","Dagger Throw+1","Dodge and Roll+1","Dagger Spray","Cloak And Dagger","ReplayTheSpireMod:Restless Dread","Infinite Blades","Hidden Blade","Accuracy+1","Doppelganger","Dagger Spray","Dagger Throw+1","Envenom+1","Tactician+1","Blade Dance+1","Blade Dance+1"],"relics":["Ring of the Snake","Anchor","ReplayTheSpireMod:ShopPack","ReplayTheSpireMod:TigerMarble","Bag of Preparation","Ginger","Cursed Key","ClockworkSouvenir","hubris:PeanutButter","conspire:TopHat","SlaversCollar","Replay:Accelerometer","StoneCalendar","Prayer Wheel","hubris:TenFootPole"],"acts_visited":["Exordium","TheCity","TheBeyond"],"potions_floor_usage":[11,16,16,23,29,39,41,48,50],"damage_taken":[{"damage":0,"enemies":"Small Slimes","floor":1,"turns":3},{"damage":0,"enemies":"2 Louse","floor":2,"turns":3},{"damage":5,"enemies":"Jaw Worm","floor":3,"turns":5},{"damage":16,"enemies":"Exordium Thugs","floor":5,"turns":6},{"damage":3,"enemies":"Lagavulin","floor":10,"turns":5},{"damage":7,"enemies":"3 Louse","floor":11,"turns":3},{"damage":0,"enemies":"Gremlin Gang","floor":12,"turns":3},{"damage":9,"enemies":"3 Sentries","floor":14,"turns":10},{"damage":0,"enemies":"Slime Boss","floor":16,"turns":6},{"damage":6,"enemies":"Spheric Guardian","floor":18,"turns":4},{"damage":0,"enemies":"Chosen","floor":21,"turns":3},{"damage":3,"enemies":"Shelled Parasite and Fungi","floor":22,"turns":3},{"damage":19,"enemies":"Gremlin Leader","floor":23,"turns":8},{"damage":0,"enemies":"Chosen and Byrds","floor":25,"turns":5},{"damage":0,"enemies":"Book of Stabbing","floor":29,"turns":5},{"damage":0,"enemies":"Cultist and Chosen","floor":31,"turns":4},{"damage":7,"enemies":"hubris:MusketHawk","floor":33,"turns":5},{"damage":1,"enemies":"3 Shapes","floor":35,"turns":3},{"damage":17,"enemies":"3 Darklings","floor":37,"turns":4},{"damage":7,"enemies":"Writhing Mass","floor":38,"turns":5},{"damage":0,"enemies":"Maw","floor":39,"turns":5},{"damage":0,"enemies":"Nemesis","floor":40,"turns":3},{"damage":15,"enemies":"2 Orb Walkers","floor":41,"turns":4},{"damage":0,"enemies":"Jaw Worm Horde","floor":42,"turns":3},{"damage":11,"enemies":"Writhing Mass","floor":44,"turns":7},{"damage":0,"enemies":"Giant Head","floor":46,"turns":5},{"damage":6,"enemies":"Reptomancer","floor":48,"turns":4},{"damage":50,"enemies":"Time Eater","floor":50,"turns":4}],"seed_played":"-9064021298355144839","potions_obtained":[{"floor":1,"key":"Energy Potion"},{"floor":2,"key":"Toxic Potion"},{"floor":6,"key":"SteroidPotion"},{"floor":11,"key":"DistilledChaos"},{"floor":18,"key":"Dexterity Potion"},{"floor":29,"key":"ColorlessPotion"},{"floor":33,"key":"Milkshake"},{"floor":37,"key":"Energy Potion"},{"floor":42,"key":"Strength Potion"},{"floor":48,"key":"Toxic Potion"}],"is_trial":false,"path_per_floor":["M","M","M","$","M","?","?","R","T","E","M","M","$","E","R","B",null,"M","?","$","M","M","E","R","M","T","R","$","E","R","M","R","B",null,"M","?","M","M","M","E","?","M","T","M","?","E","R","E","R","B"],"character_chosen":"THE_SILENT","items_purchased":["ReplayTheSpireMod:ShopPack","ReplayTheSpireMod:Speed Training","Dagger Throw","ClockworkSouvenir","Infinite Blades","Hidden Blade"],"campfire_rested":1,"item_purchase_floors":[4,13,13,20,28,28],"current_hp_per_floor":[70,70,65,65,49,32,32,32,32,29,22,22,22,13,13,13,70,64,64,64,64,61,42,42,42,42,42,42,42,42,42,42,35,70,69,69,52,45,45,45,30,30,30,19,19,19,19,13,34,0,0],"gold":515,"neow_bonus":"RANDOM_COMMON_RELIC","is_daily":false,"chose_seed":false,"campfire_upgraded":6,"win_rate":0.0,"timestamp":1612266560,"path_taken":["M","M","M","$","M","?","?","R","T","E","M","M","$","E","R","BOSS","M","?","?","M","M","E","R","M","T","R","$","E","R","M","R","BOSS","M","?","?","M","M","E","?","M","T","M","?","E","R","E","R","BOSS"],"items_purchased_type":["Relic","Card","Card","Relic","Card","Card"],"build_version":"2020-12-22","purchased_purges":1,"victory":false,"max_hp_per_floor":[70,70,70,70,70,70,70,70,70,70,70,70,70,70,70,70,70,70,70,70,70,70,70,70,70,70,70,70,70,70,70,70,70,70,70,70,70,70,70,70,70,70,70,70,70,70,70,70,70,70,70],"card_choices":[{"not_picked":["Quick Slash","Endless Agony","hubris:Counter"],"picked":"SKIP","floor":1},{"not_picked":["Sucker Punch","Blade Dance"],"picked":"Accuracy","floor":2},{"not_picked":["Escape Plan","Prepared"],"picked":"Blade Dance","floor":3},{"not_picked":["Chrysalis","HandOfGreed"],"picked":"Mayhem","floor":4},{"not_picked":["Replay:Sssssssssstrike","Finesse"],"picked":"Madness","floor":4},{"not_picked":["Mind Blast","Survey Options"],"picked":"HandOfGreed","floor":4},{"not_picked":["Sucker Punch","Deflect","Hidden Blade"],"picked":"SKIP","floor":5},{"not_picked":["Quick Slash","Venomology"],"picked":"ReplayTheSpireMod:Scrap Shanks","floor":6},{"not_picked":["Deadly Poison","Dagger Throw"],"picked":"Cloak And Dagger","floor":10},{"not_picked":["Deflect","Underhanded Strike"],"picked":"Dash","floor":11},{"not_picked":["Underhanded Strike","Quick Slash","Draining Mist"],"picked":"SKIP","floor":12},{"not_picked":["Blade Dance","Backflip"],"picked":"ReplayTheSpireMod:From All Sides","floor":14},{"not_picked":["Night Terror","Burst"],"picked":"Bullet Time","floor":16},{"not_picked":["hubris:TrickCloak+1","Dagger Throw+1","Acrobatics"],"picked":"SKIP","floor":18},{"not_picked":["Underhanded Strike+1","hubris:Counter"],"picked":"Dagger Throw+1","floor":21},{"not_picked":["ReplayTheSpireMod:Speed Training","Bane"],"picked":"Dodge and Roll+1","floor":22},{"not_picked":["Poisoned Stab","ReplayTheSpireMod:Shiv Toss"],"picked":"Dagger Spray","floor":23},{"not_picked":["Acrobatics","Catalyst+1"],"picked":"Cloak And Dagger","floor":25},{"not_picked":["conspire:PoisonWeapons","Acrobatics+1"],"picked":"Accuracy","floor":29},{"not_picked":["conspire:DoublingDagger","Acrobatics","Outmaneuver"],"picked":"SKIP","floor":31},{"not_picked":["Storm of Steel","Wraith Form v2"],"picked":"Doppelganger","floor":33},{"not_picked":["Bane+1","Masterful Stab","Underhanded Strike+1"],"picked":"SKIP","floor":35},{"not_picked":["Poisoned Stab+1","hubris:SlightOfHand","Fluid Movement"],"picked":"SKIP","floor":37},{"not_picked":["Outmaneuver+1","PiercingWail","Expertise+1"],"picked":"SKIP","floor":38},{"not_picked":["Cloak And Dagger","Prepared"],"picked":"Dagger Throw+1","floor":39},{"not_picked":["Footwork+1","Quick Slash"],"picked":"Envenom","floor":40},{"not_picked":["Deflect+1","Acrobatics+1"],"picked":"Tactician+1","floor":41},{"not_picked":["Poisoned Stab","Underhanded Strike"],"picked":"Blade Dance+1","floor":42},{"not_picked":["Masterful Stab","Setup+1"],"picked":"Blade Dance+1","floor":44},{"not_picked":["Bouncing Flask","Escape Plan+1","Quick Slash"],"picked":"SKIP","floor":46},{"not_picked":["Bane+1","hubris:Counter+1","Outmaneuver+1"],"picked":"SKIP","floor":48}],"player_experience":434138,"relics_obtained":[{"floor":9,"key":"ReplayTheSpireMod:TigerMarble"},{"floor":10,"key":"Bag of Preparation"},{"floor":14,"key":"Ginger"},{"floor":23,"key":"hubris:PeanutButter"},{"floor":29,"key":"conspire:TopHat"},{"floor":40,"key":"Replay:Accelerometer"},{"floor":41,"key":"StoneCalendar"},{"floor":46,"key":"Prayer Wheel"},{"floor":48,"key":"hubris:TenFootPole"}],"event_choices":[{"damage_healed":0,"gold_gain":0,"player_choice":"Upgraded","damage_taken":0,"max_hp_gain":0,"max_hp_loss":0,"event_name":"Upgrade Shrine","floor":19,"gold_loss":0,"cards_upgraded":["Accuracy"]},{"damage_healed":0,"gold_gain":0,"cards_transformed":["ReplayTheSpireMod:Speed Training"],"player_choice":"Transformed","damage_taken":0,"max_hp_gain":0,"max_hp_loss":0,"event_name":"Transmorgrifier","floor":36,"gold_loss":0,"cards_obtained":["Dagger Spray"]},{"damage_healed":0,"gold_gain":0,"player_choice":"Fight","damage_taken":0,"max_hp_gain":0,"max_hp_loss":0,"event_name":"Mysterious Sphere","floor":41,"gold_loss":0}],"is_beta":false,"boss_relics":[{"not_picked":["Velvet Choker","hubris:Stopwatch"],"picked":"Cursed Key"},{"not_picked":["conspire:RoyalGoblet","Replay:Drink Me"],"picked":"SlaversCollar"}],"items_purged_floors":[13],"is_endless":false,"potions_floor_spawned":[1,2,11,14,18,29,33,37,42,46,48],"killed_by":"Time Eater","ascension_level":0}}