{"host":"zzf13dk0jcen0ncv","time":1612253506,"event":{"mods":["AchievementEnabler","BaseMod","BetterRewards","Colored Map","Keyboard Shortcuts","Minty Spire (QoL Compilation)","Quick Restart","Shop Mod","StSLib","SuperFastMode","Waifu the Spire"],"gold_per_floor":[118,136,149,149,149,197,15,15,15,67,67,67,67,102,102,178,178,190,35,85,99,13,44,44,56,127,138,138,163,163,192,192,268,268,306,321,115,115,153,206,206,241,267,293,53,79,79,101,101,101,101,101,101,12,44,44],"floor_reached":57,"language":"KOR","playtime":2073,"items_purged":["Strike_B"],"score":3259,"play_id":"f7bfedd8-0888-470b-8f17-b16fdadc291a","local_time":"20210202171146","is_ascension_mode":true,"campfire_choices":[{"data":"Heatsinks","floor":8,"key":"SMITH"},{"data":"White Noise","floor":11,"key":"SMITH"},{"floor":13,"key":"REST"},{"data":"Heatsinks","floor":15,"key":"SMITH"},{"data":"Forethought","floor":28,"key":"SMITH"},{"floor":32,"key":"REST"},{"floor":41,"key":"RECALL"},{"data":"Amplify","floor":47,"key":"SMITH"},{"data":"Fission","floor":49,"key":"SMITH"},{"data":"Turbo","floor":53,"key":"SMITH"}],"circlet_count":0,"master_deck":["AscendersBane","Defend_B","Defend_B","Zap","Dualcast","Trip+1","Heatsinks+1","Blizzard+1","HandOfGreed","Heatsinks+1","Reinforced Body","Static Discharge","Doom and Gloom+1","Capacitor","Genetic Algorithm","Dark Shackles","Panache","BootSequence","Storm","Steam Power","White Noise+1","Multi-Cast+1","Electrodynamics","Turbo+1","Storm","Echo Form","Echo Form+1","Turbo+1","Creative AI+1","Go for the Eyes","Master of Strategy","Forethought+1","Machine Learning","Hologram+1","Aggregate+1","Coolheaded","Fission+1","Tempest","Amplify+1","Storm","Skim+1","Tempest+1","Creative AI","Loop","Undo","Glacier+1","Enlightenment","Stack","Heatsinks"],"relics":["Cracked Core","Sundial","Nunchaku","Strawberry","ClockworkSouvenir","Bottled Tornado","PreservedInsect","Runic Capacitor","Question Card","War Paint","Membership Card","Singing Bowl","Pen Nib","Vajra","Letter Opener","Astrolabe","Potion Belt","Toy Ornithopter","Eternal Feather","MealTicket","Whetstone","Inserter","OrangePellets","Lantern","White Beast Statue","Anchor","Pocketwatch","CeramicFish","Chemical X","DataDisk","Bag of Marbles"],"acts_visited":["Exordium","TheCity","TheBeyond","TheEnding"],"potions_floor_usage":[27,31,51,56],"damage_taken":[{"damage":0,"enemies":"Cultist","floor":1,"turns":3},{"damage":0,"enemies":"2 Louse","floor":2,"turns":3},{"damage":9,"enemies":"Jaw Worm","floor":3,"turns":5},{"damage":33,"enemies":"Gremlin Nob","floor":6,"turns":4},{"damage":20,"enemies":"3 Sentries","floor":10,"turns":3},{"damage":0,"enemies":"Lagavulin","floor":14,"turns":3},{"damage":13,"enemies":"Hexaghost","floor":16,"turns":6},{"damage":7,"enemies":"Spheric Guardian","floor":18,"turns":4},{"damage":9,"enemies":"2 Thieves","floor":21,"turns":3},{"damage":41,"enemies":"Book of Stabbing","floor":23,"turns":4},{"damage":6,"enemies":"Centurion and Healer","floor":25,"turns":4},{"damage":0,"enemies":"Snecko","floor":27,"turns":3},{"damage":20,"enemies":"Slavers","floor":29,"turns":4},{"damage":0,"enemies":"Gremlin Leader","floor":31,"turns":4},{"damage":16,"enemies":"Automaton","floor":33,"turns":4},{"damage":0,"enemies":"3 Shapes","floor":35,"turns":2},{"damage":1,"enemies":"Orb Walker","floor":36,"turns":3},{"damage":0,"enemies":"Spire Growth","floor":39,"turns":4},{"damage":3,"enemies":"Reptomancer","floor":40,"turns":3},{"damage":0,"enemies":"Giant Head","floor":42,"turns":5},{"damage":0,"enemies":"Reptomancer","floor":44,"turns":2},{"damage":2,"enemies":"Nemesis","floor":46,"turns":3},{"damage":0,"enemies":"Jaw Worm Horde","floor":48,"turns":2},{"damage":15,"enemies":"Awakened One","floor":50,"turns":4},{"damage":54,"enemies":"Time Eater","floor":51,"turns":7},{"damage":13,"enemies":"Shield and Spear","floor":55,"turns":2},{"damage":96,"enemies":"The Heart","floor":56,"turns":5}],"seed_played":"-7301955154714310952","potions_obtained":[{"floor":1,"key":"AttackPotion"},{"floor":6,"key":"ColorlessPotion"},{"floor":10,"key":"Energy Potion"},{"floor":23,"key":"EssenceOfSteel"},{"floor":25,"key":"LiquidMemories"},{"floor":36,"key":"SpeedPotion"},{"floor":42,"key":"SneckoOil"},{"floor":44,"key":"EssenceOfDarkness"},{"floor":48,"key":"Swift Potion"},{"floor":55,"key":"Regen Potion"}],"is_trial":false,"path_per_floor":["M","M","M","?","?","E","$","R","T","E","R","T","R","E","R","B",null,"M","$","?","M","$","E","?","M","T","M","R","E","?","E","R","B",null,"M","M","$","?","M","E","R","E","T","E","$","E","R","M","R","B","B",null,"R","$","E","B",null],"character_chosen":"DEFECT","items_purchased":["Trip","Sundial","Heatsinks","Blizzard","HandOfGreed","Heatsinks","Reinforced Body","Nunchaku","Strawberry","Static Discharge","ClockworkSouvenir","Doom and Gloom","Capacitor","Genetic Algorithm","Dark Shackles","Bottled Tornado","PreservedInsect","Panache","Runic Capacitor","BootSequence","Membership Card","Turbo","Master of Strategy","Forethought","Potion Belt","OrangePellets","Storm","Lantern","CeramicFish","Chemical X","Loop","Undo","Enlightenment","Stack","Heatsinks"],"campfire_rested":2,"item_purchase_floors":[0,0,0,0,0,0,0,0,0,0,0,0,0,0,0,0,0,0,0,0,7,7,19,19,22,37,37,37,45,45,45,45,54,54,54],"current_hp_per_floor":[71,71,62,62,67,34,34,34,34,14,14,14,38,40,40,27,71,64,64,64,55,55,16,7,1,1,8,29,9,9,14,61,45,78,78,77,89,89,89,88,91,91,91,91,91,91,93,93,93,78,29,77,93,93,82,3],"gold":44,"neow_bonus":"","is_daily":false,"chose_seed":false,"campfire_upgraded":7,"win_rate":0.0,"timestamp":1612253506,"path_taken":["M","M","M","?","?","E","?","R","T","E","R","?","R","E","R","BOSS","M","$","?","M","$","E","?","M","T","?","R","E","?","E","R","BOSS","M","?","$","?","?","E","R","E","T","E","$","E","R","M","R","BOSS","BOSS","R","$","E","BOSS"],"items_purchased_type":["Card","Relic","Card","Card","Card","Card","Card","Relic","Relic","Card","Relic","Card","Card","Card","Card","Relic","Relic","Card","Relic","Card","Relic","Card","Card","Card","Relic","Relic","Card","Relic","Relic","Relic","Card","Card","Card","Card","Card"],"build_version":"2020-12-22","purchased_purges":1,"victory":true,"max_hp_per_floor":[78,78,78,78,83,83,83,83,83,83,83,83,83,85,85,85,85,85,85,85,85,85,87,87,87,87,89,89,89,89,89,89,89,89,89,89,89,89,89,91,91,91,91,91,91,93,93,93,93,93,93,93,93,93,95,95],"card_choices":[{"not_picked":["Streamline","Hologram","Go for the Eyes"],"picked":"Storm","floor":1},{"not_picked":["Cold Snap","Ball Lightning","Lockon"],"picked":"Steam Power","floor":2},{"not_picked":["Sweeping Beam","Rebound","Redo"],"picked":"White Noise","floor":3},{"not_picked":["Chaos","Steam","Leap"],"picked":"Electrodynamics","floor":6},{"not_picked":["Rebound","Doom and Gloom","Cold Snap"],"picked":"Storm","floor":10},{"not_picked":["Scrape","Rebound","Consume","Gash"],"picked":"Singing Bowl","floor":14},{"not_picked":["All For One","Rainbow","Biased Cognition"],"picked":"Echo Form","floor":16},{"not_picked":["Ball Lightning","Leap","Conserve Battery"],"picked":"Go for the Eyes","floor":18},{"not_picked":["Scrape","Hologram","Rebound"],"picked":"Machine Learning","floor":21},{"not_picked":["Barrage","Compile Driver+1","Steam","Hologram"],"picked":"Singing Bowl","floor":23},{"not_picked":["Barrage","Streamline","Darkness"],"picked":"Hologram+1","floor":25},{"not_picked":["Beam Cell","Capacitor","Melter","Consume"],"picked":"Singing Bowl","floor":27},{"not_picked":["Conserve Battery","All For One","Blizzard"],"picked":"Aggregate+1","floor":29},{"not_picked":["Compile Driver","Consume","Tempest"],"picked":"Coolheaded","floor":31},{"not_picked":["Multi-Cast","Creative AI","Amplify"],"picked":"Fission","floor":33},{"not_picked":["Turbo+1","Redo","Cold Snap"],"picked":"Tempest","floor":35},{"not_picked":["Barrage+1","Leap+1","Coolheaded"],"picked":"Amplify","floor":36},{"not_picked":["Redo","Sweeping Beam","Leap"],"picked":"Skim+1","floor":39},{"not_picked":["Cold Snap","Genetic Algorithm","Blizzard","Barrage"],"picked":"Singing Bowl","floor":40},{"not_picked":["Cold Snap","Stack","Steam Power"],"picked":"Tempest+1","floor":42},{"not_picked":["Hello World+1","Auto Shields","Sweeping Beam"],"picked":"Creative AI","floor":44},{"not_picked":["Stack","Leap","Rebound+1","Gash+1"],"picked":"Singing Bowl","floor":46},{"not_picked":["Capacitor+1","Leap","Force Field"],"picked":"Glacier+1","floor":48},{"not_picked":["Beam Cell","Barrage","Blizzard","Streamline"],"picked":"Singing Bowl","floor":55}],"player_experience":934262,"relics_obtained":[{"floor":6,"key":"War Paint"},{"floor":9,"key":"Singing Bowl"},{"floor":10,"key":"Pen Nib"},{"floor":12,"key":"Vajra"},{"floor":14,"key":"Letter Opener"},{"floor":23,"key":"Toy Ornithopter"},{"floor":26,"key":"Eternal Feather"},{"floor":29,"key":"MealTicket"},{"floor":31,"key":"Whetstone"},{"floor":40,"key":"White Beast Statue"},{"floor":42,"key":"Anchor"},{"floor":44,"key":"Pocketwatch"},{"floor":46,"key":"DataDisk"},{"floor":55,"key":"Bag of Marbles"}],"event_choices":[{"damage_healed":0,"gold_gain":0,"cards_transformed":["Strike_B"],"player_choice":"Change","damage_taken":0,"max_hp_gain":0,"max_hp_loss":0,"event_name":"Living Wall","floor":4,"gold_loss":0,"cards_obtained":["Multi-Cast"]},{"damage_healed":0,"gold_gain":0,"player_choice":"Donut","damage_taken":0,"max_hp_gain":5,"max_hp_loss":0,"event_name":"Big Fish","floor":5,"gold_loss":0},{"damage_healed":0,"gold_gain":50,"player_choice":"Stole From Cult","damage_taken":0,"max_hp_gain":0,"max_hp_loss":0,"event_name":"Nest","floor":20,"gold_loss":0},{"damage_healed":0,"gold_gain":0,"player_choice":"Stopped","damage_taken":9,"max_hp_gain":0,"max_hp_loss":0,"event_name":"Cursed Tome","floor":24,"gold_loss":0},{"damage_healed":0,"gold_gain":0,"player_choice":"Leave","damage_taken":0,"max_hp_gain":0,"max_hp_loss":0,"event_name":"FaceTrader","floor":30,"gold_loss":0},{"cards_removed":["Defend_B"],"damage_healed":0,"gold_gain":0,"player_choice":"Purged","damage_taken":0,"max_hp_gain":0,"max_hp_loss":0,"event_name":"Purifier","floor":38,"gold_loss":0}],"is_beta":false,"boss_relics":[{"not_picked":["FrozenCore","Fusion Hammer"],"picked":"Astrolabe"},{"not_picked":["Velvet Choker","Cursed Key"],"picked":"Inserter"}],"items_purged_floors":[0],"is_endless":false,"potions_floor_spawned":[1,6,10,21,23,25,36,42,44,46,48,55],"ascension_level":20}}