{"host":"qvcm5n1ry1q9iv9x","time":1612273352,"event":{"mods":["Act Like it!","BaseMod","BetterRewards","Colored Map","Colored Powertips","Downfall","Friendly Minions","Highlight Path","Minty Spire (QoL Compilation)","Quick Restart","Relic Sorter","Shop Mod","StSLib"],"gold_per_floor":[0,20,34,34,49,81,81,108,122,122,122,122],"floor_reached":10,"language":"ZHS","playtime":532,"items_purged":[],"score":78,"play_id":"3beee9fb-2ee6-4743-be3a-60e59f13bc8c","local_time":"20210202214232","is_ascension_mode":false,"campfire_choices":[{"data":"Chrysalis","floor":1.0,"key":"SMITH"}],"circlet_count":0,"master_deck":["Slimebound:Strike_Slimebound","Slimebound:Strike_Slimebound","Slimebound:Strike_Slimebound","Slimebound:Tackle","Slimebound:Defend_Slimebound","Slimebound:Defend_Slimebound","Slimebound:Defend_Slimebound","Slimebound:Defend_Slimebound","Slimebound:Split","Slimebound:CorrosiveSpit","Chrysalis+1","Slimebound:LivingWall","Chrysalis+1","Slimebound:RallyTheTroops","Slimebound:Replication","Slimebound:ViciousTackle","Slimebound:Teamwork"],"relics":["Slimebound:AbsorbEndCombat","Mercury Hourglass","Omamori","Happy Flower"],"acts_visited":["Exordium"],"potions_floor_usage":[10,10],"damage_taken":[{"damage":1.0,"enemies":"Cultist","floor":2.0,"turns":3.0},{"damage":0.0,"enemies":"Small Slimes","floor":3.0,"turns":4.0},{"damage":1.0,"enemies":"Jaw Worm","floor":5.0,"turns":4.0},{"damage":45.0,"enemies":"3 Sentries","floor":6.0,"turns":6.0},{"damage":16.0,"enemies":"Gremlin Nob","floor":8.0,"turns":5.0},{"damage":2.0,"enemies":"Exordium Wildlife","floor":9.0,"turns":4.0},{"damage":9,"enemies":"3 Sentries","floor":10,"turns":4}],"seed_played":"5060052315419283746","potions_obtained":[{"floor":3.0,"key":"LiquidBronze"},{"floor":6.0,"key":"Swift Potion"},{"floor":8.0,"key":"Explosive Potion"},{"floor":9.0,"key":"Ancient Potion"}],"is_trial":false,"path_per_floor":["R","M","M","?","M","E","T","E","M","E"],"character_chosen":"SLIMEBOUND","items_purchased":[],"campfire_rested":0,"item_purchase_floors":[],"current_hp_per_floor":[65,65,65,65,65,20,20,8,6,0,0,0],"gold":122,"neow_bonus":"RANDOM_COLORLESS_2","is_daily":false,"chose_seed":false,"campfire_upgraded":1,"win_rate":0.0,"timestamp":1612273352,"path_taken":["R","M","?","?","M","E","T","E","M","E"],"items_purchased_type":[],"build_version":"2020-12-22","purchased_purges":0,"victory":false,"max_hp_per_floor":[65,65,65,65,65,65,65,65,65,65,65,65],"card_choices":[{"not_picked":["Thinking Ahead","Violence"],"picked":"Chrysalis","floor":0.0},{"not_picked":["Slimebound:GoopTackle","Slimebound:FinishingTackle"],"picked":"Slimebound:LivingWall","floor":2.0},{"not_picked":["Slimebound:ItLooksTasty","Slimebound:FinishingTackle","Slimebound:LeechEnergy"],"picked":"SKIP","floor":3.0},{"not_picked":["Slimebound:HauntingLick","Slimebound:LivingWall"],"picked":"Slimebound:RallyTheTroops","floor":5.0},{"not_picked":["Slimebound:SlimeSpikes","Slimebound:ComboTackle"],"picked":"Slimebound:Replication","floor":6.0},{"not_picked":["Slimebound:SplitBruiser","Slimebound:HauntingLick"],"picked":"Slimebound:ViciousTackle","floor":8.0},{"not_picked":["Slimebound:SamplingLick","Slimebound:HauntingLick"],"picked":"Slimebound:Teamwork","floor":9.0}],"player_experience":162231,"relics_obtained":[{"floor":6.0,"key":"Mercury Hourglass"},{"floor":7.0,"key":"Omamori"},{"floor":8.0,"key":"Happy Flower"}],"event_choices":[],"is_beta":false,"boss_relics":[],"items_purged_floors":[],"is_endless":false,"potions_floor_spawned":[3,6,8,9],"killed_by":"3 Sentries","ascension_level":0}}