{"host":"bakf0s4odzu8z5xt","time":1612248272,"event":{"mods":["BaseMod","Downfall","Friendly Minions","Minty Spire (QoL Compilation)","StSLib"],"gold_per_floor":[99,99,110,128,144,54,54,54,54,89,101,101,115,131,141,237,237,237,254,268,268,281,300,300,300,318,318,336,4,4,4,21,121,121,121,137,151,165,182,282,357,374,374,394,413,423,123,134,146,146,146,175,30,30,30,30],"floor_reached":57,"language":"ENG","playtime":5943,"items_purged":["Pain","Guardian:Strike_Guardian"],"score":1293,"play_id":"31c0849f-5255-4147-9809-bf9c492c01c0","local_time":"20210202004432","is_ascension_mode":false,"campfire_choices":[{"data":"Guardian:FierceBash","floor":1.0,"key":"SMITH"},{"data":"Guardian:TwinSlam","floor":9.0,"key":"SMITH"},{"data":"Guardian:TemporalShield","floor":12.0,"key":"SMITH"},{"data":"Guardian:PiercingHide","floor":18.0,"key":"SMITH"},{"data":"Guardian:PrimingBeam","floor":25.0,"key":"SMITH"},{"data":"Guardian:TemporalShield","floor":27.0,"key":"SMITH"},{"data":"Guardian:BodySlam","floor":30.0,"key":"SMITH"},{"data":"Guardian:FastForward","floor":35.0,"key":"SMITH"},{"floor":43,"key":"RECALL"},{"data":"Guardian:ShieldSpikes","floor":47,"key":"SMITH"},{"data":"Guardian:StasisField","floor":54,"key":"SMITH"}],"circlet_count":0,"master_deck":["Guardian:Strike_Guardian","Guardian:Strike_Guardian","Guardian:Defend_Guardian","Guardian:Defend_Guardian","Guardian:Defend_Guardian","Guardian:Defend_Guardian","Guardian:CurlUp","Guardian:TwinSlam+1","Guardian:FierceBash+1","Guardian:PrimingBeam+1","Guardian:TemporalShield+1","Guardian:PiercingHide+1","Guardian:TemporalShield+1","Guardian:AncientConstruct+1","Guardian:EvasiveProtocol+1","Guardian:EvasiveProtocol+1","Guardian:ShieldCharger","Guardian:StasisField+1","Guardian:TimeCapacitor+1","Guardian:BodySlam+1","Guardian:ArmoredProtocol+1","Guardian:Incinerate","Guardian:Suspension+1","Guardian:BodySlam+1","Guardian:FastForward+1","Guardian:FuturePlans+1","Guardian:EvasiveProtocol+1","Guardian:Orbwalk+1","Guardian:ArmoredProtocol+1","Guardian:SpikerProtocol+1","Guardian:ArmoredProtocol+1","Guardian:Incinerate+1","Guardian:ShieldSpikes+1","Guardian:WalkerClaw+1","Guardian:ArmoredProtocol+1","Guardian:Harden","Guardian:StasisField","Guardian:SpikerProtocol+1"],"relics":["Guardian:ModeShifterPlus","Frozen Egg 2","Ice Cream","Bronze Scales","Philosopher\u0027s Stone","downfall:GremlinWheel","Bottled Lightning","downfall:HeartBlessingRed","downfall:HeartBlessingBlue","downfall:HeartBlessingGreen","Bag of Marbles"],"acts_visited":["Exordium","TheCity","TheBeyond","TheEnding"],"potions_floor_usage":[42,55,55,55],"damage_taken":[{"damage":3.0,"enemies":"Small Slimes","floor":3.0,"turns":6.0},{"damage":5.0,"enemies":"2 Louse","floor":4.0,"turns":4.0},{"damage":6.0,"enemies":"Cultist","floor":5.0,"turns":5.0},{"damage":2.0,"enemies":"downfall:FleeingMerchant","floor":6.0,"turns":4.0},{"damage":22.0,"enemies":"Lagavulin","floor":10.0,"turns":8.0},{"damage":1.0,"enemies":"Exordium Thugs","floor":11.0,"turns":7.0},{"damage":3.0,"enemies":"Red Slaver","floor":13.0,"turns":5.0},{"damage":1.0,"enemies":"Gremlin Gang","floor":14.0,"turns":7.0},{"damage":4.0,"enemies":"Exordium Wildlife","floor":15.0,"turns":5.0},{"damage":15.0,"enemies":"DF_ARCHETYPE_STREAMLINE","floor":16.0,"turns":13.0},{"damage":0.0,"enemies":"Shell Parasite","floor":19.0,"turns":6.0},{"damage":0.0,"enemies":"Chosen","floor":20.0,"turns":6.0},{"damage":4.0,"enemies":"Centurion and Healer","floor":22.0,"turns":7.0},{"damage":21.0,"enemies":"Cultist and Chosen","floor":23.0,"turns":8.0},{"damage":0.0,"enemies":"Shelled Parasite and Fungi","floor":26.0,"turns":4.0},{"damage":2.0,"enemies":"Chosen and Byrds","floor":28.0,"turns":4.0},{"damage":0.0,"enemies":"downfall:FleeingMerchant","floor":29.0,"turns":4.0},{"damage":0.0,"enemies":"3 Cultists","floor":32.0,"turns":6.0},{"damage":0.0,"enemies":"IC_MUSHROOM_ARCHETYPE","floor":33.0,"turns":5.0},{"damage":0.0,"enemies":"3 Darklings","floor":36.0,"turns":4.0},{"damage":0.0,"enemies":"Orb Walker","floor":37.0,"turns":3.0},{"damage":0.0,"enemies":"4 Shapes","floor":38.0,"turns":4.0},{"damage":11,"enemies":"Jaw Worm Horde","floor":39,"turns":5},{"damage":2,"enemies":"Jaw Worm Horde","floor":40,"turns":3},{"damage":0,"enemies":"Transient","floor":42,"turns":5},{"damage":0,"enemies":"Maw","floor":44,"turns":6},{"damage":0,"enemies":"Writhing Mass","floor":45,"turns":5},{"damage":0,"enemies":"Spire Growth","floor":46,"turns":4},{"damage":0,"enemies":"3 Darklings","floor":48,"turns":5},{"damage":0,"enemies":"Jaw Worm Horde","floor":49,"turns":5},{"damage":0,"enemies":"WA_ARCHETYPE_DIVINITY","floor":50,"turns":9},{"damage":0,"enemies":"downfall:CharBossMerchant","floor":52,"turns":9},{"damage":0,"enemies":"downfall:NeowBoss","floor":55,"turns":14},{"damage":10,"enemies":"downfall:NeowBossFinal","floor":56,"turns":11}],"seed_played":"6737676402133255221","potions_obtained":[{"floor":10.0,"key":"BlessingOfTheForge"},{"floor":11.0,"key":"SpeedPotion"},{"floor":15.0,"key":"Guardian:AcceleratePotion"},{"floor":19.0,"key":"Guardian:AcceleratePotion"},{"floor":28.0,"key":"BlessingOfTheForge"},{"floor":31.0,"key":"CultistPotion"},{"floor":33.0,"key":"PowerPotion"},{"floor":46,"key":"Guardian:AcceleratePotion"}],"is_trial":false,"path_per_floor":["R","?","M","M","M","$","T","?","R","E","M","R","M","M","M","B",null,"R","M","M","?","M","M","T","R","M","R","M","$","R","?","M","B",null,"R","M","M","M","M","?","T","M","R","M","M","M","R","M","M","B",null,"E","$","R","B","B",null],"character_chosen":"GUARDIAN","items_purchased":["Bronze Scales","Guardian:BodySlam","Guardian:StasisField","Guardian:SpikerProtocol+1"],"campfire_rested":0,"item_purchase_floors":[29,29,53,53],"current_hp_per_floor":[80,80,77,72,66,64,64,64,64,42,41,41,38,37,33,18,80,80,80,80,80,76,55,55,55,55,55,53,53,53,53,53,53,80,80,80,80,80,69,67,67,67,67,67,67,67,77,77,77,77,90,90,90,90,90,80],"gold":30,"neow_bonus":"THREE_RARE_CARDS","is_daily":false,"chose_seed":false,"campfire_upgraded":10,"win_rate":0.0,"timestamp":1612248272,"path_taken":["R","?","M","M","M","$","T","?","R","E","M","R","M","M","M","BOSS","R","M","M","?","M","M","T","R","M","R","M","$","R","?","M","BOSS","R","M","M","M","M","?","T","?","R","M","M","M","R","M","M","BOSS","E","$","R","BOSS","BOSS"],"items_purchased_type":["Relic","Card","Card","Card"],"build_version":"2020-12-22","purchased_purges":2,"victory":true,"max_hp_per_floor":[80,80,80,80,80,80,80,80,80,80,80,80,80,80,80,80,80,80,80,80,80,80,80,80,80,80,80,80,80,80,80,80,80,80,80,80,80,80,80,80,80,80,80,80,80,80,90,90,90,90,90,90,90,90,90,90],"card_choices":[{"not_picked":["Guardian:StasisEngine","Guardian:ConstructionForm"],"picked":"Guardian:FierceBash","floor":0.0},{"not_picked":["Guardian:Gem_Red","Guardian:TemporalStrike"],"picked":"Guardian:PrimingBeam","floor":3.0},{"not_picked":["Guardian:BodySlam","Guardian:Reroute"],"picked":"Guardian:TemporalShield","floor":4.0},{"not_picked":["Guardian:VentSteam","Guardian:Planning"],"picked":"Guardian:PiercingHide","floor":5.0},{"not_picked":["Guardian:CompilePackage","Guardian:VentSteam"],"picked":"Guardian:Gem_Lightblue","floor":6.0},{"not_picked":["Guardian:ShieldCharger","Guardian:CrystalBeam"],"picked":"Guardian:TemporalShield","floor":10.0},{"not_picked":["Guardian:CrystalBeam","Guardian:Gem_Green"],"picked":"Guardian:AncientConstruct+1","floor":11.0},{"not_picked":["Guardian:PrismaticBeam","Guardian:Suspension"],"picked":"Guardian:EvasiveProtocol+1","floor":13.0},{"not_picked":["Guardian:Reroute","Guardian:PolyBeam"],"picked":"Guardian:EvasiveProtocol+1","floor":14.0},{"not_picked":["Guardian:Gem_Blue","Guardian:TemporalShield"],"picked":"Guardian:ShieldCharger","floor":15.0},{"not_picked":["Guardian:FierceBash","Guardian:GemFinder+1"],"picked":"Guardian:StasisField","floor":16.0},{"not_picked":["Guardian:VentSteam","Guardian:PrimingBeam"],"picked":"Guardian:Gem_Red","floor":19.0},{"not_picked":["Guardian:ChargeUp","Guardian:TimeBomb"],"picked":"Guardian:TimeCapacitor+1","floor":20.0},{"not_picked":["Guardian:Gem_Green","Guardian:PrimingBeam"],"picked":"Guardian:BodySlam+1","floor":22.0},{"not_picked":["Guardian:Gem_Red","Guardian:PiercingHide"],"picked":"Guardian:ArmoredProtocol+1","floor":23.0},{"not_picked":["Guardian:Gem_Green","Guardian:TimeCapacitor+1"],"picked":"Guardian:Incinerate","floor":26.0},{"not_picked":["Guardian:Gem_Lightblue","Guardian:ChargeCore","Guardian:Gem_Purple"],"picked":"SKIP","floor":28.0},{"not_picked":["Guardian:PolyBeam","Guardian:ShieldCharger"],"picked":"Guardian:Suspension+1","floor":29.0},{"not_picked":["Guardian:Gem_Red","Guardian:PrismaticBarrier","Guardian:TemporalStrike"],"picked":"SKIP","floor":32.0},{"not_picked":["Guardian:FierceBash","Guardian:GemFire"],"picked":"Guardian:FastForward","floor":33.0},{"not_picked":["Guardian:ChargeCore","Guardian:TemporalStrike"],"picked":"Guardian:FuturePlans+1","floor":36.0},{"not_picked":["Guardian:Gem_Cyan","Guardian:WalkerClaw"],"picked":"Guardian:EvasiveProtocol+1","floor":37.0},{"not_picked":["Guardian:SentryBeam+1","Guardian:Gem_Fragmented"],"picked":"Guardian:Orbwalk+1","floor":38.0},{"not_picked":["Guardian:Gem_Purple","Guardian:SentryBeam+1"],"picked":"Guardian:ArmoredProtocol+1","floor":39},{"not_picked":["Guardian:ChargeUp+1","Guardian:Orbwalk+1"],"picked":"Guardian:SpikerProtocol+1","floor":42},{"not_picked":["Guardian:CrystalBeam","Guardian:Preprogram"],"picked":"Guardian:ArmoredProtocol+1","floor":44},{"not_picked":["Guardian:ArmoredProtocol+1","Guardian:Repulse+1"],"picked":"Guardian:Incinerate+1","floor":45},{"not_picked":["Guardian:Gem_Orange","Guardian:PolyBeam+1"],"picked":"Guardian:ShieldSpikes","floor":46},{"not_picked":["Guardian:BronzeArmor","Guardian:Preprogram+1"],"picked":"Guardian:WalkerClaw+1","floor":48},{"not_picked":["Guardian:Incinerate+1","Guardian:Gem_Red"],"picked":"Guardian:ArmoredProtocol+1","floor":49},{"not_picked":["Guardian:Gem_Yellow","Guardian:Gem_Purple"],"picked":"Guardian:Harden","floor":52}],"player_experience":2048839,"relics_obtained":[{"floor":7.0,"key":"Frozen Egg 2"},{"floor":10.0,"key":"Ice Cream"},{"floor":40,"key":"downfall:GremlinWheel"},{"floor":41,"key":"Bottled Lightning"},{"floor":52,"key":"Bag of Marbles"}],"event_choices":[{"damage_healed":0.0,"max_hp_gain":0.0,"max_hp_loss":0.0,"gold_gain":0.0,"event_name":"Ghosts","player_choice":"Ignored","floor":21.0,"gold_loss":0.0,"damage_taken":0.0}],"is_beta":false,"boss_relics":[{"not_picked":["Guardian:StasisSlotReductionRelic","Black Star"],"picked":"Guardian:ModeShifterPlus"},{"not_picked":["SlaversCollar","SacredBark"],"picked":"Philosopher\u0027s Stone"}],"items_purged_floors":[6,29],"is_endless":false,"potions_floor_spawned":[10,11,15,19,28,33,38,39,46,48,49],"ascension_level":0}}