{"host":"5v9rfzf5qju8k9wy","time":1612237705,"event":{"mods":["Act Like it!","Arknights","BaseMod","Gensokyo","Marisa£®ÏF”Í°°ƒß¿Ì…≥£©","Minty Spire (QoL Compilation)","Reimu£®≤©¿ˆ¡È√Œ£©","Remilia£®¿Ÿ√◊¿Ú—«£©","Replay The Spire","StSLib","The Administrix","Youmu£®ªÍ∆«—˝√Œ£©"],"gold_per_floor":[115,190,41,41,51,51,86,86,86,102,120,120,138,179,179,310,310,333,348,369,387,84,84,84],"floor_reached":23,"language":"ZHS","playtime":1915,"items_purged":["ats:Strike C"],"score":228,"play_id":"ee5a26a7-87eb-4edf-afe6-acc29fa3fc1d","local_time":"20210202114825","is_ascension_mode":false,"campfire_choices":[{"data":"ats:Emotion Absorption","floor":6,"key":"SMITH"},{"data":"ats:Consecutive Shot Auto","floor":8,"key":"SMITH"},{"data":"ats:Neurotoxin","floor":15,"key":"SMITH"}],"circlet_count":0,"master_deck":["ats:Strike G","ats:Strike S+1","ats:Strike V+1","ats:Armor Crushing Shot","ats:Defend","ats:Defend","ats:Defend","ats:Defend","ats:Emotion Absorption+1","ats:Blood Oath","ats:Neurotoxin+1","ats:Consecutive Shot Auto+1","ats:Literary Storm+1","ats:Guard Mode+1","ats:Rat Pack+1","ats:Disruption Kick","ats:Apocalypse+1","ats:Wolf Pack","ats:Curse Doll+1","ats:Poison Spread","ats:Poison Spread"],"relics":["ats:Sanity","NeowsBlessing","Pet Ghost","ats:Originium","Pantograph","Toxic Egg 2","Golden Idol","Whetstone","Black Star","DollysMirror"],"acts_visited":["Exordium","TheCity"],"potions_floor_usage":[18,23,23],"damage_taken":[{"damage":0,"enemies":"Jaw Worm","floor":1,"turns":1},{"damage":0,"enemies":"Cultist","floor":5,"turns":1},{"damage":0,"enemies":"Gremlin Nob","floor":7,"turns":1},{"damage":9,"enemies":"2 Louse","floor":10,"turns":2},{"damage":9,"enemies":"Blue Slaver","floor":11,"turns":4},{"damage":9,"enemies":"2 Fungi Beasts","floor":13,"turns":2},{"damage":8,"enemies":"Lagavulin","floor":14,"turns":6},{"damage":48,"enemies":"Fading Forest","floor":16,"turns":11},{"damage":5,"enemies":"Shell Parasite","floor":18,"turns":6},{"damage":11,"enemies":"3 Byrds","floor":19,"turns":6},{"damage":41,"enemies":"Snake Plant","floor":20,"turns":6},{"damage":20,"enemies":"Centurion and Healer","floor":21,"turns":8},{"damage":10,"enemies":"Book of Stabbing","floor":23,"turns":3}],"seed_played":"-4386228506265815788","potions_obtained":[{"floor":4,"key":"SneckoOil"},{"floor":4,"key":"Languid Potion"},{"floor":4,"key":"LiquidMemories"},{"floor":10,"key":"AttackPotion"},{"floor":13,"key":"Block Potion"},{"floor":21,"key":"Toxic Potion"}],"is_trial":false,"path_per_floor":["M","?","$","?","M","R","E","R","T","M","M","?","M","E","R","B",null,"M","M","M","M","$","E"],"character_chosen":"DOCTOR_CLASS","items_purchased":["Pet Ghost","ats:Curse Doll+1","ats:Poison Spread","DollysMirror"],"campfire_rested":0,"item_purchase_floors":[3,22,22,22],"current_hp_per_floor":[72,61,61,61,61,61,61,61,61,55,52,34,28,26,26,25,72,70,72,34,29,29,19,19],"gold":84,"neow_bonus":"THREE_ENEMY_KILL","is_daily":false,"chose_seed":false,"campfire_upgraded":3,"win_rate":0.0,"timestamp":1612237705,"path_taken":["M","?","$","?","M","R","E","R","T","M","?","?","M","E","R","BOSS","M","M","M","M","$","E"],"items_purchased_type":["Relic","Card","Card","Relic"],"build_version":"2020-12-22","purchased_purges":1,"victory":false,"max_hp_per_floor":[72,72,72,72,72,72,72,72,72,72,72,72,72,72,72,72,72,72,72,72,72,72,72,72],"card_choices":[{"not_picked":["ats:Powerful Strike","ats:Apocalypse"],"picked":"ats:Blood Oath","floor":1},{"not_picked":["ats:Revitalization","ats:Red Shift"],"picked":"ats:Neurotoxin","floor":5},{"not_picked":["ats:Burning Ground","ats:Shadow Raid"],"picked":"ats:Consecutive Shot Auto","floor":7},{"not_picked":["ats:Assault Order+1","ats:Blood Oath","ats:Explosion Area Strengthen"],"picked":"SKIP","floor":10},{"not_picked":["ats:Revitalization+1","ats:Flexible Camouflage+1"],"picked":"ats:Literary Storm+1","floor":11},{"not_picked":["ats:Absolute Focus+1","ats:Closed Bolt Burst Fire"],"picked":"ats:Guard Mode+1","floor":13},{"not_picked":["ats:Directed Diagnosis+1","ats:Collapsing Strike"],"picked":"ats:Rat Pack+1","floor":14},{"not_picked":["ats:Calcification+1","ats:True Silver Slash"],"picked":"ats:Disruption Kick","floor":16},{"not_picked":["ats:Mental Burst","ats:Flexible Camouflage+1"],"picked":"ats:Apocalypse+1","floor":18},{"not_picked":["ats:Counter Healing Mode","ats:Shell Defense+1","ats:Mental Burst"],"picked":"SKIP","floor":19},{"not_picked":["ats:Poison Spread","ats:Magnetic Hammer"],"picked":"ats:Wolf Pack","floor":20},{"not_picked":["ats:Song Of Battle","ats:Leaping Hammer","ats:Sunburst+1"],"picked":"SKIP","floor":21}],"player_experience":124381,"relics_obtained":[{"floor":7,"key":"ats:Originium"},{"floor":7,"key":"Pantograph"},{"floor":9,"key":"Toxic Egg 2"},{"floor":14,"key":"ats:Originium"},{"floor":14,"key":"Whetstone"}],"event_choices":[{"damage_healed":0,"gold_gain":75,"player_choice":"Gather Gold","damage_taken":11,"max_hp_gain":0,"max_hp_loss":0,"event_name":"World of Goop","floor":2,"gold_loss":0},{"damage_healed":0,"gold_gain":0,"player_choice":"Got Potions","damage_taken":0,"max_hp_gain":0,"max_hp_loss":0,"event_name":"Lab","floor":4,"gold_loss":0},{"damage_healed":0,"gold_gain":0,"player_choice":"Take Damage","damage_taken":18,"relics_obtained":["Golden Idol"],"max_hp_gain":0,"max_hp_loss":0,"event_name":"Golden Idol","floor":12,"gold_loss":0}],"is_beta":false,"boss_relics":[{"not_picked":["Snecko Eye","Kintsugi"],"picked":"Black Star"}],"items_purged_floors":[22],"is_endless":false,"potions_floor_spawned":[10,11,13,14,21],"killed_by":"Book of Stabbing","ascension_level":0}}