{"host":"sav7uxregyirlf69","time":1612276765,"event":{"mods":["AchievementEnabler","BaseMod","Colored Map","DeckTracker","Keyboard Shortcuts","Minty Spire (QoL Compilation)","READ ME - Guardian Mod","StSLib","SuperFastMode"],"gold_per_floor":[13,13,32,32,43,76,76,107,132,152,152,181,181,201,201,278,278,290,119,133,48,66,66,66,66,114,114,145,158,184,203,203,203,203],"floor_reached":33,"language":"KOR","playtime":585,"items_purged":[],"score":595,"play_id":"41d9a845-8a25-43e3-b7d4-4c75fbab0ed7","local_time":"20210202233925","is_ascension_mode":true,"campfire_choices":[{"data":"Wild Strike","floor":7,"key":"SMITH"},{"data":"Evolve","floor":15,"key":"SMITH"},{"floor":23,"key":"REST"},{"data":"Perfected Strike","floor":25,"key":"SMITH"},{"data":"Bash","floor":27,"key":"SMITH"},{"data":"Shockwave","floor":32,"key":"SMITH"}],"circlet_count":0,"master_deck":["AscendersBane","Strike_R+1","Strike_R","Strike_R+1","Strike_R","Strike_R","Defend_R","Defend_R","Defend_R","Defend_R","Bash+1","Perfected Strike+1","Warcry","Evolve+1","Wild Strike+1","Wild Strike","Shrug It Off","Wild Strike","Impervious","Wild Strike","Perfected Strike+1","Battle Trance","Shockwave+1"],"relics":["Burning Blood","Anchor","Whetstone","Regal Pillow","WingedGreaves","Nunchaku","Calipers","Philosopher\u0027s Stone","ClockworkSouvenir","Lantern","Dream Catcher","Pocketwatch","Red Skull"],"acts_visited":["Exordium","TheCity"],"potions_floor_usage":[12,16,16,16,20,28,33],"damage_taken":[{"damage":4.0,"enemies":"2 Louse","floor":1.0,"turns":4.0},{"damage":2.0,"enemies":"Jaw Worm","floor":3.0,"turns":3.0},{"damage":1.0,"enemies":"Cultist","floor":5.0,"turns":3.0},{"damage":32,"enemies":"Gremlin Nob","floor":6,"turns":4},{"damage":25,"enemies":"3 Sentries","floor":8,"turns":7},{"damage":13,"enemies":"Blue Slaver","floor":10,"turns":3},{"damage":4,"enemies":"Gremlin Nob","floor":12,"turns":3},{"damage":7,"enemies":"Exordium Wildlife","floor":14,"turns":4},{"damage":28,"enemies":"Hexaghost","floor":16,"turns":9},{"damage":14,"enemies":"Shell Parasite","floor":18,"turns":4},{"damage":33,"enemies":"3 Byrds","floor":20,"turns":5},{"damage":28,"enemies":"Sentry and Sphere","floor":22,"turns":4},{"damage":18,"enemies":"Gremlin Leader","floor":28,"turns":4},{"damage":5,"enemies":"Centurion and Healer","floor":29,"turns":3},{"damage":0,"enemies":"Snake Plant","floor":31,"turns":2},{"damage":83,"enemies":"Automaton","floor":33,"turns":6}],"seed_played":"9133584501133927463","potions_obtained":[{"floor":3.0,"key":"LiquidBronze"},{"floor":6,"key":"LiquidMemories"},{"floor":8,"key":"EntropicBrew"},{"floor":14,"key":"Block Potion"},{"floor":18,"key":"Dexterity Potion"},{"floor":20,"key":"SteroidPotion"},{"floor":31,"key":"DistilledChaos"}],"is_trial":false,"path_per_floor":["M","?","M","$","M","E","R","E","T","M","?","E","T","M","R","B",null,"M","$","M","?","M","R","?","R","T","R","E","M","T","M","R","B"],"character_chosen":"IRONCLAD","items_purchased":["ClockworkSouvenir"],"campfire_rested":1,"item_purchase_floors":[19],"current_hp_per_floor":[84,84,88,88,89,63,63,44,44,37,32,34,34,33,33,11,70,62,62,35,35,13,54,54,54,54,54,42,43,43,49,49,0,0],"gold":203,"neow_bonus":"TWENTY_PERCENT_HP_BONUS","is_daily":false,"chose_seed":false,"campfire_upgraded":5,"win_rate":0.0,"timestamp":1612276765,"path_taken":["M","?","M","?","M","E","R","E","T","?","?","E","?","?","R","BOSS","M","$","M","?","M","R","?","R","T","R","E","M","?","M","R","BOSS"],"items_purchased_type":["Relic"],"build_version":"2020-12-22","purchased_purges":0,"victory":false,"max_hp_per_floor":[89,89,89,89,89,89,89,89,89,89,89,89,89,89,89,89,89,89,89,89,89,89,89,89,89,89,89,89,89,89,89,89,89,89],"card_choices":[{"not_picked":["Clothesline","Body Slam"],"picked":"Perfected Strike","floor":1.0},{"not_picked":["Sentinel","Armaments"],"picked":"Warcry","floor":3.0},{"not_picked":["Heavy Blade","True Grit"],"picked":"Evolve","floor":5.0},{"not_picked":["Impervious","Pommel Strike"],"picked":"Wild Strike","floor":6},{"not_picked":["Iron Wave","Dropkick","Clash"],"picked":"SKIP","floor":8},{"not_picked":["Reckless Charge","Shrug It Off"],"picked":"Wild Strike","floor":10},{"not_picked":["Metallicize","Flex"],"picked":"Shrug It Off","floor":12},{"not_picked":["Blood for Blood","Uppercut"],"picked":"Wild Strike","floor":14},{"not_picked":["Demon Form","Double Tap"],"picked":"Impervious","floor":16},{"not_picked":["Burning Pact","Headbutt"],"picked":"Wild Strike","floor":18},{"not_picked":["Wild Strike","Clothesline"],"picked":"Perfected Strike","floor":20},{"not_picked":["Heavy Blade","Rampage"],"picked":"Battle Trance","floor":22},{"not_picked":["Infernal Blade","Sentinel"],"picked":"Shockwave","floor":28},{"not_picked":["Dropkick+1","Havoc","Whirlwind"],"picked":"SKIP","floor":29},{"not_picked":["Clash","Clothesline","True Grit"],"picked":"SKIP","floor":31}],"player_experience":1463286,"relics_obtained":[{"floor":6,"key":"Anchor"},{"floor":8,"key":"Whetstone"},{"floor":9,"key":"Regal Pillow"},{"floor":12,"key":"Nunchaku"},{"floor":13,"key":"Calipers"},{"floor":26,"key":"Dream Catcher"},{"floor":28,"key":"Pocketwatch"},{"floor":30,"key":"Red Skull"}],"event_choices":[{"damage_healed":0.0,"max_hp_gain":0.0,"max_hp_loss":0.0,"gold_gain":0.0,"event_name":"Living Wall","player_choice":"Grow","floor":2.0,"gold_loss":0.0,"damage_taken":0.0,"cards_upgraded":["Perfected Strike"]},{"damage_healed":0,"gold_gain":0,"player_choice":"Success","damage_taken":5,"relics_obtained":["WingedGreaves"],"max_hp_gain":0,"max_hp_loss":0,"event_name":"Scrap Ooze","floor":11,"gold_loss":0},{"damage_healed":0,"gold_gain":0,"player_choice":"Obtained Relic","damage_taken":0,"relics_obtained":["Lantern"],"max_hp_gain":0,"max_hp_loss":0,"event_name":"Addict","floor":21,"gold_loss":85},{"damage_healed":0,"gold_gain":0,"player_choice":"Ignored","damage_taken":0,"max_hp_gain":0,"max_hp_loss":0,"event_name":"Ghosts","floor":24,"gold_loss":0}],"is_beta":false,"boss_relics":[{"not_picked":["Busted Crown","Runic Pyramid"],"picked":"Philosopher\u0027s Stone"}],"items_purged_floors":[],"is_endless":false,"potions_floor_spawned":[3,6,8,14,18,20,31],"killed_by":"Automaton","ascension_level":20}}