{"host":"vjkx177ju3wjmzef","time":1612283641,"event":{"mods":["BaseMod","Block Reminder","Colored Map","Colored Powertips","DeckTracker","Googly Eyes","Highlight Path","Minty Spire (QoL Compilation)","Quick Restart","Random Character Button","Relic Stats","Replay The Spire","StSLib"],"gold_per_floor":[114,129,30,30,30,30,45,45,45,45,45,60,75,90,90,190,190,205,305,54,54,125,125,140,155,205,205,205],"floor_reached":27,"language":"ENG","playtime":1862,"items_purged":["Defend_R","Regret"],"score":203,"play_id":"06529c44-26a5-4a83-9129-475478f49e4f","local_time":"20210202103401","daily_mods":["Chimera","Blue Cards","Binary"],"is_ascension_mode":false,"campfire_choices":[{"data":"Armaments","floor":6,"key":"SMITH"},{"data":"Body Slam","floor":8,"key":"SMITH"},{"floor":23,"key":"DIG"}],"circlet_count":0,"master_deck":["Bash","Survivor","Zap","Eruption","Strike_R","Strike_G","Strike_B","Defend_G","Body Slam+1","Streamline","Armaments+1","ReplayTheSpireMod:System Scan+1","Cold Snap","Rip and Tear+1","Dual Wield","Rampage","Demon Form","Clash","Flex","Heavy Blade","Thunderclap+1"],"relics":["Burning Blood","Ornamental Fan","Mummified Hand","TungstenRod","SlaversCollar","Shovel","ReplayTheSpireMod:Ninjato","Replay:Baseball"],"acts_visited":["Exordium","TheCity"],"potions_floor_usage":[16,16,24,24,24,24,25,25,27],"damage_taken":[{"damage":1,"enemies":"Cultist","floor":1,"turns":4},{"damage":12,"enemies":"Small Slimes","floor":2,"turns":4},{"damage":6,"enemies":"2 Louse","floor":7,"turns":3},{"damage":0,"enemies":"Blue Slaver","floor":12,"turns":3},{"damage":4,"enemies":"Looter","floor":13,"turns":3},{"damage":5,"enemies":"Exordium Thugs","floor":14,"turns":5},{"damage":25,"enemies":"The Guardian","floor":16,"turns":12},{"damage":44,"enemies":"Shell Parasite","floor":18,"turns":7},{"damage":6,"enemies":"Spheric Guardian","floor":24,"turns":4},{"damage":21,"enemies":"Shelled Parasite and Fungi","floor":25,"turns":5},{"damage":10,"enemies":"Snake Plant","floor":27,"turns":2}],"seed_played":"-9070903199233054170","potions_obtained":[{"floor":1,"key":"LifebloodPotion"},{"floor":7,"key":"Swift Potion"},{"floor":14,"key":"SteroidPotion"},{"floor":22,"key":"EntropicBrew"},{"floor":22,"key":"Venom Potion"},{"floor":25,"key":"Energy Potion"}],"is_trial":false,"path_per_floor":["M","M","$","?","?","R","M","R","T","T","$","M","M","M","R_BF","B",null,"M","?","$","T","?","R","M","M","T","M"],"character_chosen":"IRONCLAD","items_purchased":["Armaments","CultistPotion","Flex"],"campfire_rested":0,"item_purchase_floors":[3,20,20],"current_hp_per_floor":[80,74,74,74,74,74,74,74,74,74,74,80,80,80,80,61,80,42,42,42,42,23,23,23,8,8,0,0],"gold":205,"neow_bonus":"","is_daily":true,"chose_seed":false,"campfire_upgraded":2,"win_rate":0.0,"timestamp":1612283641,"path_taken":["M","?","$","?","?","R","M","R","T","?","?","M","M","M","R_BF","BOSS","M","?","?","?","?","R","M","?","T","M"],"items_purchased_type":["Card","Potion","Card"],"build_version":"2020-12-22","purchased_purges":2,"victory":false,"max_hp_per_floor":[80,80,80,80,80,80,80,80,80,80,80,80,80,80,80,80,80,80,80,80,80,80,80,80,80,80,80,80],"relic_stats":{"Shovel":1,"counters":[11,52],"Ornamental Fan":[24],"Mummified Hand":[2],"obtain_stats":[{"SlaversCollar":17,"Replay:Baseball":26,"Shovel":21,"ReplayTheSpireMod:Ninjato":23,"Ornamental Fan":4,"Mummified Hand":9,"Burning Blood":0,"TungstenRod":10},{"SlaversCollar":7,"Replay:Baseball":10,"Shovel":8,"ReplayTheSpireMod:Ninjato":8,"Ornamental Fan":2,"Mummified Hand":3,"Burning Blood":0,"TungstenRod":3},{"SlaversCollar":34,"Replay:Baseball":50,"Shovel":41,"ReplayTheSpireMod:Ninjato":41,"Ornamental Fan":8,"Mummified Hand":11,"Burning Blood":0,"TungstenRod":11}],"Burning Blood":52,"TungstenRod":33},"card_choices":[{"not_picked":["Burning Pact"],"picked":"Body Slam","floor":1},{"not_picked":["Coolheaded"],"picked":"Streamline","floor":2},{"not_picked":["Consume"],"picked":"Cold Snap","floor":7},{"not_picked":["Disarm"],"picked":"Rip and Tear","floor":12},{"not_picked":["ReplayTheSpireMod:System Scan"],"picked":"Dual Wield","floor":13},{"not_picked":["Turbo"],"picked":"Rampage","floor":14},{"not_picked":["Core Surge"],"picked":"Demon Form","floor":16},{"not_picked":["Headbutt"],"picked":"Clash","floor":18},{"not_picked":["Hologram"],"picked":"Heavy Blade","floor":22},{"not_picked":["Scrape"],"picked":"Thunderclap+1","floor":24},{"not_picked":["Searing Blow","Multi-Cast"],"picked":"SKIP","floor":25}],"player_experience":177415,"relics_obtained":[{"floor":9,"key":"Mummified Hand"},{"floor":10,"key":"TungstenRod"},{"floor":21,"key":"Shovel"},{"floor":23,"key":"ReplayTheSpireMod:Ninjato"},{"floor":26,"key":"Replay:Baseball"}],"event_choices":[{"damage_healed":0,"gold_gain":0,"player_choice":"Box","damage_taken":0,"relics_obtained":["Ornamental Fan"],"max_hp_gain":0,"max_hp_loss":0,"event_name":"Big Fish","floor":4,"gold_loss":0,"cards_obtained":["Regret"]},{"damage_healed":0,"gold_gain":100,"player_choice":"Pray","damage_taken":0,"max_hp_gain":0,"max_hp_loss":0,"event_name":"Golden Shrine","floor":19,"gold_loss":0}],"is_beta":false,"boss_relics":[{"not_picked":["Sozu","Runic Cube"],"picked":"SlaversCollar"}],"items_purged_floors":[3,20],"is_endless":false,"potions_floor_spawned":[1,7,14,25],"killed_by":"Snake Plant","ascension_level":0}}