{"host":"0gq2f9xwdze0ceg1","time":1612295586,"event":{"mods":["Arknights","BaseMod","Colored Powertips","Hermit","Marisa????????","Minty Spire (QoL Compilation)","Robot Space Explorer","StSLib","The Cursed","The Dragon Tamer","The Forsaken"],"gold_per_floor":[118,118,46,64,130,158,158,158,158,16,16,28,28,28],"floor_reached":13,"language":"SPA","playtime":547,"items_purged":[],"score":106,"play_id":"55272325-29bf-424c-b0f0-01d9efd0b145","local_time":"20210202165306","is_ascension_mode":false,"campfire_choices":[{"data":"theForsaken:DivineGuidance","floor":7,"key":"SMITH"},{"data":"theForsaken:DarkBargain","floor":11,"key":"SMITH"}],"circlet_count":0,"master_deck":["theForsaken:TheForsaken_Strike","theForsaken:TheForsaken_Strike","theForsaken:TheForsaken_Strike","theForsaken:TheForsaken_Strike","theForsaken:TheForsaken_Defend","theForsaken:TheForsaken_Defend","theForsaken:TheForsaken_Defend","theForsaken:TheForsaken_Defend","theForsaken:Smite","theForsaken:Penitence","theForsaken:Eulogy","theForsaken:MagicWeapon","theForsaken:ShieldBash","theForsaken:DivineGuidance+1","theForsaken:DarkBargain+1","theForsaken:HymnOfRest","theForsaken:WardingHymn"],"relics":["theForsaken:JudgementScales","NeowsBlessing","Anchor","Blood Vial","Matryoshka"],"acts_visited":["Exordium"],"potions_floor_usage":[],"damage_taken":[{"damage":0,"enemies":"Jaw Worm","floor":1,"turns":1},{"damage":0,"enemies":"2 Louse","floor":4,"turns":1},{"damage":0,"enemies":"3 Sentries","floor":6,"turns":2},{"damage":0,"enemies":"Small Slimes","floor":12,"turns":4},{"damage":71,"enemies":"Gremlin Nob","floor":13,"turns":5}],"seed_played":"8032961664074933802","potions_obtained":[{"floor":1,"key":"Energy Potion"},{"floor":6,"key":"ColorlessPotion"}],"is_trial":false,"path_per_floor":["M","?","$","M","?","E","R","?","T","$","R","M","E"],"character_chosen":"THE_FORSAKEN","items_purchased":["theForsaken:MagicWeapon","theForsaken:DarkBargain","theForsaken:HymnOfRest"],"campfire_rested":0,"item_purchase_floors":[3,10,10],"current_hp_per_floor":[65,62,62,62,62,62,62,67,67,67,67,70,0,0],"gold":28,"neow_bonus":"THREE_ENEMY_KILL","is_daily":false,"chose_seed":false,"campfire_upgraded":2,"win_rate":0.0,"timestamp":1612295586,"path_taken":["M","?","$","M","?","E","R","?","T","?","R","M","E"],"items_purchased_type":["Card","Card","Card"],"build_version":"2020-12-22","purchased_purges":0,"victory":false,"max_hp_per_floor":[65,65,65,65,65,65,65,70,70,70,70,70,70,70],"card_choices":[{"not_picked":["theForsaken:InspiringBlow","theForsaken:FuryStrikes"],"picked":"theForsaken:Eulogy","floor":1},{"not_picked":["theForsaken:ScorchingSunlight","theForsaken:PowerUp"],"picked":"theForsaken:ShieldBash","floor":4},{"not_picked":["theForsaken:Thunderbolt","theForsaken:FatRoll"],"picked":"theForsaken:DivineGuidance","floor":6},{"not_picked":["theForsaken:Thunderbolt","theForsaken:Terrorize"],"picked":"theForsaken:WardingHymn","floor":12}],"player_experience":96516,"relics_obtained":[{"floor":6,"key":"Blood Vial"},{"floor":9,"key":"Matryoshka"}],"event_choices":[{"damage_healed":0,"gold_gain":0,"player_choice":"Success","damage_taken":3,"relics_obtained":["Anchor"],"max_hp_gain":0,"max_hp_loss":0,"event_name":"Scrap Ooze","floor":2,"gold_loss":0},{"damage_healed":0,"gold_gain":66,"player_choice":"Gained Gold","damage_taken":0,"max_hp_gain":0,"max_hp_loss":0,"event_name":"Golden Wing","floor":5,"gold_loss":0},{"damage_healed":0,"gold_gain":0,"player_choice":"Donut","damage_taken":0,"max_hp_gain":5,"max_hp_loss":0,"event_name":"Big Fish","floor":8,"gold_loss":0}],"is_beta":false,"boss_relics":[],"items_purged_floors":[],"is_endless":false,"potions_floor_spawned":[1,6],"killed_by":"Gremlin Nob","ascension_level":0}}