{"host":"50qwps766cbz6ukm","time":1612264234,"event":{"mods":["BaseMod","Colored Map","Colored Powertips","DeckTracker","Highlight Path","Minty Spire (QoL Compilation)","Quick Restart","Remove Card Discount Mod","StSLib","SuperFastMode","Synergy Search"],"gold_per_floor":[112,112,287,301,30,59,59,86,111,136,128,128,163,178,178,279,279,297,320,338,298,308,308,162,175,175,175,274,286,306,306,306,401,401,415,130,140,150,7,7,40,50,76,108,119,139,188,203,203,203,203,203,112,139,139,139],"floor_reached":55,"language":"ENG","playtime":1103,"items_purged":["Doubt","Strike_P","Strike_P","Strike_P","Strike_P","Defend_P","Defend_P","Defend_P","BowlingBash","Defend_P","Eruption+1","Vigilance+1","EmptyFist"],"score":1477,"play_id":"670f103d-46ab-46af-99b5-8c017539cab9","local_time":"20210202131034","is_ascension_mode":true,"campfire_choices":[{"data":"Vigilance","floor":7,"key":"SMITH"},{"data":"Panache","floor":15,"key":"SMITH"},{"data":"Consecrate","floor":23,"key":"SMITH"},{"data":"Prostrate","floor":27,"key":"SMITH"},{"floor":32,"key":"RECALL"},{"floor":40,"key":"REST"},{"floor":49,"key":"REST"},{"floor":52,"key":"REST"}],"circlet_count":0,"master_deck":["Panache+1","Prostrate+1","Consecrate+1","Consecrate+1","Crescendo+1","Dramatic Entrance"],"relics":["HolyWater","NeowsBlessing","Blood Vial","Unceasing Top","Anchor","Bottled Tornado","PreservedInsect","Happy Flower","Omamori","Yang","Pen Nib","Busted Crown","Peace Pipe","TheAbacus","White Beast Statue","Nunchaku","Gambling Chip","Orichalcum"],"acts_visited":["Exordium","TheCity","TheBeyond","TheEnding"],"potions_floor_usage":[],"damage_taken":[{"damage":0,"enemies":"2 Louse","floor":1,"turns":1},{"damage":0,"enemies":"Jaw Worm","floor":4,"turns":1},{"damage":0,"enemies":"Gremlin Nob","floor":6,"turns":1},{"damage":1,"enemies":"Lagavulin","floor":8,"turns":5},{"damage":4,"enemies":"Gremlin Nob","floor":10,"turns":3},{"damage":0,"enemies":"Lagavulin","floor":13,"turns":1},{"damage":0,"enemies":"Cultist","floor":14,"turns":2},{"damage":0,"enemies":"Hexaghost","floor":16,"turns":3},{"damage":0,"enemies":"Spheric Guardian","floor":18,"turns":1},{"damage":0,"enemies":"Chosen","floor":20,"turns":2},{"damage":0,"enemies":"Sentry and Sphere","floor":22,"turns":1},{"damage":0,"enemies":"Chosen and Byrds","floor":25,"turns":1},{"damage":0,"enemies":"Centurion and Healer","floor":29,"turns":1},{"damage":0,"enemies":"3 Cultists","floor":30,"turns":1},{"damage":0,"enemies":"Champ","floor":33,"turns":1},{"damage":0,"enemies":"3 Shapes","floor":35,"turns":1},{"damage":0,"enemies":"3 Darklings","floor":37,"turns":1},{"damage":0,"enemies":"Transient","floor":38,"turns":5},{"damage":0,"enemies":"Nemesis","floor":41,"turns":1},{"damage":1,"enemies":"Writhing Mass","floor":42,"turns":2},{"damage":0,"enemies":"Reptomancer","floor":44,"turns":1},{"damage":0,"enemies":"4 Shapes","floor":45,"turns":1},{"damage":0,"enemies":"Jaw Worm Horde","floor":46,"turns":1},{"damage":0,"enemies":"2 Orb Walkers","floor":47,"turns":2},{"damage":0,"enemies":"Sphere and 2 Shapes","floor":48,"turns":1},{"damage":0,"enemies":"Donu and Deca","floor":50,"turns":1},{"damage":0,"enemies":"Shield and Spear","floor":54,"turns":1},{"damage":106,"enemies":"The Heart","floor":55,"turns":3}],"seed_played":"-3771497361455092392","potions_obtained":[{"floor":1,"key":"ColorlessPotion"},{"floor":4,"key":"BlessingOfTheForge"},{"floor":8,"key":"StancePotion"},{"floor":38,"key":"EntropicBrew"}],"is_trial":false,"path_per_floor":["M","?","?","M","$","E","R","E","T","E","$","?","E","M","R","B",null,"M","T","M","?","M","R","$","M","T","R","?","M","M","?","R","B",null,"M","$","M","M","$","R","E","M","T","E","M","M","?","M","R","B",null,"R","$","E","B"],"character_chosen":"WATCHER","items_purchased":["Panache","FlurryOfBlows","Prostrate","Omamori","Peace Pipe","TheAbacus","Dramatic Entrance"],"campfire_rested":3,"item_purchase_floors":[5,5,5,24,36,39,53],"current_hp_per_floor":[65,65,65,65,65,65,65,66,66,64,64,64,66,68,68,70,72,72,72,72,72,72,72,72,72,72,72,72,72,72,72,72,72,72,72,72,72,72,72,72,72,71,71,72,72,72,72,72,72,72,72,72,72,72,0,0],"gold":139,"neow_bonus":"THREE_ENEMY_KILL","is_daily":false,"chose_seed":false,"campfire_upgraded":4,"win_rate":0.0,"timestamp":1612264234,"path_taken":["M","?","?","?","$","E","R","E","T","E","$","?","E","M","R","BOSS","M","?","?","?","?","R","$","M","T","R","?","M","M","?","R","BOSS","M","?","?","M","$","R","E","M","T","E","?","?","?","M","R","BOSS","R","$","E","BOSS"],"items_purchased_type":["Card","Card","Card","Relic","Relic","Relic","Card"],"build_version":"2020-12-22","purchased_purges":13,"victory":false,"max_hp_per_floor":[72,72,72,72,72,72,72,72,72,72,72,72,72,72,72,72,72,72,72,72,72,72,72,72,72,72,72,72,72,72,72,72,72,72,72,72,72,72,72,72,72,72,72,72,72,72,72,72,72,72,72,72,72,72,72,72],"card_choices":[{"not_picked":["EmptyMind","Tantrum"],"picked":"BowlingBash","floor":1},{"not_picked":["WheelKick","Indignation"],"picked":"EmptyFist","floor":4},{"not_picked":["FlyingSleeves","Protect","ClearTheMind"],"picked":"SKIP","floor":6},{"not_picked":["FlyingSleeves","Blasphemy","FollowUp"],"picked":"SKIP","floor":8},{"not_picked":["EmptyMind","MentalFortress"],"picked":"Consecrate","floor":10},{"not_picked":["Weave","Swivel","SandsOfTime"],"picked":"SKIP","floor":13},{"not_picked":["Study","Sanctity","SignatureMove"],"picked":"SKIP","floor":14},{"not_picked":["FlyingSleeves+1","ClearTheMind","EmptyBody+1"],"picked":"SKIP","floor":18},{"not_picked":["EmptyFist","Meditate+1","Omniscience"],"picked":"SKIP","floor":20},{"not_picked":["FlyingSleeves+1","BowlingBash"],"picked":"Consecrate","floor":22},{"not_picked":["WindmillStrike+1","FollowUp","SignatureMove"],"picked":"SKIP","floor":25},{"not_picked":["EmptyFist+1","Adaptation","SignatureMove"],"picked":"SKIP","floor":29},{"not_picked":["Evaluate","EmptyBody","FlurryOfBlows"],"picked":"SKIP","floor":30},{"not_picked":["BattleHymn"],"picked":"SKIP","floor":35},{"not_picked":["FlyingSleeves"],"picked":"SKIP","floor":37},{"not_picked":["FearNoEvil+1"],"picked":"SKIP","floor":38},{"not_picked":["ThirdEye+1"],"picked":"SKIP","floor":41},{"not_picked":["WreathOfFlame+1"],"picked":"SKIP","floor":42},{"not_picked":["Protect"],"picked":"SKIP","floor":44},{"not_picked":["BowlingBash"],"picked":"SKIP","floor":45},{"not_picked":["Conclude+1"],"picked":"SKIP","floor":46},{"not_picked":[],"picked":"Crescendo+1","floor":47},{"not_picked":["FlurryOfBlows+1"],"picked":"SKIP","floor":48},{"not_picked":["FlurryOfBlows+1"],"picked":"SKIP","floor":54}],"player_experience":580265,"relics_obtained":[{"floor":6,"key":"Blood Vial"},{"floor":8,"key":"Unceasing Top"},{"floor":9,"key":"Anchor"},{"floor":10,"key":"Bottled Tornado"},{"floor":13,"key":"PreservedInsect"},{"floor":19,"key":"Happy Flower"},{"floor":26,"key":"Yang"},{"floor":31,"key":"Pen Nib"},{"floor":41,"key":"White Beast Statue"},{"floor":44,"key":"Nunchaku"},{"floor":47,"key":"Gambling Chip"},{"floor":54,"key":"Orichalcum"}],"event_choices":[{"damage_healed":0,"gold_gain":0,"player_choice":"Grow","damage_taken":0,"max_hp_gain":0,"max_hp_loss":0,"event_name":"Living Wall","floor":2,"gold_loss":0,"cards_upgraded":["Eruption"]},{"damage_healed":0,"gold_gain":175,"player_choice":"AGREE","damage_taken":0,"max_hp_gain":0,"max_hp_loss":0,"event_name":"Liars Game","floor":3,"gold_loss":0,"cards_obtained":["Doubt"]},{"cards_removed":["FlurryOfBlows"],"damage_healed":0,"gold_gain":0,"player_choice":"Card Removal","damage_taken":0,"max_hp_gain":0,"max_hp_loss":0,"event_name":"Wheel of Change","floor":12,"gold_loss":0},{"damage_healed":0,"gold_gain":0,"player_choice":"Upgrade","damage_taken":0,"max_hp_gain":0,"max_hp_loss":0,"event_name":"Designer","floor":21,"gold_loss":40,"cards_upgraded":["Consecrate"]},{"damage_healed":0,"gold_gain":99,"player_choice":"Stole From Cult","damage_taken":0,"max_hp_gain":0,"max_hp_loss":0,"event_name":"Nest","floor":28,"gold_loss":0},{"damage_healed":0,"gold_gain":0,"player_choice":"Relic","damage_taken":0,"max_hp_gain":0,"max_hp_loss":0,"event_name":"Wheel of Change","floor":31,"gold_loss":0},{"damage_healed":0,"gold_gain":0,"player_choice":"Fight","damage_taken":0,"max_hp_gain":0,"max_hp_loss":0,"event_name":"Mysterious Sphere","floor":47,"gold_loss":0}],"is_beta":false,"boss_relics":[{"not_picked":["Calling Bell","Astrolabe"],"picked":"HolyWater"},{"not_picked":["Cursed Key","SacredBark"],"picked":"Busted Crown"}],"items_purged_floors":[5,5,5,5,5,5,5,5,5,11,11,11,11],"is_endless":false,"potions_floor_spawned":[1,4,8,14,20,30,35,38,42,44,45,46,47,48,54],"killed_by":"The Heart","ascension_level":7}}