{"host":"irzto8mbmvyhawyg","time":1612225596,"event":{"mods":["AchievementEnabler","Act Like it!","Aspiration","BaseMod","BetterRewards","Colored Map","Colored Powertips","Conspire","Friendly Minions","Gensokyo","Gold Saver","Hubris","Infinite Spire","Minty Spire (QoL Compilation)","Replay The Spire","StSLib","SuperFastMode","The Jungle"],"gold_per_floor":[145,156,156,171,181,208,218,231,231,261,261,281,122,142,142,237,237,257,276,276,276],"floor_reached":20,"language":"ENG","playtime":1080,"items_purged":["Strike_P","Strike_P"],"score":215,"play_id":"8e241722-8bc6-4b75-bc43-882df874254c","local_time":"20210201182636","is_ascension_mode":false,"campfire_choices":[{"floor":11.0,"key":"REST"},{"floor":15.0,"key":"REST"}],"circlet_count":0,"master_deck":["Strike_P","Strike_P","Defend_P","Defend_P","Defend_P","Defend_P","Eruption","Vigilance","Dramatic Entrance","WheelKick","FlyingSleeves","FlyingSleeves","BattleHymn","EmptyBody","Replay:AtTheReady","Protect","Replay:ManipulateFuture","Protect","Ragnarok","Halt","ThirdEye","Crescendo","DeusExMachina","Replay:Hum","ConjureBlade"],"relics":["PureWater","Garlic","Shuriken","hubris:Teleporter","Replay:Baseball","Velvet Choker"],"acts_visited":["Exordium","Gensokyo:Gensokyo"],"potions_floor_usage":[19,20],"damage_taken":[{"damage":0.0,"enemies":"Gensokyo:Python","floor":1.0,"turns":3.0},{"damage":21.0,"enemies":"Gensokyo:3_Fairies","floor":2.0,"turns":4.0},{"damage":0.0,"enemies":"Gensokyo:Gryphon","floor":4.0,"turns":3.0},{"damage":0.0,"enemies":"Gensokyo:Python_and_Kodama","floor":5.0,"turns":4.0},{"damage":15.0,"enemies":"Gensokyo:Aya","floor":6.0,"turns":6.0},{"damage":0.0,"enemies":"Gensokyo:VengefulSpirit","floor":7.0,"turns":3.0},{"damage":0.0,"enemies":"Gensokyo:LivingMonolith","floor":8.0,"turns":2.0},{"damage":0.0,"enemies":"Gensokyo:Mamizou","floor":10.0,"turns":8.0},{"damage":0.0,"enemies":"Gensokyo:3_Kodama","floor":12.0,"turns":2.0},{"damage":0.0,"enemies":"Gensokyo:5_Fairies","floor":14.0,"turns":3.0},{"damage":36.0,"enemies":"Gensokyo:Yukari","floor":16.0,"turns":5.0},{"damage":8.0,"enemies":"Gensokyo:2_Gloops","floor":18.0,"turns":4.0},{"damage":16,"enemies":"Gensokyo:Chomper","floor":19,"turns":3}],"seed_played":"-6993965033690328140","potions_obtained":[{"floor":2.0,"key":"ColorlessPotion"},{"floor":5.0,"key":"Toxic Potion"},{"floor":6.0,"key":"Elixir"},{"floor":19,"key":"Block Potion"}],"is_trial":false,"path_per_floor":["M","M","?","M","M","E","M","M","T","E","R","M","$","M","R","B",null,"M","M","M"],"character_chosen":"WATCHER","items_purchased":["Dramatic Entrance","Garlic","WheelKick","FlyingSleeves","BattleHymn","EmptyBody","DeusExMachina"],"campfire_rested":2,"item_purchase_floors":[0,0,0,0,0,0,13],"current_hp_per_floor":[40,19,26,26,26,11,11,11,11,11,32,32,32,32,53,17,72,64,48,40,40],"gold":276,"neow_bonus":"","is_daily":false,"chose_seed":false,"campfire_upgraded":0,"win_rate":0.0,"timestamp":1612225596,"path_taken":["M","M","?","M","M","E","M","?","T","E","R","M","$","M","R","BOSS","M","?","M"],"items_purchased_type":["Card","Relic","Card","Card","Card","Card","Card"],"build_version":"2020-12-22","purchased_purges":2,"victory":false,"max_hp_per_floor":[72,72,72,72,72,72,72,72,72,72,72,72,72,72,72,72,72,72,72,72,72],"card_choices":[{"not_picked":["CrushJoints","Fasting2"],"picked":"Replay:AtTheReady","floor":1.0},{"not_picked":["Replay:ManipulateFuture","EmptyBody"],"picked":"Protect","floor":2.0},{"not_picked":["Replay:AtTheReady","LikeWater"],"picked":"Replay:ManipulateFuture","floor":4.0},{"not_picked":["Replay:BluntJabs","Fasting2"],"picked":"Protect","floor":5.0},{"not_picked":["FlyingSleeves","SignatureMove"],"picked":"Ragnarok","floor":6.0},{"not_picked":["Sanctity","Consecrate"],"picked":"Halt","floor":7.0},{"not_picked":["Replay:BluntJabs","SignatureMove"],"picked":"ThirdEye","floor":8.0},{"not_picked":["JustLucky","Ragnarok"],"picked":"Crescendo","floor":10.0},{"not_picked":["Weave","BowlingBash","SashWhip"],"picked":"SKIP","floor":12.0},{"not_picked":["Consecrate","Halt"],"picked":"Replay:Hum","floor":14.0},{"not_picked":["Scrawl","Replay:AllIn"],"picked":"ConjureBlade","floor":16.0},{"not_picked":["EmptyFist","FearNoEvil","Replay:BluntJabs+1"],"picked":"SKIP","floor":18.0},{"not_picked":["Replay:BluntJabs","Protect","ClearTheMind"],"picked":"SKIP","floor":19}],"player_experience":419628,"relics_obtained":[{"floor":6.0,"key":"Shuriken"},{"floor":9.0,"key":"hubris:Teleporter"},{"floor":10.0,"key":"Replay:Baseball"}],"event_choices":[],"is_beta":false,"boss_relics":[{"not_picked":["conspire:RunicOctahedron","conspire:SeveredTorchhead"],"picked":"Velvet Choker"}],"items_purged_floors":[0,0],"is_endless":false,"potions_floor_spawned":[2,5,6,12,14,16,19],"killed_by":"Gensokyo:Slime_Group","ascension_level":0}}