{"host":"xltl1aroowo69o4n","time":1612249858,"event":{"mods":["BaseMod","Colored Map","Colored Powertips","Downfall","Minty Spire (QoL Compilation)","StSLib"],"gold_per_floor":[117,135,135,34,59,59,83,102,102,118,138,138,159,177,177,307,307,328,328,34,47,72,72,72,72],"floor_reached":24,"language":"ENG","playtime":881,"items_purged":["Injury"],"score":194,"play_id":"b399faf8-f2fb-4414-b9de-081ef7bd963f","local_time":"20210202021058","is_ascension_mode":false,"campfire_choices":[{"floor":12,"key":"REST"},{"floor":15,"key":"REST"},{"floor":23,"key":"REST"}],"circlet_count":0,"master_deck":["Strike_B","Strike_B","Strike_B","Strike_B","Defend_B","Defend_B","Defend_B","Defend_B","Zap","Dualcast","White Noise","Doom and Gloom","Gash","Aggregate","Gash","Gash","BootSequence","Rebound","FTL","Steam","Buffer","Loop","Necronomicurse","Hologram","Self Repair"],"relics":["Cracked Core","Golden Idol","Tiny Chest","Bronze Scales","bronze:MakeshiftBattery","Necronomicon","Thread and Needle"],"acts_visited":["Exordium","TheCity"],"potions_floor_usage":[16,16,24],"damage_taken":[{"damage":10,"enemies":"Cultist","floor":1,"turns":4},{"damage":0,"enemies":"2 Louse","floor":2,"turns":3},{"damage":6,"enemies":"Jaw Worm","floor":5,"turns":4},{"damage":16,"enemies":"Red Slaver","floor":7,"turns":3},{"damage":7,"enemies":"2 Fungi Beasts","floor":8,"turns":3},{"damage":14,"enemies":"Exordium Wildlife","floor":10,"turns":3},{"damage":5,"enemies":"3 Louse","floor":11,"turns":3},{"damage":3,"enemies":"Lots of Slimes","floor":13,"turns":3},{"damage":11,"enemies":"Exordium Wildlife","floor":14,"turns":3},{"damage":40,"enemies":"The Guardian","floor":16,"turns":9},{"damage":14,"enemies":"2 Thieves","floor":18,"turns":4},{"damage":7,"enemies":"Shell Parasite","floor":21,"turns":4},{"damage":18,"enemies":"Centurion and Healer","floor":22,"turns":6},{"damage":47,"enemies":"Gremlin Leader","floor":24,"turns":5}],"seed_played":"1243335720528387318","potions_obtained":[{"floor":0,"key":"Energy Potion"},{"floor":0,"key":"Swift Potion"},{"floor":0,"key":"hexamod:SoulburnPotion"},{"floor":8,"key":"EssenceOfSteel"},{"floor":22,"key":"GamblersBrew"}],"is_trial":false,"path_per_floor":["M","M","?","$","M","T","M","M","T","M","M","R","M","M","R","B",null,"M","?","$","M","M","R","E"],"character_chosen":"DEFECT","items_purchased":["Gash","Thread and Needle"],"campfire_rested":3,"item_purchase_floors":[4,20],"current_hp_per_floor":[65,65,65,65,59,59,43,36,36,22,17,39,36,25,47,7,75,61,45,45,38,20,42,0,0],"gold":72,"neow_bonus":"THREE_SMALL_POTIONS","is_daily":false,"chose_seed":false,"campfire_upgraded":0,"win_rate":0.0,"timestamp":1612249858,"path_taken":["M","?","?","$","M","?","M","?","T","M","M","R","M","M","R","BOSS","M","?","$","M","M","R","E"],"items_purchased_type":["Card","Relic"],"build_version":"2020-12-13","purchased_purges":1,"victory":false,"max_hp_per_floor":[75,75,75,75,75,75,75,75,75,75,75,75,75,75,75,75,75,75,75,75,75,75,75,75,75],"card_choices":[{"not_picked":["Heatsinks","Cold Snap"],"picked":"White Noise","floor":1},{"not_picked":["Skim","Tempest"],"picked":"Doom and Gloom","floor":2},{"not_picked":["Reinforced Body","Sweeping Beam"],"picked":"Aggregate","floor":5},{"not_picked":["Go for the Eyes","Hologram"],"picked":"Gash","floor":7},{"not_picked":["Stack","Hologram"],"picked":"Gash","floor":8},{"not_picked":["Turbo","Leap"],"picked":"BootSequence","floor":10},{"not_picked":["Static Discharge","Machine Learning"],"picked":"Rebound","floor":11},{"not_picked":["Steam Power","Compile Driver"],"picked":"FTL","floor":13},{"not_picked":["Chill","Hologram"],"picked":"Steam","floor":14},{"not_picked":["Machine Learning","Reboot"],"picked":"Buffer","floor":16},{"not_picked":["Glacier","Go for the Eyes"],"picked":"Loop","floor":18},{"not_picked":["Coolheaded","Sweeping Beam"],"picked":"Hologram","floor":21},{"not_picked":["Gash","Lockon"],"picked":"Self Repair","floor":22}],"player_experience":94274,"relics_obtained":[{"floor":6,"key":"Tiny Chest"},{"floor":9,"key":"Bronze Scales"},{"floor":19,"key":"Necronomicon"}],"event_choices":[{"damage_healed":0,"gold_gain":0,"player_choice":"Take Wound","damage_taken":0,"relics_obtained":["Golden Idol"],"max_hp_gain":0,"max_hp_loss":0,"event_name":"Golden Idol","floor":3,"gold_loss":0,"cards_obtained":["Injury"]},{"damage_healed":0,"gold_gain":0,"player_choice":"Obtained Book","damage_taken":16,"max_hp_gain":0,"max_hp_loss":0,"event_name":"Cursed Tome","floor":19,"gold_loss":0}],"is_beta":false,"boss_relics":[{"not_picked":["Philosopher\u0027s Stone","Astrolabe"],"picked":"bronze:MakeshiftBattery"}],"items_purged_floors":[4],"is_endless":false,"potions_floor_spawned":[5,8,10,13,14,22],"killed_by":"Gremlin Leader","ascension_level":0}}