{"host":"hzswyuuwdl03wwzr","time":1612274093,"event":{"mods":["100% Spire Juice","ATMod(∞¢Ë™Mod)","AchievementEnabler","Act Like it!","BaseMod","Gensokyo","Hallownest","Marisa£®ÏF”Í°°ƒß¿Ì…≥£©","Minty Spire (QoL Compilation)","Prisma Mod","Reliquary","Remilia_Scarlet Moed£®¿Ÿ√◊¿Ú—«°§Àπø®¿◊Ãÿ£©3.3.5","Replay The Spire","StSLib","The Animator","The Bug Knight","The Cursed","The Servant 0.9.4","Warlord Emblem","Yakumo Yukari mod","Youmu£®ªÍ∆«—˝√Œ£©","°æπ¶ƒ‹Mod°øªÏ„Á÷Æª∑–ﬁ∏¥≤π∂°","°æ“≈ŒÔø®≈∆°øREMEMod"],"gold_per_floor":[112,122,134,59,59,59,59],"floor_reached":6,"language":"ZHS","playtime":68,"items_purged":["PrismaMod:IllyaCommonDefend"],"score":38,"play_id":"24ee1f0e-5a3d-475f-960b-3ac61362c5f4","local_time":"20210202215453","is_ascension_mode":true,"campfire_choices":[],"circlet_count":0,"master_deck":["PrismaMod:IllyaCommonAttack","PrismaMod:IllyaCommonAttack","PrismaMod:IllyaCommonDefend","PrismaMod:IllyaCommonAttack","PrismaMod:IllyaCommonDefend","PrismaMod:IllyaCommonAttack","PrismaMod:IllyaCommonDefend","PrismaMod:IllyaCommonAttack","PrismaMod:IllyaCommonDefend","PrismaMod:IllyaUncommonAttack","PrismaMod:IllyaUncommonDefend","PrismaMod:IllyaUncommonDefend","RemiliaMod:CYMZW"],"relics":["PrismaMod:PrismaRuby","AT_ATBox","REME_ComplimentaryCards","NeowsBlessing"],"acts_visited":["Exordium"],"potions_floor_usage":[],"damage_taken":[{"damage":0,"enemies":"Cultist","floor":1,"turns":1},{"damage":0,"enemies":"Small Slimes","floor":2,"turns":1},{"damage":0,"enemies":"2 Louse","floor":3,"turns":1},{"damage":0,"enemies":"3 Sentries","floor":6,"turns":1}],"seed_played":"-1965872553026793778","potions_obtained":[{"floor":1,"key":"Block Potion"},{"floor":2,"key":"Cursed Concoction"}],"is_trial":false,"path_per_floor":["M","M","M","$","?","E"],"character_chosen":"ILLYA","items_purchased":[],"campfire_rested":0,"item_purchase_floors":[],"current_hp_per_floor":[75,75,75,75,80,80,80],"gold":59,"neow_bonus":"THREE_ENEMY_KILL","is_daily":false,"chose_seed":false,"campfire_upgraded":0,"win_rate":0.0,"timestamp":1612274093,"path_taken":["M","M","M","$","?","E"],"items_purchased_type":[],"build_version":"2020-12-22","purchased_purges":1,"victory":false,"max_hp_per_floor":[75,75,75,75,80,80,80],"card_choices":[{"not_picked":["PrismaMod:IllyaUpgradeOrbs","PrismaMod:IllyaPartialInstallAssassin","PrismaMod:IllyaDevil"],"picked":"SKIP","floor":1},{"not_picked":["PrismaMod:IllyaMaid","PrismaMod:IllyaTestament","PrismaMod:IllyaPartialInstallAssassin"],"picked":"SKIP","floor":2},{"not_picked":["PrismaMod:IllyaMinorReinForce","PrismaMod:IllyaAssassinRevenge"],"picked":"PrismaMod:IllyaUncommonDefend","floor":3}],"player_experience":39441,"relics_obtained":[],"event_choices":[{"damage_healed":0,"gold_gain":0,"player_choice":"CYMZW","damage_taken":0,"max_hp_gain":5,"max_hp_loss":0,"event_name":"Remilia_CDSJ09","floor":5,"gold_loss":0}],"is_beta":false,"boss_relics":[],"items_purged_floors":[4],"is_endless":false,"potions_floor_spawned":[1,2],"killed_by":"3 Sentries","ascension_level":1}}