{"host":"b5jaqh8y266k2cz4","time":1612255024,"event":{"mods":["AchievementEnabler","Aspiration","BaseMod","Colored Powertips","Conspire","Downfall","Googly Eyes","Hermit","Highlight Path","Hubris","Infinite Spire","MarisaÅiñ∂âJÅ@ñÇóùçπÅj","Mimic Mod","Minty Spire (QoL Compilation)","Quick Restart","Replay The Spire","Spikes Relics","StSLib","Synergy Search","The Animator","The Cursed","The Jungle","The Necromancer","The Servant 0.9.4","The Wild Card","slay the spire mod where everything is the same but ironclad has a cowboy hat"],"gold_per_floor":[109,119,133,203,378,378,407,417,417,417,417,429,429,429,429,445,445,542,542,557,557,567,578,94,94,129,147,147,147,147,167,186,204,204,300,300,312,0,0,0,31,31,61,81,111,39,59,77,77,77],"floor_reached":49,"language":"ENG","playtime":3007,"items_purged":["Doubt"],"score":565,"play_id":"dd278435-e4e0-4148-82e2-f9e44811fab2","local_time":"20210202033704","is_ascension_mode":true,"campfire_choices":[{"data":"UpSweep","floor":6.0,"key":"SMITH"},{"floor":11.0,"key":"REST"},{"data":"MillisecondPulsars","floor":17.0,"key":"SMITH"},{"data":"ManaRampage","floor":25.0,"key":"SMITH"},{"floor":29.0,"key":"REST"},{"floor":34.0,"key":"REST"}],"circlet_count":0,"master_deck":["Strike_MRS","Strike_MRS","Strike_MRS","Strike_MRS","Defend_MRS","Defend_MRS","Defend_MRS","Defend_MRS","MasterSpark","UpSweep+1","SuperPerseids","LuminesStrike","LuminesStrike","MillisecondPulsars+1","Orbital","DeepEcoloBomb","ManaRampage+1","AsteroidBelt","Acceleration+1","Singularity+1","MysteriousBeam","StarBarrage","LuminesStrike+1","OpenUniverse+1","6A","StarBarrage","UltimateShortwave","NonDirectionalLaser+1","GravityBeat","GrandCross","DarkMatter","EventHorizon","ChargingUp","GrandCross+1"],"relics":["MiniHakkero","conspire:TopHat","Darkstone Periapt","ReplayTheSpireMod:TigerMarble","Thread and Needle","RollingBoulder","Ring of Chaos","Oddly Smooth Stone","HandDrill","Mirror","Letter Opener","ExperimentalFamiliar","Pocketwatch","hubris:VirtuousBlindfold","Red Mask","conspire:BottledYoYo","Pen Nib","conspire:Dentures","hubris:64BitClover"],"acts_visited":["Exordium","theJungle:Jungle","TheBeyond"],"potions_floor_usage":[49,49],"damage_taken":[{"damage":3.0,"enemies":"infinitespire:Voidling","floor":1.0,"turns":4.0},{"damage":0.0,"enemies":"Cultist","floor":2.0,"turns":3.0},{"damage":4.0,"enemies":"conspire:RoseBush","floor":3.0,"turns":3.0},{"damage":22.0,"enemies":"3 Sentries","floor":7.0,"turns":5.0},{"damage":4.0,"enemies":"2 Fungi Beasts","floor":8.0,"turns":2.0},{"damage":6.0,"enemies":"Large Slime","floor":12.0,"turns":3.0},{"damage":7.0,"enemies":"Red Slaver","floor":16.0,"turns":4.0},{"damage":51.0,"enemies":"Hexaghost","floor":18.0,"turns":10.0},{"damage":11.0,"enemies":"theJungle:Flameango_and_Byrd","floor":20.0,"turns":6.0},{"damage":4.0,"enemies":"theJungle:GiantWrat","floor":22.0,"turns":6.0},{"damage":26.0,"enemies":"Snake Plant","floor":23.0,"turns":3.0},{"damage":23.0,"enemies":"Nightmare","floor":26.0,"turns":8.0},{"damage":1.0,"enemies":"theJungle:SlimyTreeVines","floor":27.0,"turns":4.0},{"damage":32.0,"enemies":"theJungle:2_Flameangoes","floor":31.0,"turns":4.0},{"damage":20.0,"enemies":"Snake Plant","floor":32.0,"turns":3.0},{"damage":0.0,"enemies":"theJungle:JungleHuntersEncounter","floor":33.0,"turns":4.0},{"damage":19.0,"enemies":"theJungle:FunGuy","floor":35.0,"turns":6.0},{"damage":6.0,"enemies":"Orb Walker","floor":37.0,"turns":3.0},{"damage":10,"enemies":"conspire:MimicChest","floor":41,"turns":4},{"damage":0,"enemies":"R_Hoarder","floor":43,"turns":4},{"damage":36,"enemies":"3 Shapes","floor":44,"turns":2},{"damage":0,"enemies":"Transient","floor":45,"turns":4},{"damage":0,"enemies":"Transient","floor":47,"turns":5},{"damage":25,"enemies":"Spire Growth","floor":48,"turns":4},{"damage":15,"enemies":"Nemesis","floor":49,"turns":3}],"seed_played":"-7380222395607490202","potions_obtained":[{"floor":8.0,"key":"Energy Potion"},{"floor":16.0,"key":"FairyPotion"},{"floor":20.0,"key":"SkillPotion"},{"floor":21.0,"key":"SkillPotion"},{"floor":27.0,"key":"Dexterity Potion"},{"floor":31.0,"key":"EssenceOfSteel"},{"floor":33.0,"key":"Elixir"},{"floor":48,"key":"ColorlessPotion"}],"is_trial":false,"path_per_floor":["M","M","M","T","?","R","E","M","T","?","R","M","PTL","PTL","?","M","R","B",null,"M","?","M","M","$","R","NM","M","T","R","AVR","M","M","M","R","B",null,"M","?","T","$","?","?","E","M","MIM","$","M","M","E"],"character_chosen":"MARISA","items_purchased":["Singularity+1","Oddly Smooth Stone","HandDrill","MysteriousBeam","EventHorizon"],"campfire_rested":3,"item_purchase_floors":[24,24,24,24,46],"current_hp_per_floor":[72,72,68,68,74,74,52,48,48,48,72,66,66,66,66,59,59,8,81,70,70,66,40,40,40,17,21,21,45,45,13,44,44,68,53,81,75,75,75,75,65,65,65,29,33,33,33,8,0,0],"gold":77,"neow_bonus":"RANDOM_COMMON_RELIC","is_daily":false,"chose_seed":false,"campfire_upgraded":3,"win_rate":0.0,"timestamp":1612255024,"path_taken":["M","?","M","?","?","R","E","M","T","?","R","M","PTL","PTL","?","M","R","BOSS","M","?","M","M","$","R","NM","M","T","R","AVR","?","?","M","R","BOSS","M","?","?","$","?","?","E","M","MIM","$","?","M","E"],"items_purchased_type":["Card","Relic","Relic","Card","Card"],"build_version":"2020-12-22","purchased_purges":1,"victory":false,"max_hp_per_floor":[75,75,75,75,81,81,81,81,81,81,81,81,81,81,81,81,81,81,81,81,81,81,81,81,81,81,81,81,81,81,81,81,81,81,81,81,81,81,81,81,81,81,81,81,81,81,81,81,81,81],"card_choices":[{"not_picked":["GravityBeat","GasGiant"],"picked":"SuperPerseids","floor":1.0},{"not_picked":["EnergyRecoil","GasGiant"],"picked":"LuminesStrike","floor":2.0},{"not_picked":["ShootTheMoon","IllusionStar"],"picked":"LuminesStrike","floor":3.0},{"not_picked":["IllusionStar","DoubleSpark"],"picked":"MillisecondPulsars","floor":7.0},{"not_picked":["BlazeAway","DC","GasGiant"],"picked":"SKIP","floor":8.0},{"not_picked":["WitchLeyline","EnergyRecoil"],"picked":"Orbital","floor":12.0},{"not_picked":["GravityBeat","OneTimeOff"],"picked":"DeepEcoloBomb","floor":16.0},{"not_picked":["AbsoluteMagnitude","MaximisePower"],"picked":"ManaRampage","floor":18.0},{"not_picked":["WitchLeyline","DC+1"],"picked":"UnstableBomb+1","floor":20.0},{"not_picked":["UnstableBomb","DC"],"picked":"AsteroidBelt","floor":22.0},{"not_picked":["DoubleSpark+1","PropBag"],"picked":"Acceleration+1","floor":23.0},{"not_picked":["MysteriousBeam","MeteoricShower+1"],"picked":"StarBarrage","floor":26.0},{"not_picked":["SporeBomb","MaximisePower"],"picked":"LuminesStrike+1","floor":27.0},{"not_picked":["ChargeUpSpray","PowerUp"],"picked":"OpenUniverse+1","floor":31.0},{"not_picked":["Acceleration+1","MilkyWay"],"picked":"6A","floor":32.0},{"not_picked":["BlazeAway","MeteoricShower+1"],"picked":"StarBarrage","floor":33.0},{"not_picked":["ManaRampage","TreasureHunter"],"picked":"UltimateShortwave","floor":35.0},{"not_picked":["IllusionStar","UnstableBomb","WitchLeyline"],"picked":"SKIP","floor":37.0},{"not_picked":["ShootingEcho","FinalSpark"],"picked":"NonDirectionalLaser+1","floor":41},{"not_picked":["MilkyWay","Acceleration"],"picked":"GravityBeat","floor":43},{"not_picked":["NonDirectionalLaser+1","Acceleration+1"],"picked":"GrandCross","floor":44},{"not_picked":["AsteroidBelt+1","ShootingEcho+1"],"picked":"DarkMatter","floor":45},{"not_picked":["Acceleration","MilkyWay+1"],"picked":"ChargingUp","floor":47},{"not_picked":["GravityBeat+1","StarlightTyphoon+1"],"picked":"GrandCross+1","floor":48}],"player_experience":359852,"relics_obtained":[{"floor":4.0,"key":"Darkstone Periapt"},{"floor":7.0,"key":"ReplayTheSpireMod:TigerMarble"},{"floor":10.0,"key":"Thread and Needle"},{"floor":26.0,"key":"Mirror"},{"floor":28.0,"key":"Letter Opener"},{"floor":39.0,"key":"conspire:BottledYoYo"},{"floor":41,"key":"Pen Nib"},{"floor":43,"key":"conspire:Dentures"},{"floor":45,"key":"hubris:64BitClover"}],"event_choices":[{"damage_healed":0.0,"max_hp_gain":0.0,"max_hp_loss":0.0,"gold_gain":175.0,"event_name":"Liars Game","player_choice":"AGREE","floor":5.0,"gold_loss":0.0,"damage_taken":0.0,"cards_obtained":["Doubt"]},{"damage_healed":0.0,"max_hp_gain":0.0,"max_hp_loss":0.0,"gold_gain":0.0,"event_name":"WeMeetAgain","player_choice":"Gave Potion","floor":15.0,"gold_loss":0.0,"damage_taken":0.0,"relics_obtained":["RollingBoulder"]},{"damage_healed":0.0,"max_hp_gain":0.0,"max_hp_loss":0.0,"gold_gain":0.0,"event_name":"Lab","player_choice":"Got Potions","floor":21.0,"gold_loss":0.0,"damage_taken":0.0},{"damage_healed":0.0,"max_hp_gain":0.0,"max_hp_loss":0.0,"gold_gain":0.0,"event_name":"Tomb of Lord Red Mask","player_choice":"Paid","floor":38.0,"gold_loss":312.0,"damage_taken":0.0,"relics_obtained":["Red Mask"]},{"cards_removed":["UnstableBomb"],"damage_healed":0,"gold_gain":0,"player_choice":"Card Removal","damage_taken":0,"max_hp_gain":0,"max_hp_loss":0,"event_name":"Wheel of Change","floor":42,"gold_loss":0}],"is_beta":false,"boss_relics":[{"not_picked":["Runic Dome","hubris:GrandSneckoEye"],"picked":"Ring of Chaos"},{"not_picked":["Replay:Drink Me","ChewingGum"],"picked":"hubris:VirtuousBlindfold"}],"items_purged_floors":[24],"is_endless":false,"potions_floor_spawned":[8,16,20,27,31,33,41,43,44,48],"killed_by":"Nemesis","ascension_level":2}}