{"host":"qgvpd00zvzorrg7j","time":1612227893,"event":{"mods":["BaseMod","Colored Map","Downfall","Minty Spire (QoL Compilation)","Quick Restart","StSLib"],"gold_per_floor":[0,16,29,29,46,46,46,46,121,296,296,308,342,342,355,355,355,355],"floor_reached":16,"language":"ENG","playtime":469,"items_purged":[],"score":100,"play_id":"bced65bc-1173-418b-95d2-00c97d12b843","local_time":"20210201200453","is_ascension_mode":false,"campfire_choices":[{"data":"Slimebound:CorrosiveSpit","floor":1,"key":"SMITH"},{"data":"Slimebound:Split","floor":6,"key":"SMITH"},{"data":"Slimebound:LeechEnergy","floor":8,"key":"SMITH"},{"data":"Slimebound:HauntingLick","floor":11,"key":"SMITH"}],"circlet_count":0,"master_deck":["Slimebound:Strike_Slimebound","Slimebound:Strike_Slimebound","Slimebound:Strike_Slimebound","Slimebound:Tackle","Slimebound:Defend_Slimebound","Slimebound:Defend_Slimebound","Slimebound:Split+1","Slimebound:CorrosiveSpit+1","Slimebound:SplitBruiser","Slimebound:LeechEnergy+1","Slimebound:HauntingLick+1","Slimebound:TongueLash","Slimebound:GoopSpray"],"relics":["Slimebound:AbsorbEndCombat","Bird Faced Urn","White Beast Statue","Art of War"],"acts_visited":["Exordium"],"potions_floor_usage":[13,15,15,16],"damage_taken":[{"damage":6,"enemies":"Jaw Worm","floor":2,"turns":3},{"damage":0,"enemies":"2 Louse","floor":3,"turns":3},{"damage":5,"enemies":"Small Slimes","floor":5,"turns":3},{"damage":9,"enemies":"Large Slime","floor":12,"turns":4},{"damage":44,"enemies":"3 Sentries","floor":13,"turns":10},{"damage":0,"enemies":"Blue Slaver","floor":15,"turns":2},{"damage":10,"enemies":"IC_STATUS_ARCHETYPE","floor":16,"turns":2}],"seed_played":"5934293581209481167","potions_obtained":[{"floor":5,"key":"ColorlessPotion"},{"floor":12,"key":"SkillPotion"},{"floor":13,"key":"Fire Potion"},{"floor":15,"key":"Swift Potion"}],"is_trial":false,"path_per_floor":["R","M","M","?","M","R","T","R","?","?","R","M","E","?","M","B"],"character_chosen":"SLIMEBOUND","items_purchased":[],"campfire_rested":0,"item_purchase_floors":[],"current_hp_per_floor":[65,63,65,47,46,46,46,46,46,46,46,41,1,1,5,0,0,0],"gold":355,"neow_bonus":"REMOVE_TWO","is_daily":false,"chose_seed":false,"campfire_upgraded":4,"win_rate":0.0,"timestamp":1612227893,"path_taken":["R","M","M","?","M","R","T","R","?","?","R","M","E","?","M","BOSS"],"items_purchased_type":[],"build_version":"2020-12-22","purchased_purges":0,"victory":false,"max_hp_per_floor":[65,65,65,65,65,65,65,65,65,65,65,65,65,65,65,65,65,65],"card_choices":[{"not_picked":["Slimebound:SplitAcid","Slimebound:SlimeSpikes"],"picked":"Slimebound:SplitBruiser","floor":2},{"not_picked":["Slimebound:SamplingLick","Slimebound:GoopTackle"],"picked":"Slimebound:LeechEnergy","floor":3},{"not_picked":["Slimebound:SplitLeeching","Slimebound:ItLooksTasty"],"picked":"Slimebound:HauntingLick","floor":5},{"not_picked":["Slimebound:DivideAndConquer","Slimebound:Replication","Slimebound:BestDefense"],"picked":"SKIP","floor":12},{"not_picked":["Slimebound:DivideAndConquer","Slimebound:SlimeSlap"],"picked":"Slimebound:TongueLash","floor":13},{"not_picked":["Slimebound:SplitBruiser","Slimebound:LeechingTouch"],"picked":"Slimebound:GoopSpray","floor":15}],"player_experience":596296,"relics_obtained":[{"floor":7,"key":"White Beast Statue"},{"floor":13,"key":"Art of War"}],"event_choices":[{"damage_healed":0,"gold_gain":0,"player_choice":"Success","damage_taken":18,"relics_obtained":["Bird Faced Urn"],"max_hp_gain":0,"max_hp_loss":0,"event_name":"Scrap Ooze","floor":4,"gold_loss":0},{"cards_removed":["Doubt"],"damage_healed":0,"gold_gain":0,"player_choice":"Forget","damage_taken":0,"max_hp_gain":0,"max_hp_loss":0,"event_name":"Living Wall","floor":14,"gold_loss":0}],"is_beta":false,"boss_relics":[],"items_purged_floors":[],"is_endless":false,"potions_floor_spawned":[5,12,13,15],"killed_by":"IC_STATUS_ARCHETYPE","ascension_level":0}}