{"host":"d52brwsy6af8zvaq","time":1612232378,"event":{"mods":["AchievementEnabler","BaseMod","Bestiary","Highlight Path","Minty Spire (QoL Compilation)","Quick Restart","Relic Stats","ojb\u0027s Better Paths Mod"],"gold_per_floor":[210,230,248,248,0,0,33,47,95,110,110,110,137,151,151,227,227,246,21,21,21],"floor_reached":20,"language":"ENG","playtime":880,"items_purged":["Strike_G","Strike_G"],"score":368,"play_id":"65097f6e-1635-49c6-95ec-e4f8d8372740","local_time":"20210201191938","is_ascension_mode":true,"campfire_choices":[{"data":"Poisoned Stab","floor":6.0,"key":"SMITH"},{"floor":11.0,"key":"REST"},{"data":"Footwork","floor":15,"key":"SMITH"}],"circlet_count":0,"master_deck":["AscendersBane","Strike_G","Strike_G","Defend_G","Defend_G","Defend_G","Defend_G","Defend_G","Survivor","Neutralize","Poisoned Stab+1","Dagger Throw","Footwork","Footwork+1","Bane","Dash","Backstab","PiercingWail","Dodge and Roll","Glass Knife","Catalyst","Well Laid Plans"],"relics":["Ring of the Snake","Membership Card","Blue Candle","Lantern","Anchor","SlaversCollar","Toxic Egg 2"],"acts_visited":["TheCity"],"potions_floor_usage":[],"damage_taken":[{"damage":4.0,"enemies":"Jaw Worm","floor":1.0,"turns":7.0},{"damage":0.0,"enemies":"Cultist","floor":2.0,"turns":3.0},{"damage":1.0,"enemies":"Small Slimes","floor":3.0,"turns":3.0},{"damage":32.0,"enemies":"Lagavulin","floor":7.0,"turns":10.0},{"damage":2.0,"enemies":"3 Louse","floor":8.0,"turns":5.0},{"damage":11.0,"enemies":"Large Slime","floor":10.0,"turns":6.0},{"damage":7.0,"enemies":"3 Sentries","floor":13.0,"turns":7.0},{"damage":0,"enemies":"Exordium Wildlife","floor":14,"turns":4},{"damage":29,"enemies":"The Guardian","floor":16,"turns":19},{"damage":20,"enemies":"Spheric Guardian","floor":18,"turns":11},{"damage":9,"enemies":"3 Byrds","floor":20,"turns":4}],"seed_played":"1289993448786746113","potions_obtained":[{"floor":8.0,"key":"PowerPotion"},{"floor":10.0,"key":"EssenceOfSteel"},{"floor":14,"key":"FearPotion"},{"floor":18,"key":"Poison Potion"}],"is_trial":false,"path_per_floor":["M","M","M","?","$","R","E","M","T","M","R","?","E","M","R","B",null,"M","$","M"],"character_chosen":"THE_SILENT","items_purchased":["Membership Card","Footwork","Toxic Egg 2","Well Laid Plans"],"campfire_rested":1,"item_purchase_floors":[5,5,19,19],"current_hp_per_floor":[55,55,54,54,54,54,22,20,20,9,28,66,59,59,59,30,57,37,37,28,28],"gold":21,"neow_bonus":"HUNDRED_GOLD","is_daily":false,"chose_seed":false,"campfire_upgraded":2,"win_rate":0.0,"timestamp":1612232378,"path_taken":["M","M","M","?","$","R","E","M","T","M","R","?","E","M","R","BOSS","M","$","M"],"items_purchased_type":["Relic","Card","Relic","Card"],"build_version":"2020-12-22","purchased_purges":2,"victory":false,"max_hp_per_floor":[66,66,66,66,66,66,66,66,66,66,66,66,66,66,66,66,66,66,66,66,66],"relic_stats":{"counters":[11,79],"Blue Candle":[0],"obtain_stats":[{"SlaversCollar":17,"Lantern":9,"Anchor":13,"Blue Candle":7,"Membership Card":5,"Toxic Egg 2":19,"Ring of the Snake":0},{"SlaversCollar":9,"Lantern":5,"Anchor":7,"Blue Candle":4,"Membership Card":3,"Toxic Egg 2":10,"Ring of the Snake":0},{"SlaversCollar":64,"Lantern":28,"Anchor":41,"Blue Candle":23,"Membership Card":13,"Toxic Egg 2":75,"Ring of the Snake":0}],"Ring of the Snake":[22]},"card_choices":[{"not_picked":["Slice","Outmaneuver"],"picked":"Poisoned Stab","floor":1.0},{"not_picked":["Prepared","Finisher"],"picked":"Dagger Throw","floor":2.0},{"not_picked":["Infinite Blades","Dodge and Roll","Deflect"],"picked":"SKIP","floor":3.0},{"not_picked":["Terror","Leg Sweep"],"picked":"Bane","floor":7.0},{"not_picked":["Well Laid Plans","All Out Attack"],"picked":"Dash","floor":8.0},{"not_picked":["Bullet Time","Infinite Blades"],"picked":"Backstab","floor":10.0},{"not_picked":["All Out Attack","Poisoned Stab"],"picked":"PiercingWail","floor":13.0},{"not_picked":["Heel Hook","Underhanded Strike"],"picked":"Dodge and Roll","floor":14},{"not_picked":["Night Terror","Unload"],"picked":"Glass Knife","floor":16},{"not_picked":["Caltrops","Flying Knee"],"picked":"Catalyst","floor":18}],"player_experience":2110937,"relics_obtained":[{"floor":7.0,"key":"Blue Candle"},{"floor":9.0,"key":"Lantern"},{"floor":13.0,"key":"Anchor"}],"event_choices":[{"damage_healed":0.0,"max_hp_gain":0.0,"max_hp_loss":0.0,"gold_gain":0.0,"cards_transformed":["Strike_G"],"event_name":"Living Wall","player_choice":"Change","floor":4.0,"gold_loss":0.0,"damage_taken":0.0,"cards_obtained":["Footwork"]},{"damage_healed":38.0,"max_hp_gain":0.0,"max_hp_loss":0.0,"gold_gain":0.0,"event_name":"Wheel of Change","player_choice":"Full Heal","floor":12.0,"gold_loss":0.0,"damage_taken":0.0}],"is_beta":false,"boss_relics":[{"not_picked":["Runic Dome","Empty Cage"],"picked":"SlaversCollar"}],"items_purged_floors":[5,19],"is_endless":false,"potions_floor_spawned":[8,10,14,18],"killed_by":"3 Byrds","ascension_level":20}}