{"host":"jw4qy1ihmjslahm8","time":1612230051,"event":{"mods":["2.2 Compatiblity","Act Like it!","BaseMod","BetterRewards","Colored Map","Downfall","Duelist Mod","GifTheSpireLib","Hallownest","HololiveMod","Hubris","Infinite Spire","KinomotoSakuraMod(ñÿîVñ{?)","Lobotomy","LobotomyExtend","Minty Spire (QoL Compilation)","Reliquary","Replay The Spire","StSLib","The Animator","WarShipGirlsR/??è≠èóR mod"],"gold_per_floor":[111,197,197,220,242,242,257,257,257,277,309,309,327,327,327,327,327],"floor_reached":16,"language":"ENG","playtime":1484,"items_purged":[],"score":151,"play_id":"8864713a-95fb-4815-9e79-ef5db3d792cd","local_time":"20210201174051","is_ascension_mode":true,"campfire_choices":[{"floor":6,"key":"REST"},{"data":"animator:Berserker","floor":8,"key":"SMITH"},{"data":"animator:Berserker","floor":15,"key":"SMITH"}],"circlet_count":0,"master_deck":["animator:Strike_Fate","animator:Defend_Fate","animator:Strike","animator:Strike","animator:Strike","animator:Defend","animator:Defend","animator:Defend","animator:Alexander","animator:Rider","ShyLook","animator:Shichika","ReplayTheSpireMod:Splinters","animator:AcuraShin","animator:Sloth","BigBird","animator:Berserker+1","FairyFestival","animator:PandorasActor","QueenOfHatred","animator:Berserker+1","animator:Emonzaemon","SnowQueen","animator:Verdia","Amnesia","OSAHOGD","animator:DolaCouronne"],"relics":["animator:LivingPicture","animator:TheMissingPiece","animator:PurgingStone","CogitoBucket","LetterFromLob","Red Skull","CultistMask","Iron Hammer","AdjustmentMirror"],"acts_visited":["Exordium"],"potions_floor_usage":[7,16,16],"damage_taken":[{"damage":3,"enemies":"2 Louse","floor":1,"turns":3},{"damage":25,"enemies":"Cultist","floor":4,"turns":6},{"damage":2,"enemies":"Jaw Worm","floor":5,"turns":4},{"damage":5,"enemies":"Looter","floor":7,"turns":3},{"damage":27,"enemies":"Blue Slaver","floor":10,"turns":5},{"damage":8,"enemies":"Gremlin Gang","floor":11,"turns":4},{"damage":10,"enemies":"Lots of Slimes","floor":13,"turns":4}],"seed_played":"3919813914422214311","potions_obtained":[{"floor":4,"key":"Weak Potion"},{"floor":7,"key":"hexamod:SoulburnPotion"},{"floor":10,"key":"Dexterity Potion"}],"is_trial":false,"path_per_floor":["M","?","?","M","M","R","M","R","T","M","M","?","M","?","R","B"],"character_chosen":"THE_ANIMATOR","items_purchased":[],"campfire_rested":1,"item_purchase_floors":[],"current_hp_per_floor":[63,63,63,38,36,55,52,52,52,35,36,66,56,66,66,0,0],"gold":327,"neow_bonus":"","is_daily":false,"chose_seed":false,"campfire_upgraded":2,"win_rate":0.0,"timestamp":1612230051,"path_taken":["M","?","?","M","M","R","?","R","T","M","?","?","M","?","R","BOSS"],"items_purchased_type":[],"build_version":"2020-12-22","purchased_purges":0,"victory":false,"max_hp_per_floor":[66,66,66,66,66,66,66,66,66,66,66,66,66,66,66,66,66],"card_choices":[{"not_picked":["CrumblingArmor","Scorched","OldLady"],"picked":"Singing Bowl","floor":1},{"not_picked":["Scorched","Alriune"],"picked":"ShyLook","floor":1},{"not_picked":["animator:Nanami","animator:FielNirvalen"],"picked":"animator:Shichika","floor":1},{"not_picked":["animator:Vanir","animator:MumenRider"],"picked":"animator:AcuraShin","floor":2},{"not_picked":["animator:Darkness","animator:IzunaHatsuse"],"picked":"animator:Sloth","floor":2},{"not_picked":["Mercenary","WhitesApple"],"picked":"BigBird","floor":4},{"not_picked":["animator:Illya","animator:EmiyaShirou"],"picked":"animator:Berserker","floor":4},{"not_picked":["DespairKnight","GalaxyChild","Wellcheers"],"picked":"Singing Bowl","floor":5},{"not_picked":["OSAHOGD","SnowQueen"],"picked":"FairyFestival","floor":5},{"not_picked":["animator:Emonzaemon","animator:Hitei"],"picked":"animator:PandorasActor","floor":5},{"not_picked":["VoidDream","Alriune"],"picked":"QueenOfHatred","floor":7},{"not_picked":["animator:Alexander","animator:EmiyaShirou"],"picked":"animator:Berserker","floor":7},{"not_picked":["Wellcheers","OldLady","PunishingBird"],"picked":"Singing Bowl","floor":10},{"not_picked":["animator:MumenRider","animator:AcuraTooru"],"picked":"animator:Emonzaemon","floor":10},{"not_picked":["VoidDream","OldLady"],"picked":"SnowQueen","floor":11},{"not_picked":["animator:Konayuki","animator:RoyMustang"],"picked":"animator:Verdia","floor":11},{"not_picked":["BeautyBeast","PunishingBird","GalaxyChild"],"picked":"Singing Bowl","floor":13},{"not_picked":["BeautyBeast","Wellcheers"],"picked":"OSAHOGD","floor":13},{"not_picked":["animator:MumenRider","animator:IrohaTamaki"],"picked":"animator:DolaCouronne","floor":13}],"player_experience":70671,"relics_obtained":[{"floor":1,"key":"LetterFromLob"},{"floor":2,"key":"Red Skull"},{"floor":9,"key":"Iron Hammer"}],"event_choices":[{"damage_healed":0,"gold_gain":0,"player_choice":"Trade","damage_taken":0,"relics_obtained":["CultistMask"],"max_hp_gain":0,"max_hp_loss":0,"event_name":"FaceTrader","floor":3,"gold_loss":0},{"damage_healed":10,"gold_gain":0,"player_choice":"Full Heal","damage_taken":0,"max_hp_gain":0,"max_hp_loss":0,"event_name":"Wheel of Change","floor":14,"gold_loss":0}],"is_beta":false,"boss_relics":[],"items_purged_floors":[],"is_endless":false,"potions_floor_spawned":[4,7,10],"killed_by":"The Guardian","ascension_level":1}}