{"host":"TheHustler","time":1612272239,"event":{"mods":["BaseMod","Block Reminder","Colored Map","Colored Powertips","Minty Spire (QoL Compilation)","Quick Restart","StSLib","SuperFastMode","Unceasing Turn Reminder"],"gold_per_floor":[114,129,40,40,40,40,78,78,78,97,116,116,0,38,38,163,163,182,457,57,76,76,414,414,139,139,158,158,196,109,109,109,234,234,253,316,335,335,62,62,100,100,150,150,150,169,169,169,169,169],"floor_reached":51,"language":"ENG","playtime":1374,"items_purged":["Strike_R","Regret","Defend_P","Strike_G"],"score":795,"play_id":"405b0164-c409-4942-862f-536a3fbef940","local_time":"20210202142359","daily_mods":["Chimera","Blue Cards","Binary"],"is_ascension_mode":false,"campfire_choices":[{"data":"Zap","floor":6.0,"key":"SMITH"},{"data":"Go for the Eyes","floor":8.0,"key":"SMITH"},{"data":"Uppercut","floor":15,"key":"SMITH"},{"floor":24,"key":"REST"},{"data":"Flame Barrier","floor":28,"key":"SMITH"},{"data":"Demon Form","floor":32,"key":"SMITH"},{"data":"Machine Learning","floor":40,"key":"SMITH"},{"data":"Survivor","floor":42,"key":"SMITH"},{"data":"Bash","floor":44,"key":"SMITH"},{"floor":49,"key":"REST"}],"circlet_count":0,"master_deck":["Bash+1","Survivor+1","Zap+1","Strike_B","Defend_G","Flame Barrier+1","Go for the Eyes+1","Flash of Steel","Sweeping Beam","Dropkick","Uppercut+1","Demon Form+1","Flash of Steel","Machine Learning+1","Coolheaded+1","Conserve Battery","Dark Embrace","Parasite","Madness","Madness"],"relics":["Burning Blood","Golden Idol","Kunai","Matryoshka","Pen Nib","Gambling Chip","Regal Pillow","SlaversCollar","Turnip","Old Coin","Lee\u0027s Waffle","Juzu Bracelet","Calipers","Shovel","Red Skull","Philosopher\u0027s Stone","Torii","Pantograph","Bag of Marbles"],"acts_visited":["Exordium","TheCity","TheBeyond"],"potions_floor_usage":[23,48,50,50],"damage_taken":[{"damage":1.0,"enemies":"Cultist","floor":1.0,"turns":3.0},{"damage":5.0,"enemies":"Small Slimes","floor":2.0,"turns":5.0},{"damage":13.0,"enemies":"Lagavulin","floor":7.0,"turns":9.0},{"damage":0.0,"enemies":"2 Louse","floor":10.0,"turns":3.0},{"damage":11.0,"enemies":"Blue Slaver","floor":11.0,"turns":4.0},{"damage":23,"enemies":"3 Sentries","floor":14,"turns":5},{"damage":49,"enemies":"Slime Boss","floor":16,"turns":10},{"damage":16,"enemies":"Chosen","floor":18,"turns":5},{"damage":12,"enemies":"Shell Parasite","floor":21,"turns":7},{"damage":44,"enemies":"Gremlin Leader","floor":23,"turns":9},{"damage":17,"enemies":"Snake Plant","floor":27,"turns":4},{"damage":8,"enemies":"Book of Stabbing","floor":29,"turns":4},{"damage":24,"enemies":"Automaton","floor":33,"turns":7},{"damage":1,"enemies":"Orb Walker","floor":35,"turns":3},{"damage":13,"enemies":"Mind Bloom Boss Battle","floor":36,"turns":4},{"damage":22,"enemies":"3 Shapes","floor":37,"turns":6},{"damage":10,"enemies":"Giant Head","floor":41,"turns":7},{"damage":23,"enemies":"Writhing Mass","floor":46,"turns":6},{"damage":1,"enemies":"Reptomancer","floor":48,"turns":2},{"damage":44,"enemies":"Donu and Deca","floor":50,"turns":7}],"seed_played":"-9070903199233054170","potions_obtained":[{"floor":1.0,"key":"GamblersBrew"},{"floor":2.0,"key":"SmokeBomb"},{"floor":7.0,"key":"GamblersBrew"},{"floor":16,"key":"SkillPotion"},{"floor":21,"key":"SteroidPotion"},{"floor":23,"key":"ColorlessPotion"},{"floor":29,"key":"Explosive Potion"}],"is_trial":false,"path_per_floor":["M","M","$","?","?","R","E","R","T","M","M","T","$","E","R","B",null,"M","?","$","M","$","E","R","$","T","M","R","E","$","?","R","B",null,"M","?","M","?","$","R","E","R","T","R","?","M","?","E","R","B",null],"character_chosen":"IRONCLAD","items_purchased":["Flash of Steel","Dropkick","Turnip","Lee\u0027s Waffle","Flash of Steel","Conserve Battery","CultistPotion"],"campfire_rested":2,"item_purchase_floors":[3,13,20,25,30,39,39],"current_hp_per_floor":[80,80,80,80,74,74,67,67,67,73,68,68,68,51,51,8,74,64,64,64,58,58,20,57,81,81,70,70,68,68,68,68,50,81,81,74,58,58,58,58,54,54,54,54,54,37,27,32,71,43],"gold":169,"neow_bonus":"","is_daily":true,"chose_seed":false,"campfire_upgraded":8,"win_rate":0.0,"timestamp":1612272239,"path_taken":["M","?","$","?","?","R","E","R","T","M","M","?","?","E","R","BOSS","M","?","$","M","?","E","R","?","T","M","R","E","$","?","R","BOSS","M","?","M","?","$","R","E","R","T","R","?","M","?","E","R","BOSS"],"items_purchased_type":["Card","Card","Relic","Relic","Card","Card","Potion"],"build_version":"2020-12-18","purchased_purges":4,"victory":true,"max_hp_per_floor":[80,80,80,80,74,74,74,74,74,74,74,74,74,74,74,74,74,74,74,74,74,74,74,74,81,81,81,81,81,81,81,81,81,81,81,81,81,81,81,81,81,81,81,81,81,81,81,81,81,81],"card_choices":[{"not_picked":["Clothesline"],"picked":"Flame Barrier","floor":1.0},{"not_picked":["Redo"],"picked":"Go for the Eyes","floor":2.0},{"not_picked":["Stack","Doom and Gloom"],"picked":"SKIP","floor":7.0},{"not_picked":["Recycle"],"picked":"Sweeping Beam","floor":10.0},{"not_picked":["True Grit","Rebound"],"picked":"SKIP","floor":11.0},{"not_picked":["Fire Breathing"],"picked":"Uppercut","floor":14},{"not_picked":["Seek"],"picked":"Demon Form","floor":16},{"not_picked":["Clash","Havoc"],"picked":"SKIP","floor":18},{"not_picked":["Leap","Sword Boomerang"],"picked":"SKIP","floor":21},{"not_picked":["Fusion","Barrage"],"picked":"SKIP","floor":23},{"not_picked":["Thunderclap","Cold Snap"],"picked":"SKIP","floor":27},{"not_picked":["Rebound","Bludgeon"],"picked":"SKIP","floor":29},{"not_picked":["Reaper"],"picked":"Machine Learning","floor":33},{"not_picked":["Gash"],"picked":"Coolheaded+1","floor":35},{"not_picked":["Lockon+1","Cleave+1"],"picked":"SKIP","floor":37},{"not_picked":["Lockon+1","Cleave+1"],"picked":"SKIP","floor":37},{"not_picked":["Doom and Gloom+1","Double Energy+1"],"picked":"SKIP","floor":41},{"not_picked":["Carnage+1","Havoc"],"picked":"SKIP","floor":46}],"player_experience":660304,"relics_obtained":[{"floor":7.0,"key":"Kunai"},{"floor":9.0,"key":"Matryoshka"},{"floor":12.0,"key":"Pen Nib"},{"floor":12.0,"key":"Gambling Chip"},{"floor":14,"key":"Regal Pillow"},{"floor":23,"key":"Old Coin"},{"floor":26,"key":"Juzu Bracelet"},{"floor":26,"key":"Calipers"},{"floor":29,"key":"Shovel"},{"floor":36,"key":"Torii"},{"floor":41,"key":"Pantograph"},{"floor":43,"key":"Bag of Marbles"}],"event_choices":[{"cards_removed":["Eruption"],"damage_healed":0.0,"max_hp_gain":0.0,"max_hp_loss":0.0,"gold_gain":0.0,"event_name":"Living Wall","player_choice":"Forget","floor":4.0,"gold_loss":0.0,"damage_taken":0.0},{"damage_healed":0.0,"max_hp_gain":0.0,"max_hp_loss":6.0,"gold_gain":0.0,"event_name":"Golden Idol","player_choice":"Lose Max HP","floor":5.0,"gold_loss":0.0,"damage_taken":0.0,"relics_obtained":["Golden Idol"]},{"damage_healed":0,"gold_gain":275,"player_choice":"Desecrate","damage_taken":0,"max_hp_gain":0,"max_hp_loss":0,"event_name":"Golden Shrine","floor":19,"gold_loss":0,"cards_obtained":["Regret"]},{"damage_healed":0,"gold_gain":0,"player_choice":"Opened","damage_taken":0,"relics_obtained":["Red Skull"],"max_hp_gain":0,"max_hp_loss":0,"event_name":"The Mausoleum","floor":31,"gold_loss":0},{"damage_healed":0,"gold_gain":0,"player_choice":"Fight","damage_taken":0,"max_hp_gain":0,"max_hp_loss":0,"event_name":"MindBloom","floor":36,"gold_loss":0},{"damage_healed":0,"gold_gain":0,"player_choice":"Ignored","damage_taken":0,"max_hp_gain":0,"max_hp_loss":0,"event_name":"Tomb of Lord Red Mask","floor":38,"gold_loss":0},{"damage_healed":0,"gold_gain":0,"cards_transformed":["Defend_R"],"player_choice":"Transformed","damage_taken":0,"max_hp_gain":0,"max_hp_loss":0,"event_name":"Transmorgrifier","floor":45,"gold_loss":0,"cards_obtained":["Dark Embrace"]},{"damage_healed":0,"gold_gain":0,"player_choice":"Embrace Madness","damage_taken":10,"max_hp_gain":0,"max_hp_loss":0,"event_name":"Winding Halls","floor":47,"gold_loss":0,"cards_obtained":["Madness","Madness"]}],"is_beta":true,"boss_relics":[{"not_picked":["Busted Crown","Black Star"],"picked":"SlaversCollar"},{"not_picked":["Calling Bell","Cursed Key"],"picked":"Philosopher\u0027s Stone"}],"items_purged_floors":[13,20,25,39],"is_endless":false,"potions_floor_spawned":[1,2,7,16,21,23,29,37,41],"ascension_level":0}}