{"host":"xi8yg1ddhptuxb9d","time":1612274629,"event":{"mods":["AchievementEnabler","BaseMod","Block Reminder","Minty Spire (QoL Compilation)","Relic Sorter","StSLib"],"gold_per_floor":[112,127,76,76,76,76,104,104,186,40,69,69,89,89,89,165,165,184,202,202,152,168,168,200,200,200,218,218,237,271,281,281,357,357,373,373,392,392,353,353,353,384,410,423,442,469,373,424,424,424],"floor_reached":51,"language":"ENG","playtime":2548,"items_purged":[],"score":1277,"play_id":"4842dc67-e246-4808-9bf4-3c59d500bfde","local_time":"20210202090349","is_ascension_mode":true,"campfire_choices":[{"data":"Bash","floor":6.0,"key":"SMITH"},{"data":"Pommel Strike","floor":8.0,"key":"SMITH"},{"data":"Pommel Strike","floor":12.0,"key":"SMITH"},{"data":"Seeing Red","floor":15.0,"key":"SMITH"},{"floor":23.0,"key":"REST"},{"floor":25.0,"key":"REST"},{"data":"Shrug It Off","floor":28.0,"key":"SMITH"},{"data":"Offering","floor":32.0,"key":"SMITH"},{"data":"Rupture","floor":40.0,"key":"SMITH"},{"data":"Limit Break","floor":49,"key":"SMITH"}],"circlet_count":0,"master_deck":["AscendersBane","Strike_R","Strike_R","Strike_R","Strike_R","Defend_R","Defend_R","Defend_R","Defend_R","Bash+1","Shrug It Off+1","Twin Strike","Cleave","Pommel Strike+1","Pommel Strike+1","Seeing Red+1","Reaper","Thunderclap","Clothesline+1","Necronomicurse","Exhume","Ghostly Armor","Metallicize+1","Dropkick","Offering+1","Limit Break+1","Headbutt","Rupture+1","Clothesline+1","Flex","Headbutt"],"relics":["Burning Blood","Bag of Marbles","Blue Candle","Oddly Smooth Stone","Blood Vial","Mercury Hourglass","Mark of Pain","Necronomicon","Sundial","Matryoshka","CaptainsWheel","Runic Cube","HornCleat","MealTicket","Akabeko","Smiling Mask","Happy Flower","Juzu Bracelet"],"acts_visited":["Exordium","TheCity","TheBeyond"],"potions_floor_usage":[46,50],"damage_taken":[{"damage":2.0,"enemies":"2 Louse","floor":1.0,"turns":2.0},{"damage":6.0,"enemies":"Cultist","floor":2.0,"turns":3.0},{"damage":16.0,"enemies":"Gremlin Nob","floor":7.0,"turns":3.0},{"damage":19.0,"enemies":"3 Sentries","floor":11.0,"turns":6.0},{"damage":6.0,"enemies":"Jaw Worm","floor":13.0,"turns":2.0},{"damage":64.0,"enemies":"Hexaghost","floor":16.0,"turns":11.0},{"damage":24.0,"enemies":"Chosen","floor":18.0,"turns":5.0},{"damage":19.0,"enemies":"Shell Parasite","floor":19.0,"turns":4.0},{"damage":25.0,"enemies":"Shelled Parasite and Fungi","floor":22.0,"turns":4.0},{"damage":19.0,"enemies":"Slavers","floor":24.0,"turns":5.0},{"damage":22.0,"enemies":"Centurion and Healer","floor":27.0,"turns":4.0},{"damage":12.0,"enemies":"Chosen and Byrds","floor":29.0,"turns":6.0},{"damage":29.0,"enemies":"Book of Stabbing","floor":30.0,"turns":6.0},{"damage":22.0,"enemies":"Cultist and Chosen","floor":31.0,"turns":6.0},{"damage":46.0,"enemies":"Automaton","floor":33.0,"turns":10.0},{"damage":13.0,"enemies":"Orb Walker","floor":35.0,"turns":3.0},{"damage":36.0,"enemies":"3 Shapes","floor":37.0,"turns":4.0},{"damage":53.0,"enemies":"Nemesis","floor":42.0,"turns":9.0},{"damage":12.0,"enemies":"3 Darklings","floor":44.0,"turns":4.0},{"damage":6.0,"enemies":"Jaw Worm Horde","floor":45.0,"turns":3.0},{"damage":46,"enemies":"Giant Head","floor":46,"turns":7},{"damage":69,"enemies":"Time Eater","floor":50,"turns":9}],"seed_played":"5662217247541153857","potions_obtained":[{"floor":1.0,"key":"DistilledChaos"},{"floor":7.0,"key":"EssenceOfSteel"},{"floor":13.0,"key":"Regen Potion"},{"floor":18.0,"key":"DistilledChaos"},{"floor":22.0,"key":"PowerPotion"},{"floor":29.0,"key":"Swift Potion"},{"floor":30.0,"key":"ColorlessPotion"},{"floor":31.0,"key":"Swift Potion"},{"floor":37.0,"key":"Swift Potion"}],"is_trial":false,"path_per_floor":["M","M","$","?","$","R","E","R","T","$","E","R","M","T","R","B",null,"M","M","?","?","M","R","E","R","T","M","R","M","E","M","R","B",null,"M","?","M","?","$","R","?","E","T","M","M","E","$","T","R","B",null],"character_chosen":"IRONCLAD","items_purchased":["Cleave","Oddly Smooth Stone","Rupture","Flex","Headbutt"],"campfire_rested":2,"item_purchase_floors":[3,10,39,47,47],"current_hp_per_floor":[79,79,79,79,79,79,69,69,69,69,56,56,58,58,58,11,64,52,47,26,26,21,45,46,70,70,68,68,78,69,66,66,40,72,75,75,71,71,71,71,71,68,68,82,82,54,69,69,69,26],"gold":424,"neow_bonus":"TEN_PERCENT_HP_BONUS","is_daily":false,"chose_seed":false,"campfire_upgraded":8,"win_rate":0.0,"timestamp":1612274629,"path_taken":["M","M","$","?","?","R","E","R","T","?","E","R","M","?","R","BOSS","M","M","?","?","M","R","E","R","T","M","R","M","E","?","R","BOSS","M","?","?","?","?","R","?","E","T","M","M","E","$","?","R","BOSS"],"items_purchased_type":["Card","Relic","Card","Card","Card"],"build_version":"2020-12-22","purchased_purges":0,"victory":true,"max_hp_per_floor":[82,82,82,82,82,82,82,82,82,82,82,82,82,82,82,82,82,82,82,82,82,82,82,82,82,82,82,82,82,82,82,82,82,82,82,82,82,82,82,82,82,82,82,82,82,82,82,82,82,82],"card_choices":[{"not_picked":["Blood for Blood","Cleave"],"picked":"Shrug It Off","floor":1.0},{"not_picked":["Heavy Blade","Iron Wave"],"picked":"Twin Strike","floor":2.0},{"not_picked":["Spot Weakness","Double Tap"],"picked":"Pommel Strike","floor":7.0},{"not_picked":["Havoc","Sentinel"],"picked":"Pommel Strike","floor":11.0},{"not_picked":["Sentinel","Pommel Strike"],"picked":"Seeing Red","floor":13.0},{"not_picked":["Berserk","Bludgeon"],"picked":"Reaper","floor":16.0},{"not_picked":["Iron Wave+1","Rupture"],"picked":"Thunderclap","floor":18.0},{"not_picked":["Blood for Blood","Havoc"],"picked":"Clothesline","floor":19.0},{"not_picked":["Body Slam","Disarm"],"picked":"Exhume","floor":22.0},{"not_picked":["Reckless Charge","Cleave","Bloodletting"],"picked":"SKIP","floor":24.0},{"not_picked":["Flex","Rupture"],"picked":"Ghostly Armor","floor":27.0},{"not_picked":["Cleave","Dropkick"],"picked":"Metallicize+1","floor":29.0},{"not_picked":["Sword Boomerang","Flex"],"picked":"Dropkick","floor":30.0},{"not_picked":["Blood for Blood","Clothesline"],"picked":"Offering","floor":31.0},{"not_picked":["Reaper","Barricade"],"picked":"Limit Break","floor":33.0},{"not_picked":["Body Slam","Rupture"],"picked":"Disarm","floor":35.0},{"not_picked":["Fire Breathing+1","Iron Wave"],"picked":"Headbutt","floor":37.0},{"not_picked":["Sever Soul","Power Through","Flex"],"picked":"SKIP","floor":42.0},{"not_picked":["Iron Wave","Havoc+1","True Grit"],"picked":"SKIP","floor":44.0},{"not_picked":["Wild Strike+1","Dark Embrace"],"picked":"Clothesline+1","floor":45.0},{"not_picked":["Battle Trance+1","Twin Strike","Wild Strike"],"picked":"SKIP","floor":46}],"player_experience":697617,"relics_obtained":[{"floor":7.0,"key":"Bag of Marbles"},{"floor":9.0,"key":"Blue Candle"},{"floor":11.0,"key":"Blood Vial"},{"floor":14.0,"key":"Mercury Hourglass"},{"floor":20.0,"key":"Necronomicon"},{"floor":24.0,"key":"Sundial"},{"floor":26.0,"key":"Matryoshka"},{"floor":30.0,"key":"CaptainsWheel"},{"floor":42.0,"key":"HornCleat"},{"floor":43.0,"key":"MealTicket"},{"floor":43.0,"key":"Akabeko"},{"floor":46,"key":"Smiling Mask"},{"floor":48,"key":"Happy Flower"},{"floor":48,"key":"Juzu Bracelet"}],"event_choices":[{"cards_removed":["Strike_R"],"damage_healed":0.0,"max_hp_gain":0.0,"max_hp_loss":0.0,"gold_gain":0.0,"event_name":"Bonfire Elementals","player_choice":"Offered Basic","floor":4.0,"gold_loss":0.0,"damage_taken":0.0},{"damage_healed":0.0,"max_hp_gain":0.0,"max_hp_loss":0.0,"gold_gain":0.0,"event_name":"Cursed Tome","player_choice":"Obtained Book","floor":20.0,"gold_loss":0.0,"damage_taken":21.0},{"damage_healed":0.0,"max_hp_gain":0.0,"max_hp_loss":0.0,"gold_gain":0.0,"event_name":"Designer","player_choice":"Upgrade","floor":21.0,"gold_loss":50.0,"damage_taken":0.0,"cards_upgraded":["Clothesline"]},{"damage_healed":0.0,"max_hp_gain":0.0,"max_hp_loss":0.0,"gold_gain":0.0,"event_name":"WeMeetAgain","player_choice":"Ignored","floor":36.0,"gold_loss":0.0,"damage_taken":0.0},{"cards_removed":["Disarm"],"damage_healed":0.0,"max_hp_gain":0.0,"max_hp_loss":0.0,"gold_gain":0.0,"event_name":"Falling","player_choice":"Removed Skill","floor":38.0,"gold_loss":0.0,"damage_taken":0.0},{"damage_healed":0.0,"max_hp_gain":0.0,"max_hp_loss":0.0,"gold_gain":0.0,"event_name":"Tomb of Lord Red Mask","player_choice":"Ignored","floor":41.0,"gold_loss":0.0,"damage_taken":0.0}],"is_beta":false,"boss_relics":[{"not_picked":["Snecko Eye","Empty Cage"],"picked":"Mark of Pain"},{"not_picked":["Astrolabe","Black Star"],"picked":"Runic Cube"}],"items_purged_floors":[],"is_endless":false,"potions_floor_spawned":[1,7,13,18,22,29,30,31,37],"ascension_level":15}}