{"host":"li7nr9q4d53iu1rb","time":1612284391,"event":{"mods":["AchievementEnabler","BaseMod","Colored Map","Colored Powertips","Downfall","Highlight Path","Minty Spire (QoL Compilation)","Permanent Neow","Quick Restart","Random Character Button","StSLib"],"gold_per_floor":[109,59,75,150,325,351,368,368,393,427,427,498,498,10,10,110,110,126,126,126,142,67,98,110,151,163,204,250,262,274,50,50,149,149,168,12,234,244,258,274,300,52,52,52,84,84,114,114,114,114,114],"floor_reached":50,"language":"ENG","playtime":3921,"items_purged":[],"score":755,"play_id":"a4e48f64-9aa6-4aa2-97d7-c4c088624ad5","local_time":"20210202124631","is_ascension_mode":true,"campfire_choices":[{"floor":8,"key":"REST"},{"floor":11,"key":"REST"},{"floor":13,"key":"REST"},{"floor":15,"key":"RECALL"},{"data":"Amplify","floor":29,"key":"SMITH"},{"floor":32,"key":"REST"},{"floor":44,"key":"REST"},{"data":"Reboot","floor":46,"key":"SMITH"},{"data":"Seek","floor":49,"key":"SMITH"}],"circlet_count":0,"master_deck":["Strike_B","Strike_B","Defend_B","Defend_B+1","Defend_B","Defend_B","Zap","Dualcast","Conserve Battery+1","FTL","Sunder","Reinforced Body","Self Repair","Storm+1","Machine Learning+1","Beam Cell+1","Darkness","Reboot+1","Doom and Gloom","Static Discharge+1","Defragment+1","Amplify+1","Heatsinks+1","Glacier","Defragment+1","Rebound","Echo Form+1","Chill+1","Rebound+1","Blizzard+1","Fusion+1","downfall:Icky","Aggregate+1","Seek+1","Madness","Madness"],"relics":["FrozenCore","Juzu Bracelet","PreservedInsect","War Paint","Orichalcum","Frozen Egg 2","Bird Faced Urn","Blood Vial","MawBank","Pocketwatch","Regal Pillow","Ice Cream","Red Mask","Vajra","Lantern","Cursed Key","Runic Capacitor","Bronze Scales","Symbiotic Virus","Boot","Art of War"],"acts_visited":["Exordium","TheCity","TheBeyond"],"potions_floor_usage":[10,23,27],"damage_taken":[{"damage":18.0,"enemies":"Small Slimes","floor":1.0,"turns":3.0},{"damage":1.0,"enemies":"2 Louse","floor":3.0,"turns":3.0},{"damage":42.0,"enemies":"Lagavulin","floor":6.0,"turns":8.0},{"damage":1,"enemies":"Cultist","floor":7,"turns":4},{"damage":11,"enemies":"Gremlin Nob","floor":10,"turns":4},{"damage":52,"enemies":"Hexaghost","floor":16,"turns":14},{"damage":14,"enemies":"Shell Parasite","floor":18,"turns":10},{"damage":5,"enemies":"Chosen","floor":21,"turns":4},{"damage":13,"enemies":"Gremlin Leader","floor":23,"turns":6},{"damage":20,"enemies":"Book of Stabbing","floor":25,"turns":4},{"damage":46,"enemies":"Masked Bandits","floor":27,"turns":4},{"damage":20,"enemies":"Gremlin Leader","floor":28,"turns":4},{"damage":46,"enemies":"Champ","floor":33,"turns":13},{"damage":2,"enemies":"3 Darklings","floor":35,"turns":4},{"damage":7,"enemies":"Orb Walker","floor":38,"turns":3},{"damage":0,"enemies":"3 Darklings","floor":39,"turns":6},{"damage":19,"enemies":"Jaw Worm Horde","floor":40,"turns":4},{"damage":33,"enemies":"Reptomancer","floor":41,"turns":4},{"damage":0,"enemies":"Giant Head","floor":45,"turns":7},{"damage":10,"enemies":"Reptomancer","floor":47,"turns":4},{"damage":84,"enemies":"Awakened One","floor":50,"turns":8}],"seed_played":"-4415458844843842595","potions_obtained":[{"floor":1.0,"key":"PotionOfCapacity"},{"floor":6.0,"key":"Swift Potion"},{"floor":18,"key":"FocusPotion"},{"floor":23,"key":"Swift Potion"},{"floor":25,"key":"PotionOfCapacity"},{"floor":28,"key":"BlessingOfTheForge"},{"floor":41,"key":"Regen Potion"},{"floor":45,"key":"FocusPotion"}],"is_trial":false,"path_per_floor":["M","?","M","?","?","E","M","R","T","E","R","T","R","$","R","B",null,"M","?","?","M","?","E","?","E","T","?","E","R","?","$","R","B",null,"M","$","?","M","M","M","E","$","T","R","E","R","E","?","R","B"],"character_chosen":"DEFECT","items_purchased":["Storm+1","Bird Faced Urn","Blood Vial","Defragment+1","Lantern","Rebound","Runic Capacitor","Symbiotic Virus"],"campfire_rested":5,"item_purchase_floors":[14,14,14,31,31,31,36,42],"current_hp_per_floor":[57,57,56,45,45,3,2,24,24,13,35,35,57,57,57,18,75,70,70,70,75,75,73,73,66,66,41,44,44,44,44,75,42,75,75,75,75,75,75,75,59,59,59,75,75,75,75,66,66,0,0],"gold":114,"neow_bonus":"RANDOM_COMMON_RELIC","is_daily":false,"chose_seed":false,"campfire_upgraded":3,"win_rate":0.0,"timestamp":1612284391,"path_taken":["M","?","M","?","?","E","M","R","T","E","R","?","R","$","R","BOSS","M","?","?","M","?","E","?","E","T","?","E","R","?","?","R","BOSS","M","$","?","M","M","M","E","$","T","R","E","R","E","?","R","BOSS"],"items_purchased_type":["Card","Relic","Relic","Card","Relic","Card","Relic","Relic"],"build_version":"2020-12-22","purchased_purges":0,"victory":false,"max_hp_per_floor":[75,75,75,75,75,75,75,75,75,75,75,75,75,75,75,75,75,75,75,75,75,75,75,75,75,75,75,75,75,75,75,75,75,75,75,75,75,75,75,75,75,75,75,75,75,75,75,75,75,75,75],"card_choices":[{"not_picked":["Darkness","Aggregate"],"picked":"Conserve Battery","floor":1.0},{"not_picked":["Hologram","Reinforced Body"],"picked":"FTL","floor":3.0},{"not_picked":["Redo","Steam Power"],"picked":"Sunder","floor":6.0},{"not_picked":["Coolheaded","Redo"],"picked":"Reinforced Body","floor":7},{"not_picked":["Steam","Turbo"],"picked":"Self Repair","floor":10},{"not_picked":["Reboot","Meteor Strike"],"picked":"Machine Learning+1","floor":16},{"not_picked":["Chill","Fusion"],"picked":"Beam Cell+1","floor":18},{"not_picked":["Sweeping Beam","Rebound+1"],"picked":"Static Discharge+1","floor":21},{"not_picked":["Leap","Auto Shields"],"picked":"Defragment+1","floor":23},{"not_picked":["Ball Lightning","Sweeping Beam"],"picked":"Amplify","floor":25},{"not_picked":["Redo","Turbo+1"],"picked":"Heatsinks+1","floor":27},{"not_picked":["Redo","Steam"],"picked":"Glacier","floor":28},{"not_picked":["Core Surge","Amplify"],"picked":"Echo Form+1","floor":33},{"not_picked":["Hologram","Barrage"],"picked":"Chill+1","floor":35},{"not_picked":["Compile Driver","Ball Lightning","Rip and Tear+1"],"picked":"SKIP","floor":38},{"not_picked":["Steam","Go for the Eyes"],"picked":"Rebound+1","floor":39},{"not_picked":["Hologram","Fission"],"picked":"Blizzard+1","floor":40},{"not_picked":["Core Surge","Beam Cell"],"picked":"Fusion+1","floor":41},{"not_picked":["Redo+1","Meteor Strike"],"picked":"Aggregate+1","floor":45},{"not_picked":["Hologram","Ball Lightning"],"picked":"Seek","floor":47}],"player_experience":258501,"relics_obtained":[{"floor":6.0,"key":"PreservedInsect"},{"floor":9,"key":"War Paint"},{"floor":10,"key":"Orichalcum"},{"floor":12,"key":"Frozen Egg 2"},{"floor":23,"key":"MawBank"},{"floor":25,"key":"Regal Pillow"},{"floor":26,"key":"Ice Cream"},{"floor":27,"key":"Red Mask"},{"floor":28,"key":"Vajra"},{"floor":41,"key":"Bronze Scales"},{"floor":45,"key":"Boot"},{"floor":47,"key":"Art of War"}],"event_choices":[{"cards_removed":["Strike_B"],"damage_healed":0.0,"max_hp_gain":0.0,"max_hp_loss":0.0,"gold_gain":0.0,"event_name":"The Cleric","player_choice":"Card Removal","floor":2.0,"gold_loss":50.0,"damage_taken":0.0},{"damage_healed":0.0,"max_hp_gain":0.0,"max_hp_loss":0.0,"gold_gain":75.0,"event_name":"World of Goop","player_choice":"Gather Gold","floor":4.0,"gold_loss":0.0,"damage_taken":11.0},{"damage_healed":0.0,"max_hp_gain":0.0,"max_hp_loss":0.0,"gold_gain":175.0,"event_name":"Liars Game","player_choice":"AGREE","floor":5.0,"gold_loss":0.0,"damage_taken":0.0,"cards_obtained":["Doubt"]},{"damage_healed":0,"gold_gain":0,"player_choice":"2 cards matched","damage_taken":0,"max_hp_gain":0,"max_hp_loss":0,"event_name":"Match and Keep!","floor":19,"gold_loss":0,"cards_obtained":["Darkness","Reboot"]},{"damage_healed":0,"gold_gain":0,"player_choice":"2 cards matched","damage_taken":0,"max_hp_gain":0,"max_hp_loss":0,"event_name":"Match and Keep!","floor":19,"gold_loss":0,"cards_obtained":["Darkness","Reboot"]},{"damage_healed":0,"gold_gain":0,"player_choice":"Read","damage_taken":0,"max_hp_gain":0,"max_hp_loss":0,"event_name":"The Library","floor":20,"gold_loss":0,"cards_obtained":["Doom and Gloom"]},{"cards_removed":["Strike_B"],"damage_healed":0,"gold_gain":0,"player_choice":"Gave Gold","damage_taken":0,"max_hp_gain":0,"max_hp_loss":0,"event_name":"Beggar","floor":22,"gold_loss":75},{"damage_healed":0,"gold_gain":0,"player_choice":"Gave Potion","damage_taken":0,"relics_obtained":["Pocketwatch"],"max_hp_gain":0,"max_hp_loss":0,"event_name":"WeMeetAgain","floor":24,"gold_loss":0},{"damage_healed":0,"gold_gain":0,"player_choice":"Fought Bandits","damage_taken":0,"max_hp_gain":0,"max_hp_loss":0,"event_name":"Masked Bandits","floor":27,"gold_loss":0},{"cards_removed":["Doubt"],"damage_healed":0,"gold_gain":0,"player_choice":"Purged","damage_taken":0,"max_hp_gain":0,"max_hp_loss":0,"event_name":"Purifier","floor":30,"gold_loss":0},{"damage_healed":0,"gold_gain":222,"player_choice":"Wore Mask","damage_taken":0,"max_hp_gain":0,"max_hp_loss":0,"event_name":"Tomb of Lord Red Mask","floor":37,"gold_loss":0},{"damage_healed":0,"gold_gain":0,"player_choice":"Embrace Madness","damage_taken":9,"max_hp_gain":0,"max_hp_loss":0,"event_name":"Winding Halls","floor":48,"gold_loss":0,"cards_obtained":["Madness","Madness"]}],"is_beta":false,"boss_relics":[{"not_picked":["Runic Pyramid","Runic Dome"],"picked":"FrozenCore"},{"not_picked":["Coffee Dripper","Astrolabe"],"picked":"Cursed Key"}],"items_purged_floors":[],"is_endless":false,"potions_floor_spawned":[1,6,18,23,25,28,41,45],"killed_by":"Awakened One","ascension_level":3}}