{"host":"fa19f27vz2zfochh","time":1612295138,"event":{"mods":["Act Like it!","Aspiration","BaseMod","Better Third Choice","Conspire","Downfall","Energized Spire","Halation","Hallownest","Hubris","Infinite Spire","Ironclad Rager","Minty Spire (QoL Compilation)","Relic Stats","Replay The Spire","StSLib","The Bug Knight"],"gold_per_floor":[99,110,128,142,142,160,160,179,179,190,390,390,405,435,448,448,448,448],"floor_reached":16,"language":"ENG","playtime":720,"items_purged":[],"score":106,"play_id":"244deea2-fb96-461c-bcaf-facf7f6a0f5a","local_time":"20210202204538","is_ascension_mode":false,"campfire_choices":[{"data":"champ:Execute","floor":1,"key":"SMITH"},{"data":"champ:Taunt","floor":9,"key":"SMITH"},{"floor":12,"key":"REST"}],"circlet_count":0,"master_deck":["champ:Strike","champ:Strike","champ:Strike","champ:Strike","champ:Defend","champ:Defend","champ:Defend","champ:Defend","champ:Execute+1","champ:Taunt+1","champ:CrookedStrike","champ:RecklessLeap","champ:EnragedBash","champ:CrownThrow","champ:DeathBlow","champ:ShieldWall"],"relics":["champ:ChampionCrown","champ:LiftRelic","aspiration:HatOfInfinitePower","Quantum Egg"],"acts_visited":["Exordium"],"potions_floor_usage":[14],"damage_taken":[{"damage":15,"enemies":"Cultist","floor":2,"turns":3},{"damage":10,"enemies":"2 Louse","floor":3,"turns":2},{"damage":16,"enemies":"conspire:RoseBush","floor":4,"turns":3},{"damage":18,"enemies":"Red Slaver","floor":6,"turns":3},{"damage":42,"enemies":"Exordium Thugs","floor":8,"turns":5},{"damage":22,"enemies":"Blue Slaver","floor":10,"turns":2},{"damage":32,"enemies":"Large Slime","floor":13,"turns":6},{"damage":46,"enemies":"Lagavulin","floor":14,"turns":5},{"damage":20,"enemies":"Exordium Wildlife","floor":15,"turns":2},{"damage":94,"enemies":"WA_ARCHETYPE_RETAIN","floor":16,"turns":7}],"seed_played":"-6906617012538002443","potions_obtained":[{"floor":4,"key":"AttackPotion"},{"floor":8,"key":"Explosive Potion"},{"floor":14,"key":"Doom Potion"}],"is_trial":false,"path_per_floor":["R","M","M","M","?","M","T","M","R","M","?","R","M","E","M","B"],"character_chosen":"THE_CHAMP","items_purchased":[],"campfire_rested":1,"item_purchase_floors":[],"current_hp_per_floor":[99,99,99,93,93,85,85,78,78,71,47,76,74,58,58,0,0,0],"gold":448,"neow_bonus":"TEN_PERCENT_HP_BONUS","is_daily":false,"chose_seed":false,"campfire_upgraded":2,"win_rate":0.0,"timestamp":1612295138,"path_taken":["R","M","M","?","?","M","T","M","R","M","?","R","?","E","M","BOSS"],"items_purchased_type":[],"build_version":"2020-12-22","purchased_purges":0,"victory":false,"max_hp_per_floor":[99,99,99,99,99,99,99,99,99,99,99,99,99,99,99,99,99,99],"relic_stats":{"counters":[10,38],"obtain_stats":[{"champ:LiftRelic":5,"Quantum Egg":14,"champ:ChampionCrown":0,"aspiration:HatOfInfinitePower":7},{"champ:LiftRelic":3,"Quantum Egg":8,"champ:ChampionCrown":0,"aspiration:HatOfInfinitePower":4},{"champ:LiftRelic":8,"Quantum Egg":29,"champ:ChampionCrown":0,"aspiration:HatOfInfinitePower":11}]},"card_choices":[{"not_picked":["champ:TornadoPunch","champ:FlashCut"],"picked":"champ:CrookedStrike","floor":2},{"not_picked":["champ:PreciseThrust","champ:FlashCut"],"picked":"champ:RecklessLeap","floor":3},{"not_picked":["champ:Haymaker","champ:PreemptiveStrike","champ:ShieldSlam"],"picked":"SKIP","floor":4},{"not_picked":["champ:CrownThrow","champ:PerfectedStrike"],"picked":"champ:EnragedBash","floor":6},{"not_picked":["champ:EnGarde","champ:CrookedStrike"],"picked":"champ:CrownThrow","floor":8},{"not_picked":["champ:Duel","champ:RisingSlash","champ:GutPunch"],"picked":"SKIP","floor":10},{"not_picked":["champ:Backstep","champ:PreemptiveStrike"],"picked":"champ:DeathBlow","floor":11},{"not_picked":["champ:StanceDance","champ:AdrenalArmor","champ:BladeFlurry"],"picked":"SKIP","floor":13},{"not_picked":["champ:EnGarde","champ:Lariat"],"picked":"champ:ShieldWall","floor":14},{"not_picked":["champ:Circumvent","champ:StanceDance","champ:RisingSlash"],"picked":"SKIP","floor":15}],"player_experience":409273,"relics_obtained":[{"floor":7,"key":"aspiration:HatOfInfinitePower"},{"floor":14,"key":"Quantum Egg"}],"event_choices":[],"is_beta":false,"boss_relics":[],"items_purged_floors":[],"is_endless":false,"potions_floor_spawned":[4,8,14],"killed_by":"WA_ARCHETYPE_RETAIN","ascension_level":0}}