{"host":"6bsan6hkua32tfq7","time":1612303581,"event":{"mods":["BaseMod","Better Third Choice","Colored Map","Highlight Path","Minty Spire (QoL Compilation)","StSLib"],"gold_per_floor":[119,119,137,148,160,187,187,218,218,218,233,233,258,278,278,278,278],"floor_reached":16,"language":"ENG","playtime":611,"items_purged":[],"score":244,"play_id":"b6b9aa3a-a62c-41c8-b70b-f70a86e29487","local_time":"20210202230621","is_ascension_mode":true,"campfire_choices":[{"floor":7,"key":"REST"},{"data":"Hyperbeam","floor":10,"key":"SMITH"},{"floor":15,"key":"REST"}],"circlet_count":0,"master_deck":["AscendersBane","Strike_B","Strike_B","Strike_B","Strike_B","Defend_B","Defend_B","Defend_B","Zap","Dualcast","Hyperbeam+1","Sweeping Beam","Streamline","Cold Snap","Sunder","Go for the Eyes","Streamline","Conserve Battery+1","Reinforced Body+1"],"relics":["Cracked Core","Toxic Egg 2","Happy Flower","White Beast Statue","WingedGreaves"],"acts_visited":["Exordium"],"potions_floor_usage":[5,8,14,16],"damage_taken":[{"damage":2,"enemies":"Jaw Worm","floor":1,"turns":3},{"damage":6,"enemies":"Cultist","floor":3,"turns":3},{"damage":0,"enemies":"Small Slimes","floor":4,"turns":1},{"damage":1,"enemies":"Looter","floor":5,"turns":2},{"damage":32,"enemies":"Gremlin Nob","floor":6,"turns":4},{"damage":10,"enemies":"3 Sentries","floor":8,"turns":2},{"damage":6,"enemies":"Exordium Thugs","floor":11,"turns":2},{"damage":25,"enemies":"Lagavulin","floor":13,"turns":7},{"damage":1,"enemies":"3 Louse","floor":14,"turns":2},{"damage":24,"enemies":"The Guardian","floor":16,"turns":9}],"seed_played":"-3282897931293512437","potions_obtained":[{"floor":1,"key":"AttackPotion"},{"floor":4,"key":"Energy Potion"},{"floor":11,"key":"PotionOfCapacity"},{"floor":13,"key":"ColorlessPotion"},{"floor":14,"key":"Weak Potion"}],"is_trial":false,"path_per_floor":["M","?","M","M","M","E","R","E","T","R","M","?","E","M","R","B"],"character_chosen":"DEFECT","items_purchased":[],"campfire_rested":2,"item_purchase_floors":[],"current_hp_per_floor":[62,62,56,56,55,23,44,34,34,34,28,28,3,2,23,0,0],"gold":278,"neow_bonus":"ONE_RANDOM_RARE_CARD","is_daily":false,"chose_seed":false,"campfire_upgraded":1,"win_rate":0.0,"timestamp":1612303581,"path_taken":["M","?","M","?","M","E","R","E","T","R","?","?","E","M","R","BOSS"],"items_purchased_type":[],"build_version":"2020-12-22","purchased_purges":0,"victory":false,"max_hp_per_floor":[71,71,71,71,71,71,71,71,71,71,71,71,71,71,71,71,71],"card_choices":[{"not_picked":["Reinforced Body","Scrape"],"picked":"Sweeping Beam","floor":1},{"not_picked":["Beam Cell","Conserve Battery"],"picked":"Streamline","floor":3},{"not_picked":["Hello World","Static Discharge"],"picked":"Cold Snap","floor":4},{"not_picked":["Ball Lightning","Sweeping Beam"],"picked":"Sunder","floor":5},{"not_picked":["Turbo+1","Rainbow+1"],"picked":"Go for the Eyes","floor":6},{"not_picked":["Compile Driver","Static Discharge"],"picked":"Streamline","floor":8},{"not_picked":["Capacitor","Redo+1","Doom and Gloom"],"picked":"SKIP","floor":11},{"not_picked":["Melter","Sweeping Beam"],"picked":"Conserve Battery+1","floor":13},{"not_picked":["Sweeping Beam","Steam+1"],"picked":"Reinforced Body+1","floor":14}],"player_experience":5392120,"relics_obtained":[{"floor":6,"key":"Toxic Egg 2"},{"floor":8,"key":"Happy Flower"},{"floor":9,"key":"White Beast Statue"},{"floor":13,"key":"WingedGreaves"}],"event_choices":[{"cards_removed":["Defend_B"],"damage_healed":0,"gold_gain":0,"player_choice":"Purged","damage_taken":0,"max_hp_gain":0,"max_hp_loss":0,"event_name":"Purifier","floor":2,"gold_loss":0},{"damage_healed":0,"gold_gain":0,"player_choice":"Ignored","damage_taken":233,"max_hp_gain":0,"max_hp_loss":0,"event_name":"betterThird:BetterSerpent","floor":12,"gold_loss":0}],"is_beta":false,"boss_relics":[],"items_purged_floors":[],"is_endless":false,"potions_floor_spawned":[1,4,11,13,14],"killed_by":"The Guardian","ascension_level":20}}