{"host":"i0avyit1s6jb1siw","time":1612299280,"event":{"mods":["BaseMod","DeckTracker","Dota2Spire","Highlight Path","Minty Spire (QoL Compilation)","Quick Restart","StSLib","SuperFastMode"],"gold_per_floor":[119,44,15,35,35,35,35,61,61,61,61,88,107,126,143,143,143,217,217,233,148,148,55,55,55,80,98,113,140,140,159,159,171,181,181,181,255,255,267,292,311,201,217,243,259,271,298,298,298],"floor_reached":48,"language":"ENG","playtime":1188,"items_purged":["Strike_G"],"score":984,"play_id":"0c8da995-6b65-482c-84f3-b9d30ffd1a26","local_time":"20210202215440","is_ascension_mode":true,"campfire_choices":[{"data":"Poisoned Stab","floor":6,"key":"SMITH"},{"data":"Adrenaline","floor":16,"key":"SMITH"},{"data":"Neutralize","floor":17,"key":"SMITH"},{"data":"Finisher","floor":25,"key":"SMITH"},{"floor":30,"key":"REST"},{"data":"Noxious Fumes","floor":32,"key":"SMITH"},{"floor":35,"key":"REST"},{"data":"Blade Dance","floor":36,"key":"SMITH"}],"circlet_count":0,"master_deck":["AscendersBane","Strike_G","Strike_G+1","Defend_G","Defend_G","Defend_G","Defend_G+1","Defend_G","Survivor","Neutralize+1","Riddle With Holes+1","Poisoned Stab+1","Dagger Throw","Dash","Adrenaline+1","Escape Plan+1","Footwork","Finisher+1","Crippling Poison","PiercingWail","Noxious Fumes+1","Infinite Blades+1","Blade Dance+1","Backflip+1","Blur+1","Noxious Fumes+1"],"relics":["Sozu","Orichalcum","The Courier","Dota2Spire:CrimsonGuard","Dota2Spire:OrchidMalevolence","Runic Pyramid","Dota2Spire:EchoSabre","Enchiridion","PreservedInsect","Fusion Hammer","Pocketwatch","Mango","Dota2Spire:LotusOrb"],"acts_visited":["Exordium","TheCity","TheBeyond"],"potions_floor_usage":[],"damage_taken":[{"damage":1,"enemies":"2 Louse","floor":1,"turns":3},{"damage":0,"enemies":"Jaw Worm","floor":4,"turns":3},{"damage":17,"enemies":"Lagavulin","floor":8,"turns":6},{"damage":4,"enemies":"3 Sentries","floor":12,"turns":6},{"damage":0,"enemies":"Small Slimes","floor":13,"turns":3},{"damage":0,"enemies":"3 Louse","floor":14,"turns":2},{"damage":0,"enemies":"Exordium Wildlife","floor":15,"turns":3},{"damage":4,"enemies":"The Guardian","floor":18,"turns":12},{"damage":1,"enemies":"Spheric Guardian","floor":20,"turns":3},{"damage":13,"enemies":"Gremlin Leader","floor":26,"turns":7},{"damage":6,"enemies":"Shell Parasite","floor":27,"turns":3},{"damage":6,"enemies":"Snake Plant","floor":28,"turns":4},{"damage":0,"enemies":"Centurion and Healer","floor":31,"turns":4},{"damage":0,"enemies":"Snecko","floor":33,"turns":4},{"damage":2,"enemies":"Snake Plant","floor":34,"turns":4},{"damage":2,"enemies":"Automaton","floor":37,"turns":11},{"damage":11,"enemies":"3 Shapes","floor":39,"turns":4},{"damage":0,"enemies":"Mind Bloom Boss Battle","floor":40,"turns":4},{"damage":9,"enemies":"Orb Walker","floor":41,"turns":3},{"damage":5,"enemies":"3 Darklings","floor":43,"turns":5},{"damage":20,"enemies":"Reptomancer","floor":44,"turns":10},{"damage":11,"enemies":"4 Shapes","floor":45,"turns":6},{"damage":0,"enemies":"Jaw Worm Horde","floor":46,"turns":3},{"damage":31,"enemies":"Giant Head","floor":48,"turns":5}],"seed_played":"-8688260357155294614","potions_obtained":[],"is_trial":false,"path_per_floor":["M","?","$","M","?","R","?","E","T","T","?","E","M","M","M","R","R","B",null,"M","?","?","$","?","R","E","M","M","T","R","M","R","M","M","R","R","B",null,"M","?","M","?","M","E","M","M","T","E"],"character_chosen":"THE_SILENT","items_purchased":["Poisoned Stab","Footwork"],"campfire_rested":2,"item_purchase_floors":[3,23],"current_hp_per_floor":[58,58,58,58,58,58,38,21,21,21,21,17,17,17,17,17,17,13,53,52,52,31,31,31,31,18,12,6,6,25,25,25,25,23,42,42,40,60,49,49,40,40,35,29,18,18,18,0,0],"gold":298,"neow_bonus":"BOSS_RELIC","is_daily":false,"chose_seed":false,"campfire_upgraded":6,"win_rate":0.0,"timestamp":1612299280,"path_taken":["M","?","$","M","?","R","?","E","T","T","?","E","M","M","M","R","R","BOSS","M","?","?","$","?","R","E","?","M","T","R","M","R","M","M","R","R","BOSS","M","?","M","?","M","E","M","?","T","E"],"items_purchased_type":["Card","Card"],"build_version":"2020-12-22","purchased_purges":1,"victory":false,"max_hp_per_floor":[66,66,66,66,66,66,66,66,66,66,66,66,66,66,66,66,66,66,66,66,66,66,66,66,66,66,66,66,66,66,66,66,66,66,66,66,66,66,66,66,66,66,66,80,80,80,80,80,80],"card_choices":[{"not_picked":["Bane","Underhanded Strike"],"picked":"Riddle With Holes","floor":1},{"not_picked":["Deflect","Poisoned Stab"],"picked":"Dagger Throw","floor":4},{"not_picked":["Reflex","Slice"],"picked":"Dash","floor":8},{"not_picked":["All Out Attack","Quick Slash"],"picked":"Adrenaline","floor":12},{"not_picked":["Infinite Blades","Underhanded Strike","Finisher"],"picked":"SKIP","floor":13},{"not_picked":["Outmaneuver","Blade Dance","Dodge and Roll"],"picked":"SKIP","floor":14},{"not_picked":["Heel Hook","Acrobatics"],"picked":"Escape Plan","floor":15},{"not_picked":["Cloak And Dagger","Prepared","Underhanded Strike"],"picked":"SKIP","floor":20},{"not_picked":["Well Laid Plans","Flying Knee+1"],"picked":"Crippling Poison","floor":26},{"not_picked":["Dagger Throw","Dodge and Roll"],"picked":"PiercingWail","floor":27},{"not_picked":["Well Laid Plans","Outmaneuver+1","Dagger Spray"],"picked":"SKIP","floor":28},{"not_picked":["Acrobatics","Backstab"],"picked":"Noxious Fumes","floor":31},{"not_picked":["Blur","Poisoned Stab"],"picked":"Infinite Blades+1","floor":33},{"not_picked":["Backflip","Well Laid Plans"],"picked":"Blade Dance","floor":34},{"not_picked":["Flying Knee","Underhanded Strike"],"picked":"Backflip+1","floor":39},{"not_picked":["Skewer","Underhanded Strike","Sucker Punch+1"],"picked":"SKIP","floor":41},{"not_picked":["Skewer","Prepared","All Out Attack"],"picked":"SKIP","floor":43},{"not_picked":["Grand Finale","Flying Knee"],"picked":"Blur+1","floor":44},{"not_picked":["Well Laid Plans+1","Outmaneuver","Distraction"],"picked":"SKIP","floor":45},{"not_picked":["Sucker Punch+1","Concentrate"],"picked":"Noxious Fumes+1","floor":46}],"player_experience":2396464,"relics_obtained":[{"floor":8,"key":"Orichalcum"},{"floor":9,"key":"The Courier"},{"floor":10,"key":"Dota2Spire:CrimsonGuard"},{"floor":12,"key":"Dota2Spire:OrchidMalevolence"},{"floor":22,"key":"Enchiridion"},{"floor":26,"key":"PreservedInsect"},{"floor":40,"key":"Pocketwatch"},{"floor":44,"key":"Mango"},{"floor":47,"key":"Dota2Spire:LotusOrb"}],"event_choices":[{"cards_removed":["Strike_G"],"damage_healed":0,"gold_gain":0,"player_choice":"Card Removal","damage_taken":0,"max_hp_gain":0,"max_hp_loss":0,"event_name":"The Cleric","floor":2,"gold_loss":75},{"damage_healed":0,"gold_gain":0,"player_choice":"Grow","damage_taken":0,"max_hp_gain":0,"max_hp_loss":0,"event_name":"Living Wall","floor":5,"gold_loss":0,"cards_upgraded":["Riddle With Holes"]},{"damage_healed":0,"gold_gain":0,"player_choice":"Entered Light","damage_taken":20,"max_hp_gain":0,"max_hp_loss":0,"event_name":"Shining Light","floor":7,"gold_loss":0,"cards_upgraded":["Strike_G","Defend_G"]},{"damage_healed":0,"gold_gain":0,"player_choice":"Ignored","damage_taken":0,"max_hp_gain":0,"max_hp_loss":0,"event_name":"Liars Game","floor":11,"gold_loss":0},{"damage_healed":0,"gold_gain":0,"player_choice":"Obtained Relic","damage_taken":0,"relics_obtained":["Dota2Spire:EchoSabre"],"max_hp_gain":0,"max_hp_loss":0,"event_name":"Addict","floor":21,"gold_loss":85},{"damage_healed":0,"gold_gain":0,"player_choice":"Obtained Book","damage_taken":21,"max_hp_gain":0,"max_hp_loss":0,"event_name":"Cursed Tome","floor":22,"gold_loss":0},{"damage_healed":0,"gold_gain":0,"player_choice":"Read","damage_taken":0,"max_hp_gain":0,"max_hp_loss":0,"event_name":"The Library","floor":24,"gold_loss":0,"cards_obtained":["Finisher"]},{"damage_healed":0,"gold_gain":0,"player_choice":"Fight","damage_taken":0,"max_hp_gain":0,"max_hp_loss":0,"event_name":"MindBloom","floor":40,"gold_loss":0},{"cards_removed":["Strike_G"],"damage_healed":0,"gold_gain":0,"player_choice":"Upgrade and Remove","damage_taken":0,"max_hp_gain":0,"max_hp_loss":0,"event_name":"Designer","floor":42,"gold_loss":110,"cards_upgraded":["Escape Plan"]}],"is_beta":false,"boss_relics":[{"not_picked":["SlaversCollar","Dota2Spire:Bloodstone"],"picked":"Runic Pyramid"},{"not_picked":["Pandora\u0027s Box","Runic Dome"],"picked":"Fusion Hammer"}],"items_purged_floors":[23],"is_endless":false,"potions_floor_spawned":[1,8,18,20,26,27,33,40,41,44],"killed_by":"Giant Head","ascension_level":20}}