{"host":"y7b1p9nkx4idorr2","time":1612281700,"event":{"mods":["AchievementEnabler","Act Like it!","BaseMod","Colored Map","Downfall","GifTheSpireLib","Googly Eyes","Highlight Path","Mimic Mod","Minty Spire (QoL Compilation)","Shop Mod","Spicy Shops","StSLib","Unceasing Turn Reminder"],"gold_per_floor":[349,367,380,121,121,132,132,158,35,66,166,181,181,181,181,181],"floor_reached":14,"language":"ENG","playtime":551,"items_purged":["champ:Strike"],"score":141,"play_id":"ac24eab9-c054-4e1f-97bb-a08476465f0a","local_time":"20210202100140","is_ascension_mode":true,"campfire_choices":[{"data":"champ:Execute","floor":1,"key":"SMITH"}],"circlet_count":0,"master_deck":["champ:Strike","champ:Strike","champ:Strike","champ:Defend","champ:Defend+1","champ:Defend","champ:Defend","champ:Execute+1","champ:Taunt+1","champ:Encircle+1","champ:DefensiveStyle","champ:DefensiveStyle","expansioncontent:Chronoboost","champ:FlashCut+1","champ:FocusedDefense","champ:TornadoPunch","champ:ArenaPreparation+1","champ:DefensiveStyle","champ:FocusedDefense","champ:ShieldWall","champ:DefensiveShout","champ:EnGarde"],"relics":["champ:ChampionCrown","Anchor","War Paint","Champion Belt"],"acts_visited":["Exordium"],"potions_floor_usage":[8,11,12,14],"damage_taken":[{"damage":10,"enemies":"Small Slimes","floor":2,"turns":3},{"damage":22,"enemies":"Jaw Worm","floor":3,"turns":3},{"damage":25,"enemies":"downfall:FleeingMerchant","floor":4,"turns":4},{"damage":4,"enemies":"2 Louse","floor":6,"turns":2},{"damage":56,"enemies":"Gremlin Nob","floor":8,"turns":5},{"damage":2,"enemies":"downfall:FleeingMerchant","floor":9,"turns":4},{"damage":5,"enemies":"Lagavulin","floor":10,"turns":6},{"damage":8,"enemies":"Lagavulin","floor":11,"turns":3},{"damage":8,"enemies":"2 Fungi Beasts","floor":12,"turns":2},{"damage":11,"enemies":"Gremlin Nob","floor":14,"turns":2}],"seed_played":"3032341065541451613","potions_obtained":[{"floor":3,"key":"Weak Potion"},{"floor":6,"key":"Energy Potion"},{"floor":8,"key":"LiquidMemories"},{"floor":10,"key":"SkillPotion"},{"floor":12,"key":"Explosive Potion"}],"is_trial":false,"path_per_floor":["R","M","M","$","?","M","T","E","$","E","?","M","?","E"],"character_chosen":"THE_CHAMP","items_purchased":["expansioncontent:Chronoboost","champ:FlashCut","champ:DefensiveStyle","champ:FocusedDefense"],"campfire_rested":0,"item_purchase_floors":[4,4,9,9],"current_hp_per_floor":[63,63,61,56,56,52,52,11,9,9,9,9,9,0,0,0],"gold":181,"neow_bonus":"TWO_FIFTY_GOLD","is_daily":false,"chose_seed":false,"campfire_upgraded":1,"win_rate":0.0,"timestamp":1612281700,"path_taken":["R","M","M","$","?","M","T","E","?","E","?","M","?","E"],"items_purchased_type":["Card","Card","Card","Card"],"build_version":"2020-12-22","purchased_purges":1,"victory":false,"max_hp_per_floor":[90,90,90,90,90,90,90,90,90,90,90,90,90,90,90,90],"card_choices":[{"not_picked":["champ:IronFortress","champ:DefensiveShout"],"picked":"champ:Encircle","floor":2},{"not_picked":["champ:FlashCut","champ:EnGarde"],"picked":"champ:DefensiveStyle","floor":3},{"not_picked":["champ:ShieldThrow","champ:Shatter"],"picked":"champ:DefensiveStyle","floor":4},{"not_picked":["champ:AdrenalArmor","champ:PreciseThrust"],"picked":"champ:FocusedDefense","floor":6},{"not_picked":["champ:StanceDance","champ:GutPunch"],"picked":"champ:TornadoPunch","floor":8},{"not_picked":["champ:Parry","champ:Encircle"],"picked":"champ:ArenaPreparation","floor":9},{"not_picked":["champ:Circumvent","champ:ShieldSlam"],"picked":"champ:ShieldWall","floor":10},{"not_picked":["champ:VampiricStrike","champ:Haymaker"],"picked":"champ:DefensiveShout","floor":11},{"not_picked":["champ:CrookedStrike","champ:PerfectedStrike"],"picked":"champ:EnGarde","floor":12}],"player_experience":2269302,"relics_obtained":[{"floor":8,"key":"Anchor"},{"floor":10,"key":"War Paint"},{"floor":11,"key":"Champion Belt"}],"event_choices":[{"cards_removed":["downfall:Malfunctioning"],"damage_healed":0,"gold_gain":0,"player_choice":"Card Removal","damage_taken":0,"max_hp_gain":0,"max_hp_loss":0,"event_name":"The Cleric","floor":13,"gold_loss":0}],"is_beta":false,"boss_relics":[],"items_purged_floors":[4],"is_endless":false,"potions_floor_spawned":[3,6,8,10,12],"killed_by":"Gremlin Nob","ascension_level":3}}