{"host":"czyddnh1ekzxzhp2","time":1612246209,"event":{"mods":["BaseMod","Better Third Choice","BetterRewards","Hermit","Minty Spire (QoL Compilation)","StSLib"],"gold_per_floor":[117,129,129,140,65,96,96,110,188,213,241,241,258,258,258,359,359,385,385,140,55,85,85,85,85,85,85,99,99,99,99],"floor_reached":30,"language":"ENG","playtime":2491,"items_purged":["hermit:Defend_Hermit","hermit:Strike_Hermit"],"score":282,"play_id":"5a3a2485-5b54-491c-90b1-5fc24af97ed0","local_time":"20210202011009","is_ascension_mode":true,"campfire_choices":[{"data":"1","floor":7,"key":"LIFT"},{"floor":12,"key":"REST"},{"floor":15,"key":"REST"},{"floor":24,"key":"REST"},{"data":"hermit:BlackWind","floor":27,"key":"SMITH"},{"data":"2","floor":29,"key":"LIFT"}],"circlet_count":0,"master_deck":["hermit:Strike_Hermit+1","hermit:Strike_Hermit+1","hermit:Defend_Hermit","hermit:Defend_Hermit","hermit:Defend_Hermit","hermit:Snapshot","hermit:Covet","hermit:Dive","hermit:BlackWind+1","hermit:GhostlyPresence","hermit:CursedWeapon","hermit:Deadeye"],"relics":["hermit:Momento","NeowsBlessing","Girya","MealTicket","Blue Candle","Odd Mushroom","Whetstone","SacredBark","Dream Catcher","Sundial","Smiling Mask"],"acts_visited":["Exordium","TheCity"],"potions_floor_usage":[6,6,16,22,23],"damage_taken":[{"damage":0,"enemies":"Small Slimes","floor":1,"turns":1},{"damage":0,"enemies":"2 Louse","floor":2,"turns":1},{"damage":0,"enemies":"Jaw Worm","floor":4,"turns":1},{"damage":13,"enemies":"3 Sentries","floor":6,"turns":9},{"damage":3,"enemies":"Blue Slaver","floor":8,"turns":3},{"damage":24,"enemies":"The Mushroom Lair","floor":10,"turns":5},{"damage":25,"enemies":"Gremlin Nob","floor":11,"turns":4},{"damage":3,"enemies":"Red Slaver","floor":13,"turns":2},{"damage":13,"enemies":"The Guardian","floor":16,"turns":16},{"damage":29,"enemies":"Shell Parasite","floor":18,"turns":10},{"damage":32,"enemies":"3 Byrds","floor":22,"turns":8},{"damage":27,"enemies":"Gremlin Leader","floor":23,"turns":5},{"damage":18,"enemies":"Snecko","floor":28,"turns":6},{"damage":68,"enemies":"Book of Stabbing","floor":30,"turns":7}],"seed_played":"286387149885193537","potions_obtained":[{"floor":2,"key":"DistilledChaos"},{"floor":4,"key":"Regen Potion"},{"floor":11,"key":"hermit:BlackBile"},{"floor":16,"key":"hermit:Eclipse"},{"floor":22,"key":"SmokeBomb"}],"is_trial":false,"path_per_floor":["M","M","?","M","$","E","R","M","T","?","E","R","M","?","R","B",null,"M","?","$","?","M","E","R","?","T","R","M","R","E"],"character_chosen":"HERMIT","items_purchased":["Dream Catcher"],"campfire_rested":3,"item_purchase_floors":[20],"current_hp_per_floor":[75,75,68,68,68,70,70,67,67,43,18,40,37,30,52,39,75,46,46,61,61,29,2,24,85,85,85,67,67,0,0],"gold":99,"neow_bonus":"THREE_ENEMY_KILL","is_daily":false,"chose_seed":false,"campfire_upgraded":1,"win_rate":0.0,"timestamp":1612246209,"path_taken":["M","M","?","M","$","E","R","M","T","?","E","R","M","?","R","BOSS","M","?","$","?","M","E","R","?","T","R","M","R","E"],"items_purchased_type":["Relic"],"build_version":"2020-12-22","purchased_purges":2,"victory":false,"max_hp_per_floor":[75,75,75,75,75,75,75,75,75,75,75,75,75,75,75,75,75,75,75,75,75,75,75,75,85,85,85,85,85,85,85],"card_choices":[{"not_picked":["hermit:HighCaliber","hermit:HoleUp"],"picked":"hermit:Dive","floor":1},{"not_picked":["hermit:Roulette","hermit:TrackingShot"],"picked":"hermit:BlackWind","floor":2},{"not_picked":["hermit:Glare","hermit:Vantage"],"picked":"hermit:GhostlyPresence","floor":4},{"not_picked":["hermit:Glare","hermit:Desperado","hermit:Reprieve"],"picked":"SKIP","floor":6},{"not_picked":["hermit:ShadowCloak","hermit:BigShot"],"picked":"hermit:CursedWeapon","floor":8},{"not_picked":["hermit:Manifest","hermit:Magnum","hermit:BodyArmor"],"picked":"SKIP","floor":11},{"not_picked":["hermit:SprayPray","hermit:BodyArmor","hermit:Glare"],"picked":"SKIP","floor":13},{"not_picked":["hermit:BlackWind","hermit:Magnum"],"picked":"hermit:DeadOrAlive","floor":16},{"not_picked":["hermit:Snipe","hermit:LowProfile","hermit:EyeOfTheStorm"],"picked":"SKIP","floor":18},{"not_picked":["hermit:Manifest","hermit:TrackingShot+1","hermit:Shortfuse"],"picked":"SKIP","floor":22},{"not_picked":["hermit:GoldenBullet","hermit:SprayPray","hermit:Cheat"],"picked":"SKIP","floor":28}],"player_experience":896371,"relics_obtained":[{"floor":6,"key":"MealTicket"},{"floor":9,"key":"Blue Candle"},{"floor":10,"key":"Odd Mushroom"},{"floor":11,"key":"Whetstone"},{"floor":26,"key":"Smiling Mask"}],"event_choices":[{"damage_healed":0,"gold_gain":0,"player_choice":"Relic ","damage_taken":7,"max_hp_gain":0,"max_hp_loss":0,"event_name":"betterThird:BetterScrap","floor":3,"gold_loss":0,"cards_obtained":["Leg Sweep"]},{"damage_healed":0,"gold_gain":0,"player_choice":"Fought Mushrooms","damage_taken":0,"max_hp_gain":0,"max_hp_loss":0,"event_name":"Mushrooms","floor":10,"gold_loss":0},{"cards_removed":["hermit:Strike_Hermit"],"damage_healed":0,"gold_gain":0,"player_choice":"Card Removal","damage_taken":7,"max_hp_gain":0,"max_hp_loss":0,"event_name":"Golden Wing","floor":14,"gold_loss":0},{"damage_healed":0,"gold_gain":0,"player_choice":"Read","damage_taken":0,"max_hp_gain":0,"max_hp_loss":0,"event_name":"The Library","floor":19,"gold_loss":0,"cards_obtained":["hermit:Deadeye"]},{"damage_healed":0,"gold_gain":0,"player_choice":"Obtained Relic","damage_taken":0,"relics_obtained":["Sundial"],"max_hp_gain":0,"max_hp_loss":0,"event_name":"Addict","floor":21,"gold_loss":85},{"cards_removed":["hermit:DeadOrAlive"],"damage_healed":51,"gold_gain":0,"player_choice":"Offered Rare","damage_taken":0,"max_hp_gain":10,"max_hp_loss":0,"event_name":"Bonfire Elementals","floor":25,"gold_loss":0}],"is_beta":false,"boss_relics":[{"not_picked":["Fusion Hammer","Runic Dome"],"picked":"SacredBark"}],"items_purged_floors":[5,20],"is_endless":false,"potions_floor_spawned":[2,4,11,16,22,23],"killed_by":"Book of Stabbing","ascension_level":2}}