{"host":"pec1bvkeldr5yzx1","time":1612283057,"event":{"mods":["ATMod(°¢èªMod)","AchievementEnabler","Act Like it!","Aspiration","BaseMod","Better Altar","Better Match","Better Sensory Stone","Better Skull","Better Vampires","BetterRewards","Conspire","Dota2Spire","Energized Spire","Friendly Minions","GifTheSpireLib","Hubris","Minty Spire (QoL Compilation)","Replay The Spire","Spicy Shops","StSLib","Stuff the Spire","SuperFastMode","óô»ðÖ¸ÄÏ"],"gold_per_floor":[109,119,119,294,313,313,343,343,420,453,470,470,470],"floor_reached":12,"language":"ZHS","playtime":413,"items_purged":[],"score":124,"play_id":"5fae6d34-f90a-45ff-97b3-2f27e31afb59","local_time":"20210203002417","is_ascension_mode":true,"campfire_choices":[{"floor":6,"key":"REST"}],"circlet_count":0,"master_deck":["Strike_B+1","Strike_B","Strike_B","Defend_B","Defend_B+1","Defend_B","Defend_B","Zap","Dualcast","AT_FamilyPortrait","StuffTheSpire:Synthwave","BasicCrystalCard","AT_ThunderBolt","Injury","Doubt","ReplayTheSpireMod:Reroute Power","Genetic Algorithm","AT_StudyProgram+1","hubris:PowerSurge+1","Gash"],"relics":["Cracked Core","AT_ATBox","Pet Ghost","Dead Branch","CaptainsWheel","Frozen Egg 2","Simple Rune","AT_SpeedBoots","Prayer Wheel"],"acts_visited":["Exordium"],"potions_floor_usage":[12],"damage_taken":[{"damage":3,"enemies":"2 Louse","floor":1,"turns":3},{"damage":18,"enemies":"Small Slimes","floor":2,"turns":2},{"damage":1,"enemies":"Cultist","floor":5,"turns":3},{"damage":0,"enemies":"Lagavulin","floor":7,"turns":6},{"damage":14,"enemies":"Gremlin Nob","floor":10,"turns":5},{"damage":2,"enemies":"Exordium Wildlife","floor":11,"turns":2},{"damage":24,"enemies":"3 Sentries","floor":12,"turns":2}],"seed_played":"-4136427291441593540","potions_obtained":[{"floor":2,"key":"SkillPotion"},{"floor":5,"key":"PotionOfCapacity"}],"is_trial":false,"path_per_floor":["M","M","?","?","M","R","E","?","T","E","M","E"],"character_chosen":"DEFECT","items_purchased":["StuffTheSpire:Synthwave","Pet Ghost","Dead Branch"],"campfire_rested":1,"item_purchase_floors":[0,0,0],"current_hp_per_floor":[37,19,19,19,18,40,40,40,40,26,24,0,0],"gold":470,"neow_bonus":"","is_daily":false,"chose_seed":false,"campfire_upgraded":0,"win_rate":0.0,"timestamp":1612283057,"path_taken":["M","M","?","?","M","R","E","?","T","E","?","E"],"items_purchased_type":["Card","Relic","Relic"],"build_version":"2020-12-22","purchased_purges":0,"victory":false,"max_hp_per_floor":[75,75,75,75,75,75,75,75,75,75,75,75,75],"card_choices":[{"not_picked":["Rebound","AT_EMC2"],"picked":"BasicCrystalCard","floor":1},{"not_picked":["hubris:PowerSurge","Blizzard"],"picked":"AT_ThunderBolt","floor":2},{"not_picked":["Barrage","AT_HeatAcrobatics"],"picked":"ReplayTheSpireMod:Reroute Power","floor":5},{"not_picked":["StuffTheSpire:Plugnplay","ReplayTheSpireMod:Omega Cannon"],"picked":"Genetic Algorithm","floor":7},{"not_picked":["Coolheaded","Panic Button"],"picked":"hubris:PowerSurge+1","floor":10},{"not_picked":["Skim","Coolheaded"],"picked":"Gash","floor":11}],"player_experience":127106,"relics_obtained":[{"floor":7,"key":"Simple Rune"},{"floor":10,"key":"AT_SpeedBoots"}],"event_choices":[{"damage_healed":0,"gold_gain":175,"player_choice":"AGREE","damage_taken":0,"max_hp_gain":0,"max_hp_loss":0,"event_name":"Liars Game","floor":4,"gold_loss":0,"cards_obtained":["Doubt"]},{"damage_healed":0,"gold_gain":0,"cards_transformed":["Strike_B"],"player_choice":"Transformed","damage_taken":0,"max_hp_gain":0,"max_hp_loss":0,"event_name":"Transmorgrifier","floor":8,"gold_loss":0,"cards_obtained":["AT_StudyProgram"]}],"is_beta":false,"boss_relics":[],"items_purged_floors":[],"is_endless":false,"potions_floor_spawned":[2,5],"killed_by":"3 Sentries","ascension_level":2}}