{"host":"56d873i5r3uhle0q","time":1612235255,"event":{"mods":["100% Spire Juice","Act Like it!","Aspiration","BaseMod","Block Reminder","Conspire","Dota2Spire","Downfall","Gensokyo","Hermit","Hubris","Infinite Spire","Jedi Mod","Lobotomy","LobotomyExtend","Marisa????????","Marked Mod","Minty Spire (QoL Compilation)","Reliquary","Replay The Spire","StSLib","The Animator","The Bug Knight","The Cursed","The Marked","The Servant 0.9.4","Wandering Minibosses","everything is the same but u backflip on backflip","??????REMEMod"],"gold_per_floor":[259,259,277,47,47,47,59,59,59,59,59,78,91,111,111,111,111],"floor_reached":16,"language":"ENG","playtime":722,"items_purged":[],"score":92,"play_id":"cb58b602-14f1-47c5-a3f0-7f36d4b7a43a","local_time":"20210201200735","is_ascension_mode":false,"campfire_choices":[{"floor":6.0,"key":"REST"},{"data":"Calculated Gamble","floor":8.0,"key":"SMITH"},{"floor":15,"key":"REST"}],"circlet_count":0,"master_deck":["Strike_G","Strike_G+1","Strike_G","Strike_G","Strike_G+1","Defend_G","Defend_G","Defend_G","Defend_G","Defend_G","Survivor","Neutralize","Bouncing Flask","Calculated Gamble+1","Toxin Wave","Strike_G","Footwork"],"relics":["Ring of the Snake","REME_ComplimentaryCards","LetterFromLob","Replay:Bottled Steam"],"acts_visited":["Exordium"],"potions_floor_usage":[16],"damage_taken":[{"damage":2.0,"enemies":"2 Louse","floor":1.0,"turns":5.0},{"damage":0.0,"enemies":"conspire:RoseBush","floor":3.0,"turns":3.0},{"damage":1.0,"enemies":"Cultist","floor":7.0,"turns":6.0},{"damage":8,"enemies":"2 Fungi Beasts","floor":12,"turns":3},{"damage":3,"enemies":"3 Louse","floor":13,"turns":3},{"damage":16,"enemies":"conspire:2 RoseBushes","floor":14,"turns":6},{"damage":71,"enemies":"Slime Boss","floor":16,"turns":8}],"seed_played":"4656687353505719815","potions_obtained":[{"floor":3.0,"key":"champ:CounterPotion"},{"floor":12,"key":"ColorlessPotion"},{"floor":14,"key":"Swift Potion"}],"is_trial":false,"path_per_floor":["M","$","M","$","?","R","M","R","T","?","$","M","M","M","R","B"],"character_chosen":"THE_SILENT","items_purchased":["reliquary:FerryPass","Calculated Gamble"],"campfire_rested":2,"item_purchase_floors":[4,4],"current_hp_per_floor":[68,68,68,68,54,70,69,69,69,69,69,61,58,42,63,0,0],"gold":111,"neow_bonus":"TWO_FIFTY_GOLD","is_daily":false,"chose_seed":false,"campfire_upgraded":1,"win_rate":0.0,"timestamp":1612235255,"path_taken":["M","$","M","$","?","R","M","R","T","?","?","M","?","M","R","BOSS"],"items_purchased_type":["Relic","Card"],"build_version":"2020-12-22","purchased_purges":0,"victory":false,"max_hp_per_floor":[70,70,70,70,70,70,70,70,70,70,70,70,70,70,70,70,70],"card_choices":[{"not_picked":["Dodge and Roll","REME_ShadowStrike"],"picked":"Bouncing Flask","floor":1.0},{"not_picked":["Dodge and Roll","Flechettes","REME_ShadowStrike"],"picked":"SKIP","floor":3.0},{"not_picked":["Dagger Throw","Sucker Punch"],"picked":"Toxin Wave","floor":7.0},{"not_picked":["Poisoned Stab","Predator","Masterful Stab"],"picked":"SKIP","floor":12},{"not_picked":["Dagger Throw","Infinite Blades","Eviscerate"],"picked":"SKIP","floor":13},{"not_picked":["Hidden Blade","Quick Slash"],"picked":"Footwork","floor":14}],"player_experience":698254,"relics_obtained":[{"floor":1.0,"key":"LetterFromLob"},{"floor":9.0,"key":"Replay:Bottled Steam"}],"event_choices":[{"damage_healed":0.0,"max_hp_gain":0.0,"max_hp_loss":0.0,"gold_gain":0.0,"event_name":"Shining Light","player_choice":"Entered Light","floor":5.0,"gold_loss":0.0,"damage_taken":14.0,"cards_upgraded":["Strike_G","Strike_G"]}],"is_beta":false,"boss_relics":[],"items_purged_floors":[],"is_endless":false,"potions_floor_spawned":[3,12,14],"killed_by":"Slime Boss","ascension_level":0}}