{"host":"f76wcztdlwlduum6","time":1612238200,"event":{"mods":["BaseMod","BetterRewards","Colored Powertips","Downfall","Minty Spire (QoL Compilation)","Quick Restart","Rare Cards Sparkle","Relic Stats","StSLib","SuperFastMode","everything is the same but u backflip on backflip"],"gold_per_floor":[99,119,119,294,70,102,802,129,129,129,320,386,386,365,365,365,365],"floor_reached":16,"language":"ENG","playtime":767,"items_purged":["Doubt"],"score":365,"play_id":"8b9cf816-9d3c-4dea-8848-d18750c42354","local_time":"20210201215640","is_ascension_mode":true,"campfire_choices":[{"data":"Omniscience","floor":7,"key":"SMITH"},{"floor":15,"key":"RECALL"}],"circlet_count":0,"master_deck":["Vigilance","Omniscience+1","Omniscience+1","Omniscience+1","DevaForm+1","DevaForm+1","DevaForm+1","DevaForm+1","DevaForm+1","DevaForm+1","DevaForm+1","Omniscience+1","Omniscience+1","Crescendo+1","ClearTheMind+1","ConjureBlade+1","Fasting2+1","Fasting2+1","Fasting2+1","Omniscience+1","LikeWater+1","LikeWater+1","LikeWater+1","LikeWater+1","LikeWater+1","LikeWater+1","LikeWater+1","LikeWater+1","LikeWater","Omniscience+1","Omniscience+1","Omniscience+1","Omniscience+1","Omniscience+1","Omniscience+1","Omniscience+1","DevaForm+1","DevaForm+1","DevaForm+1","DevaForm+1","DevaForm+1","DevaForm+1","DevaForm+1","DevaForm+1","DevaForm+1","Fasting2+1","Fasting2+1","Fasting2+1","Fasting2+1","Omniscience+1","Omniscience+1","Omniscience+1","Omniscience+1","Omniscience+1","WreathOfFlame","Fasting2"],"relics":["PureWater","Du-Vu Doll","Bottled Lightning","Guardian:BottledAnomaly","Mummified Hand","Damaru","Orichalcum","Art of War","The Courier","HandDrill","Shovel","Sundial","CeramicFish","hexamod:BolsterEngine","Mercury Hourglass"],"acts_visited":["Exordium"],"potions_floor_usage":[],"damage_taken":[{"damage":11,"enemies":"2 Louse","floor":2,"turns":5},{"damage":0,"enemies":"Gremlin Nob","floor":6,"turns":8},{"damage":0,"enemies":"Jaw Worm","floor":11,"turns":8},{"damage":14,"enemies":"2 Fungi Beasts","floor":12,"turns":6},{"damage":10,"enemies":"Looter","floor":14,"turns":4},{"damage":32,"enemies":"Slime Boss","floor":16,"turns":3}],"seed_played":"-7645259768580000200","potions_obtained":[{"floor":2,"key":"SpeedPotion"},{"floor":12,"key":"BlessingOfTheForge"}],"is_trial":false,"path_per_floor":["M","M","?","?","$","E","R","$","T","?","M","M","T","M","R","B"],"character_chosen":"WATCHER","items_purchased":["Orichalcum","HandDrill","Shovel","Sundial","CeramicFish"],"campfire_rested":0,"item_purchase_floors":[5,8,8,8,8],"current_hp_per_floor":[65,54,47,47,47,47,47,47,47,47,47,33,33,23,23,0,0],"gold":365,"neow_bonus":"ONE_RARE_RELIC","is_daily":false,"chose_seed":false,"campfire_upgraded":1,"win_rate":0.0,"timestamp":1612238200,"path_taken":["M","?","?","?","$","E","R","$","T","?","M","?","?","M","R","BOSS"],"items_purchased_type":["Relic","Relic","Relic","Relic","Relic"],"build_version":"2020-12-22","purchased_purges":1,"victory":false,"max_hp_per_floor":[72,72,72,72,72,72,72,72,72,72,72,72,72,72,72,72,72],"relic_stats":{"Shovel":0,"counters":[7,35],"Mummified Hand":[134],"Sundial":[8],"CeramicFish":243,"Art of War":[16],"HandDrill":[2],"Orichalcum":[78],"obtain_stats":[{"CeramicFish":8,"Damaru":3,"The Courier":7,"Orichalcum":5,"Mercury Hourglass":13,"Du-Vu Doll":0,"Shovel":8,"Mummified Hand":2,"Sundial":8,"Art of War":6,"HandDrill":8,"Bottled Lightning":0,"PureWater":0,"Guardian:BottledAnomaly":1,"hexamod:BolsterEngine":9},{"CeramicFish":3,"Damaru":2,"The Courier":3,"Orichalcum":2,"Mercury Hourglass":5,"Du-Vu Doll":0,"Shovel":3,"Mummified Hand":2,"Sundial":3,"Art of War":3,"HandDrill":3,"Bottled Lightning":0,"PureWater":0,"Guardian:BottledAnomaly":1,"hexamod:BolsterEngine":3},{"CeramicFish":14,"Damaru":6,"The Courier":14,"Orichalcum":6,"Mercury Hourglass":28,"Du-Vu Doll":0,"Shovel":14,"Mummified Hand":2,"Sundial":14,"Art of War":14,"HandDrill":14,"Bottled Lightning":0,"PureWater":0,"Guardian:BottledAnomaly":1,"hexamod:BolsterEngine":14}],"Mercury Hourglass":[18]},"card_choices":[{"not_picked":["CutThroughFate","Adaptation"],"picked":"LikeWater","floor":2},{"not_picked":["CutThroughFate","BowlingBash","Judgement"],"picked":"SKIP","floor":6},{"not_picked":["TalkToTheHand","BowlingBash","WreathOfFlame"],"picked":"SKIP","floor":11},{"not_picked":["JustLucky","FlyingSleeves"],"picked":"WreathOfFlame","floor":12},{"not_picked":["Evaluate","Wireheading"],"picked":"Fasting2","floor":14}],"player_experience":265976,"relics_obtained":[{"floor":6,"key":"Art of War"},{"floor":9,"key":"hexamod:BolsterEngine"},{"floor":13,"key":"Mercury Hourglass"}],"event_choices":[{"damage_healed":0,"gold_gain":0,"player_choice":"Success","damage_taken":7,"relics_obtained":["Damaru"],"max_hp_gain":0,"max_hp_loss":0,"event_name":"Scrap Ooze","floor":3,"gold_loss":0},{"damage_healed":0,"gold_gain":175,"player_choice":"AGREE","damage_taken":0,"max_hp_gain":0,"max_hp_loss":0,"event_name":"Liars Game","floor":4,"gold_loss":0,"cards_obtained":["Doubt"]},{"damage_healed":0,"gold_gain":0,"player_choice":"0 cards matched","damage_taken":0,"max_hp_gain":0,"max_hp_loss":0,"event_name":"Match and Keep!","floor":10,"gold_loss":0,"cards_obtained":[]}],"is_beta":false,"boss_relics":[],"items_purged_floors":[5],"is_endless":false,"potions_floor_spawned":[2,12],"killed_by":"Slime Boss","ascension_level":6}}