{"host":"i9wanet4r0ff4t9y","time":1612259399,"event":{"mods":["2.2 Compatiblity","Act Like it!","BaseMod","Bestiary","Better Altar","Better Match","Better Note","Better Sensory Stone","Better Skull","Better Third Choice","Better Vampires","BetterRewards","CapriCore","Colored Map","Curses Come First","Downfall","Minty Spire (QoL Compilation)","Quick Restart","READ ME - Guardian Mod","READ ME - Snecko Mod","Relic Stats","Reliquary","Say the Spire","Spicy Shops","StSLib","The Disciple","The Gatherer","Waifu the Spire"],"gold_per_floor":[118,132,132,151,169,169,184,209,209,24,39,39,55,4,4,103,153,168,168,168,188,188,188,202,3,3,3,22,41,57,57,57,155,155,167,167,218,17,0,0,19,31,107,123,173,187,187,207,207,207],"floor_reached":51,"language":"POL","playtime":1647,"items_purged":[],"score":866,"play_id":"a015ef51-bb11-4fc6-9f50-66f5ebac18e7","local_time":"20210202104959","is_ascension_mode":true,"campfire_choices":[{"floor":6,"key":"REST"},{"data":"Chrysalis","floor":15,"key":"SMITH"},{"data":"Metamorphosis","floor":23,"key":"SMITH"},{"floor":27,"key":"REST"},{"data":"Fission","floor":32,"key":"SMITH"},{"floor":40,"key":"REST"},{"data":"Fission","floor":47,"key":"SMITH"},{"floor":49,"key":"REST"}],"circlet_count":0,"master_deck":["Strike_B","Strike_B","Strike_B","Strike_B","Defend_B","Defend_B","Defend_B","Zap","Dualcast","Capacitor+1","Fusion","Rip and Tear","Beam Cell","Chrysalis+1","BootSequence","Chill","Metamorphosis+1","Streamline","Hello World+1","Ball Lightning","Lockon","Storm+1","Metamorphosis+1","Lockon","Regret","Reprogram","Steam","Gash","Meteor Strike","Capacitor+1","Self Repair+1","Static Discharge+1","Leap+1","Static Discharge+1","Force Field","Flash of Steel","Double Energy+1","Fission+1","Capacitor+1","downfall:Bewildered","Fission+1","Barrage+1","Madness","Madness","Hello World+1","Defragment+1","BootSequence","Self Repair+1","Ball Lightning","White Noise+1","Conserve Battery+1","Double Energy","Steam+1"],"relics":["Cracked Core","Membership Card","Frozen Egg 2","reliquary:LoveEmittingDiode","Ice Cream","Ancient Tea Set","Empty Cage","Regal Pillow","Anchor","hexamod:BolsterEngine","Mango","Sling","reliquary:QuartzCube","Tiny House","Lizard Tail","Vajra","Toolbox","Cables","sneckomod:BabySnecko","reliquary:Craggleroot","Thread and Needle","reliquary:Conveyor","Red Mask","Mummified Hand","CaptainsWheel"],"acts_visited":["Exordium","TheCity","TheBeyond"],"potions_floor_usage":[8,16,16,28,33,37,41,50,50],"damage_taken":[{"damage":0.0,"enemies":"2 Louse","floor":1.0,"turns":1.0},{"damage":0,"enemies":"Small Slimes","floor":2,"turns":3},{"damage":2,"enemies":"Jaw Worm","floor":4,"turns":3},{"damage":2,"enemies":"Looter","floor":5,"turns":3},{"damage":0,"enemies":"Red Slaver","floor":7,"turns":2},{"damage":0,"enemies":"Lagavulin","floor":8,"turns":5},{"damage":0,"enemies":"Large Slime","floor":11,"turns":4},{"damage":0,"enemies":"2 Fungi Beasts","floor":13,"turns":3},{"damage":35,"enemies":"Hexaghost","floor":16,"turns":6},{"damage":22,"enemies":"2 Thieves","floor":18,"turns":3},{"damage":11,"enemies":"Spheric Guardian","floor":21,"turns":3},{"damage":24,"enemies":"Snake Plant","floor":24,"turns":2},{"damage":4,"enemies":"Shelled Parasite and Fungi","floor":28,"turns":2},{"damage":6,"enemies":"3 Cultists","floor":29,"turns":4},{"damage":0,"enemies":"Snake Plant","floor":30,"turns":3},{"damage":58,"enemies":"Automaton","floor":33,"turns":8},{"damage":2,"enemies":"3 Shapes","floor":35,"turns":3},{"damage":64,"enemies":"2 Orb Walkers","floor":37,"turns":4},{"damage":0,"enemies":"3 Darklings","floor":41,"turns":3},{"damage":5,"enemies":"Transient","floor":42,"turns":5},{"damage":0,"enemies":"Writhing Mass","floor":44,"turns":3},{"damage":0,"enemies":"Mind Bloom Boss Battle","floor":45,"turns":3},{"damage":2,"enemies":"Sphere and 2 Shapes","floor":46,"turns":3},{"damage":16,"enemies":"Spire Growth","floor":48,"turns":3},{"damage":27,"enemies":"Donu and Deca","floor":50,"turns":6}],"seed_played":"5743522468711596433","potions_obtained":[{"floor":5,"key":"Energy Potion"},{"floor":7,"key":"SneckoOil"},{"floor":8,"key":"LiquidMemories"},{"floor":17,"key":"LiquidBronze"},{"floor":24,"key":"Slimebound:ThreeZeroPotion"},{"floor":28,"key":"BlessingOfTheForge"},{"floor":29,"key":"FearPotion"},{"floor":33,"key":"Explosive Potion"},{"floor":37,"key":"SteroidPotion"},{"floor":41,"key":"Ancient Potion"}],"is_trial":false,"path_per_floor":["M","M","?","M","M","R","M","E","T","$","M","?","M","$","R","B",null,"M","?","?","M","?","R","M","$","T","R","M","M","M","?","R","B",null,"M","?","?","$","?","R","M","M","T","M","?","M","R","M","R","B",null],"character_chosen":"DEFECT","items_purchased":["Membership Card","Frozen Egg 2","Juzu Bracelet","reliquary:LoveEmittingDiode","Capacitor+1","Fusion","Rip and Tear","Beam Cell","Chrysalis","Ancient Tea Set","Mango","Storm+1","Metamorphosis","Sling","Steam","Gash","Static Discharge+1","Force Field","Toolbox","Flash of Steel","reliquary:Conveyor","Defragment+1","BootSequence"],"campfire_rested":4,"item_purchase_floors":[0,0,0,0,0,0,0,0,0,0,10,10,10,10,14,14,25,25,25,25,38,38,38],"current_hp_per_floor":[40,40,40,38,36,73,73,73,73,87,87,87,87,87,87,52,94,72,72,72,61,61,61,37,37,37,80,76,80,90,90,90,42,94,92,80,16,16,16,59,59,74,74,94,94,92,92,76,94,67],"gold":207,"neow_bonus":"","is_daily":false,"chose_seed":false,"campfire_upgraded":4,"win_rate":0.0,"timestamp":1612259399,"path_taken":["M","M","?","M","M","R","M","E","T","$","M","?","M","$","R","BOSS","M","?","?","M","?","R","M","$","T","R","M","M","?","?","R","BOSS","M","?","?","?","?","R","M","M","T","M","?","M","R","M","R","BOSS"],"items_purchased_type":["Relic","Relic","Relic","Relic","Card","Card","Card","Card","Card","Relic","Relic","Card","Card","Relic","Card","Card","Card","Card","Relic","Card","Relic","Card","Card"],"build_version":"2020-12-22","purchased_purges":0,"victory":true,"max_hp_per_floor":[75,75,75,75,75,75,75,75,75,89,89,89,89,89,89,89,94,94,94,94,94,94,94,94,94,94,94,94,94,94,94,94,94,94,94,94,94,94,94,94,94,94,94,94,94,94,94,94,94,94],"relic_stats":{"Regal Pillow":45,"Lizard Tail":0,"counters":[239,880],"Mummified Hand":[32],"obtain_stats":[{"TwistedFunnel":0,"Replay:Accelerometer":42,"reliquary:Conveyor":38,"Spirit Poop":5,"Whetstone":24,"Sling":0,"Boot":23,"Old Coin":2,"Replay:Wanted Poster":17,"Sundial":43,"Replay:Bronze Core":17,"MealTicket":7,"Fusion Hammer":34,"Replay:Bottled Flurry":27,"HandDrill":30,"Pear":44,"ReplayTheSpireMod:Ring of Addiction":46,"Counterbalance":47,"Pen Nib":37,"Akabeko":13,"Cables":40,"reliquary:Bookmark":0,"Ring of the Serpent":17,"Lantern":14,"Regal Pillow":0,"Singing Bowl":9,"Painkiller Herb":34,"StoneCalendar":53,"Blue Doll":25,"Bag of Preparation":6,"Replay:Multitool":27,"Ancient Tea Set":25,"Cursed Key":34,"Smiling Mask":45,"Pet Ghost":9,"BranchBurnRelic":15,"Ring of Fangs":46,"Matryoshka":27,"WristBlade":17,"Ninja Scroll":21,"Toolbox":3,"WingedGreaves":23,"Chemical X":37,"Ring of Panic":5,"InkBottle":44,"Ring of the Snake":0,"Lee\u0027s Waffle":0,"NeowsBlessing":0,"Circlet":0,"Thread and Needle":26,"betterThird:NestCultRelic":21,"The Courier":45,"PreservedInsect":0,"Omamori":9,"Ring of Greed":2,"Frozen Egg 2":26,"MawBank":2,"Nuclear Battery":17,"sneckomod:BabySnecko":31,"Ornamental Fan":36,"betterThird:SlimedRelic":2,"Turnip":7,"Art of War":26,"Garlic":29,"ReplayTheSpireMod:Onyx Gauntlets":17,"hexamod:BolsterEngine":9,"Toy Ornithopter":46,"Ice Cream":0,"Divine Protection":9,"reliquary:FeatherDuster":25,"Tiny House":34,"Gremlin Horn":6,"CeramicFish":8,"Vajra":22,"reliquary:QuartzCube":12,"Centennial Puzzle":43,"Lizard Tail":47,"Replay:Frozen Program":0,"Strawberry":37,"Honey Jar":34,"Philosopher\u0027s Stone":17,"Prayer Wheel":0,"Toxic Egg 2":26,"Happy Flower":43,"ReplayTheSpireMod:CursedCoin":24,"reliquary:Sideboard":26,"Dead Branch":0,"Replay:Grab Bag":17,"Oddly Smooth Stone":20,"Ring of Chaos":34,"Replay:Kaleidoscope":0,"War Paint":26,"WarpedTongs":29,"reliquary:JackalopeAntler":10,"Replay:Baseball":11,"Bottled Flame":30,"reliquary:PorcupineQuills":0,"ReplayTheSpireMod:Shallot":11,"Shuriken":9,"Bronze Scales":48,"Onion Ring":40,"Simple Rune":24,"Black Star":17,"ReplayTheSpireMod:TigerMarble":0,"reliquary:Knoch":10,"Pocketwatch":44,"Darkstone Periapt":0,"Replay:PocketPolymizer":17,"reliquary:Boomerang":41,"SacredBark":46,"Mango":10,"Snake Skull":25,"Juzu Bracelet":0,"Incense Burner":28,"Empty Cage":0,"ClockworkSouvenir":25,"Nunchaku":9,"Replay:Bandana":43,"Tough Bandages":0,"Dream Catcher":8,"Chameleon Ring":0,"Mummified Hand":37,"Pantograph":37,"Gambling Chip":36,"Tiny Chest":0,"Red Mask":19,"Replay:Antivirus Software":26,"Cracked Core":0,"Gremlin Food":30,"BargainBundle":53,"ReplayTheSpireMod:Ninjato":7,"reliquary:LoveEmittingDiode":0,"Guide Book":37,"Quantum Egg":30,"hexamod:Sixitude":37,"Replay:WaspNest":37,"Orichalcum":5,"Odd Mushroom":10,"Medical Kit":47,"Mercury Hourglass":23,"Calling Bell":17,"Peace Pipe":36,"Anchor":23,"CaptainsWheel":37,"Pondfish Scales":54,"reliquary:Craggleroot":34,"Bag of Marbles":44,"Membership Card":0,"ReplayTheSpireMod:ShopPack":0},{"TwistedFunnel":76,"Replay:Accelerometer":122,"reliquary:Conveyor":232,"Spirit Poop":172,"Whetstone":61,"Sling":26,"Boot":113,"Old Coin":171,"Replay:Wanted Poster":84,"Sundial":70,"Replay:Bronze Core":34,"MealTicket":53,"Fusion Hammer":186,"Replay:Bottled Flurry":39,"HandDrill":41,"Pear":71,"ReplayTheSpireMod:Ring of Addiction":48,"Counterbalance":150,"Pen Nib":66,"Akabeko":7,"Cables":190,"reliquary:Bookmark":192,"Ring of the Serpent":132,"Lantern":199,"Regal Pillow":214,"Singing Bowl":128,"Painkiller Herb":140,"StoneCalendar":152,"Blue Doll":166,"Bag of Preparation":3,"Replay:Multitool":39,"Ancient Tea Set":15,"Cursed Key":18,"Smiling Mask":97,"Pet Ghost":105,"BranchBurnRelic":33,"Ring of Fangs":48,"Matryoshka":89,"WristBlade":58,"Ninja Scroll":59,"Toolbox":171,"WingedGreaves":204,"Chemical X":66,"Ring of Panic":104,"InkBottle":71,"Ring of the Snake":0,"Lee\u0027s Waffle":49,"NeowsBlessing":0,"Circlet":0,"Thread and Needle":37,"betterThird:NestCultRelic":36,"The Courier":48,"PreservedInsect":154,"Omamori":4,"Ring of Greed":171,"Frozen Egg 2":88,"MawBank":1,"Nuclear Battery":200,"sneckomod:BabySnecko":229,"Ornamental Fan":93,"betterThird:SlimedRelic":102,"Turnip":128,"Art of War":15,"Garlic":137,"ReplayTheSpireMod:Onyx Gauntlets":58,"hexamod:BolsterEngine":220,"Toy Ornithopter":48,"Ice Cream":192,"Divine Protection":159,"reliquary:FeatherDuster":205,"Tiny House":43,"Gremlin Horn":158,"CeramicFish":80,"Vajra":12,"reliquary:QuartzCube":221,"Centennial Puzzle":22,"Lizard Tail":24,"Replay:Frozen Program":170,"Strawberry":45,"Honey Jar":117,"Philosopher\u0027s Stone":9,"Prayer Wheel":49,"Toxic Egg 2":113,"Happy Flower":122,"ReplayTheSpireMod:CursedCoin":113,"reliquary:Sideboard":205,"Dead Branch":26,"Replay:Grab Bag":58,"Oddly Smooth Stone":110,"Ring of Chaos":92,"Replay:Kaleidoscope":26,"War Paint":135,"WarpedTongs":62,"reliquary:JackalopeAntler":197,"Replay:Baseball":31,"Bottled Flame":90,"reliquary:PorcupineQuills":192,"ReplayTheSpireMod:Shallot":31,"Shuriken":80,"Bronze Scales":191,"Onion Ring":69,"Simple Rune":165,"Black Star":58,"ReplayTheSpireMod:TigerMarble":101,"reliquary:Knoch":197,"Pocketwatch":23,"Darkstone Periapt":49,"Replay:PocketPolymizer":162,"reliquary:Boomerang":212,"SacredBark":48,"Mango":220,"Snake Skull":37,"Juzu Bracelet":26,"Incense Burner":40,"Empty Cage":214,"ClockworkSouvenir":37,"Nunchaku":30,"Replay:Bandana":97,"Tough Bandages":126,"Dream Catcher":159,"Chameleon Ring":76,"Mummified Hand":66,"Pantograph":66,"Gambling Chip":119,"Tiny Chest":76,"Red Mask":11,"Replay:Antivirus Software":182,"Cracked Core":0,"Gremlin Food":41,"BargainBundle":75,"ReplayTheSpireMod:Ninjato":80,"reliquary:LoveEmittingDiode":214,"Guide Book":45,"Quantum Egg":63,"hexamod:Sixitude":210,"Replay:WaspNest":119,"Orichalcum":28,"Odd Mushroom":31,"Medical Kit":150,"Mercury Hourglass":181,"Calling Bell":162,"Peace Pipe":209,"Anchor":13,"CaptainsWheel":20,"Pondfish Scales":76,"reliquary:Craggleroot":230,"Bag of Marbles":148,"Membership Card":26,"ReplayTheSpireMod:ShopPack":101},{"TwistedFunnel":283,"Replay:Accelerometer":422,"reliquary:Conveyor":854,"Spirit Poop":625,"Whetstone":237,"Sling":101,"Boot":394,"Old Coin":621,"Replay:Wanted Poster":313,"Sundial":265,"Replay:Bronze Core":127,"MealTicket":209,"Fusion Hammer":676,"Replay:Bottled Flurry":144,"HandDrill":153,"Pear":268,"ReplayTheSpireMod:Ring of Addiction":186,"Counterbalance":534,"Pen Nib":253,"Akabeko":19,"Cables":695,"reliquary:Bookmark":711,"Ring of the Serpent":465,"Lantern":731,"Regal Pillow":792,"Singing Bowl":446,"Painkiller Herb":500,"StoneCalendar":544,"Blue Doll":600,"Bag of Preparation":3,"Replay:Multitool":144,"Ancient Tea Set":54,"Cursed Key":66,"Smiling Mask":346,"Pet Ghost":367,"BranchBurnRelic":118,"Ring of Fangs":186,"Matryoshka":324,"WristBlade":230,"Ninja Scroll":232,"Toolbox":621,"WingedGreaves":754,"Chemical X":253,"Ring of Panic":365,"InkBottle":268,"Ring of the Snake":0,"Lee\u0027s Waffle":194,"NeowsBlessing":0,"Circlet":0,"Thread and Needle":137,"betterThird:NestCultRelic":133,"The Courier":186,"PreservedInsect":556,"Omamori":7,"Ring of Greed":621,"Frozen Egg 2":320,"MawBank":1,"Nuclear Battery":738,"sneckomod:BabySnecko":839,"Ornamental Fan":335,"betterThird:SlimedRelic":361,"Turnip":446,"Art of War":54,"Garlic":486,"ReplayTheSpireMod:Onyx Gauntlets":230,"hexamod:BolsterEngine":809,"Toy Ornithopter":186,"Ice Cream":711,"Divine Protection":573,"reliquary:FeatherDuster":758,"Tiny House":164,"Gremlin Horn":570,"CeramicFish":298,"Vajra":42,"reliquary:QuartzCube":813,"Centennial Puzzle":78,"Lizard Tail":88,"Replay:Frozen Program":616,"Strawberry":173,"Honey Jar":408,"Philosopher\u0027s Stone":30,"Prayer Wheel":194,"Toxic Egg 2":394,"Happy Flower":422,"ReplayTheSpireMod:CursedCoin":394,"reliquary:Sideboard":758,"Dead Branch":101,"Replay:Grab Bag":230,"Oddly Smooth Stone":381,"Ring of Chaos":332,"Replay:Kaleidoscope":101,"War Paint":477,"WarpedTongs":240,"reliquary:JackalopeAntler":725,"Replay:Baseball":114,"Bottled Flame":326,"reliquary:PorcupineQuills":711,"ReplayTheSpireMod:Shallot":114,"Shuriken":298,"Bronze Scales":701,"Onion Ring":262,"Simple Rune":598,"Black Star":230,"ReplayTheSpireMod:TigerMarble":360,"reliquary:Knoch":725,"Pocketwatch":83,"Darkstone Periapt":194,"Replay:PocketPolymizer":589,"reliquary:Boomerang":786,"SacredBark":186,"Mango":809,"Snake Skull":137,"Juzu Bracelet":101,"Incense Burner":148,"Empty Cage":792,"ClockworkSouvenir":137,"Nunchaku":111,"Replay:Bandana":346,"Tough Bandages":437,"Dream Catcher":573,"Chameleon Ring":283,"Mummified Hand":253,"Pantograph":253,"Gambling Chip":415,"Tiny Chest":283,"Red Mask":38,"Replay:Antivirus Software":660,"Cracked Core":0,"Gremlin Food":153,"BargainBundle":280,"ReplayTheSpireMod:Ninjato":298,"reliquary:LoveEmittingDiode":792,"Guide Book":173,"Quantum Egg":243,"hexamod:Sixitude":781,"Replay:WaspNest":415,"Orichalcum":106,"Odd Mushroom":114,"Medical Kit":534,"Mercury Hourglass":657,"Calling Bell":589,"Peace Pipe":778,"Anchor":46,"CaptainsWheel":72,"Pondfish Scales":283,"reliquary:Craggleroot":847,"Bag of Marbles":526,"Membership Card":101,"ReplayTheSpireMod:ShopPack":360}],"Cables":[38,34,3,0,1]},"card_choices":[{"not_picked":["Skim","Ball Lightning"],"picked":"BootSequence","floor":1},{"not_picked":["Rebound","Leap"],"picked":"Chill","floor":2},{"not_picked":["Dark Shackles","Secret Weapon"],"picked":"Metamorphosis","floor":3},{"not_picked":["Gash","Barrage"],"picked":"Streamline","floor":4},{"not_picked":["Gash","Doom and Gloom"],"picked":"Hello World+1","floor":5},{"not_picked":["Reinforced Body","Streamline"],"picked":"Ball Lightning","floor":7},{"not_picked":["Barrage","Hyperbeam"],"picked":"Lockon","floor":8},{"not_picked":["Darkness","Turbo"],"picked":"Lockon","floor":11},{"not_picked":["Beam Cell","Sweeping Beam"],"picked":"Reprogram","floor":13},{"not_picked":["Rainbow","All For One"],"picked":"Meteor Strike","floor":16},{"not_picked":["Glacier","Chaos"],"picked":"Capacitor+1","floor":17},{"not_picked":["Barrage","Scrape"],"picked":"Self Repair+1","floor":18},{"not_picked":["Turbo","Rebound"],"picked":"Static Discharge+1","floor":21},{"not_picked":["Beam Cell+1","Ball Lightning"],"picked":"Leap+1","floor":24},{"not_picked":["Rip and Tear+1","Go for the Eyes"],"picked":"Double Energy+1","floor":28},{"not_picked":["Gash+1","Redo+1"],"picked":"Fission","floor":29},{"not_picked":["Skim","Darkness"],"picked":"Capacitor+1","floor":30},{"not_picked":["Amplify","All For One"],"picked":"Fission","floor":33},{"not_picked":["BootSequence+1","FTL"],"picked":"Barrage+1","floor":35},{"not_picked":["Hologram","Go for the Eyes+1"],"picked":"Hello World+1","floor":37},{"not_picked":["Conserve Battery","Steam"],"picked":"Self Repair+1","floor":41},{"not_picked":["Gash+1","Blizzard"],"picked":"Ball Lightning","floor":42},{"not_picked":["Compile Driver","Self Repair+1"],"picked":"White Noise+1","floor":44},{"not_picked":["Double Energy","Stack+1"],"picked":"Conserve Battery+1","floor":45},{"not_picked":["Streamline+1","Rebound+1"],"picked":"Double Energy","floor":46},{"not_picked":["Reinforced Body","Barrage"],"picked":"Steam+1","floor":48}],"player_experience":470574,"relics_obtained":[{"floor":8,"key":"Anchor"},{"floor":9,"key":"hexamod:BolsterEngine"},{"floor":26,"key":"Cables"},{"floor":37,"key":"Thread and Needle"},{"floor":43,"key":"Mummified Hand"},{"floor":45,"key":"CaptainsWheel"}],"event_choices":[{"damage_healed":0,"gold_gain":1,"player_choice":"1","damage_taken":0,"max_hp_gain":0,"max_hp_loss":0,"event_name":"betterStone:BetterStone","floor":3,"gold_loss":0},{"damage_healed":0,"gold_gain":0,"player_choice":"Box","damage_taken":0,"relics_obtained":["reliquary:QuartzCube"],"max_hp_gain":0,"max_hp_loss":0,"event_name":"Big Fish","floor":12,"gold_loss":0,"cards_obtained":["Regret"]},{"damage_healed":0,"gold_gain":0,"player_choice":"Opened","damage_taken":0,"relics_obtained":["Lizard Tail"],"max_hp_gain":0,"max_hp_loss":0,"event_name":"The Mausoleum","floor":19,"gold_loss":0},{"damage_healed":0,"gold_gain":0,"player_choice":"Ignored","damage_taken":0,"max_hp_gain":0,"max_hp_loss":0,"event_name":"Ghosts","floor":20,"gold_loss":0},{"damage_healed":0,"gold_gain":0,"player_choice":"Gave Potion","damage_taken":0,"relics_obtained":["Vajra"],"max_hp_gain":0,"max_hp_loss":0,"event_name":"WeMeetAgain","floor":22,"gold_loss":0},{"damage_healed":0,"gold_gain":0,"player_choice":"Embrace Madness","damage_taken":12,"max_hp_gain":0,"max_hp_loss":0,"event_name":"Winding Halls","floor":36,"gold_loss":0,"cards_obtained":["Madness","Madness"]},{"damage_healed":0,"gold_gain":0,"player_choice":"Fight","damage_taken":0,"max_hp_gain":0,"max_hp_loss":0,"event_name":"Mysterious Sphere","floor":37,"gold_loss":0},{"damage_healed":0,"gold_gain":0,"player_choice":"Paid","damage_taken":0,"relics_obtained":["Red Mask"],"max_hp_gain":0,"max_hp_loss":0,"event_name":"Tomb of Lord Red Mask","floor":39,"gold_loss":17},{"damage_healed":0,"gold_gain":0,"player_choice":"Fight","damage_taken":0,"max_hp_gain":0,"max_hp_loss":0,"event_name":"MindBloom","floor":45,"gold_loss":0}],"is_beta":false,"boss_relics":[{"not_picked":["reliquary:RedCape","Velvet Choker"],"picked":"Tiny House"},{"not_picked":["reliquary:WritOfMandamus","FrozenCore"],"picked":"reliquary:Craggleroot"}],"items_purged_floors":[],"is_endless":false,"potions_floor_spawned":[5,7,8,11,24,28,29,33,37,41,42,44],"ascension_level":2}}