{"host":"btt6ntw6a1bnaigc","time":1612290369,"event":{"mods":["AchievementEnabler","BaseMod","Downfall","Hermit","Marisa????????","Minty Spire (QoL Compilation)","StSLib","The Cursed","The Mystic"],"gold_per_floor":[99,118,129,229,139,139,139,139,174,193,211,228,228,264,278,376,376,376,396,34,53,47,56,109,150,150,188,188,201,201,242,262,373,373,273,301,448,468,503,503,578,578,595,604,604,604],"floor_reached":44,"language":"ENG","playtime":5323,"items_purged":["Slimebound:Strike_Slimebound","Slimebound:Strike_Slimebound","Slimebound:Strike_Slimebound"],"score":577,"play_id":"a137bacf-8405-4127-b863-e419c67a9a52","local_time":"20210202182609","is_ascension_mode":true,"campfire_choices":[{"data":"Slimebound:Split","floor":1.0,"key":"SMITH"},{"data":"Slimebound:MassFeed","floor":6.0,"key":"SMITH"},{"data":"Slimebound:Equalize","floor":13.0,"key":"SMITH"},{"data":"Slimebound:OneTwoCombo","floor":18.0,"key":"SMITH"},{"data":"Slimebound:SplitSpecialist","floor":26.0,"key":"SMITH"},{"data":"expansioncontent:QuickStudy","floor":28.0,"key":"SMITH"},{"data":"Slimebound:OozeBath","floor":35.0,"key":"SMITH"},{"floor":40.0,"key":"RECALL"}],"circlet_count":0,"master_deck":["Slimebound:Tackle","Slimebound:Defend_Slimebound","Slimebound:Split+1","Slimebound:CorrosiveSpit","Slimebound:Schlurp","Slimebound:GrowthPunch","Slimebound:MassFeed+1","Slimebound:SplitMire","Slimebound:SlimeTap","Slimebound:Equalize+1","Slimebound:SplitSpecialist+1","Slimebound:OneTwoCombo+1","Slimebound:SpikyOuterGoop","expansioncontent:QuickStudy+1","Slimebound:GrowthPunch","Writhe","Slimebound:AcidTongue","Slimebound:Nibble+1","Slimebound:OozeBath+1","Slimebound:OozeBath","Slimebound:LeechEnergy+1","Slimebound:Gluttony","Parasite","Slimebound:SplitSpecialist+1","Wraith"],"relics":["Slimebound:AbsorbEndCombat","Pear","Ancient Tea Set","CeramicFish","Coffee Dripper","Unceasing Top","Oddly Smooth Stone","Matryoshka","Du-Vu Doll","Bottled Lightning","Empty Cage","downfall:HeartBlessingGreen","Regal Pillow","Blue Candle"],"acts_visited":["Exordium","TheCity","TheBeyond"],"potions_floor_usage":[],"damage_taken":[{"damage":1.0,"enemies":"Jaw Worm","floor":2.0,"turns":4.0},{"damage":3.0,"enemies":"Small Slimes","floor":3.0,"turns":4.0},{"damage":8.0,"enemies":"downfall:FleeingMerchant","floor":5.0,"turns":4.0},{"damage":11.0,"enemies":"Lagavulin","floor":9.0,"turns":9.0},{"damage":2.0,"enemies":"Cultist","floor":10.0,"turns":3.0},{"damage":0.0,"enemies":"3 Louse","floor":11.0,"turns":1.0},{"damage":2.0,"enemies":"2 Fungi Beasts","floor":12.0,"turns":3.0},{"damage":6.0,"enemies":"3 Sentries","floor":14.0,"turns":4.0},{"damage":0.0,"enemies":"Exordium Wildlife","floor":15.0,"turns":3.0},{"damage":28.0,"enemies":"IC_STATUS_ARCHETYPE","floor":16.0,"turns":9.0},{"damage":1.0,"enemies":"Shell Parasite","floor":19.0,"turns":3.0},{"damage":6.0,"enemies":"downfall:FleeingMerchant","floor":20.0,"turns":4.0},{"damage":12.0,"enemies":"Snecko","floor":21.0,"turns":4.0},{"damage":12.0,"enemies":"downfall:FleeingMerchant","floor":22.0,"turns":4.0},{"damage":18.0,"enemies":"Book of Stabbing","floor":25.0,"turns":5.0},{"damage":6.0,"enemies":"Slavers","floor":27.0,"turns":5.0},{"damage":8.0,"enemies":"Snake Plant","floor":29.0,"turns":3.0},{"damage":23.0,"enemies":"Gremlin Leader","floor":31.0,"turns":6.0},{"damage":15.0,"enemies":"Chosen and Byrds","floor":32.0,"turns":4.0},{"damage":36.0,"enemies":"SI_MIRROR_ARCHETYPE","floor":33.0,"turns":10.0},{"damage":9.0,"enemies":"3 Darklings","floor":36.0,"turns":5.0},{"damage":1.0,"enemies":"downfall:FleeingMerchant","floor":37.0,"turns":3.0},{"damage":15.0,"enemies":"Orb Walker","floor":38.0,"turns":2.0},{"damage":10.0,"enemies":"Writhing Mass","floor":39.0,"turns":5.0},{"damage":20,"enemies":"Jaw Worm Horde","floor":43,"turns":4},{"damage":0,"enemies":"Jaw Worm Horde","floor":44,"turns":1}],"seed_played":"8012284924144724908","potions_obtained":[{"floor":3.0,"key":"Explosive Potion"},{"floor":14.0,"key":"Slimebound:SlimedPotion"},{"floor":15.0,"key":"Regen Potion"},{"floor":21.0,"key":"SpeedPotion"},{"floor":25.0,"key":"Strength Potion"},{"floor":27.0,"key":"Regen Potion"},{"floor":29.0,"key":"hexamod:SoulburnPotion"},{"floor":39.0,"key":"Weak Potion"}],"is_trial":false,"path_per_floor":["R","M","M","?","$","R","T","?","E","M","M","M","R","E","M","B",null,"R","M","$","M","$","?","T","E","R","E","R","M","?","E","M","B",null,"R","M","$","M","M","R","T","?","M","?"],"character_chosen":"SLIMEBOUND","items_purchased":["Slimebound:SpikyOuterGoop","expansioncontent:QuickStudy","Slimebound:Gluttony"],"campfire_rested":0,"item_purchase_floors":[20,20,37],"current_hp_per_floor":[71,71,71,71,69,69,79,79,72,74,90,101,101,105,109,92,109,109,113,109,104,112,112,112,101,101,112,112,110,110,100,109,108,117,117,121,121,121,112,112,112,107,103,103,103,103],"gold":604,"neow_bonus":"TEN_PERCENT_HP_BONUS","is_daily":false,"chose_seed":false,"campfire_upgraded":7,"win_rate":0.0,"timestamp":1612290369,"path_taken":["R","M","M","?","$","R","T","?","E","M","?","M","R","E","M","BOSS","R","M","$","M","$","?","T","E","R","E","R","M","?","E","M","BOSS","R","M","$","M","M","R","T","?","M","?"],"items_purchased_type":["Card","Card","Card"],"build_version":"2020-12-22","purchased_purges":3,"victory":false,"max_hp_per_floor":[71,71,71,71,71,71,81,81,81,81,93,101,101,109,109,109,109,109,113,113,113,113,113,113,113,113,113,113,113,113,113,117,117,117,117,121,121,121,121,121,121,121,129,129,129,129],"card_choices":[{"not_picked":["Slimebound:ViciousTackle","Slimebound:FinishingTackle"],"picked":"Slimebound:Schlurp","floor":2.0},{"not_picked":["Slimebound:LeechEnergy","Slimebound:GoopSpray"],"picked":"Slimebound:GrowthPunch","floor":3.0},{"not_picked":["Slimebound:SamplingLick","Slimebound:PressTheAttack"],"picked":"Slimebound:MassFeed","floor":5.0},{"not_picked":["Slimebound:DivideAndConquer","Slimebound:HauntingLick"],"picked":"Slimebound:SplitMire","floor":9.0},{"not_picked":["Slimebound:SlimeSpikes","Slimebound:DivideAndConquer"],"picked":"Slimebound:SlimeTap","floor":10.0},{"not_picked":["Slimebound:SamplingLick","Slimebound:RollThrough"],"picked":"Slimebound:Equalize","floor":11.0},{"not_picked":["Slimebound:ViciousTackle","Slimebound:PressTheAttack"],"picked":"Slimebound:SplitSpecialist","floor":12.0},{"not_picked":["Slimebound:FinishingTackle","Slimebound:LeechingTouch"],"picked":"Slimebound:OneTwoCombo","floor":14.0},{"not_picked":["Slimebound:HauntingLick","Slimebound:SplitLeeching","Slimebound:ComboTackle"],"picked":"SKIP","floor":15.0},{"not_picked":["Slimebound:LeechingTouch","Slimebound:SamplingLick","Slimebound:ItLooksTasty+1"],"picked":"SKIP","floor":19.0},{"not_picked":["Slimebound:SplitBruiser","Slimebound:Recollect","Slimebound:FlameTackle+1"],"picked":"SKIP","floor":20.0},{"not_picked":["Slimebound:SplitMire","Slimebound:SplitBruiser","Slimebound:Equalize"],"picked":"SKIP","floor":21.0},{"not_picked":["Slimebound:SplitLeeching","Slimebound:Schlurp"],"picked":"Slimebound:GrowthPunch","floor":22.0},{"not_picked":["Slimebound:Chomp+1","Slimebound:BestDefense"],"picked":"Slimebound:AcidTongue","floor":25.0},{"not_picked":["Slimebound:WasteNot","Slimebound:LeechEnergy+1"],"picked":"Slimebound:Nibble+1","floor":27.0},{"not_picked":["Slimebound:ComboTackle","Slimebound:Equalize","Slimebound:TongueLash"],"picked":"SKIP","floor":29.0},{"not_picked":["Slimebound:GoopTackle+1","Slimebound:SamplingLick"],"picked":"Slimebound:OozeBath","floor":31.0},{"not_picked":["Slimebound:FlameTackle","Slimebound:Schlurp","Slimebound:SlimeTap"],"picked":"SKIP","floor":32.0},{"not_picked":["Slimebound:WasteNot","Slimebound:FirmFortitude"],"picked":"Slimebound:OozeBath","floor":33.0},{"not_picked":["Slimebound:Chomp+1","Slimebound:FinishingTackle"],"picked":"Slimebound:LeechEnergy+1","floor":36.0},{"not_picked":["Slimebound:FinishingTackle+1","Slimebound:GoopTackle","Slimebound:ServeAndProtect+1"],"picked":"SKIP","floor":37.0},{"not_picked":["Slimebound:GoopSpray","Slimebound:ComboTackle","Slimebound:FormOfPuddle"],"picked":"SKIP","floor":38.0},{"not_picked":["Slimebound:GoopTackle+1","Slimebound:ItLooksTasty"],"picked":"Slimebound:SplitSpecialist+1","floor":39.0},{"not_picked":["Slimebound:Nibble","Slimebound:ComboTackle","Slimebound:SplitAcid"],"picked":"SKIP","floor":43}],"player_experience":312856,"relics_obtained":[{"floor":7.0,"key":"Pear"},{"floor":9.0,"key":"Ancient Tea Set"},{"floor":14.0,"key":"CeramicFish"},{"floor":24.0,"key":"Oddly Smooth Stone"},{"floor":25.0,"key":"Matryoshka"},{"floor":27.0,"key":"Du-Vu Doll"},{"floor":31.0,"key":"Bottled Lightning"},{"floor":41.0,"key":"Regal Pillow"}],"event_choices":[{"damage_healed":0,"gold_gain":0,"player_choice":"Ignored","damage_taken":0,"max_hp_gain":0,"max_hp_loss":0,"event_name":"OrinTheCat","floor":44,"gold_loss":0}],"is_beta":false,"boss_relics":[{"not_picked":["Fusion Hammer","Velvet Choker"],"picked":"Coffee Dripper"},{"not_picked":["bronze:MakeshiftBattery","Black Star"],"picked":"Empty Cage"}],"items_purged_floors":[5,20,37],"is_endless":false,"potions_floor_spawned":[3,14,15,21,25,27,29,39],"killed_by":"Jaw Worm Horde","ascension_level":1}}