{"host":"e3jr8cs0hrgde9ri","time":1612302302,"event":{"mods":["2.2 Compatiblity","BaseMod","Highlight Path","Minty Spire (QoL Compilation)","Permanent Neow","Quick Restart","SuperFastMode"],"gold_per_floor":[110,110,121,137,147,147,172,172,226,226,251,269,269,283,283,388,388,398,415,415,415,429,455,455,380,405,474,474,552,552,552],"floor_reached":30,"language":"ENG","playtime":768,"items_purged":["Strike_P"],"score":312,"play_id":"f47f1f73-c144-4924-8bdf-6d5b5bb05de0","local_time":"20210202134502","is_ascension_mode":false,"campfire_choices":[{"data":"Eruption","floor":6,"key":"SMITH"},{"data":"Ragnarok","floor":8,"key":"SMITH"},{"data":"WheelKick","floor":10,"key":"SMITH"},{"data":"Judgement","floor":13,"key":"SMITH"},{"data":"Wallop","floor":15,"key":"SMITH"},{"data":"Wish","floor":24,"key":"SMITH"},{"data":"Wish","floor":28,"key":"SMITH"}],"circlet_count":0,"master_deck":["Strike_P","Strike_P","Defend_P","Defend_P","Defend_P","Defend_P","Eruption+1","Vigilance","LikeWater","Evaluate","WheelKick+1","Ragnarok+1","Judgement+1","Wallop+1","DevaForm","EmptyFist","WaveOfTheHand+1","Writhe","Wish+1","Wish+1","Study+1","InnerPeace"],"relics":["Black Star","Pantograph","Tiny Chest","Potion Belt","HornCleat","Philosopher\u0027s Stone","Nunchaku","Thread and Needle","Gremlin Horn","Happy Flower"],"acts_visited":["Exordium","TheCity"],"potions_floor_usage":[27],"damage_taken":[{"damage":3.0,"enemies":"2 Louse","floor":1.0,"turns":4.0},{"damage":1.0,"enemies":"Cultist","floor":3.0,"turns":5.0},{"damage":5,"enemies":"Jaw Worm","floor":4,"turns":4},{"damage":6,"enemies":"Exordium Wildlife","floor":5,"turns":4},{"damage":21,"enemies":"3 Sentries","floor":7,"turns":7},{"damage":6,"enemies":"Lagavulin","floor":11,"turns":6},{"damage":5,"enemies":"Looter","floor":12,"turns":3},{"damage":0,"enemies":"2 Fungi Beasts","floor":14,"turns":2},{"damage":0,"enemies":"Slime Boss","floor":16,"turns":3},{"damage":0,"enemies":"Chosen","floor":18,"turns":2},{"damage":5,"enemies":"Shell Parasite","floor":19,"turns":5},{"damage":10,"enemies":"Snecko","floor":22,"turns":4},{"damage":10,"enemies":"Gremlin Leader","floor":23,"turns":4},{"damage":6,"enemies":"Centurion and Healer","floor":27,"turns":9},{"damage":22,"enemies":"Chosen and Byrds","floor":29,"turns":10},{"damage":27,"enemies":"Book of Stabbing","floor":30,"turns":6}],"seed_played":"4836557540951136788","potions_obtained":[{"floor":1.0,"key":"Explosive Potion"},{"floor":4,"key":"Explosive Potion"},{"floor":11,"key":"CultistPotion"},{"floor":16,"key":"FearPotion"},{"floor":22,"key":"StancePotion"},{"floor":27,"key":"Fruit Juice"},{"floor":29,"key":"SkillPotion"}],"is_trial":false,"path_per_floor":["M","?","M","M","M","R","E","R","T","R","E","M","R","M","R","B",null,"M","M","?","?","M","E","R","$","T","M","R","M","E"],"character_chosen":"WATCHER","items_purchased":[],"campfire_rested":0,"item_purchase_floors":[],"current_hp_per_floor":[69,69,68,63,57,57,36,36,36,36,30,25,25,25,25,50,72,72,67,67,67,57,47,47,47,47,46,46,24,0,0],"gold":552,"neow_bonus":"BOSS_RELIC","is_daily":false,"chose_seed":false,"campfire_upgraded":7,"win_rate":0.0,"timestamp":1612302302,"path_taken":["M","?","M","M","?","R","E","R","T","R","E","M","R","M","R","BOSS","M","M","?","?","M","E","R","$","T","M","R","M","E"],"items_purchased_type":[],"build_version":"2020-12-22","purchased_purges":1,"victory":false,"max_hp_per_floor":[72,72,72,72,72,72,72,72,72,72,72,72,72,72,72,72,72,72,72,72,72,72,72,72,72,72,77,77,77,77,77],"card_choices":[{"not_picked":["SashWhip","Weave"],"picked":"LikeWater","floor":1.0},{"not_picked":["JustLucky","FlyingSleeves"],"picked":"Evaluate","floor":3},{"not_picked":["Crescendo","EmptyFist"],"picked":"WheelKick","floor":4},{"not_picked":["Prostrate","FlyingSleeves","Evaluate"],"picked":"SKIP","floor":5},{"not_picked":["ThirdEye","Prostrate"],"picked":"Ragnarok","floor":7},{"not_picked":["Prostrate","LikeWater"],"picked":"Judgement","floor":11},{"not_picked":["Weave","Vengeance","CrushJoints"],"picked":"SKIP","floor":12},{"not_picked":["Consecrate","Indignation"],"picked":"Wallop","floor":14},{"not_picked":["Ragnarok","MasterReality"],"picked":"DevaForm","floor":16},{"not_picked":["FlurryOfBlows","Crescendo"],"picked":"EmptyFist","floor":18},{"not_picked":["CarveReality","FollowUp"],"picked":"WaveOfTheHand+1","floor":19},{"not_picked":["PathToVictory","Crescendo"],"picked":"Wish","floor":22},{"not_picked":["CutThroughFate+1","SashWhip+1"],"picked":"Wish","floor":23},{"not_picked":["CutThroughFate","FlyingSleeves"],"picked":"Study+1","floor":27},{"not_picked":["ClearTheMind","BowlingBash"],"picked":"InnerPeace","floor":29}],"player_experience":1425207,"relics_obtained":[{"floor":7,"key":"Pantograph"},{"floor":7,"key":"Tiny Chest"},{"floor":9,"key":"Potion Belt"},{"floor":11,"key":"HornCleat"},{"floor":23,"key":"Thread and Needle"},{"floor":23,"key":"Gremlin Horn"},{"floor":26,"key":"Happy Flower"}],"event_choices":[{"cards_removed":["Strike_P"],"damage_healed":0.0,"max_hp_gain":0.0,"max_hp_loss":0.0,"gold_gain":0.0,"event_name":"Purifier","player_choice":"Purged","floor":2.0,"gold_loss":0.0,"damage_taken":0.0},{"damage_healed":0,"gold_gain":0,"player_choice":"Opened","damage_taken":0,"relics_obtained":["Nunchaku"],"max_hp_gain":0,"max_hp_loss":0,"event_name":"The Mausoleum","floor":20,"gold_loss":0,"cards_obtained":["Writhe"]},{"damage_healed":0,"gold_gain":0,"player_choice":"Ignored","damage_taken":0,"max_hp_gain":0,"max_hp_loss":0,"event_name":"Ghosts","floor":21,"gold_loss":0}],"is_beta":false,"boss_relics":[{"not_picked":["Velvet Choker","Runic Dome"],"picked":"Philosopher\u0027s Stone"}],"items_purged_floors":[25],"is_endless":false,"potions_floor_spawned":[1,4,11,16,22,27,29],"killed_by":"Book of Stabbing","ascension_level":0}}