{"host":"sc0o2qwpf9j16a4i","time":1612262853,"event":{"mods":["AchievementEnabler","BaseMod","BetterRewards","Block Reminder","Colored Map","Colored Powertips","Custom Start","Highlight Path","Minty Spire (QoL Compilation)","Relic Stats"],"gold_per_floor":[119,134,134,154,154,180,196,196,196],"floor_reached":8,"language":"ENG","playtime":324,"items_purged":[],"score":58,"play_id":"a4a2a7c1-476a-4d3f-a56c-c334eaf0bc49","local_time":"20210202124733","daily_mods":["Cursed Run","Purple Cards","DeadlyEvents"],"is_ascension_mode":false,"campfire_choices":[],"circlet_count":0,"master_deck":["Strike_B","Strike_B","Strike_B","Defend_B+1","Defend_B","Defend_B","Defend_B","Zap","Dualcast","Pray+1","Coolheaded","Barrage","Amplify","Protect","Protect","Reinforced Body"],"relics":["Cursed Key","Darkstone Periapt","Du-Vu Doll","Prayer Wheel"],"acts_visited":["Exordium"],"potions_floor_usage":[],"damage_taken":[{"damage":2.0,"enemies":"2 Louse","floor":1.0,"turns":2.0},{"damage":0.0,"enemies":"Small Slimes","floor":2.0,"turns":2.0},{"damage":0.0,"enemies":"Jaw Worm","floor":4.0,"turns":3.0},{"damage":17.0,"enemies":"3 Sentries","floor":6.0,"turns":8.0},{"damage":13.0,"enemies":"Exordium Thugs","floor":7.0,"turns":5.0},{"damage":70,"enemies":"Gremlin Nob","floor":8,"turns":5}],"seed_played":"-71254767918488875","potions_obtained":[{"floor":1.0,"key":"Explosive Potion"}],"is_trial":true,"path_per_floor":["M","M","?","M","?","E","M","E"],"character_chosen":"DEFECT","items_purchased":[],"campfire_rested":0,"item_purchase_floors":[],"current_hp_per_floor":[73,73,58,58,58,41,28,0,0],"gold":196,"neow_bonus":"","is_daily":false,"chose_seed":false,"campfire_upgraded":0,"win_rate":0.0,"timestamp":1612262853,"path_taken":["M","M","?","M","?","E","M","E"],"items_purchased_type":[],"build_version":"2020-12-22","purchased_purges":0,"victory":false,"max_hp_per_floor":[75,75,75,75,75,75,75,75,75],"relic_stats":{"Darkstone Periapt":0,"counters":[6,25],"Prayer Wheel":2,"Cursed Key":0,"obtain_stats":[{"Darkstone Periapt":0,"Du-Vu Doll":0,"Prayer Wheel":6,"Cursed Key":0},{"Darkstone Periapt":0,"Du-Vu Doll":0,"Prayer Wheel":4,"Cursed Key":0},{"Darkstone Periapt":0,"Du-Vu Doll":0,"Prayer Wheel":15,"Cursed Key":0}]},"card_choices":[{"not_picked":["Fasting2","Hello World"],"picked":"Pray","floor":1.0},{"not_picked":["JustLucky","Sweeping Beam"],"picked":"Coolheaded","floor":2.0},{"not_picked":["WreathOfFlame","ClearTheMind"],"picked":"Barrage","floor":4.0},{"not_picked":["Hologram","Compile Driver"],"picked":"Protect","floor":6.0},{"not_picked":["InnerPeace","BowlingBash"],"picked":"Protect","floor":7},{"not_picked":["ConjureBlade","PathToVictory"],"picked":"Reinforced Body","floor":7}],"player_experience":1129276,"relics_obtained":[{"floor":6.0,"key":"Prayer Wheel"}],"event_choices":[{"damage_healed":0.0,"max_hp_gain":0.0,"max_hp_loss":0.0,"gold_gain":0.0,"event_name":"Shining Light","player_choice":"Entered Light","floor":3.0,"gold_loss":0.0,"damage_taken":15.0,"cards_upgraded":["Pray","Defend_B"]},{"damage_healed":0.0,"max_hp_gain":0.0,"max_hp_loss":0.0,"gold_gain":0.0,"cards_transformed":["Strike_B"],"event_name":"Transmorgrifier","player_choice":"Transformed","floor":5.0,"gold_loss":0.0,"damage_taken":0.0,"cards_obtained":["Amplify"]}],"is_beta":false,"boss_relics":[],"items_purged_floors":[],"is_endless":false,"potions_floor_spawned":[1],"killed_by":"Gremlin Nob","ascension_level":0}}