{"host":"tkinv8gv6hgcc58b","time":1612242521,"event":{"mods":["AchievementEnabler","BaseMod","BetterRewards","Colored Map","Downfall","Googly Eyes","Hermit","Minty Spire (QoL Compilation)","Rare Cards Sparkle","Relic Filter","StSLib","The Cursed","The Disciple"],"gold_per_floor":[114,164,214,276,286,286,314,314,314,327,327,345,87,137,137,267,267,262,312,135,148,45,76,76,9,33,33,77,127,141,191,241,241,364,364,382,482,506,406,132,165,125,125,125,148,148,218,268,289,305,305,305],"floor_reached":53,"language":"ENG","playtime":2953,"items_purged":[],"score":1450,"play_id":"48e1aa9c-ef39-4b6a-a71f-b8072d02099b","local_time":"20210202000841","is_ascension_mode":true,"campfire_choices":[{"floor":6,"key":"REST"},{"floor":8,"key":"REST"},{"floor":11,"key":"REST"},{"data":"TheCursedMod:AntiAging","floor":15,"key":"SMITH"},{"floor":24,"key":"REST"},{"floor":33,"key":"REST"},{"floor":43,"key":"REST"},{"floor":46,"key":"REST"},{"floor":51,"key":"REST"}],"circlet_count":0,"master_deck":["TheCursedMod:Strike_TheCursed","TheCursedMod:Strike_TheCursed","TheCursedMod:Strike_TheCursed","TheCursedMod:Strike_TheCursed+1","TheCursedMod:Defend_TheCursed","TheCursedMod:Defend_TheCursed","TheCursedMod:Defend_TheCursed","TheCursedMod:Defend_TheCursed","TheCursedMod:CursedWand","TheCursedMod:CleanUpWorkshop","TheCursedMod:CursedWand+1","TheCursedMod:HellsGateOpen","TheCursedMod:RapidMovement","TheCursedMod:CursedBoomerang","TheCursedMod:StingEye","TheCursedMod:AntiAging+1","TheCursedMod:SpitefulStrike","TheCursedMod:RapidMovement","TheCursedMod:NeowsMight","TheCursedMod:Grudge","Injury","TheCursedMod:OutForBlood+1","TheCursedMod:HellfireBreathing+1","TheCursedMod:SpitefulPray+1","TheCursedMod:HellfireBreathing+1","Shame","TheCursedMod:RapidMovement","TheCursedMod:UltimatePain","RitualDagger","TheCursedMod:VoidForm+1","TheCursedMod:LuckyCharm+1","downfall:Bewildered","TheCursedMod:Obscuration+1","TheCursedMod:RapidMovement+1","TheCursedMod:WearCloak+1","TheCursedMod:DemonSword","TheCursedMod:StunningStrike","TheCursedMod:DarkBarrier","TheCursedMod:NeowsMight","TheCursedMod:SpitefulPlan+1","Pain","Parasite","Doubt"],"relics":["TheCursedMod:BlackMagic101","Ginger","SsserpentHead","DollysMirror","Spirit Poop","Frozen Egg 2","WingedGreaves","Shuriken","Golden Idol","Cursed Key","Enchiridion","FossilizedHelix","Boot","Bronze Scales","InkBottle","Tiny Chest","MutagenicStrength","TheCursedMod:OminousMark","Calipers","Orrery","Whetstone","The Courier","Potion Belt","Question Card"],"acts_visited":["Exordium","TheCity","TheBeyond"],"potions_floor_usage":[7,22,30,30,40,52,52],"damage_taken":[{"damage":0,"enemies":"2 Louse","floor":1,"turns":3},{"damage":0,"enemies":"Cultist","floor":4,"turns":4},{"damage":7,"enemies":"Small Slimes","floor":5,"turns":3},{"damage":16,"enemies":"Gremlin Nob","floor":7,"turns":4},{"damage":9,"enemies":"2 Fungi Beasts","floor":10,"turns":5},{"damage":18,"enemies":"Exordium Thugs","floor":12,"turns":5},{"damage":47,"enemies":"The Guardian","floor":16,"turns":11},{"damage":12,"enemies":"2 Thieves","floor":18,"turns":4},{"damage":4,"enemies":"Chosen","floor":21,"turns":4},{"damage":7,"enemies":"Book of Stabbing","floor":23,"turns":3},{"damage":6,"enemies":"Gremlin Leader","floor":28,"turns":5},{"damage":6,"enemies":"Shelled Parasite and Fungi","floor":30,"turns":2},{"damage":72,"enemies":"Champ","floor":34,"turns":12},{"damage":0,"enemies":"Orb Walker","floor":36,"turns":3},{"damage":20,"enemies":"3 Shapes","floor":38,"turns":4},{"damage":37,"enemies":"Nemesis","floor":41,"turns":7},{"damage":0,"enemies":"Jaw Worm Horde","floor":47,"turns":3},{"damage":2,"enemies":"Transient","floor":49,"turns":5},{"damage":0,"enemies":"3 Darklings","floor":50,"turns":4},{"damage":93,"enemies":"Time Eater","floor":52,"turns":9}],"seed_played":"3000448268393984555","potions_obtained":[{"floor":5,"key":"FearPotion"},{"floor":18,"key":"Block Potion"},{"floor":28,"key":"GamblersBrew"},{"floor":36,"key":"Guardian:BlockOnCardUsePotion"},{"floor":41,"key":"champ:CounterPotion"}],"is_trial":false,"path_per_floor":["M","?","?","M","M","R","E","R","T","M","R","M","$","?","R","B",null,"M","?","$","M","$","E","R","$","T","T","E","?","M","?","?","R","B",null,"M","T","M","$","$","E","?","R","T","T","R","M","T","M","M","R","B",null],"character_chosen":"THE_CURSED","items_purchased":["SsserpentHead","DollysMirror","TheCursedMod:HellsGateOpen","TheCursedMod:NeowsMight","Shuriken","TheCursedMod:Grudge","TheCursedMod:HellfireBreathing+1","FossilizedHelix","Fruit Juice","TheCursedMod:HellfireBreathing+1","Orrery","TheCursedMod:NeowsMight","Fruit Juice","TheCursedMod:SpitefulPlan+1"],"campfire_rested":8,"item_purchase_floors":[0,0,0,13,13,13,20,20,22,25,39,40,40,40],"current_hp_per_floor":[36,36,36,36,29,51,35,57,57,50,73,55,55,55,55,11,63,54,38,38,34,39,32,58,58,58,58,55,55,52,52,46,74,5,74,77,77,60,60,65,31,31,64,64,64,97,100,100,98,101,117,24],"gold":305,"neow_bonus":"","is_daily":false,"chose_seed":false,"campfire_upgraded":1,"win_rate":0.0,"timestamp":1612242521,"path_taken":["M","?","?","?","M","R","E","R","T","M","R","M","?","?","R","BOSS","M","?","?","M","$","E","R","$","T","T","E","?","M","?","?","R","BOSS","M","?","M","?","$","E","?","R","T","T","R","?","?","M","M","R","BOSS"],"items_purchased_type":["Relic","Relic","Card","Card","Relic","Card","Card","Relic","Potion","Card","Relic","Card","Potion","Card"],"build_version":"2020-12-22","purchased_purges":0,"victory":true,"max_hp_per_floor":[75,75,75,75,75,75,75,75,75,77,77,77,77,77,77,80,80,83,83,83,83,88,88,88,88,88,88,91,91,94,94,94,94,97,97,100,100,103,103,108,111,111,111,111,111,111,114,114,114,117,117,117],"card_choices":[{"not_picked":["TheCursedMod:RavingStaff","TheCursedMod:Torture"],"picked":"TheCursedMod:RapidMovement","floor":1},{"not_picked":["TheCursedMod:StingEye","TheCursedMod:Stretching"],"picked":"TheCursedMod:CursedBoomerang","floor":4},{"not_picked":["TheCursedMod:Torture","TheCursedMod:CircleOfCorruption"],"picked":"TheCursedMod:StingEye","floor":5},{"not_picked":["TheCursedMod:Torture","TheCursedMod:CircleOfFlame"],"picked":"TheCursedMod:AntiAging","floor":7},{"not_picked":["TheCursedMod:CircleOfCorruption","TheCursedMod:CursedBlade"],"picked":"TheCursedMod:SpitefulStrike","floor":10},{"not_picked":["TheCursedMod:RavingStaff","TheCursedMod:TacticalStrike"],"picked":"TheCursedMod:RapidMovement","floor":12},{"not_picked":["TheCursedMod:StunningStrike","TheCursedMod:UltimatePain"],"picked":"TheCursedMod:OutForBlood+1","floor":16},{"not_picked":["TheCursedMod:CircleOfAmplification","TheCursedMod:SpitefulStrike","TheCursedMod:Stigma"],"picked":"SKIP","floor":18},{"not_picked":["TheCursedMod:WearCloak","TheCursedMod:SaltUponWound+1","TheCursedMod:BloodBarrier"],"picked":"SKIP","floor":21},{"not_picked":["TheCursedMod:WearCloak","TheCursedMod:Torture+1"],"picked":"TheCursedMod:SpitefulPray","floor":23},{"not_picked":["TheCursedMod:CursedShiv","TheCursedMod:CursedAmulet+1"],"picked":"TheCursedMod:RapidMovement","floor":28},{"not_picked":["TheCursedMod:Torture+1","TheCursedMod:CursedShiv+1"],"picked":"TheCursedMod:UltimatePain","floor":30},{"not_picked":["TheCursedMod:StunningStrike","TheCursedMod:ShockAndAwe"],"picked":"TheCursedMod:VoidForm+1","floor":34},{"not_picked":["TheCursedMod:Stretching+1","TheCursedMod:RapidMovement"],"picked":"TheCursedMod:LuckyCharm+1","floor":36},{"not_picked":["TheCursedMod:SpitefulStrike","TheCursedMod:CursedSpellbook"],"picked":"TheCursedMod:Obscuration+1","floor":38},{"not_picked":["TheCursedMod:Stigma","TheCursedMod:CursedBlade"],"picked":"TheCursedMod:RapidMovement+1","floor":39},{"not_picked":["TheCursedMod:ManaBullet+1","TheCursedMod:RavingStaff+1"],"picked":"TheCursedMod:WearCloak+1","floor":39},{"not_picked":["TheCursedMod:SurpriseAttack+1","TheCursedMod:CursedBlade+1"],"picked":"TheCursedMod:DemonSword","floor":39},{"not_picked":["TheCursedMod:Torture+1","TheCursedMod:SpitefulPray+1"],"picked":"TheCursedMod:StunningStrike","floor":39},{"not_picked":["TheCursedMod:SpitefulStrike","TheCursedMod:CircleOfCorruption+1"],"picked":"TheCursedMod:DarkBarrier","floor":39},{"not_picked":["TheCursedMod:SoulCrush","TheCursedMod:CircleOfFlame","TheCursedMod:Stigma"],"picked":"SKIP","floor":41},{"not_picked":["TheCursedMod:RapidMovement","TheCursedMod:PrepareRite+1","TheCursedMod:Obscuration"],"picked":"SKIP","floor":47},{"not_picked":["TheCursedMod:CursedShiv","TheCursedMod:SpitefulPray","TheCursedMod:Obscuration","TheCursedMod:StingEye+1"],"picked":"SKIP","floor":49},{"not_picked":["TheCursedMod:ShockAndAwe","TheCursedMod:CircleOfFlame","TheCursedMod:CircleOfBlood+1","TheCursedMod:CursedShiv"],"picked":"SKIP","floor":50}],"player_experience":1111883,"relics_obtained":[{"floor":7,"key":"Frozen Egg 2"},{"floor":9,"key":"WingedGreaves"},{"floor":19,"key":"Enchiridion"},{"floor":23,"key":"Boot"},{"floor":26,"key":"Bronze Scales"},{"floor":27,"key":"InkBottle"},{"floor":28,"key":"Tiny Chest"},{"floor":37,"key":"Calipers"},{"floor":41,"key":"Whetstone"},{"floor":44,"key":"The Courier"},{"floor":45,"key":"Potion Belt"},{"floor":48,"key":"Question Card"}],"event_choices":[{"damage_healed":0,"gold_gain":0,"player_choice":"Ignored","damage_taken":0,"max_hp_gain":0,"max_hp_loss":0,"event_name":"Golden Wing","floor":2,"gold_loss":0},{"cards_removed":["TheCursedMod:Dregs"],"damage_healed":0,"gold_gain":0,"player_choice":"Offered Curse","damage_taken":0,"relics_obtained":["Spirit Poop"],"max_hp_gain":0,"max_hp_loss":0,"event_name":"Bonfire Elementals","floor":3,"gold_loss":0},{"damage_healed":0,"gold_gain":0,"player_choice":"Take Wound","damage_taken":0,"relics_obtained":["Golden Idol"],"max_hp_gain":0,"max_hp_loss":0,"event_name":"Golden Idol","floor":14,"gold_loss":0,"cards_obtained":["Injury"]},{"damage_healed":0,"gold_gain":0,"player_choice":"Obtained Book","damage_taken":16,"max_hp_gain":0,"max_hp_loss":0,"event_name":"Cursed Tome","floor":19,"gold_loss":0},{"damage_healed":0,"gold_gain":0,"player_choice":"Inject Mutagens","damage_taken":0,"relics_obtained":["MutagenicStrength"],"max_hp_gain":0,"max_hp_loss":0,"event_name":"Drug Dealer","floor":29,"gold_loss":0},{"damage_healed":0,"gold_gain":0,"player_choice":"Ignored","damage_taken":0,"max_hp_gain":0,"max_hp_loss":0,"event_name":"Ghosts","floor":31,"gold_loss":0},{"damage_healed":0,"gold_gain":0,"player_choice":"Joined the Cult","damage_taken":6,"max_hp_gain":0,"max_hp_loss":0,"event_name":"Nest","floor":32,"gold_loss":0,"cards_obtained":["RitualDagger"]},{"cards_removed":["Normality"],"damage_healed":0,"gold_gain":0,"player_choice":"Upgrade and Remove","damage_taken":0,"max_hp_gain":0,"max_hp_loss":0,"event_name":"Designer","floor":42,"gold_loss":90,"cards_upgraded":["TheCursedMod:SpitefulPray"]}],"is_beta":false,"boss_relics":[{"not_picked":["Sozu","Ectoplasm"],"picked":"Cursed Key"},{"not_picked":["Fusion Hammer","SlaversCollar"],"picked":"TheCursedMod:OminousMark"}],"items_purged_floors":[],"is_endless":false,"potions_floor_spawned":[5,18,28,36,41],"ascension_level":7}}