{"host":"8is2j71l4wmybkoi","time":1612270739,"event":{"mods":["AchievementEnabler","BaseMod","Colored Map","Minty Spire (QoL Compilation)","Rare Cards Sparkle","StSLib","SuperFastMode"],"gold_per_floor":[118,118,135,147,72,72,88,88,136,153,184,184,199,217,217,294,294,314,324,324,324,324,324,337,337,337,187,202,202,237,87,87,164,164,183,198,223,236,236,270,288,288,288,317,329,360,382,269,269,269,269,269,14,40,40,40],"floor_reached":55,"language":"KOR","playtime":2712,"items_purged":["Strike_R","Defend_R","Carnage+1"],"score":1433,"play_id":"93327573-0563-4bfb-a580-3437f7e6ed74","local_time":"20210202215859","is_ascension_mode":true,"campfire_choices":[{"data":"Body Slam","floor":6.0,"key":"SMITH"},{"data":"True Grit","floor":8.0,"key":"SMITH"},{"data":"Carnage","floor":12.0,"key":"SMITH"},{"data":"Bash","floor":15.0,"key":"SMITH"},{"floor":23.0,"key":"RECALL"},{"floor":32.0,"key":"REST"},{"floor":42.0,"key":"REST"},{"floor":49.0,"key":"REST"},{"floor":52.0,"key":"REST"}],"circlet_count":0,"master_deck":["AscendersBane","Defend_R","Defend_R","Defend_R","Bash+1","Body Slam+1","True Grit+1","Pommel Strike","Feel No Pain","Flame Barrier","Double Tap","Armaments","Sentinel","Barricade","Offering","Shrug It Off","Brutality","Armaments+1","Metallicize","True Grit+1"],"relics":["Burning Blood","Centennial Puzzle","Fusion Hammer","Bird Faced Urn","Akabeko","Nloth\u0027s Gift","Gremlin Horn","StoneCalendar","Velvet Choker","Mango","Juzu Bracelet","Singing Bowl","MawBank","Oddly Smooth Stone","Lantern"],"acts_visited":["Exordium","TheCity","TheBeyond","TheEnding"],"potions_floor_usage":[54,54],"damage_taken":[{"damage":7.0,"enemies":"Small Slimes","floor":1.0,"turns":4.0},{"damage":7.0,"enemies":"2 Louse","floor":3.0,"turns":4.0},{"damage":6.0,"enemies":"Cultist","floor":4.0,"turns":3.0},{"damage":2.0,"enemies":"Exordium Wildlife","floor":7.0,"turns":5.0},{"damage":0.0,"enemies":"2 Fungi Beasts","floor":10.0,"turns":3.0},{"damage":18.0,"enemies":"Lagavulin","floor":11.0,"turns":6.0},{"damage":0.0,"enemies":"Large Slime","floor":13.0,"turns":5.0},{"damage":4.0,"enemies":"Exordium Thugs","floor":14.0,"turns":4.0},{"damage":13.0,"enemies":"The Guardian","floor":16.0,"turns":9.0},{"damage":9.0,"enemies":"2 Thieves","floor":18.0,"turns":4.0},{"damage":4.0,"enemies":"Spheric Guardian","floor":19.0,"turns":4.0},{"damage":2.0,"enemies":"Chosen and Byrds","floor":24.0,"turns":4.0},{"damage":0.0,"enemies":"Book of Stabbing","floor":25.0,"turns":1.0},{"damage":0.0,"enemies":"Cultist and Chosen","floor":28.0,"turns":5.0},{"damage":8.0,"enemies":"Slavers","floor":30.0,"turns":5.0},{"damage":6.0,"enemies":"Automaton","floor":33.0,"turns":7.0},{"damage":12.0,"enemies":"Orb Walker","floor":35.0,"turns":3.0},{"damage":19.0,"enemies":"3 Darklings","floor":36.0,"turns":7.0},{"damage":11.0,"enemies":"Mind Bloom Boss Battle","floor":37.0,"turns":6.0},{"damage":11.0,"enemies":"Maw","floor":38.0,"turns":7.0},{"damage":25.0,"enemies":"Reptomancer","floor":40.0,"turns":5.0},{"damage":43.0,"enemies":"Transient","floor":41.0,"turns":5.0},{"damage":10.0,"enemies":"Giant Head","floor":44.0,"turns":6.0},{"damage":10.0,"enemies":"Sphere and 2 Shapes","floor":46.0,"turns":6.0},{"damage":25.0,"enemies":"Jaw Worm Horde","floor":47.0,"turns":5.0},{"damage":95.0,"enemies":"Time Eater","floor":50.0,"turns":16.0},{"damage":90,"enemies":"Shield and Spear","floor":54,"turns":11},{"damage":57,"enemies":"The Heart","floor":55,"turns":2}],"seed_played":"-855772884306066939","potions_obtained":[{"floor":3.0,"key":"GamblersBrew"},{"floor":7.0,"key":"Regen Potion"},{"floor":11.0,"key":"ColorlessPotion"},{"floor":19.0,"key":"SmokeBomb"},{"floor":28.0,"key":"FearPotion"},{"floor":36.0,"key":"BloodPotion"},{"floor":38.0,"key":"FairyPotion"},{"floor":39.0,"key":"Block Potion"},{"floor":41.0,"key":"SkillPotion"}],"is_trial":false,"path_per_floor":["M","?","M","M","?","R","M","R","T","M","E","R","M","M","R","B",null,"M","M","?","?","?","R","M","E","T","$","M","T","E","$","R","B",null,"M","M","?","M","?","E","M","R","T","E","?","M","M","$","R","B",null,"R","$","E","B"],"character_chosen":"IRONCLAD","items_purchased":["DistilledChaos","Shrug It Off","Oddly Smooth Stone","Energy Potion","Swift Potion"],"campfire_rested":4,"item_purchase_floors":[27,31,53,53,53],"current_hp_per_floor":[67,67,66,66,66,66,68,68,68,68,56,56,62,64,64,57,65,62,64,64,64,64,64,68,68,68,68,68,68,66,66,68,68,68,63,56,71,82,82,67,36,60,60,62,62,66,57,57,82,26,70,84,84,10,0,0],"gold":40,"neow_bonus":"REMOVE_TWO","is_daily":false,"chose_seed":false,"campfire_upgraded":4,"win_rate":0.0,"timestamp":1612270739,"path_taken":["M","?","M","M","?","R","M","R","T","M","E","R","M","M","R","BOSS","M","M","?","?","?","R","?","E","T","$","M","?","E","?","R","BOSS","M","M","?","M","?","E","M","R","T","E","?","M","M","$","R","BOSS","R","$","E","BOSS"],"items_purchased_type":["Potion","Card","Relic","Potion","Potion"],"build_version":"2020-12-22","purchased_purges":3,"victory":false,"max_hp_per_floor":[68,68,68,68,68,68,68,68,68,68,68,68,68,68,68,68,68,68,68,68,68,68,68,68,68,68,68,68,68,68,68,68,68,68,68,68,82,82,82,82,82,82,82,82,82,82,84,84,84,84,84,84,84,86,86,86],"card_choices":[{"not_picked":["Sword Boomerang","Cleave"],"picked":"Body Slam","floor":1.0},{"not_picked":["Heavy Blade","Spot Weakness"],"picked":"True Grit","floor":3.0},{"not_picked":["Warcry","Evolve"],"picked":"Pommel Strike","floor":4.0},{"not_picked":["Power Through","Armaments"],"picked":"Carnage","floor":7.0},{"not_picked":["Clash","Dropkick"],"picked":"Feel No Pain","floor":10.0},{"not_picked":["Sever Soul","Dropkick"],"picked":"Flame Barrier","floor":11.0},{"not_picked":["Warcry","Bludgeon","Hemokinesis"],"picked":"SKIP","floor":13.0},{"not_picked":["Heavy Blade","Havoc","Iron Wave"],"picked":"SKIP","floor":14.0},{"not_picked":["Demon Form","Reaper"],"picked":"Double Tap","floor":16.0},{"not_picked":["Searing Blow","Bloodletting"],"picked":"Armaments","floor":18.0},{"not_picked":["Twin Strike+1","Cleave"],"picked":"Sentinel","floor":19.0},{"not_picked":["Headbutt","Clash"],"picked":"Barricade","floor":24.0},{"not_picked":["Pommel Strike","Headbutt+1","Body Slam"],"picked":"SKIP","floor":28.0},{"not_picked":["Shockwave","Sentinel"],"picked":"Offering","floor":30.0},{"not_picked":["Berserk","Fiend Fire"],"picked":"Brutality","floor":33.0},{"not_picked":["Rage","Second Wind"],"picked":"Armaments+1","floor":35.0},{"not_picked":["Combust","Clash","Thunderclap"],"picked":"SKIP","floor":36.0},{"not_picked":["Anger","Barricade","Armaments"],"picked":"SKIP","floor":38.0},{"not_picked":["Clothesline","Searing Blow","Cleave"],"picked":"SKIP","floor":40.0},{"not_picked":["Infernal Blade+1","Combust+1","Warcry+1"],"picked":"SKIP","floor":41.0},{"not_picked":["Disarm","Pummel"],"picked":"Metallicize","floor":44.0},{"not_picked":["Warcry+1","Havoc"],"picked":"True Grit+1","floor":46.0},{"not_picked":["Heavy Blade","Thunderclap","Cleave"],"picked":"Singing Bowl","floor":47.0},{"not_picked":["Feed","Heavy Blade+1","Twin Strike+1"],"picked":"Singing Bowl","floor":54}],"player_experience":937382,"relics_obtained":[{"floor":9.0,"key":"Omamori"},{"floor":11.0,"key":"Centennial Puzzle"},{"floor":26.0,"key":"Gremlin Horn"},{"floor":30.0,"key":"StoneCalendar"},{"floor":37.0,"key":"Mango"},{"floor":40.0,"key":"Juzu Bracelet"},{"floor":43.0,"key":"Singing Bowl"},{"floor":44.0,"key":"MawBank"},{"floor":54,"key":"Lantern"}],"event_choices":[{"cards_removed":["Strike_R"],"damage_healed":0.0,"max_hp_gain":0.0,"max_hp_loss":0.0,"gold_gain":0.0,"event_name":"Living Wall","player_choice":"Forget","floor":2.0,"gold_loss":0.0,"damage_taken":0.0},{"cards_removed":["Strike_R"],"damage_healed":0.0,"max_hp_gain":0.0,"max_hp_loss":0.0,"gold_gain":0.0,"event_name":"The Cleric","player_choice":"Card Removal","floor":5.0,"gold_loss":75.0,"damage_taken":0.0},{"damage_healed":0.0,"max_hp_gain":0.0,"max_hp_loss":0.0,"gold_gain":0.0,"event_name":"The Mausoleum","player_choice":"Opened","floor":20.0,"gold_loss":0.0,"damage_taken":0.0,"relics_obtained":["Bird Faced Urn"],"cards_obtained":["Writhe"]},{"damage_healed":0.0,"max_hp_gain":0.0,"max_hp_loss":0.0,"gold_gain":0.0,"event_name":"Addict","player_choice":"Stole Relic","floor":21.0,"gold_loss":0.0,"damage_taken":0.0,"relics_obtained":["Akabeko"],"cards_obtained":["Shame"]},{"damage_healed":0.0,"max_hp_gain":0.0,"max_hp_loss":0.0,"gold_gain":0.0,"event_name":"N\u0027loth","player_choice":"Traded Relic","floor":22.0,"relics_lost":["Omamori"],"gold_loss":0.0,"damage_taken":0.0,"relics_obtained":["Nloth\u0027s Gift"]},{"damage_healed":0.0,"max_hp_gain":0.0,"max_hp_loss":0.0,"gold_gain":0.0,"event_name":"MindBloom","player_choice":"Fight","floor":37.0,"gold_loss":0.0,"damage_taken":0.0},{"damage_healed":0.0,"max_hp_gain":0.0,"max_hp_loss":0.0,"gold_gain":0.0,"event_name":"Lab","player_choice":"Got Potions","floor":39.0,"gold_loss":0.0,"damage_taken":0.0},{"damage_healed":0.0,"max_hp_gain":0.0,"max_hp_loss":0.0,"gold_gain":0.0,"event_name":"SecretPortal","player_choice":"Ignored","floor":45.0,"gold_loss":0.0,"damage_taken":0.0}],"is_beta":false,"boss_relics":[{"not_picked":["SacredBark","Runic Dome"],"picked":"Fusion Hammer"},{"not_picked":["Coffee Dripper","Calling Bell"],"picked":"Velvet Choker"}],"items_purged_floors":[27,31,48],"is_endless":false,"potions_floor_spawned":[3,7,11,19,24,25,28,36,37,38,41],"killed_by":"The Heart","ascension_level":15}}