{"host":"w6ebodudjlk2jwu4","time":1612267155,"event":{"mods":["Act Like it!","Bard","BaseMod","Beaked The Cultist","Colored Map","Glutton Mod","Hermit","Highlight Path","Infinite Spire","Jorbs\u0027s Wanderer Trilogy","Koishi","Mad Scientist","Marisa????????","Minty Spire (QoL Compilation)","Relic Stats","Replay The Spire","Robot Space Explorer","StSLib","The Administrix","The Blue Laboratory","The Bug Knight","The Construct","The Cursed","The Marked","The Mystic","The Servant 0.9.4","The Witch","Wandering Minibosses"],"gold_per_floor":[110,120,134,31,31,63,63,98,98,98,113,141,157,177,177,272,272,292,304,319,333,333,333,363,363,363,129,129,156,256,266,266,365,365,383,383,383],"floor_reached":36,"language":"ENG","playtime":3670,"items_purged":["ReplayTheSpireMod:Restless Dread"],"score":545,"play_id":"1b50db58-3caa-4ce2-968a-59508be29b74","local_time":"20210202035915","is_ascension_mode":true,"campfire_choices":[{"floor":10,"key":"REST"},{"data":"Sneak Up","floor":15,"key":"SMITH"},{"floor":23,"key":"REST"},{"floor":25,"key":"REST"},{"data":"infinitespire:Neurotoxin","floor":32,"key":"SMITH"}],"circlet_count":0,"master_deck":["Strike_G","Strike_G","Strike_G","Strike_G","Strike_G","Defend_G","Defend_G","Defend_G","Defend_G","Defend_G","Survivor","Neutralize","Dash","Setup","Reflex","Flying Knee+1","Well Laid Plans","Dodge and Roll","Glass Knife","Replay:Poison Smokescreen","Backflip","Footwork","Sneak Up+1","infinitespire:Neurotoxin+1","Blade Dance","Sucker Punch","Poisoned Stab","Unload","infinitespire:Fortify","CurseOfTheBell","PiercingWail","Panache+1","ReplayTheSpireMod:Scrap Shanks","Crippling Poison","Skewer","Skewer","Flechettes","Blind","Hidden Blade","Noxious Fumes+1","Malaise","Leg Sweep+1"],"relics":["Ring of the Snake","ReplayTheSpireMod:Ring of Addiction","ReplayTheSpireMod:Ring of Exchange","Potion Belt","SacredBark","Blue Doll","Spirit Poop","ReplayFunnel","Ancient Tea Set","Replay:Mystery Machine","Cursed Key","Sling","Calling Bell","infinitespire:PuzzleCube","Blue Candle","Durian","Tiny Chest","InkBottle","BargainBundle","HollowMod:PaleOreRelic","WristBlade"],"acts_visited":["Exordium","TheCity","TheBeyond"],"potions_floor_usage":[2,8,11,13,14,16,19,24,29,33,35],"damage_taken":[{"damage":0,"enemies":"Cultist","floor":1,"turns":4},{"damage":1,"enemies":"2 Louse","floor":2,"turns":3},{"damage":13,"enemies":"infinitespire:Voidling","floor":3,"turns":5},{"damage":12,"enemies":"Lagavulin","floor":6,"turns":10},{"damage":11,"enemies":"Gremlin Nob","floor":8,"turns":6},{"damage":10,"enemies":"2 Fungi Beasts","floor":11,"turns":4},{"damage":0,"enemies":"HollowMod:MossKnight","floor":12,"turns":12},{"damage":11,"enemies":"Large Slime","floor":13,"turns":6},{"damage":0,"enemies":"Lots of Slimes","floor":14,"turns":1},{"damage":62,"enemies":"Fading Forest","floor":16,"turns":11},{"damage":23,"enemies":"Chosen","floor":18,"turns":6},{"damage":13,"enemies":"Centurion and Healer","floor":19,"turns":8},{"damage":6,"enemies":"Snake Plant","floor":20,"turns":4},{"damage":17,"enemies":"Shelled Parasite and Fungi","floor":21,"turns":6},{"damage":30,"enemies":"Gremlin Leader","floor":24,"turns":8},{"damage":0,"enemies":"Slavers","floor":29,"turns":5},{"damage":1,"enemies":"Chosen and Byrds","floor":31,"turns":6},{"damage":30,"enemies":"Automaton","floor":33,"turns":10},{"damage":9,"enemies":"3 Darklings","floor":35,"turns":9},{"damage":67,"enemies":"infinitespire:Three Voidlings","floor":36,"turns":5}],"seed_played":"-498202375357978574","potions_obtained":[{"floor":1,"key":"blueLaboratory:EmptyBottle"},{"floor":5,"key":"Regen Potion"},{"floor":5,"key":"blueLaboratory:NullPotion"},{"floor":5,"key":"SkillPotion"},{"floor":6,"key":"blueLaboratory:HummingbirdPotion"},{"floor":8,"key":"Toxic Potion"},{"floor":11,"key":"blueLaboratory:PhilterOfMotion"},{"floor":13,"key":"blueLaboratory:BlinkPotion"},{"floor":14,"key":"DuplicationPotion"},{"floor":21,"key":"Energy Potion"},{"floor":24,"key":"AttackPotion"},{"floor":31,"key":"blueLaboratory:PhilterOfMotion"},{"floor":35,"key":"EntropicBrew"}],"is_trial":false,"path_per_floor":["M","M","M","$","?","E","?","E","T","R","M","E","M","M","R","B",null,"M","M","M","M","AVR","R","E","R","T","$","?","E","?","M","R","B",null,"M","?"],"character_chosen":"THE_SILENT","items_purchased":["Flying Knee+1","Well Laid Plans","BargainBundle","Panache+1","ReplayTheSpireMod:Scrap Shanks","Crippling Poison","Skewer","Cursed Concoction","blueLaboratory:BottleOfRum","blueLaboratory:BubblePotion","Flechettes","Blind"],"campfire_rested":3,"item_purchase_floors":[4,4,27,27,27,27,27,27,27,27,27,27],"current_hp_per_floor":[77,76,72,72,72,60,60,49,49,72,62,62,65,65,65,23,77,54,41,35,18,23,47,17,41,41,41,41,41,41,40,40,10,76,67,0,0],"gold":383,"neow_bonus":"TEN_PERCENT_HP_BONUS","is_daily":false,"chose_seed":false,"campfire_upgraded":2,"win_rate":0.0,"timestamp":1612267155,"path_taken":["M","M","M","$","?","E","?","E","T","R","M","E","M","?","R","BOSS","M","?","M","M","AVR","R","E","R","T","$","?","E","?","M","R","BOSS","M","?"],"items_purchased_type":["Card","Card","Relic","Card","Card","Card","Card","Potion","Potion","Potion","Card","Card"],"build_version":"2020-12-22","purchased_purges":1,"victory":false,"max_hp_per_floor":[77,77,77,77,77,77,77,77,77,77,77,77,77,77,77,77,77,77,77,77,77,82,80,80,80,80,80,78,78,78,78,78,76,76,76,76,76],"relic_stats":{"counters":[20,129],"Blue Candle":[0],"Tiny Chest":0,"Cursed Key":1,"obtain_stats":[{"Potion Belt":5,"ReplayFunnel":8,"ReplayTheSpireMod:Ring of Exchange":5,"BargainBundle":27,"ReplayTheSpireMod:Ring of Addiction":5,"SacredBark":5,"Blue Candle":22,"Spirit Poop":7,"Blue Doll":6,"Replay:Mystery Machine":12,"Ancient Tea Set":9,"Cursed Key":17,"Sling":22,"Calling Bell":22,"WristBlade":34,"Tiny Chest":24,"Durian":22,"HollowMod:PaleOreRelic":29,"infinitespire:PuzzleCube":22,"InkBottle":26,"Ring of the Snake":0},{"Potion Belt":3,"ReplayFunnel":5,"ReplayTheSpireMod:Ring of Exchange":3,"BargainBundle":15,"ReplayTheSpireMod:Ring of Addiction":3,"SacredBark":3,"Blue Candle":14,"Spirit Poop":4,"Blue Doll":4,"Replay:Mystery Machine":7,"Ancient Tea Set":5,"Cursed Key":10,"Sling":14,"Calling Bell":14,"WristBlade":18,"Tiny Chest":15,"Durian":14,"HollowMod:PaleOreRelic":16,"infinitespire:PuzzleCube":14,"InkBottle":15,"Ring of the Snake":0},{"Potion Belt":12,"ReplayFunnel":28,"ReplayTheSpireMod:Ring of Exchange":12,"BargainBundle":94,"ReplayTheSpireMod:Ring of Addiction":12,"SacredBark":12,"Blue Candle":86,"Spirit Poop":22,"Blue Doll":22,"Replay:Mystery Machine":44,"Ancient Tea Set":28,"Cursed Key":62,"Sling":86,"Calling Bell":86,"WristBlade":115,"Tiny Chest":94,"Durian":86,"HollowMod:PaleOreRelic":99,"infinitespire:PuzzleCube":86,"InkBottle":94,"Ring of the Snake":0}],"InkBottle":[14],"Ring of the Snake":[40]},"card_choices":[{"not_picked":["Blade Dance","PiercingWail"],"picked":"Dash","floor":1},{"not_picked":["Deadly Poison","Slice"],"picked":"Setup","floor":2},{"not_picked":["Bane","Doppelganger"],"picked":"Reflex","floor":3},{"not_picked":["Underhanded Strike","Quick Slash"],"picked":"Dodge and Roll","floor":6},{"not_picked":["Expertise","Deflect"],"picked":"Glass Knife","floor":8},{"not_picked":["Dagger Spray","Deadly Poison"],"picked":"Replay:Poison Smokescreen","floor":11},{"not_picked":["Deadly Poison","Heel Hook"],"picked":"Backflip","floor":12},{"not_picked":["ReplayTheSpireMod:Shiv Toss","Eviscerate"],"picked":"Footwork","floor":13},{"not_picked":["Draining Mist","Cloak And Dagger"],"picked":"Sneak Up","floor":14},{"not_picked":["Poison Darts","Grand Finale"],"picked":"infinitespire:Neurotoxin","floor":16},{"not_picked":["Flying Knee","Concentrate"],"picked":"Blade Dance","floor":18},{"not_picked":["Tactician+1","Toxin Wave"],"picked":"Sucker Punch","floor":19},{"not_picked":["Dagger Spray","Acrobatics"],"picked":"Poisoned Stab","floor":20},{"not_picked":["Deflect+1","Blade Dance+1"],"picked":"Unload","floor":21},{"not_picked":["ReplayTheSpireMod:Scrap Shanks","Glass Knife"],"picked":"PiercingWail","floor":24},{"not_picked":["Dagger Spray","Quick Slash"],"picked":"Hidden Blade","floor":29},{"not_picked":["Quick Slash","Reflex"],"picked":"Noxious Fumes+1","floor":31},{"not_picked":["Glass Knife","Phantasmal Killer"],"picked":"Malaise","floor":33},{"not_picked":["Backflip+1","Underhanded Strike"],"picked":"Leg Sweep+1","floor":35}],"player_experience":177333,"relics_obtained":[{"floor":5,"key":"ReplayTheSpireMod:Ring of Addiction"},{"floor":5,"key":"ReplayTheSpireMod:Ring of Exchange"},{"floor":5,"key":"Potion Belt"},{"floor":5,"key":"SacredBark"},{"floor":6,"key":"Blue Doll"},{"floor":8,"key":"ReplayFunnel"},{"floor":9,"key":"Ancient Tea Set"},{"floor":12,"key":"Replay:Mystery Machine"},{"floor":22,"key":"infinitespire:PuzzleCube"},{"floor":22,"key":"Blue Candle"},{"floor":22,"key":"Durian"},{"floor":24,"key":"Tiny Chest"},{"floor":26,"key":"InkBottle"},{"floor":29,"key":"HollowMod:PaleOreRelic"}],"event_choices":[{"cards_removed":["CommonCold"],"damage_healed":0,"gold_gain":0,"player_choice":"Offered Curse","damage_taken":0,"relics_obtained":["Spirit Poop"],"max_hp_gain":0,"max_hp_loss":0,"event_name":"Bonfire Elementals","floor":7,"gold_loss":0},{"damage_healed":0,"gold_gain":0,"player_choice":"Ignored","damage_taken":0,"max_hp_gain":0,"max_hp_loss":0,"event_name":"Ghosts","floor":28,"gold_loss":0},{"damage_healed":0,"gold_gain":100,"player_choice":"Pray","damage_taken":0,"max_hp_gain":0,"max_hp_loss":0,"event_name":"Golden Shrine","floor":30,"gold_loss":0}],"is_beta":false,"boss_relics":[{"not_picked":["construct:ClawGrip","Snecko Eye"],"picked":"Cursed Key"},{"not_picked":["Ring of the Serpent","Replay:Drink Me"],"picked":"WristBlade"}],"items_purged_floors":[27],"is_endless":false,"potions_floor_spawned":[1,6,8,11,13,14,21,24,31,35],"killed_by":"infinitespire:Three Voidlings","ascension_level":2}}