{"host":"f0gpob8hq9vgebej","time":1612248417,"event":{"mods":["AchievementEnabler","BaseMod","Minty Spire (QoL Compilation)","Quick Restart","SuperFastMode"],"gold_per_floor":[114,114,164,174,249,279,290,309,334,346,373,385,407,431,443,530,542,573,603,615,391,409,409,409,442,442,455,455,14,26,26,26,26,26],"floor_reached":33,"language":"KOR","playtime":825,"items_purged":["Defend_R","Defend_R"],"score":544,"play_id":"9beb45dc-e8dc-4a4b-b3f6-39c7231818c8","local_time":"20210202154657","is_ascension_mode":true,"campfire_choices":[{"data":"Limit Break","floor":12.0,"key":"SMITH"},{"data":"Spot Weakness","floor":15.0,"key":"SMITH"},{"data":"Battle Trance","floor":23.0,"key":"SMITH"},{"data":"Flex","floor":28.0,"key":"SMITH"},{"floor":32.0,"key":"REST"}],"circlet_count":0,"master_deck":["AscendersBane","Strike_R+1","Strike_R","Strike_R","Strike_R","Strike_R","Defend_R","Defend_R+1","Bash","Whirlwind","True Grit","Limit Break+1","Battle Trance+1","Power Through","Spot Weakness+1","Sword Boomerang","Reaper","Sword Boomerang","Flex+1","Offering"],"relics":["Black Blood","NeowsBlessing","Omamori","MawBank","Lantern","Ancient Tea Set","Eternal Feather","Gambling Chip"],"acts_visited":["Exordium","TheCity"],"potions_floor_usage":[],"damage_taken":[{"damage":0.0,"enemies":"Small Slimes","floor":1.0,"turns":1.0},{"damage":0.0,"enemies":"Cultist","floor":4.0,"turns":1.0},{"damage":0.0,"enemies":"Lagavulin","floor":6.0,"turns":1.0},{"damage":5.0,"enemies":"Jaw Worm","floor":7.0,"turns":4.0},{"damage":9.0,"enemies":"Blue Slaver","floor":8.0,"turns":6.0},{"damage":18.0,"enemies":"3 Louse","floor":11.0,"turns":4.0},{"damage":16.0,"enemies":"Exordium Wildlife","floor":13.0,"turns":4.0},{"damage":3.0,"enemies":"Blue Slaver","floor":14.0,"turns":5.0},{"damage":9.0,"enemies":"Hexaghost","floor":16.0,"turns":7.0},{"damage":23.0,"enemies":"Chosen","floor":18.0,"turns":5.0},{"damage":22.0,"enemies":"Spheric Guardian","floor":19.0,"turns":4.0},{"damage":17.0,"enemies":"3 Cultists","floor":22.0,"turns":4.0},{"damage":54.0,"enemies":"Book of Stabbing","floor":25.0,"turns":7.0},{"damage":40.0,"enemies":"Centurion and Healer","floor":27.0,"turns":8.0},{"damage":23.0,"enemies":"Snecko","floor":30.0,"turns":4.0},{"damage":54,"enemies":"Automaton","floor":33,"turns":6}],"seed_played":"-3045297528756025989","potions_obtained":[{"floor":1.0,"key":"SmokeBomb"},{"floor":4.0,"key":"Energy Potion"},{"floor":14.0,"key":"ColorlessPotion"},{"floor":16.0,"key":"Dexterity Potion"},{"floor":19.0,"key":"SteroidPotion"},{"floor":22.0,"key":"HeartOfIron"}],"is_trial":false,"path_per_floor":["M","?","?","M","?","E","M","M","T","$","M","R","M","M","R","B",null,"M","M","?","$","M","R","?","E","T","M","R","$","M","$","R","B"],"character_chosen":"IRONCLAD","items_purchased":["Lantern","Gambling Chip"],"campfire_rested":1,"item_purchase_floors":[21,29],"current_hp_per_floor":[74,51,51,57,46,52,53,50,50,50,38,38,28,31,31,28,63,52,50,50,50,73,73,73,51,51,27,39,39,28,28,62,30,30],"gold":26,"neow_bonus":"THREE_ENEMY_KILL","is_daily":false,"chose_seed":false,"campfire_upgraded":4,"win_rate":0.0,"timestamp":1612248417,"path_taken":["M","?","?","?","?","E","M","M","T","$","M","R","M","M","R","BOSS","M","M","?","$","M","R","?","E","T","M","R","$","M","?","R","BOSS"],"items_purchased_type":["Relic","Relic"],"build_version":"2020-12-22","purchased_purges":2,"victory":false,"max_hp_per_floor":[75,75,75,75,75,75,75,75,75,75,75,75,75,75,75,75,75,75,75,75,75,75,75,75,75,75,75,75,75,75,75,75,75,75],"card_choices":[{"not_picked":["Havoc","Cleave"],"picked":"Whirlwind","floor":1.0},{"not_picked":["Metallicize","Shrug It Off"],"picked":"True Grit","floor":4.0},{"not_picked":["Clothesline","Pommel Strike"],"picked":"Limit Break","floor":6.0},{"not_picked":["Hemokinesis","Armaments"],"picked":"Battle Trance","floor":7.0},{"not_picked":["Havoc","Heavy Blade"],"picked":"Power Through","floor":8.0},{"not_picked":["Body Slam","Dual Wield"],"picked":"Spot Weakness","floor":11.0},{"not_picked":["Thunderclap","Whirlwind","Headbutt"],"picked":"SKIP","floor":13.0},{"not_picked":["Pummel","Body Slam"],"picked":"Sword Boomerang","floor":14.0},{"not_picked":["Juggernaut","Limit Break"],"picked":"Reaper","floor":16.0},{"not_picked":["Clash","Thunderclap"],"picked":"Sword Boomerang","floor":18.0},{"not_picked":["Wild Strike","Combust","Perfected Strike+1"],"picked":"SKIP","floor":19.0},{"not_picked":["Thunderclap+1","Warcry","Body Slam"],"picked":"SKIP","floor":22.0},{"not_picked":["Intimidate","Flex"],"picked":"Offering","floor":25.0},{"not_picked":["Second Wind","Body Slam","Havoc"],"picked":"SKIP","floor":27.0},{"not_picked":["Anger","Sentinel","Uppercut"],"picked":"SKIP","floor":30.0}],"player_experience":364874,"relics_obtained":[{"floor":6.0,"key":"Omamori"},{"floor":9.0,"key":"MawBank"},{"floor":25.0,"key":"Ancient Tea Set"},{"floor":26.0,"key":"Eternal Feather"}],"event_choices":[{"damage_healed":0.0,"max_hp_gain":0.0,"max_hp_loss":0.0,"gold_gain":0.0,"event_name":"Shining Light","player_choice":"Entered Light","floor":2.0,"gold_loss":0.0,"damage_taken":23.0,"cards_upgraded":["Strike_R","Defend_R"]},{"damage_healed":0.0,"max_hp_gain":0.0,"max_hp_loss":0.0,"gold_gain":50.0,"event_name":"Golden Shrine","player_choice":"Pray","floor":3.0,"gold_loss":0.0,"damage_taken":0.0},{"damage_healed":0.0,"max_hp_gain":0.0,"max_hp_loss":0.0,"gold_gain":75.0,"event_name":"World of Goop","player_choice":"Gather Gold","floor":5.0,"gold_loss":0.0,"damage_taken":11.0},{"damage_healed":0.0,"max_hp_gain":0.0,"max_hp_loss":0.0,"gold_gain":0.0,"event_name":"Ghosts","player_choice":"Ignored","floor":20.0,"gold_loss":0.0,"damage_taken":0.0},{"damage_healed":0.0,"max_hp_gain":0.0,"max_hp_loss":0.0,"gold_gain":0.0,"event_name":"The Library","player_choice":"Read","floor":24.0,"gold_loss":0.0,"damage_taken":0.0,"cards_obtained":["Flex"]}],"is_beta":false,"boss_relics":[{"not_picked":["Busted Crown","Runic Cube"],"picked":"Black Blood"}],"items_purged_floors":[21,29],"is_endless":false,"potions_floor_spawned":[1,4,14,16,19,22],"killed_by":"Automaton","ascension_level":17}}