{"host":"2qstd83ou5jzlfqv","time":1612227432,"event":{"mods":["BaseMod","Colored Powertips","Minty Spire (QoL Compilation)","Relic Stats"],"gold_per_floor":[114,131,141,3,3,33,33,43,43,76,87,87,106,124,124,222,222,232,248,260,260,260],"floor_reached":21,"language":"ENG","playtime":1428,"items_purged":[],"score":283,"play_id":"fd61bdb6-84e4-4960-b70b-5b7e0646cc40","local_time":"20210201165712","is_ascension_mode":true,"campfire_choices":[{"data":"LessonLearned","floor":7,"key":"SMITH"},{"floor":12,"key":"REST"},{"data":"TalkToTheHand","floor":15,"key":"SMITH"}],"circlet_count":0,"master_deck":["Strike_P+1","Strike_P+1","Strike_P","Strike_P","Defend_P","Defend_P+1","Defend_P","Defend_P","Eruption+1","Vigilance","BowlingBash+1","JustLucky","CarveReality+1","LessonLearned+1","EmptyBody+1","Weave","JustLucky","TalkToTheHand+1","Nirvana","Crescendo","DeusExMachina","SandsOfTime","ClearTheMind+1"],"relics":["PureWater","Blood Vial","The Courier","Bottled Flame","Snecko Eye"],"acts_visited":["Exordium","TheCity"],"potions_floor_usage":[16,18,20],"damage_taken":[{"damage":16,"enemies":"Cultist","floor":1,"turns":6},{"damage":0,"enemies":"2 Louse","floor":2,"turns":3},{"damage":14,"enemies":"Jaw Worm","floor":3,"turns":6},{"damage":13,"enemies":"3 Sentries","floor":6,"turns":8},{"damage":10,"enemies":"Red Slaver","floor":8,"turns":5},{"damage":23,"enemies":"Gremlin Nob","floor":10,"turns":4},{"damage":16,"enemies":"Exordium Wildlife","floor":11,"turns":8},{"damage":13,"enemies":"Gremlin Gang","floor":13,"turns":5},{"damage":8,"enemies":"Blue Slaver","floor":14,"turns":5},{"damage":20,"enemies":"The Guardian","floor":16,"turns":14},{"damage":0,"enemies":"Spheric Guardian","floor":18,"turns":3},{"damage":14,"enemies":"2 Thieves","floor":19,"turns":4},{"damage":28,"enemies":"Snake Plant","floor":20,"turns":5},{"damage":54,"enemies":"Snecko","floor":21,"turns":5}],"seed_played":"4419999246686175895","potions_obtained":[{"floor":1,"key":"BottledMiracle"},{"floor":2,"key":"SpeedPotion"},{"floor":10,"key":"PowerPotion"},{"floor":11,"key":"Fire Potion"}],"is_trial":false,"path_per_floor":["M","M","M","$","?","E","R","M","T","E","M","R","M","M","R","B",null,"M","M","M","M"],"character_chosen":"WATCHER","items_purchased":["LessonLearned"],"campfire_rested":1,"item_purchase_floors":[4],"current_hp_per_floor":[56,56,42,42,79,66,66,58,58,37,23,46,35,29,29,11,62,64,52,26,0,0],"gold":260,"neow_bonus":"TEN_PERCENT_HP_BONUS","is_daily":false,"chose_seed":false,"campfire_upgraded":2,"win_rate":0.0,"timestamp":1612227432,"path_taken":["M","M","M","?","?","E","R","M","T","E","M","R","M","M","R","BOSS","M","?","M","M"],"items_purchased_type":["Card"],"build_version":"2020-12-22","purchased_purges":0,"victory":false,"max_hp_per_floor":[79,79,79,79,79,79,79,79,79,79,79,79,79,79,79,79,79,79,79,79,79,79],"relic_stats":{"Blood Vial":20,"counters":[14,81],"Snecko Eye":[27,27,26,31],"obtain_stats":[{"Blood Vial":6,"Bottled Flame":10,"Snecko Eye":17,"The Courier":9,"PureWater":0},{"Blood Vial":4,"Bottled Flame":6,"Snecko Eye":10,"The Courier":5,"PureWater":0},{"Blood Vial":23,"Bottled Flame":32,"Snecko Eye":64,"The Courier":28,"PureWater":0}]},"card_choices":[{"not_picked":["CrushJoints","Worship"],"picked":"BowlingBash","floor":1},{"not_picked":["FlyingSleeves","EmptyFist"],"picked":"JustLucky","floor":2},{"not_picked":["Consecrate","Crescendo"],"picked":"CarveReality","floor":3},{"not_picked":["SashWhip","Crescendo"],"picked":"EmptyBody","floor":6},{"not_picked":["Meditate","FearNoEvil"],"picked":"Weave","floor":8},{"not_picked":["Omniscience","Pray"],"picked":"JustLucky","floor":10},{"not_picked":["FollowUp","BowlingBash"],"picked":"TalkToTheHand","floor":11},{"not_picked":["PathToVictory","ClearTheMind"],"picked":"Nirvana","floor":13},{"not_picked":["ClearTheMind","Pray"],"picked":"Crescendo","floor":14},{"not_picked":["ConjureBlade","Judgement"],"picked":"DeusExMachina","floor":16},{"not_picked":["ClearTheMind+1","CrushJoints","Crescendo"],"picked":"SKIP","floor":18},{"not_picked":["SashWhip","WaveOfTheHand+1"],"picked":"SandsOfTime","floor":19},{"not_picked":["Fasting2","PathToVictory"],"picked":"ClearTheMind+1","floor":20}],"player_experience":405085,"relics_obtained":[{"floor":6,"key":"Blood Vial"},{"floor":9,"key":"The Courier"},{"floor":10,"key":"Bottled Flame"}],"event_choices":[{"damage_healed":37,"gold_gain":0,"player_choice":"Full Heal","damage_taken":0,"max_hp_gain":0,"max_hp_loss":0,"event_name":"Wheel of Change","floor":5,"gold_loss":0}],"is_beta":false,"boss_relics":[{"not_picked":["Pandora\u0027s Box","Fusion Hammer"],"picked":"Snecko Eye"}],"items_purged_floors":[],"is_endless":false,"potions_floor_spawned":[1,2,10,11,13],"killed_by":"Snecko","ascension_level":9}}