{"host":"mmz2kvn5kzkhi5zs","time":1612275966,"event":{"mods":["Act Like it!","BaseMod","Downfall","Hallownest","Marisa????????","Minty Spire (QoL Compilation)","Replay The Spire","StSLib","The Bug Knight","The Cursed","The Jungle"],"gold_per_floor":[99,111,123,140,15,15,68,68,68,95,95,4,4,24,36,134,134,112,185,269,290,345,420,444,484,507,2,2,2,2,25,98,205,205,105,174,243,8,30,55,79,114,145,223,223,251,251,14,84,96],"floor_reached":51,"language":"ENG","playtime":6861,"items_purged":[],"score":855,"play_id":"7a4110ea-40c0-4665-bdd6-8fcdb2cdefff","local_time":"20210202082606","is_ascension_mode":false,"campfire_choices":[{"floor":1,"key":"RECALL"},{"data":"TheCursedMod:FleshFromBone","floor":9,"key":"SMITH"},{"floor":11,"key":"REST"},{"floor":28,"key":"REST"},{"floor":30,"key":"REST"},{"data":"TheCursedMod:CollectTribute","floor":35,"key":"SMITH"},{"floor":45,"key":"REST"},{"data":"TheCursedMod:SpitefulStrike","floor":47,"key":"SMITH"}],"circlet_count":0,"master_deck":["TheCursedMod:Strike_TheCursed","TheCursedMod:Strike_TheCursed","TheCursedMod:Strike_TheCursed","TheCursedMod:Strike_TheCursed","TheCursedMod:Defend_TheCursed","TheCursedMod:Defend_TheCursed","TheCursedMod:Defend_TheCursed","TheCursedMod:Defend_TheCursed","TheCursedMod:CursedWand","TheCursedMod:CleanUpWorkshop","TheCursedMod:Dregs","TheCursedMod:AbyssShockwave","TheCursedMod:CursedStaff","TheCursedMod:SpitefulPray+1","TheCursedMod:TroublousMinions+1","TheCursedMod:FleshFromBone+1","Replay:SS_hec_1","CommonCold","Sickly","TheCursedMod:VoidForm+1","TheCursedMod:TroublousMinions","TheCursedMod:ManaBullet","downfall:Malfunctioning","TheCursedMod:HellfireBreathing","TheCursedMod:SurpriseAttack","TheCursedMod:CollectTribute+1","Looming Evil","Hallucinations","Sickly","TheCursedMod:SpitefulStrike+1","TheCursedMod:Obscuration","TheCursedMod:SoulReap","ReplayTheSpireMod:Splinters","TheCursedMod:FleshFromBone+1","TheCursedMod:CursedSpellbook","TheCursedMod:DemonSword+1","TheCursedMod:CircleOfWindfury","TheCursedMod:CircleOfCorruption+1","expansioncontent:DashGenerateEvil+1","TheCursedMod:FleshFromBone+1","TheCursedMod:FleshFromBone+1","expansioncontent:PolyBeam+1","TheCursedMod:Wield","TheCursedMod:SpitefulStrike+1","TheCursedMod:WearCloak","TheCursedMod:CollectTribute+1","TheCursedMod:CircleOfFocus+1","TheCursedMod:Stigma+1","expansioncontent:PolyBeam+1","TheCursedMod:CursedMace+1","TheCursedMod:HellfireBreathing+1","TheCursedMod:RapidMovement+1","TheCursedMod:Stigma+1","TheCursedMod:Torture+1","TheCursedMod:SoulReap","TheCursedMod:ForbiddenAlchemy+1","TheCursedMod:LuckyCharm+1","TheCursedMod:FleshFromBone+1","TheCursedMod:SurpriseAttack+1"],"relics":["TheCursedMod:BlackMagic101","Ring of Searing","ReplayTheSpireMod:Ring of Challenge","Simple Rune","Replay:Ancient Bell","Replay:Bandana","Golden Egg","TheCursedMod:CrystalBall","downfall:HeartBlessingRed","Dream Catcher","Toy Ornithopter","Lizard Tail","Darkstone Periapt","MealTicket","Honey Jar","downfall:HeartBlessingBlue","War Paint","Bronze Scales","Anchor","HandDrill","TheCursedMod:Tack"],"acts_visited":["Exordium","TheCity","TheBeyond"],"potions_floor_usage":[4,12,16,16,20,26,27,27,32,33,44,49,50,50,50,50,50,50],"damage_taken":[{"damage":1,"enemies":"Cultist","floor":2,"turns":5},{"damage":0,"enemies":"2 Louse","floor":3,"turns":1},{"damage":0,"enemies":"Small Slimes","floor":4,"turns":1},{"damage":10,"enemies":"downfall:FleeingMerchant","floor":5,"turns":4},{"damage":46,"enemies":"Gremlin Nob","floor":10,"turns":5},{"damage":7,"enemies":"downfall:FleeingMerchant","floor":12,"turns":4},{"damage":3,"enemies":"Exordium Wildlife","floor":14,"turns":5},{"damage":14,"enemies":"Blue Slaver","floor":15,"turns":3},{"damage":24,"enemies":"IC_STATUS_ARCHETYPE","floor":16,"turns":5},{"damage":43,"enemies":"Chosen","floor":19,"turns":8},{"damage":24,"enemies":"Snecko","floor":20,"turns":7},{"damage":0,"enemies":"Cultist and Chosen","floor":21,"turns":4},{"damage":10,"enemies":"Chosen and Byrds","floor":25,"turns":3},{"damage":27,"enemies":"Shelled Parasite and Fungi","floor":26,"turns":4},{"damage":9,"enemies":"downfall:FleeingMerchant","floor":27,"turns":4},{"damage":15,"enemies":"3 Cultists","floor":32,"turns":4},{"damage":52,"enemies":"DF_ARCHETYPE_CLAW","floor":33,"turns":8},{"damage":21,"enemies":"Orb Walker","floor":36,"turns":3},{"damage":27,"enemies":"3 Darklings","floor":37,"turns":4},{"damage":20,"enemies":"Writhing Mass","floor":39,"turns":3},{"damage":1,"enemies":"Transient","floor":40,"turns":5},{"damage":0,"enemies":"Spire Growth","floor":42,"turns":3},{"damage":6,"enemies":"Jaw Worm Horde","floor":43,"turns":3},{"damage":11,"enemies":"Writhing Mass","floor":44,"turns":4},{"damage":5,"enemies":"4 Shapes","floor":46,"turns":3},{"damage":9,"enemies":"Maw","floor":49,"turns":5},{"damage":21,"enemies":"WA_ARCHETYPE_DIVINITY","floor":50,"turns":4}],"seed_played":"-3104447795787940874","potions_obtained":[{"floor":2,"key":"Elixir"},{"floor":3,"key":"Energy Potion"},{"floor":10,"key":"SkillPotion"},{"floor":14,"key":"Ancient Potion"},{"floor":15,"key":"Energy Potion"},{"floor":19,"key":"Weak Potion"},{"floor":22,"key":"SneckoOil"},{"floor":23,"key":"downfall:CursedFountainPotion"},{"floor":26,"key":"PowerPotion"},{"floor":32,"key":"Strength Potion"},{"floor":39,"key":"PowerPotion"},{"floor":42,"key":"BlessingOfTheForge"},{"floor":43,"key":"TheCursedMod:DregsPotion"},{"floor":44,"key":"LifebloodPotion"},{"floor":49,"key":"BlessingOfTheForge"}],"is_trial":false,"path_per_floor":["R","M","M","M","$","?","T","?","R","E","R","$","?","M","M","B",null,"R","M","M","M","?","?","T","M","M","$","R","?","R","T","M","B",null,"R","M","M","$","M","M","T","M","M","M","R","M","R","$","M","B",null],"character_chosen":"THE_CURSED","items_purchased":["TheCursedMod:FleshFromBone","Replay:SS_hec_1","TheCursedMod:ManaBullet","Lizard Tail","expansioncontent:DashGenerateEvil+1","Darkstone Periapt","TheCursedMod:FleshFromBone","expansioncontent:PolyBeam","Bronze Scales","expansioncontent:PolyBeam+1","TheCursedMod:LuckyCharm","HandDrill","TheCursedMod:FleshFromBone"],"campfire_rested":4,"item_purchase_floors":[5,5,12,27,27,27,27,27,38,38,48,48,48],"current_hp_per_floor":[82,81,81,81,71,71,71,71,71,25,49,42,42,39,25,1,82,82,39,15,15,15,82,82,74,57,67,82,66,87,87,77,39,87,97,76,54,69,49,48,48,54,53,47,76,71,71,86,88,91],"gold":96,"neow_bonus":"TEN_PERCENT_HP_BONUS","is_daily":false,"chose_seed":false,"campfire_upgraded":3,"win_rate":0.0,"timestamp":1612275966,"path_taken":["R","M","M","M","$","?","T","?","R","E","R","$","?","M","M","BOSS","R","M","M","M","?","?","T","M","?","$","R","?","R","?","M","BOSS","R","M","M","$","M","M","T","M","M","M","R","M","R","$","M","BOSS"],"items_purchased_type":["Card","Card","Card","Relic","Card","Relic","Card","Card","Relic","Card","Card","Relic","Card"],"build_version":"2020-12-22","purchased_purges":0,"victory":true,"max_hp_per_floor":[82,82,82,82,82,82,82,82,82,82,82,82,82,82,82,82,82,82,82,82,82,82,82,82,82,82,82,82,87,87,87,87,87,87,97,97,97,97,97,97,97,97,97,97,97,97,97,97,97,97],"card_choices":[{"not_picked":["TheCursedMod:Grudge","TheCursedMod:StingEye"],"picked":"TheCursedMod:AbyssShockwave","floor":2},{"not_picked":["TheCursedMod:CursedMace","TheCursedMod:VitalStrike"],"picked":"TheCursedMod:CursedStaff","floor":3},{"not_picked":["TheCursedMod:Mangle","TheCursedMod:CursedBoomerang"],"picked":"TheCursedMod:SpitefulPray","floor":4},{"not_picked":["TheCursedMod:RapidMovement","TheCursedMod:EmpowerCircles"],"picked":"TheCursedMod:TroublousMinions","floor":5},{"not_picked":["TheCursedMod:SoulCrush","TheCursedMod:HellfireBreathing"],"picked":"TheCursedMod:VoidForm","floor":10},{"not_picked":["TheCursedMod:CursedShiv","TheCursedMod:CursedMace"],"picked":"TheCursedMod:TroublousMinions","floor":12},{"not_picked":["TheCursedMod:SpitefulStrike","TheCursedMod:CursedMace"],"picked":"TheCursedMod:HellfireBreathing","floor":14},{"not_picked":["TheCursedMod:Obscuration","TheCursedMod:CursedAmulet"],"picked":"TheCursedMod:SurpriseAttack","floor":15},{"not_picked":["TheCursedMod:ManaCirculation","TheCursedMod:CursedRelics"],"picked":"TheCursedMod:CollectTribute","floor":16},{"not_picked":["AbeCurse","downfall:Bewildered"],"picked":"Looming Evil","floor":17},{"not_picked":["ReplayTheSpireMod:Faulty Equipment","Decay"],"picked":"Hallucinations","floor":17},{"not_picked":["Delirium","Normality"],"picked":"Sickly","floor":17},{"not_picked":["TheCursedMod:RavingStaff","TheCursedMod:DemonicPact"],"picked":"TheCursedMod:SpitefulStrike+1","floor":19},{"not_picked":["TheCursedMod:Torture","TheCursedMod:CursedBlade"],"picked":"TheCursedMod:Obscuration","floor":20},{"not_picked":["TheCursedMod:CursedMace+1","TheCursedMod:ManaBullet"],"picked":"TheCursedMod:SoulReap","floor":21},{"not_picked":["TheCursedMod:CursedAmulet","TheCursedMod:WearCloak"],"picked":"TheCursedMod:FleshFromBone","floor":22},{"not_picked":["TheCursedMod:Obscuration","TheCursedMod:CircleOfCorruption"],"picked":"TheCursedMod:CursedSpellbook","floor":22},{"not_picked":["TheCursedMod:CircleOfFlame","TheCursedMod:CursedMace"],"picked":"TheCursedMod:DemonSword","floor":25},{"not_picked":["TheCursedMod:AbyssShockwave","TheCursedMod:Obscuration"],"picked":"TheCursedMod:CircleOfWindfury","floor":26},{"not_picked":["TheCursedMod:RapidMovement","TheCursedMod:ManaBullet"],"picked":"TheCursedMod:CircleOfCorruption+1","floor":27},{"not_picked":["TheCursedMod:CursedShiv","TheCursedMod:Hemoplague"],"picked":"TheCursedMod:Wield","floor":28},{"not_picked":["TheCursedMod:Stretching","TheCursedMod:SpitefulPray"],"picked":"TheCursedMod:SpitefulStrike","floor":30},{"not_picked":["TheCursedMod:CursedBlade","TheCursedMod:CircleOfWindfury"],"picked":"TheCursedMod:WearCloak","floor":32},{"not_picked":["TheCursedMod:ParallelWorld","TheCursedMod:VoidForm"],"picked":"TheCursedMod:CollectTribute","floor":33},{"not_picked":["TheCursedMod:CircleOfCorruption","TheCursedMod:Torture+1","TheCursedMod:Wield+1"],"picked":"TheCursedMod:CircleOfFocus+1","floor":36},{"not_picked":["TheCursedMod:PrepareRite","TheCursedMod:RapidMovement","TheCursedMod:ReleasedKnowledge"],"picked":"TheCursedMod:Stigma+1","floor":37},{"not_picked":["TheCursedMod:Stigma","TheCursedMod:CircleOfCorruption+1","TheCursedMod:PrepareRite+1"],"picked":"TheCursedMod:CursedMace+1","floor":39},{"not_picked":["TheCursedMod:Wield+1","TheCursedMod:RapidMovement","TheCursedMod:Stretching+1"],"picked":"TheCursedMod:HellfireBreathing+1","floor":40},{"not_picked":["TheCursedMod:Grudge","TheCursedMod:WearCloak","TheCursedMod:CircleOfCorruption+1"],"picked":"TheCursedMod:RapidMovement+1","floor":42},{"not_picked":["TheCursedMod:Obscuration","TheCursedMod:CursedBlade+1","TheCursedMod:CursedShiv+1"],"picked":"TheCursedMod:Stigma+1","floor":43},{"not_picked":["TheCursedMod:CircleOfWindfury","TheCursedMod:Evocation+1","TheCursedMod:CursedMace"],"picked":"TheCursedMod:Torture+1","floor":44},{"not_picked":["TheCursedMod:SmokeScreen+1","TheCursedMod:HellsGateOpen+1","TheCursedMod:CircleOfAmplification"],"picked":"TheCursedMod:SoulReap","floor":45},{"not_picked":["TheCursedMod:Stigma","TheCursedMod:RavingStaff","TheCursedMod:AbyssShockwave+1"],"picked":"TheCursedMod:ForbiddenAlchemy","floor":46},{"not_picked":["TheCursedMod:CircleOfCorruption","TheCursedMod:WearCloak","TheCursedMod:SoulReap+1"],"picked":"TheCursedMod:SurpriseAttack+1","floor":49}],"player_experience":61040,"relics_obtained":[{"floor":6,"key":"Ring of Searing"},{"floor":6,"key":"ReplayTheSpireMod:Ring of Challenge"},{"floor":10,"key":"Simple Rune"},{"floor":22,"key":"Dream Catcher"},{"floor":24,"key":"Toy Ornithopter"},{"floor":31,"key":"MealTicket"},{"floor":36,"key":"War Paint"},{"floor":41,"key":"Anchor"},{"floor":49,"key":"TheCursedMod:Tack"}],"event_choices":[],"is_beta":false,"boss_relics":[{"not_picked":["Ring of Chaos","Coffee Dripper"],"picked":"Replay:Ancient Bell"},{"not_picked":["Replay:Baseball","Grinning Jar"],"picked":"Replay:Bandana"},{"not_picked":["Mummified Hand","Pear"],"picked":"Golden Egg"},{"not_picked":["Replay:Arrowhead","CaptainsWheel"],"picked":"TheCursedMod:CrystalBall"},{"not_picked":["Tiny House","Abe\u0027s Treasure"],"picked":"Honey Jar"}],"items_purged_floors":[],"is_endless":false,"potions_floor_spawned":[2,3,10,14,15,19,26,32,39,42,43,44,49],"ascension_level":0}}