{"host":"8jwif9mna8ud19ho","time":1612264110,"event":{"mods":["BaseMod","Better Vampires","Marisa£¨ìFÓê¡¡Ä§ÀíÉ³£©","Minty Spire (QoL Compilation)","Reimu£¨²©ÀöÁéÃÎ£©","RumiaBox-Â¶Ã×æ«µÄÉñÃØºÐ×Ó","StSLib","¡¾ÒÅÎï¿¨ÅÆ¡¿REMEMod"],"gold_per_floor":[110,110,130,55,150,181,192,192,244,264,369,369,388,421,421,500,500,514,514,525,263,277,306,94,119,143,154,188,219,235,245,245,319,319,415,463,640,640,640,640],"floor_reached":39,"language":"ZHS","playtime":1774,"items_purged":["Defend_P","Defend_P","Defend_P"],"score":1123,"play_id":"b5775fd3-76fb-4dfc-9c09-5ade42a8f222","local_time":"20210202190830","is_ascension_mode":true,"campfire_choices":[{"data":"REME_WheelOfFate","floor":12.0,"key":"SMITH"},{"data":"Eruption","floor":15.0,"key":"SMITH"},{"data":"Fasting2","floor":32.0,"key":"SMITH"}],"circlet_count":0,"master_deck":["AscendersBane","Strike_P+1","Strike_P","Eruption+1","Vigilance","REME_WheelOfFate+1","Tantrum","JustLucky","FearNoEvil","Scrawl","REME_WheelOfFate+1","Fasting2+1","MentalFortress","MasterReality","InnerPeace"],"relics":["PureWater","REME_ComplimentaryCards","NeowsBlessing","Ornamental Fan","Lantern","REME_PuzzleBoxRelic","Omamori","VioletLotus","DollysMirror","Bag of Marbles","Darkstone Periapt","Red Mask","Dream Catcher","Empty Cage","Mastiff:ReiMu","Strawberry","PlanX","GodSword4"],"acts_visited":["Exordium","TheCity","TheBeyond"],"potions_floor_usage":[],"damage_taken":[{"damage":0.0,"enemies":"Small Slimes","floor":1.0,"turns":2.0},{"damage":0.0,"enemies":"Jaw Worm","floor":3.0,"turns":2.0},{"damage":0.0,"enemies":"2 Louse","floor":5.0,"turns":4.0},{"damage":12.0,"enemies":"Lagavulin","floor":6.0,"turns":4.0},{"damage":0.0,"enemies":"Large Slime","floor":7.0,"turns":3.0},{"damage":0.0,"enemies":"Exordium Wildlife","floor":10.0,"turns":1.0},{"damage":28.0,"enemies":"Gremlin Nob","floor":11.0,"turns":3.0},{"damage":0.0,"enemies":"3 Louse","floor":13.0,"turns":2.0},{"damage":0.0,"enemies":"Lagavulin","floor":14.0,"turns":2.0},{"damage":20.0,"enemies":"The Guardian","floor":16.0,"turns":11.0},{"damage":0.0,"enemies":"Chosen","floor":18.0,"turns":2.0},{"damage":8.0,"enemies":"3 Byrds","floor":20.0,"turns":4.0},{"damage":0.0,"enemies":"3 Cultists","floor":22.0,"turns":2.0},{"damage":0.0,"enemies":"REME_1_Revenger","floor":23.0,"turns":3.0},{"damage":0.0,"enemies":"Gremlin Leader","floor":25.0,"turns":3.0},{"damage":0.0,"enemies":"Cultist and Chosen","floor":27.0,"turns":2.0},{"damage":0.0,"enemies":"Masked Bandits","floor":28.0,"turns":3.0},{"damage":15.0,"enemies":"REME_1_Revenger","floor":29.0,"turns":4.0},{"damage":0.0,"enemies":"Snake Plant","floor":30.0,"turns":1.0},{"damage":0.0,"enemies":"Shelled Parasite and Fungi","floor":31.0,"turns":2.0},{"damage":18.0,"enemies":"Champ","floor":33.0,"turns":6.0},{"damage":19.0,"enemies":"3 Darklings","floor":35.0,"turns":5.0},{"damage":2.0,"enemies":"2 Orb Walkers","floor":36.0,"turns":4.0},{"damage":4.0,"enemies":"Orb Walker","floor":37.0,"turns":3.0},{"damage":0,"enemies":"Spire Growth","floor":39,"turns":1}],"seed_played":"-2777457355538755310","potions_obtained":[{"floor":5.0,"key":"Explosive Potion"},{"floor":6.0,"key":"Fire Potion"},{"floor":14.0,"key":"AttackPotion"},{"floor":20.0,"key":"EntropicBrew"},{"floor":23.0,"key":"DuplicationPotion"},{"floor":36.0,"key":"Energy Potion"},{"floor":37.0,"key":"StancePotion"}],"is_trial":false,"path_per_floor":["M","?","M","$","M","E","M","?","T","M","E","R","M","E","R","B",null,"M","?","M","$","M","E","$","E","T","M","?","E","M","M","R","B",null,"M","?","M","T","M"],"character_chosen":"WATCHER","items_purchased":["DollysMirror","MentalFortress"],"campfire_rested":0,"item_purchase_floors":[21,24],"current_hp_per_floor":[68,68,68,68,68,56,56,56,56,56,28,28,28,28,28,28,58,58,58,60,60,60,60,60,60,60,60,68,53,53,53,53,35,60,41,46,42,42,42,42],"gold":640,"neow_bonus":"THREE_ENEMY_KILL","is_daily":false,"chose_seed":false,"campfire_upgraded":3,"win_rate":0.0,"timestamp":1612264110,"path_taken":["M","?","M","$","M","E","M","?","T","M","E","R","M","E","R","BOSS","M","?","M","$","M","E","$","E","T","M","?","E","M","M","R","BOSS","M","?","M","?","M"],"items_purchased_type":["Relic","Card"],"build_version":"2020-12-22","purchased_purges":3,"victory":false,"max_hp_per_floor":[68,68,68,68,68,68,68,68,68,68,68,68,68,68,68,68,68,68,68,68,68,68,68,68,68,68,68,68,68,68,68,68,68,68,68,75,75,75,75,75],"card_choices":[{"not_picked":["CrushJoints","EmptyBody","EmptyFist"],"picked":"SKIP","floor":1.0},{"not_picked":["WaveOfTheHand","ForeignInfluence","EmptyFist"],"picked":"SKIP","floor":3.0},{"not_picked":["PathToVictory","Pray","JustLucky"],"picked":"SKIP","floor":5.0},{"not_picked":["Halt","Wireheading"],"picked":"Tantrum","floor":6.0},{"not_picked":["REME_Repentance","Consecrate","Nirvana"],"picked":"SKIP","floor":7.0},{"not_picked":["WreathOfFlame","Meditate","WaveOfTheHand"],"picked":"SKIP","floor":10.0},{"not_picked":["Conclude","ConjureBlade","CrushJoints"],"picked":"SKIP","floor":11.0},{"not_picked":["ReachHeaven","EmptyBody"],"picked":"FearNoEvil","floor":13.0},{"not_picked":["BowlingBash","REME_MusicOfDeath","SashWhip"],"picked":"SKIP","floor":14.0},{"not_picked":["Devotion","MasterReality"],"picked":"Scrawl","floor":16.0},{"not_picked":["WreathOfFlame","Swivel","ThirdEye"],"picked":"SKIP","floor":18.0},{"not_picked":["EmptyFist","ClearTheMind","Crescendo+1"],"picked":"SKIP","floor":20.0},{"not_picked":["REME_Repentance","Consecrate","SandsOfTime+1"],"picked":"SKIP","floor":22.0},{"not_picked":["FlyingSleeves","FollowUp"],"picked":"Fasting2","floor":23.0},{"not_picked":["JustLucky+1","CarveReality","Tantrum"],"picked":"SKIP","floor":25.0},{"not_picked":["Protect","WaveOfTheHand","Halt"],"picked":"SKIP","floor":27.0},{"not_picked":["PathToVictory","Fasting2","Crescendo"],"picked":"SKIP","floor":29.0},{"not_picked":["Judgement","WaveOfTheHand","WindmillStrike"],"picked":"SKIP","floor":30.0},{"not_picked":["CarveReality","Vengeance","Swivel+1"],"picked":"SKIP","floor":31.0},{"not_picked":["LessonLearned","Omniscience"],"picked":"MasterReality","floor":33.0},{"not_picked":["WheelKick+1","CutThroughFate"],"picked":"InnerPeace","floor":35.0},{"not_picked":["InnerPeace+1","DeceiveReality","CutThroughFate+1"],"picked":"SKIP","floor":37.0}],"player_experience":1123483,"relics_obtained":[{"floor":6.0,"key":"Ornamental Fan"},{"floor":9.0,"key":"Lantern"},{"floor":11.0,"key":"REME_PuzzleBoxRelic"},{"floor":14.0,"key":"Omamori"},{"floor":23.0,"key":"Bag of Marbles"},{"floor":25.0,"key":"Darkstone Periapt"},{"floor":28.0,"key":"Red Mask"},{"floor":29.0,"key":"Dream Catcher"},{"floor":36.0,"key":"PlanX"},{"floor":38.0,"key":"GodSword4"}],"event_choices":[{"damage_healed":0.0,"max_hp_gain":0.0,"max_hp_loss":0.0,"gold_gain":0.0,"event_name":"Liars Game","player_choice":"Ignored","floor":2.0,"gold_loss":0.0,"damage_taken":0.0},{"damage_healed":0.0,"max_hp_gain":0.0,"max_hp_loss":0.0,"gold_gain":0.0,"cards_transformed":["Defend_P"],"event_name":"Living Wall","player_choice":"Change","floor":8.0,"gold_loss":0.0,"damage_taken":0.0,"cards_obtained":["JustLucky"]},{"damage_healed":0.0,"max_hp_gain":0.0,"max_hp_loss":0.0,"gold_gain":0.0,"event_name":"Ghosts","player_choice":"Ignored","floor":19.0,"gold_loss":0.0,"damage_taken":0.0},{"damage_healed":0.0,"max_hp_gain":0.0,"max_hp_loss":0.0,"gold_gain":0.0,"event_name":"Masked Bandits","player_choice":"Fought Bandits","floor":28.0,"gold_loss":0.0,"damage_taken":0.0},{"damage_healed":0.0,"max_hp_gain":0.0,"max_hp_loss":0.0,"gold_gain":0.0,"event_name":"Mysterious Sphere","player_choice":"Fight","floor":36.0,"gold_loss":0.0,"damage_taken":0.0}],"is_beta":false,"boss_relics":[{"not_picked":["Coffee Dripper","Runic Pyramid"],"picked":"VioletLotus"},{"not_picked":["REME_DuelDisc","RedLine:ReiMu"],"picked":"Empty Cage"}],"items_purged_floors":[4,21,24],"is_endless":false,"potions_floor_spawned":[5,6,7,14,20,22,23,27,28,30,33,36,37],"killed_by":"Spire Growth","ascension_level":19}}