{"host":"dhlnk6yox2l1s6up","time":1612277099,"event":{"mods":["BaseMod","Bestiary","Colored Map","Highlight Path","Minty Spire (QoL Compilation)","Relic Stats","StSLib"],"gold_per_floor":[110,121,140,90,18,18,48,48,71,101,113,145,156,187,187,283,283,297,307,307,323,337,337,352,380,380,380,390,390,390],"floor_reached":29,"language":"ENG","playtime":2087,"items_purged":[],"score":401,"play_id":"756a6d5c-c863-4cd6-b7f7-4b2d6da6bfa5","local_time":"20210202084459","is_ascension_mode":true,"campfire_choices":[{"data":"Dash","floor":6,"key":"SMITH"},{"data":"Sucker Punch","floor":8,"key":"SMITH"},{"floor":15,"key":"REST"},{"floor":23,"key":"REST"},{"floor":27,"key":"REST"}],"circlet_count":0,"master_deck":["AscendersBane","Strike_G","Strike_G","Strike_G","Strike_G","Strike_G","Defend_G","Defend_G","Defend_G","Defend_G","Survivor","Neutralize","Flying Knee","Dash+1","Backflip","Sucker Punch+1","Deadly Poison","Acrobatics","Corpse Explosion","Die Die Die","Dagger Spray","Cloak And Dagger+1","Predator","Leg Sweep","Deflect"],"relics":["Ring of the Snake","Centennial Puzzle","Potion Belt","Bottled Flame","Sundial","SlaversCollar","Nunchaku","Gremlin Horn"],"acts_visited":["Exordium","TheCity"],"potions_floor_usage":[7,13,13,21,21,25,25],"damage_taken":[{"damage":2,"enemies":"Jaw Worm","floor":1,"turns":5},{"damage":0,"enemies":"2 Louse","floor":2,"turns":3},{"damage":0,"enemies":"Small Slimes","floor":3,"turns":3},{"damage":5,"enemies":"3 Sentries","floor":7,"turns":10},{"damage":0,"enemies":"Red Slaver","floor":11,"turns":3},{"damage":18,"enemies":"Lagavulin","floor":12,"turns":7},{"damage":0,"enemies":"Gremlin Gang","floor":13,"turns":3},{"damage":22,"enemies":"Gremlin Nob","floor":14,"turns":5},{"damage":23,"enemies":"The Guardian","floor":16,"turns":13},{"damage":0,"enemies":"Chosen","floor":18,"turns":5},{"damage":19,"enemies":"Shell Parasite","floor":19,"turns":7},{"damage":29,"enemies":"Snake Plant","floor":21,"turns":6},{"damage":4,"enemies":"Snecko","floor":22,"turns":5},{"damage":2,"enemies":"3 Cultists","floor":24,"turns":3},{"damage":33,"enemies":"Book of Stabbing","floor":25,"turns":7},{"damage":24,"enemies":"Shelled Parasite and Fungi","floor":28,"turns":12},{"damage":6,"enemies":"Chosen and Byrds","floor":29,"turns":2}],"seed_played":"2571303457428767327","potions_obtained":[{"floor":7,"key":"Energy Potion"},{"floor":12,"key":"GamblersBrew"},{"floor":13,"key":"ColorlessPotion"},{"floor":19,"key":"Ancient Potion"},{"floor":20,"key":"Dexterity Potion"},{"floor":20,"key":"SteroidPotion"},{"floor":20,"key":"Swift Potion"},{"floor":24,"key":"PowerPotion"}],"is_trial":false,"path_per_floor":["M","M","M","?","$","R","E","R","T","?","M","E","M","E","R","B",null,"M","M","?","M","M","R","M","E","T","R","M","M"],"character_chosen":"THE_SILENT","items_purchased":["CunningPotion"],"campfire_rested":3,"item_purchase_floors":[5],"current_hp_per_floor":[57,57,57,57,57,57,52,52,52,52,52,34,34,12,37,14,67,67,48,48,19,15,40,38,5,5,30,6,0,0],"gold":390,"neow_bonus":"TWENTY_PERCENT_HP_BONUS","is_daily":false,"chose_seed":false,"campfire_upgraded":2,"win_rate":0.0,"timestamp":1612277099,"path_taken":["M","M","M","?","$","R","E","R","T","?","M","E","M","E","R","BOSS","M","M","?","M","M","R","M","E","T","R","?","M"],"items_purchased_type":["Potion"],"build_version":"2020-12-22","purchased_purges":0,"victory":false,"max_hp_per_floor":[84,84,84,84,84,84,84,84,84,84,84,84,84,84,84,84,84,84,84,84,84,84,84,84,84,84,84,84,84,84],"relic_stats":{"Centennial Puzzle":[27],"Nunchaku":[2],"Gremlin Horn":[1,1],"counters":[17,99],"Sundial":[10],"obtain_stats":[{"Potion Belt":9,"SlaversCollar":17,"Centennial Puzzle":7,"Bottled Flame":12,"Nunchaku":25,"Gremlin Horn":26,"Sundial":14,"Ring of the Snake":0},{"Potion Belt":4,"SlaversCollar":9,"Centennial Puzzle":4,"Bottled Flame":6,"Nunchaku":15,"Gremlin Horn":15,"Sundial":8,"Ring of the Snake":0},{"Potion Belt":21,"SlaversCollar":52,"Centennial Puzzle":21,"Bottled Flame":31,"Nunchaku":85,"Gremlin Horn":85,"Sundial":39,"Ring of the Snake":0}],"Ring of the Snake":[34]},"card_choices":[{"not_picked":["Sucker Punch","Accuracy"],"picked":"Flying Knee","floor":1},{"not_picked":["Poisoned Stab","Flechettes"],"picked":"Dash","floor":2},{"not_picked":["Cloak And Dagger","Prepared"],"picked":"Backflip","floor":3},{"not_picked":["Prepared","Acrobatics"],"picked":"Sucker Punch","floor":7},{"not_picked":["Acrobatics","Backflip"],"picked":"Deadly Poison","floor":11},{"not_picked":["Setup","Reflex"],"picked":"Acrobatics","floor":12},{"not_picked":["Sucker Punch","Flying Knee","Eviscerate"],"picked":"SKIP","floor":13},{"not_picked":["Concentrate","Slice"],"picked":"Corpse Explosion","floor":14},{"not_picked":["Unload","Glass Knife"],"picked":"Die Die Die","floor":16},{"not_picked":["Deadly Poison","Quick Slash"],"picked":"Dagger Spray","floor":18},{"not_picked":["Well Laid Plans","Crippling Poison"],"picked":"Cloak And Dagger+1","floor":19},{"not_picked":["Cloak And Dagger","Prepared"],"picked":"Predator","floor":21},{"not_picked":["All Out Attack","Blade Dance","Backflip"],"picked":"SKIP","floor":22},{"not_picked":["Dagger Throw","Slice","Prepared"],"picked":"SKIP","floor":24},{"not_picked":["Dash","Acrobatics"],"picked":"Leg Sweep","floor":25},{"not_picked":["Finisher","Backflip"],"picked":"Deflect","floor":28}],"player_experience":6073924,"relics_obtained":[{"floor":7,"key":"Centennial Puzzle"},{"floor":9,"key":"Potion Belt"},{"floor":12,"key":"Bottled Flame"},{"floor":14,"key":"Sundial"},{"floor":25,"key":"Nunchaku"},{"floor":26,"key":"Gremlin Horn"}],"event_choices":[{"cards_removed":["Defend_G"],"damage_healed":0,"gold_gain":0,"player_choice":"Card Removal","damage_taken":0,"max_hp_gain":0,"max_hp_loss":0,"event_name":"The Cleric","floor":4,"gold_loss":50},{"damage_healed":0,"gold_gain":30,"player_choice":"Searched \u00272\u0027 times","damage_taken":0,"max_hp_gain":0,"max_hp_loss":0,"event_name":"Dead Adventurer","floor":10,"gold_loss":0},{"damage_healed":0,"gold_gain":0,"player_choice":"Got Potions","damage_taken":0,"max_hp_gain":0,"max_hp_loss":0,"event_name":"Lab","floor":20,"gold_loss":0}],"is_beta":false,"boss_relics":[{"not_picked":["Black Star","Philosopher\u0027s Stone"],"picked":"SlaversCollar"}],"items_purged_floors":[],"is_endless":false,"potions_floor_spawned":[7,12,13,19,24],"killed_by":"Chosen and Byrds","ascension_level":10}}