{"host":"ko40t1o51xotjt2v","time":1612287401,"event":{"mods":["2.2 Compatiblity","AchievementEnabler","Aspiration","BaseMod","Better Match","Better Third Choice","Better Vampires","Conspire","Downfall","Energized Spire","GifTheSpireLib","Halation","Hubris","Jedi Mod","Minty Spire (QoL Compilation)","MostiFishMod","Spicy Shops","Spikes Relics","StSLib","Stuff the Spire","TestMod","??????REMEMod"],"gold_per_floor":[109,109,123,42,60,94,94,94,94,94,94,94],"floor_reached":11,"language":"SPA","playtime":364,"items_purged":[],"score":99,"play_id":"1041c8fe-cdfb-45b3-a607-cdeaf4563921","local_time":"20210202183641","is_ascension_mode":true,"campfire_choices":[{"data":"Fusion","floor":8,"key":"SMITH"},{"data":"Chaos","floor":10,"key":"SMITH"}],"circlet_count":0,"master_deck":["Strike_B","Strike_B","Strike_B","Strike_B","Defend_B","Defend_B","Defend_B","Defend_B","Zap","Dualcast","Double Energy","Chaos+1","Fusion+1","Redo","Redo"],"relics":["Cracked Core","DaveBox","testmod-TestBox","REME_ComplimentaryCards","NeowsBlessing","testmod-TurbochargingSystem","Tiny Chest"],"acts_visited":["Exordium"],"potions_floor_usage":[6,6],"damage_taken":[{"damage":0,"enemies":"Small Slimes","floor":1,"turns":1},{"damage":0,"enemies":"Cultist","floor":3,"turns":1},{"damage":0,"enemies":"Jaw Worm","floor":5,"turns":1},{"damage":32,"enemies":"Lagavulin","floor":6,"turns":6},{"damage":29,"enemies":"Gremlin Nob","floor":11,"turns":4}],"seed_played":"9219506878800211298","potions_obtained":[{"floor":1,"key":"jedi:mysterypotion"},{"floor":3,"key":"Swift Potion"},{"floor":5,"key":"ColorlessPotion"}],"is_trial":false,"path_per_floor":["M","?","M","$","M","E","$","R","T","R","E"],"character_chosen":"DEFECT","items_purchased":["Fusion"],"campfire_rested":0,"item_purchase_floors":[4],"current_hp_per_floor":[68,68,68,68,68,36,36,36,36,36,7,7],"gold":94,"neow_bonus":"THREE_ENEMY_KILL","is_daily":false,"chose_seed":false,"campfire_upgraded":2,"win_rate":0.0,"timestamp":1612287401,"path_taken":["M","?","?","$","M","E","$","R","T","R","E"],"items_purchased_type":["Card"],"build_version":"2020-12-22","purchased_purges":0,"victory":false,"max_hp_per_floor":[75,75,75,75,75,75,75,75,75,75,75,75],"card_choices":[{"not_picked":["MostiFishMod:PushDownKick","Coolheaded"],"picked":"Double Energy","floor":1},{"not_picked":["Force Field","Self Repair"],"picked":"Chaos","floor":3},{"not_picked":["Turbo","Reprogram"],"picked":"Redo","floor":5},{"not_picked":["White Noise","Leap"],"picked":"Redo","floor":6}],"player_experience":466299,"relics_obtained":[{"floor":6,"key":"Tiny Chest"}],"event_choices":[{"damage_healed":0,"gold_gain":0,"player_choice":"Gave Potion","damage_taken":0,"relics_obtained":["testmod-TurbochargingSystem"],"max_hp_gain":0,"max_hp_loss":0,"event_name":"WeMeetAgain","floor":2,"gold_loss":0}],"is_beta":false,"boss_relics":[],"items_purged_floors":[],"is_endless":false,"potions_floor_spawned":[1,3,5],"killed_by":"Gremlin Nob","ascension_level":8}}