{"host":"neeznpvpgo0qgfkd","time":1612307479,"event":{"mods":["AchievementEnabler","BaseMod","BetterRewards","Colored Map","Colored Powertips","Exacting","Minty Spire (QoL Compilation)","Permanent Neow","Quick Restart","Shop Mod"],"gold_per_floor":[115,115,132,97,107,141,141,172,172,172,199,215,215,249,249,249,249],"floor_reached":16,"language":"ENG","playtime":729,"items_purged":[],"score":406,"play_id":"d99506d8-e418-4e66-821d-a87e483c9492","local_time":"20210202181119","is_ascension_mode":true,"campfire_choices":[{"floor":7.0,"key":"REST"},{"floor":10.0,"key":"REST"},{"floor":13,"key":"REST"},{"floor":15,"key":"REST"}],"circlet_count":0,"master_deck":["AscendersBane","Strike_G","Strike_G","Strike_G+1","Strike_G","Strike_G","Defend_G","Defend_G","Defend_G","Defend_G","Defend_G+1","Survivor","Neutralize","Heel Hook","Dagger Spray","Sucker Punch","Blade Dance","Accuracy","Dagger Throw+1","Dodge and Roll"],"relics":["Ring of the Snake","Unceasing Top","Ancient Tea Set","ClockworkSouvenir","Molten Egg 2","WingedGreaves","Thread and Needle","Art of War"],"acts_visited":["Exordium"],"potions_floor_usage":[11,16],"damage_taken":[{"damage":0.0,"enemies":"Jaw Worm","floor":1.0,"turns":3.0},{"damage":6.0,"enemies":"2 Louse","floor":3.0,"turns":3.0},{"damage":7.0,"enemies":"Small Slimes","floor":5.0,"turns":3.0},{"damage":28.0,"enemies":"3 Sentries","floor":6.0,"turns":10.0},{"damage":24.0,"enemies":"Lagavulin","floor":8.0,"turns":8.0},{"damage":0,"enemies":"Gremlin Nob","floor":11,"turns":3},{"damage":0,"enemies":"Looter","floor":12,"turns":4},{"damage":13,"enemies":"Lagavulin","floor":14,"turns":5},{"damage":55,"enemies":"Slime Boss","floor":16,"turns":8}],"seed_played":"4142275465162816997","potions_obtained":[{"floor":3.0,"key":"Swift Potion"},{"floor":8.0,"key":"FearPotion"},{"floor":11,"key":"Ancient Potion"},{"floor":12,"key":"Swift Potion"}],"is_trial":false,"path_per_floor":["M","?","M","?","M","E","R","E","T","R","E","M","R","E","R","B"],"character_chosen":"THE_SILENT","items_purchased":["Ancient Tea Set","ClockworkSouvenir","Heel Hook"],"campfire_rested":4,"item_purchase_floors":[0,0,0],"current_hp_per_floor":[59,39,33,49,42,14,33,9,9,28,28,28,47,34,53,0,0],"gold":249,"neow_bonus":"","is_daily":false,"chose_seed":false,"campfire_upgraded":0,"win_rate":0.0,"timestamp":1612307479,"path_taken":["M","?","M","?","?","E","R","E","T","R","E","M","R","E","R","BOSS"],"items_purchased_type":["Relic","Relic","Card"],"build_version":"2020-12-22","purchased_purges":0,"victory":false,"max_hp_per_floor":[66,66,66,66,66,66,66,66,66,66,66,66,66,66,66,66,66],"card_choices":[{"not_picked":["Cloak And Dagger","Blade Dance"],"picked":"Dagger Spray","floor":1.0},{"not_picked":["Deadly Poison","Bane"],"picked":"Sucker Punch","floor":3.0},{"not_picked":["Dagger Throw","Grand Finale","Endless Agony"],"picked":"SKIP","floor":5.0},{"not_picked":["Flechettes+1","Calculated Gamble"],"picked":"Blade Dance","floor":6.0},{"not_picked":["Leg Sweep","Outmaneuver"],"picked":"Accuracy","floor":8.0},{"not_picked":["Blur","Expertise"],"picked":"Dagger Throw+1","floor":11},{"not_picked":["Deflect","Deadly Poison","Eviscerate+1"],"picked":"SKIP","floor":12},{"not_picked":["PiercingWail","Calculated Gamble"],"picked":"Dodge and Roll","floor":14}],"player_experience":1974833,"relics_obtained":[{"floor":6.0,"key":"Molten Egg 2"},{"floor":8.0,"key":"WingedGreaves"},{"floor":11,"key":"Thread and Needle"},{"floor":14,"key":"Art of War"}],"event_choices":[{"damage_healed":0.0,"max_hp_gain":0.0,"max_hp_loss":0.0,"gold_gain":0.0,"event_name":"Shining Light","player_choice":"Entered Light","floor":2.0,"gold_loss":0.0,"damage_taken":20.0,"cards_upgraded":["Defend_G","Strike_G"]},{"damage_healed":16.0,"max_hp_gain":0.0,"max_hp_loss":0.0,"gold_gain":0.0,"event_name":"The Cleric","player_choice":"Healed","floor":4.0,"gold_loss":35.0,"damage_taken":0.0}],"is_beta":false,"boss_relics":[],"items_purged_floors":[],"is_endless":false,"potions_floor_spawned":[8,11,12,14],"killed_by":"Slime Boss","ascension_level":20}}