{"host":"xb2tau8pgi8aflss","time":1612263272,"event":{"mods":["AchievementEnabler","BaseMod","Minty Spire (QoL Compilation)","StSLib","SuperFastMode"],"gold_per_floor":[10,29,48,66,241,241,253,253,325,325,94,94,125,140,140,242,242,253,270,369,369,369],"floor_reached":21,"language":"KOR","playtime":816,"items_purged":["Doubt"],"score":235,"play_id":"7f19a7cd-75b5-458b-8449-90254b2d2bac","local_time":"20210202195432","is_ascension_mode":true,"campfire_choices":[{"data":"Eruption","floor":6,"key":"SMITH"},{"floor":10,"key":"REST"},{"floor":15,"key":"REST"}],"circlet_count":0,"master_deck":["Strike_P","Strike_P","Strike_P","Strike_P","Defend_P","Defend_P","Defend_P","Defend_P","Eruption+1","Vigilance","EmptyFist","Adaptation","MasterReality","FearNoEvil+1"],"relics":["PureWater","Calipers","Dead Branch","Matryoshka","Bag of Preparation","Bronze Scales","Cursed Key"],"acts_visited":["Exordium","TheCity"],"potions_floor_usage":[21],"damage_taken":[{"damage":2,"enemies":"Cultist","floor":1,"turns":3},{"damage":4,"enemies":"Jaw Worm","floor":2,"turns":4},{"damage":0,"enemies":"2 Louse","floor":3,"turns":1},{"damage":16,"enemies":"Blue Slaver","floor":4,"turns":2},{"damage":30,"enemies":"Gremlin Gang","floor":7,"turns":3},{"damage":14,"enemies":"Gremlin Nob","floor":13,"turns":4},{"damage":0,"enemies":"Large Slime","floor":14,"turns":4},{"damage":15,"enemies":"The Guardian","floor":16,"turns":10},{"damage":5,"enemies":"3 Byrds","floor":18,"turns":4},{"damage":20,"enemies":"2 Thieves","floor":19,"turns":5},{"damage":50,"enemies":"Cultist and Chosen","floor":21,"turns":4}],"seed_played":"834106398516939921","potions_obtained":[{"floor":1,"key":"Ancient Potion"},{"floor":7,"key":"Explosive Potion"},{"floor":14,"key":"Regen Potion"}],"is_trial":false,"path_per_floor":["M","M","M","M","?","R","M","?","T","R","$","$","E","M","R","B",null,"M","M","?","M"],"character_chosen":"WATCHER","items_purchased":["Bag of Preparation"],"campfire_rested":2,"item_purchase_floors":[11],"current_hp_per_floor":[63,59,59,43,43,43,13,13,13,34,34,34,20,20,41,26,61,56,36,36,0,0],"gold":369,"neow_bonus":"ONE_RARE_RELIC","is_daily":false,"chose_seed":false,"campfire_upgraded":1,"win_rate":0.0,"timestamp":1612263272,"path_taken":["M","?","M","M","?","R","M","?","T","R","?","$","E","?","R","BOSS","M","M","?","M"],"items_purchased_type":["Relic"],"build_version":"2020-12-22","purchased_purges":1,"victory":false,"max_hp_per_floor":[72,72,72,72,72,72,72,72,72,72,72,72,72,72,72,72,72,72,72,72,72,72],"card_choices":[{"not_picked":["Collect","Nirvana"],"picked":"EmptyFist","floor":1},{"not_picked":["Prostrate","Study"],"picked":"Adaptation","floor":2},{"not_picked":["FollowUp","EmptyBody","Wireheading"],"picked":"SKIP","floor":3},{"not_picked":["ThirdEye","Crescendo","Halt"],"picked":"SKIP","floor":4},{"not_picked":["EmptyMind","CrushJoints","Weave"],"picked":"SKIP","floor":7},{"not_picked":["WreathOfFlame","JustLucky","ClearTheMind"],"picked":"SKIP","floor":13},{"not_picked":["Establishment","Collect","Halt"],"picked":"SKIP","floor":14},{"not_picked":["LessonLearned","Wish"],"picked":"MasterReality","floor":16},{"not_picked":["Crescendo","Halt","Prostrate"],"picked":"SKIP","floor":18},{"not_picked":["ClearTheMind","JustLucky+1"],"picked":"FearNoEvil+1","floor":19}],"player_experience":750945,"relics_obtained":[{"floor":9,"key":"Matryoshka"},{"floor":13,"key":"Bronze Scales"}],"event_choices":[{"damage_healed":0,"gold_gain":175,"player_choice":"AGREE","damage_taken":0,"max_hp_gain":0,"max_hp_loss":0,"event_name":"Liars Game","floor":5,"gold_loss":0,"cards_obtained":["Doubt"]},{"damage_healed":0,"gold_gain":0,"player_choice":"Searched \u00271\u0027 times","damage_taken":0,"relics_obtained":["Dead Branch"],"max_hp_gain":0,"max_hp_loss":0,"event_name":"Dead Adventurer","floor":8,"gold_loss":0},{"damage_healed":0,"gold_gain":99,"player_choice":"Stole From Cult","damage_taken":0,"max_hp_gain":0,"max_hp_loss":0,"event_name":"Nest","floor":20,"gold_loss":0}],"is_beta":false,"boss_relics":[{"not_picked":["Busted Crown","Coffee Dripper"],"picked":"Cursed Key"}],"items_purged_floors":[11],"is_endless":false,"potions_floor_spawned":[1,7,14,16,19],"killed_by":"Cultist and Chosen","ascension_level":6}}