{"host":"sum4dy402bbv9y4o","time":1612297026,"event":{"mods":["Aspiration","BaseMod","Conspire","Highlight Path","Minty Spire (QoL Compilation)","StSLib"],"gold_per_floor":[10,20,20,30,30,30,60,60,60,88,88,99,114,129,129,206,206,221,13,26,26,26,59,59,89,89,100,145,145,156,174,174,174,174],"floor_reached":33,"language":"ENG","playtime":1453,"items_purged":["Strike_P"],"score":797,"play_id":"51adca2a-85ab-48bf-b87f-2487efd34dc5","local_time":"20210202231706","is_ascension_mode":true,"campfire_choices":[{"data":"Eruption","floor":6,"key":"SMITH"},{"data":"Apotheosis","floor":8,"key":"SMITH"},{"data":"SashWhip","floor":11,"key":"SMITH"},{"data":"SashWhip","floor":15,"key":"SMITH"},{"data":"Backstab","floor":24,"key":"SMITH"},{"data":"Backstab","floor":32,"key":"SMITH"}],"circlet_count":0,"master_deck":["AscendersBane","Strike_P","Strike_P","Strike_P","Defend_P","Defend_P","Defend_P","Defend_P","Eruption+1","Vigilance","Apotheosis+1","BowlingBash","EmptyBody","SashWhip+1","SpiritShield","FollowUp","Protect","ClearTheMind","SashWhip+1","Wish","FlurryOfBlows","Underhanded Strike","Predator","Protect","Backstab+1","Finisher","EmptyFist","Backstab+1","Deflect+1","TalkToTheHand+1","Halt"],"relics":["PureWater","Bottled Flame","conspire:GlowingRock","InkBottle","aspiration:SilentSkillbook","Prayer Wheel","MutagenicStrength","aspiration:HummingbirdHeart","Kunai","CloakClasp","Spirit Poop"],"acts_visited":["Exordium","TheCity"],"potions_floor_usage":[7,7,20,25],"damage_taken":[{"damage":15,"enemies":"Small Slimes","floor":1,"turns":6},{"damage":6,"enemies":"2 Louse","floor":2,"turns":3},{"damage":0,"enemies":"conspire:RoseBush","floor":4,"turns":3},{"damage":2,"enemies":"Gremlin Nob","floor":7,"turns":4},{"damage":6,"enemies":"3 Sentries","floor":10,"turns":7},{"damage":1,"enemies":"Looter","floor":12,"turns":3},{"damage":0,"enemies":"Lots of Slimes","floor":13,"turns":4},{"damage":15,"enemies":"conspire:2 RoseBushes","floor":14,"turns":5},{"damage":0,"enemies":"The Guardian","floor":16,"turns":10},{"damage":30,"enemies":"Spheric Guardian","floor":18,"turns":8},{"damage":7,"enemies":"conspire:FuzzyDice","floor":20,"turns":4},{"damage":0,"enemies":"conspire:Head Lice","floor":23,"turns":7},{"damage":0,"enemies":"conspire:SneckoGhost","floor":25,"turns":2},{"damage":0,"enemies":"conspire:HollyBat","floor":27,"turns":9},{"damage":0,"enemies":"Snecko","floor":28,"turns":3},{"damage":0,"enemies":"Chosen and Byrds","floor":30,"turns":2},{"damage":1,"enemies":"conspire:HollyBat","floor":31,"turns":10},{"damage":28,"enemies":"conspire:MysteriousRune","floor":33,"turns":3}],"seed_played":"1904643853243500811","potions_obtained":[{"floor":2,"key":"DistilledChaos"},{"floor":4,"key":"Block Potion"},{"floor":10,"key":"SteroidPotion"},{"floor":18,"key":"Regen Potion"},{"floor":23,"key":"LiquidBronze"},{"floor":30,"key":"BottledMiracle"}],"is_trial":false,"path_per_floor":["M","M","$","M","?","R","E","R","T","E","R","M","M","M","R","B",null,"M","$","M","?","?","E","R","E","T","M","M","?","M","M","R","B"],"character_chosen":"WATCHER","items_purchased":["Underhanded Strike","Predator"],"campfire_rested":0,"item_purchase_floors":[19,19],"current_hp_per_floor":[46,40,40,40,36,36,34,34,34,28,28,27,27,12,12,12,54,24,24,29,29,29,29,29,29,29,29,29,29,29,28,28,0,0],"gold":174,"neow_bonus":"RANDOM_COLORLESS_2","is_daily":false,"chose_seed":false,"campfire_upgraded":6,"win_rate":0.0,"timestamp":1612297026,"path_taken":["M","M","$","M","?","R","E","R","T","E","R","M","M","M","R","BOSS","M","$","M","?","?","E","R","E","T","M","M","?","M","?","R","BOSS"],"items_purchased_type":["Card","Card"],"build_version":"2020-12-22","purchased_purges":1,"victory":false,"max_hp_per_floor":[68,68,68,68,68,68,68,68,68,68,68,68,68,68,68,68,68,68,68,68,68,68,68,68,68,68,68,68,68,68,68,68,68,68],"card_choices":[{"not_picked":["Master of Strategy","Chrysalis"],"picked":"Apotheosis","floor":0},{"not_picked":["ThirdEye","PathToVictory"],"picked":"BowlingBash","floor":1},{"not_picked":["Nirvana","JustLucky"],"picked":"EmptyBody","floor":2},{"not_picked":["ReachHeaven","FlyingSleeves"],"picked":"SashWhip","floor":4},{"not_picked":["Sanctity","Worship"],"picked":"SpiritShield","floor":7},{"not_picked":["CrushJoints","Pray"],"picked":"FollowUp","floor":10},{"not_picked":["EmptyBody","PathToVictory"],"picked":"Protect","floor":12},{"not_picked":["Judgement","JustLucky"],"picked":"ClearTheMind","floor":13},{"not_picked":["CrushJoints","Wireheading"],"picked":"SashWhip","floor":14},{"not_picked":["Omniscience","Ragnarok"],"picked":"Wish","floor":16},{"not_picked":["Prostrate","JustLucky","Terror"],"picked":"FlurryOfBlows","floor":18},{"not_picked":["SignatureMove","JustLucky","Wireheading+1"],"picked":"Protect","floor":20},{"not_picked":["ConjureBlade","FlyingSleeves","Flechettes"],"picked":"Backstab","floor":23},{"not_picked":["Cloak And Dagger","Sucker Punch","Reflex"],"picked":"Finisher","floor":25},{"not_picked":["Catalyst+1","Dagger Spray","Quick Slash"],"picked":"EmptyFist","floor":27},{"not_picked":["PathToVictory+1","JustLucky","Pray"],"picked":"Backstab","floor":27},{"not_picked":["Crescendo","CrushJoints+1","Blade Dance"],"picked":"Deflect+1","floor":28},{"not_picked":["Backflip","Sucker Punch","conspire:DoublingDagger","CrushJoints"],"picked":"SKIP","floor":28},{"not_picked":["Cloak And Dagger","CutThroughFate+1","Backflip","Night Terror"],"picked":"SKIP","floor":30},{"not_picked":["Blade Dance","CrushJoints","EmptyBody","Evaluate"],"picked":"SKIP","floor":30},{"not_picked":["FlurryOfBlows","Dagger Throw","Calculated Gamble"],"picked":"TalkToTheHand+1","floor":31},{"not_picked":["Deflect+1","Cloak And Dagger","CrushJoints"],"picked":"Halt","floor":31}],"player_experience":3032317,"relics_obtained":[{"floor":7,"key":"Bottled Flame"},{"floor":9,"key":"conspire:GlowingRock"},{"floor":10,"key":"InkBottle"},{"floor":23,"key":"aspiration:HummingbirdHeart"},{"floor":25,"key":"Kunai"},{"floor":26,"key":"CloakClasp"}],"event_choices":[{"damage_healed":0,"gold_gain":0,"player_choice":"Leave","damage_taken":0,"max_hp_gain":0,"max_hp_loss":0,"event_name":"conspire:Investor","floor":5,"gold_loss":0},{"damage_healed":0,"gold_gain":0,"player_choice":"Stole Relic","damage_taken":0,"relics_obtained":["Prayer Wheel"],"max_hp_gain":0,"max_hp_loss":0,"event_name":"Addict","floor":21,"gold_loss":0,"cards_obtained":["Shame"]},{"damage_healed":0,"gold_gain":0,"player_choice":"Inject Mutagens","damage_taken":0,"relics_obtained":["MutagenicStrength"],"max_hp_gain":0,"max_hp_loss":0,"event_name":"Drug Dealer","floor":22,"gold_loss":0},{"cards_removed":["Shame"],"damage_healed":0,"gold_gain":0,"player_choice":"Offered Curse","damage_taken":0,"relics_obtained":["Spirit Poop"],"max_hp_gain":0,"max_hp_loss":0,"event_name":"Bonfire Elementals","floor":29,"gold_loss":0}],"is_beta":false,"boss_relics":[{"not_picked":["SlaversCollar","Pandora\u0027s Box"],"picked":"aspiration:SilentSkillbook"}],"items_purged_floors":[19],"is_endless":false,"potions_floor_spawned":[2,4,10,18,23,30],"killed_by":"conspire:MysteriousRune","ascension_level":20}}