{"host":"2tgyrzvaa7l04o2e","time":1612286472,"event":{"mods":["BaseMod","Highlight Path","Minty Spire (QoL Compilation)","Permanent Neow","Relic Stats"],"gold_per_floor":[119,44,59,59,84,122,122,165,165,193,193,208,228,242,242,242,242],"floor_reached":16,"language":"ENG","playtime":649,"items_purged":[],"score":224,"play_id":"d29dbabf-6c62-4e84-80fd-566decfb7bb6","local_time":"20210202182112","is_ascension_mode":true,"campfire_choices":[{"floor":7,"key":"REST"},{"floor":15,"key":"REST"}],"circlet_count":0,"master_deck":["AscendersBane","Strike_G","Strike_G","Strike_G","Strike_G","Strike_G","Defend_G","Defend_G","Defend_G","Defend_G","Survivor","Neutralize","Noxious Fumes","PiercingWail","Dagger Throw","PiercingWail","Corpse Explosion","Deadly Poison","Dash","Backflip"],"relics":["Ring of the Snake","Golden Idol","Du-Vu Doll","Paper Crane","StrikeDummy","Odd Mushroom"],"acts_visited":["Exordium"],"potions_floor_usage":[6,8,16],"damage_taken":[{"damage":6,"enemies":"Jaw Worm","floor":1,"turns":6},{"damage":1,"enemies":"Small Slimes","floor":3,"turns":3},{"damage":2,"enemies":"2 Louse","floor":5,"turns":4},{"damage":39,"enemies":"3 Sentries","floor":6,"turns":9},{"damage":26,"enemies":"Lagavulin","floor":8,"turns":6},{"damage":1,"enemies":"The Mushroom Lair","floor":10,"turns":2},{"damage":0,"enemies":"Blue Slaver","floor":12,"turns":4},{"damage":4,"enemies":"Large Slime","floor":13,"turns":4},{"damage":3,"enemies":"3 Louse","floor":14,"turns":2},{"damage":23,"enemies":"The Guardian","floor":16,"turns":6}],"seed_played":"5220006759434200567","potions_obtained":[{"floor":3,"key":"SteroidPotion"},{"floor":5,"key":"Fruit Juice"},{"floor":6,"key":"BlessingOfTheForge"},{"floor":14,"key":"SpeedPotion"}],"is_trial":false,"path_per_floor":["M","?","M","?","M","E","R","E","T","?","?","M","M","M","R","B"],"character_chosen":"THE_SILENT","items_purchased":[],"campfire_rested":2,"item_purchase_floors":[],"current_hp_per_floor":[53,53,52,52,50,16,35,9,9,8,8,8,4,1,20,0,0],"gold":242,"neow_bonus":"THREE_CARDS","is_daily":false,"chose_seed":false,"campfire_upgraded":0,"win_rate":0.0,"timestamp":1612286472,"path_taken":["M","?","M","?","M","E","R","E","T","?","?","M","M","M","R","BOSS"],"items_purchased_type":[],"build_version":"2020-12-22","purchased_purges":0,"victory":false,"max_hp_per_floor":[66,66,66,60,60,65,65,65,65,65,65,65,65,65,65,65,65],"relic_stats":{"counters":[10,46],"Golden Idol":38,"obtain_stats":[{"Du-Vu Doll":6,"Golden Idol":4,"Paper Crane":8,"Odd Mushroom":10,"StrikeDummy":9,"Ring of the Snake":0},{"Du-Vu Doll":4,"Golden Idol":2,"Paper Crane":5,"Odd Mushroom":6,"StrikeDummy":5,"Ring of the Snake":0},{"Du-Vu Doll":22,"Golden Idol":9,"Paper Crane":28,"Odd Mushroom":30,"StrikeDummy":28,"Ring of the Snake":0}],"Ring of the Snake":[20]},"card_choices":[{"not_picked":["Dodge and Roll","Slice"],"picked":"Noxious Fumes","floor":0},{"not_picked":["Terror","Noxious Fumes"],"picked":"PiercingWail","floor":1},{"not_picked":["Escape Plan","Flying Knee"],"picked":"Dagger Throw","floor":3},{"not_picked":["Cloak And Dagger","Slice"],"picked":"PiercingWail","floor":5},{"not_picked":["Unload","Flying Knee"],"picked":"Corpse Explosion","floor":6},{"not_picked":["Outmaneuver","Quick Slash"],"picked":"Deadly Poison","floor":8},{"not_picked":["Concentrate","Accuracy"],"picked":"Dash","floor":10},{"not_picked":["Quick Slash","Slice"],"picked":"Backflip","floor":12},{"not_picked":["A Thousand Cuts","Sucker Punch","Acrobatics"],"picked":"SKIP","floor":13},{"not_picked":["Tactician","Choke","Quick Slash"],"picked":"SKIP","floor":14}],"player_experience":689504,"relics_obtained":[{"floor":6,"key":"Du-Vu Doll"},{"floor":8,"key":"Paper Crane"},{"floor":9,"key":"StrikeDummy"},{"floor":10,"key":"Odd Mushroom"}],"event_choices":[{"cards_removed":["Defend_G"],"damage_healed":0,"gold_gain":0,"player_choice":"Card Removal","damage_taken":0,"max_hp_gain":0,"max_hp_loss":0,"event_name":"The Cleric","floor":2,"gold_loss":75},{"damage_healed":0,"gold_gain":0,"player_choice":"Lose Max HP","damage_taken":0,"relics_obtained":["Golden Idol"],"max_hp_gain":0,"max_hp_loss":6,"event_name":"Golden Idol","floor":4,"gold_loss":0},{"damage_healed":0,"gold_gain":0,"player_choice":"Fought Mushrooms","damage_taken":0,"max_hp_gain":0,"max_hp_loss":0,"event_name":"Mushrooms","floor":10,"gold_loss":0},{"damage_healed":0,"gold_gain":0,"player_choice":"Ignored","damage_taken":0,"max_hp_gain":0,"max_hp_loss":0,"event_name":"Shining Light","floor":11,"gold_loss":0}],"is_beta":false,"boss_relics":[],"items_purged_floors":[],"is_endless":false,"potions_floor_spawned":[3,5,6,14],"killed_by":"The Guardian","ascension_level":20}}