{"host":"bg8va46pgqgvtzim","time":1612281780,"event":{"mods":["BaseMod","Minty Spire (QoL Compilation)","Quick Restart","StSLib","SuperFastMode"],"gold_per_floor":[115,132,132,151,161,181,181,211,211,225,276,291,305,318,318,337,352,429,429,429,525,525,544,562,562,574,590,505,518,498,532,532,544,469,469,499,499,302,318,328,328,346,373,391,391,391,495,495,506,506,381,395,345,361,200,200,226,238,258,282,300,353,373,246,246,274,285,285,285,285,285,4,30,30],"floor_reached":75,"language":"ZHS","playtime":2553,"items_purged":["Strike_G+1","Deadly Poison","Flechettes+1","Expertise","Defend_G","Defend_G","Survivor"],"score":1959,"play_id":"96b91c64-110d-41c0-a7b0-0a4325a086b6","local_time":"20210203000300","is_ascension_mode":true,"campfire_choices":[{"data":"Neutralize","floor":9.0,"key":"SMITH"},{"data":"Noxious Fumes","floor":15.0,"key":"SMITH"},{"data":"Tactician","floor":19.0,"key":"SMITH"},{"floor":20.0,"key":"REST"},{"data":"Prepared","floor":32.0,"key":"SMITH"},{"data":"Tactician","floor":35.0,"key":"SMITH"},{"floor":41.0,"key":"DIG"},{"floor":45.0,"key":"DIG"},{"floor":46.0,"key":"DIG"},{"floor":56,"key":"DIG"},{"floor":65,"key":"DIG"},{"floor":68,"key":"RECALL"},{"floor":71,"key":"DIG"}],"circlet_count":0,"master_deck":["Defend_G+1","Defend_G+1","Neutralize+1","Acrobatics+1","Endless Agony+1","Tactician+1","Tactician+1","Noxious Fumes+1","Prepared+1","Reflex+1","Acrobatics+1","Footwork","Footwork+1","Prepared+1","Eviscerate+1","Expertise+1","Backstab+1","Concentrate+1","Acrobatics","Prepared","Calculated Gamble+1","Well Laid Plans","Blur+1","Terror+1"],"relics":["Ring of the Snake","Art of War","Bronze Scales","Whetstone","Question Card","Empty Cage","Paper Crane","Ancient Tea Set","Snake Skull","Shovel","Membership Card","Omamori","Mummified Hand","Singing Bowl","Smiling Mask","Astrolabe","Orrery","Bag of Preparation","War Paint","Bird Faced Urn","TungstenRod","Anchor","Oddly Smooth Stone","Calipers","Kunai","FossilizedHelix","TheAbacus","Lantern"],"acts_visited":["Exordium","TheCity","TheBeyond","TheEnding"],"potions_floor_usage":[58,74,74,74],"damage_taken":[{"damage":0.0,"enemies":"2 Louse","floor":1.0,"turns":4.0},{"damage":3.0,"enemies":"Jaw Worm","floor":2.0,"turns":6.0},{"damage":4.0,"enemies":"Cultist","floor":4.0,"turns":4.0},{"damage":0.0,"enemies":"Looter","floor":5.0,"turns":5.0},{"damage":7.0,"enemies":"Blue Slaver","floor":6.0,"turns":4.0},{"damage":2.0,"enemies":"Gremlin Nob","floor":8.0,"turns":3.0},{"damage":0.0,"enemies":"2 Fungi Beasts","floor":10.0,"turns":4.0},{"damage":1.0,"enemies":"Exordium Thugs","floor":12.0,"turns":4.0},{"damage":0.0,"enemies":"Looter","floor":13.0,"turns":4.0},{"damage":0.0,"enemies":"Blue Slaver","floor":14.0,"turns":3.0},{"damage":4.0,"enemies":"2 Fungi Beasts","floor":16.0,"turns":3.0},{"damage":6.0,"enemies":"Exordium Thugs","floor":17.0,"turns":4.0},{"damage":11.0,"enemies":"The Guardian","floor":21.0,"turns":8.0},{"damage":0.0,"enemies":"Shell Parasite","floor":23.0,"turns":4.0},{"damage":5.0,"enemies":"Chosen","floor":24.0,"turns":4.0},{"damage":12.0,"enemies":"Shelled Parasite and Fungi","floor":26.0,"turns":4.0},{"damage":0.0,"enemies":"Centurion and Healer","floor":27.0,"turns":3.0},{"damage":24.0,"enemies":"Chosen and Byrds","floor":29.0,"turns":7.0},{"damage":5.0,"enemies":"Slavers","floor":31.0,"turns":3.0},{"damage":2.0,"enemies":"3 Cultists","floor":33.0,"turns":3.0},{"damage":1.0,"enemies":"Gremlin Leader","floor":36.0,"turns":6.0},{"damage":2.0,"enemies":"Shelled Parasite and Fungi","floor":39.0,"turns":5.0},{"damage":0.0,"enemies":"Centurion and Healer","floor":40.0,"turns":5.0},{"damage":0.0,"enemies":"Snecko","floor":42.0,"turns":4.0},{"damage":0.0,"enemies":"Book of Stabbing","floor":43.0,"turns":4.0},{"damage":0.0,"enemies":"Snake Plant","floor":44.0,"turns":2.0},{"damage":0.0,"enemies":"Champ","floor":47.0,"turns":5.0},{"damage":0,"enemies":"Orb Walker","floor":49,"turns":1},{"damage":0,"enemies":"3 Darklings","floor":52,"turns":1},{"damage":0,"enemies":"Maw","floor":54,"turns":1},{"damage":0,"enemies":"Nemesis","floor":57,"turns":1},{"damage":0,"enemies":"Transient","floor":58,"turns":5},{"damage":0,"enemies":"3 Darklings","floor":59,"turns":1},{"damage":0,"enemies":"Spire Growth","floor":61,"turns":1},{"damage":0,"enemies":"2 Orb Walkers","floor":62,"turns":1},{"damage":0,"enemies":"Maw","floor":63,"turns":1},{"damage":0,"enemies":"Reptomancer","floor":66,"turns":1},{"damage":0,"enemies":"Writhing Mass","floor":67,"turns":3},{"damage":0,"enemies":"Time Eater","floor":69,"turns":11},{"damage":0,"enemies":"Shield and Spear","floor":73,"turns":1},{"damage":0,"enemies":"The Heart","floor":74,"turns":4}],"seed_played":"-4504482796527776921","potions_obtained":[{"floor":4.0,"key":"LiquidBronze"},{"floor":5.0,"key":"FearPotion"},{"floor":6.0,"key":"PowerPotion"},{"floor":13.0,"key":"Fruit Juice"},{"floor":14.0,"key":"CultistPotion"},{"floor":21.0,"key":"Strength Potion"},{"floor":29.0,"key":"Energy Potion"},{"floor":31.0,"key":"EssenceOfSteel"},{"floor":33.0,"key":"LiquidBronze"},{"floor":40.0,"key":"GamblersBrew"},{"floor":42.0,"key":"EssenceOfSteel"},{"floor":47.0,"key":"DuplicationPotion"},{"floor":58,"key":"DistilledChaos"}],"is_trial":false,"path_per_floor":["M","M","?","M","M","M","?","E","R","M","T","M","M","M","R","M","M","T","R","R","B",null,"M","M","?","M","M","?","M","?","E","R","M","$","R","E","T","$","M","M","R","M","E","M","R","R","B",null,"M","?","$","M","$","M","$","R","E","M","M","T","M","?","M","$","R","E","M","R","B",null,"R","$","E","B",null],"character_chosen":"THE_SILENT","items_purchased":["Membership Card","Orrery","Bag of Preparation","Well Laid Plans","Anchor","FossilizedHelix","TheAbacus"],"campfire_rested":1,"item_purchase_floors":[38,51,55,55,64,72,72],"current_hp_per_floor":[49,46,32,28,28,21,9,7,7,7,7,6,6,6,6,7,1,1,1,23,12,75,75,70,56,44,44,44,20,20,15,15,13,13,13,12,12,12,10,10,10,10,10,10,10,10,12,82,84,84,88,88,88,90,90,90,92,94,96,96,96,96,98,98,98,100,102,102,102,102,102,102,104,104],"gold":30,"neow_bonus":"TRANSFORM_TWO_CARDS","is_daily":false,"chose_seed":false,"campfire_upgraded":5,"win_rate":0.0,"timestamp":1612281780,"path_taken":["M","M","?","M","M","M","?","E","R","M","T","?","M","M","R","M","M","?","R","R","BOSS","M","M","?","M","M","?","M","?","E","R","M","$","R","E","T","$","M","M","R","M","E","M","R","R","BOSS","M","?","$","M","$","M","?","R","E","M","M","T","M","?","M","?","R","E","M","R","BOSS","R","$","E","BOSS"],"items_purchased_type":["Relic","Relic","Relic","Card","Relic","Relic","Relic"],"build_version":"2020-12-22","purchased_purges":7,"victory":true,"max_hp_per_floor":[70,70,70,70,70,70,70,70,70,70,70,70,70,70,70,75,75,75,75,75,75,75,75,75,80,80,80,80,80,80,80,80,80,80,80,80,80,80,80,80,80,80,80,80,80,80,82,82,84,84,88,88,88,90,90,90,92,94,96,96,96,96,98,98,98,100,102,102,102,102,102,102,104,104],"card_choices":[{"not_picked":["Cloak And Dagger","Deflect","Choke"],"picked":"SKIP","floor":1.0},{"not_picked":["Bane","Quick Slash","Acrobatics"],"picked":"SKIP","floor":2.0},{"not_picked":["Bane","PiercingWail"],"picked":"Endless Agony","floor":4.0},{"not_picked":["Infinite Blades","Setup"],"picked":"Deadly Poison","floor":5.0},{"not_picked":["Dodge and Roll","Dagger Throw","Choke"],"picked":"SKIP","floor":6.0},{"not_picked":["Quick Slash","Acrobatics"],"picked":"Deadly Poison","floor":8.0},{"not_picked":["Prepared","Flying Knee"],"picked":"Tactician","floor":10.0},{"not_picked":["Dagger Spray","Acrobatics"],"picked":"Tactician","floor":13.0},{"not_picked":["Deflect","Bouncing Flask"],"picked":"Noxious Fumes","floor":14.0},{"not_picked":["Dodge and Roll","Finisher","All Out Attack"],"picked":"SKIP","floor":16.0},{"not_picked":["Backflip","Terror","Quick Slash"],"picked":"SKIP","floor":17.0},{"not_picked":["Storm of Steel","Wraith Form v2","Unload"],"picked":"Corpse Explosion","floor":21.0},{"not_picked":["Blade Dance+1","Dagger Throw+1","Outmaneuver","Bane"],"picked":"SKIP","floor":23.0},{"not_picked":["Finisher","Dagger Throw","Deflect","Endless Agony+1"],"picked":"SKIP","floor":24.0},{"not_picked":["PiercingWail","Slice+1","Cloak And Dagger"],"picked":"Prepared","floor":26.0},{"not_picked":["Blade Dance","Bane+1","Dash"],"picked":"Reflex","floor":27.0},{"not_picked":["Quick Slash+1","Leg Sweep","Dagger Throw","Bouncing Flask+1"],"picked":"SKIP","floor":29.0},{"not_picked":["Crippling Poison","Phantasmal Killer","PiercingWail+1"],"picked":"Acrobatics","floor":31.0},{"not_picked":["Endless Agony+1","Blur","Slice","Cloak And Dagger"],"picked":"SKIP","floor":33.0},{"not_picked":["Underhanded Strike","PiercingWail","Poisoned Stab"],"picked":"Footwork","floor":36.0},{"not_picked":["Dagger Throw","Backstab","Heel Hook+1"],"picked":"Footwork+1","floor":39.0},{"not_picked":["Dagger Throw","Underhanded Strike+1","Deflect"],"picked":"Prepared+1","floor":40.0},{"not_picked":["Underhanded Strike","Dodge and Roll","Slice+1","Flying Knee"],"picked":"SKIP","floor":42.0},{"not_picked":["Envenom","Outmaneuver","Bane+1"],"picked":"Eviscerate+1","floor":43.0},{"not_picked":["Dodge and Roll+1","Slice","Crippling Poison","Outmaneuver"],"picked":"SKIP","floor":44.0},{"not_picked":["Grand Finale","Unload","Bullet Time","Phantasmal Killer"],"picked":"Singing Bowl","floor":47.0},{"not_picked":["Catalyst","Skewer+1","Dash+1","Deadly Poison+1"],"picked":"Singing Bowl","floor":49},{"not_picked":["Deflect+1","Phantasmal Killer","Sucker Punch+1"],"picked":"Concentrate+1","floor":51},{"not_picked":["Backstab","Deadly Poison","Distraction+1","Blade Dance"],"picked":"Singing Bowl","floor":51},{"not_picked":["Bane+1","Storm of Steel","Terror"],"picked":"Acrobatics","floor":51},{"not_picked":["Dash","Setup","Underhanded Strike+1"],"picked":"Prepared","floor":51},{"not_picked":["Flechettes","Endless Agony","Deflect","Sucker Punch+1"],"picked":"Singing Bowl","floor":51},{"not_picked":["Dagger Throw","Bane","Underhanded Strike"],"picked":"Calculated Gamble+1","floor":52},{"not_picked":["Accuracy+1","Poisoned Stab","Terror","Bane+1"],"picked":"Singing Bowl","floor":54},{"not_picked":["Dagger Spray+1","PiercingWail+1","Accuracy","Underhanded Strike+1"],"picked":"Singing Bowl","floor":57},{"not_picked":["Crippling Poison","Poisoned Stab+1","Dagger Spray+1","Prepared"],"picked":"Singing Bowl","floor":58},{"not_picked":["Concentrate","Poisoned Stab","Dagger Throw","Flechettes"],"picked":"Singing Bowl","floor":59},{"not_picked":["Tactician","Well Laid Plans+1","All Out Attack"],"picked":"Blur+1","floor":61},{"not_picked":["Leg Sweep+1","Quick Slash+1","Outmaneuver+1"],"picked":"Terror+1","floor":62},{"not_picked":["Corpse Explosion","Deflect","Dagger Spray+1","Dagger Throw"],"picked":"Singing Bowl","floor":63},{"not_picked":["Dash","Bane","Dodge and Roll","Acrobatics"],"picked":"Singing Bowl","floor":66},{"not_picked":["Prepared+1","Dodge and Roll+1","Noxious Fumes","Riddle With Holes"],"picked":"Singing Bowl","floor":67},{"not_picked":["Dagger Throw","Flechettes+1","Flying Knee+1","Prepared+1"],"picked":"Singing Bowl","floor":73}],"player_experience":2365941,"relics_obtained":[{"floor":8.0,"key":"Bronze Scales"},{"floor":11.0,"key":"Whetstone"},{"floor":18.0,"key":"Question Card"},{"floor":31.0,"key":"Ancient Tea Set"},{"floor":36.0,"key":"Snake Skull"},{"floor":37.0,"key":"Shovel"},{"floor":41.0,"key":"Omamori"},{"floor":43.0,"key":"Mummified Hand"},{"floor":45.0,"key":"Singing Bowl"},{"floor":46.0,"key":"Smiling Mask"},{"floor":56,"key":"War Paint"},{"floor":57,"key":"Bird Faced Urn"},{"floor":62,"key":"TungstenRod"},{"floor":65,"key":"Oddly Smooth Stone"},{"floor":66,"key":"Calipers"},{"floor":71,"key":"Kunai"},{"floor":73,"key":"Lantern"}],"event_choices":[{"damage_healed":0.0,"max_hp_gain":0.0,"max_hp_loss":0.0,"gold_gain":0.0,"event_name":"Shining Light","player_choice":"Entered Light","floor":3.0,"gold_loss":0.0,"damage_taken":14.0,"cards_upgraded":["Acrobatics","Defend_G"]},{"damage_healed":0.0,"max_hp_gain":0.0,"max_hp_loss":0.0,"gold_gain":0.0,"event_name":"Scrap Ooze","player_choice":"Success","floor":7.0,"gold_loss":0.0,"damage_taken":12.0,"relics_obtained":["Art of War"]},{"damage_healed":0.0,"max_hp_gain":5.0,"max_hp_loss":0.0,"gold_gain":0.0,"event_name":"Forgotten Altar","player_choice":"Shed Blood","floor":25.0,"gold_loss":0.0,"damage_taken":19.0},{"damage_healed":0.0,"max_hp_gain":0.0,"max_hp_loss":0.0,"gold_gain":0.0,"event_name":"Addict","player_choice":"Obtained Relic","floor":28.0,"gold_loss":85.0,"damage_taken":0.0,"relics_obtained":["Paper Crane"]},{"damage_healed":0.0,"max_hp_gain":0.0,"max_hp_loss":0.0,"gold_gain":0.0,"event_name":"The Woman in Blue","player_choice":"Bought 1 Potion","floor":30.0,"gold_loss":0.0,"damage_taken":0.0},{"damage_healed":0,"gold_gain":0,"player_choice":"Upgraded","damage_taken":0,"max_hp_gain":0,"max_hp_loss":0,"event_name":"Upgrade Shrine","floor":50,"gold_loss":0,"cards_upgraded":["Acrobatics"]},{"damage_healed":0,"gold_gain":0,"player_choice":"Fight","damage_taken":0,"max_hp_gain":0,"max_hp_loss":0,"event_name":"Mysterious Sphere","floor":62,"gold_loss":0}],"is_beta":false,"boss_relics":[{"not_picked":["Calling Bell","Ring of the Serpent"],"picked":"Empty Cage"},{"not_picked":["WristBlade","Fusion Hammer"],"picked":"Astrolabe"}],"items_purged_floors":[34,38,51,53,55,64,72],"is_endless":false,"potions_floor_spawned":[4,5,6,13,14,21,29,31,33,40,42,43,47,49,52,58,61,66,73],"ascension_level":1}}