{"host":"yecadp3kwkksam5a","time":1612268174,"event":{"mods":["100% Spire Juice","Arknights","BaseMod","Minty Spire (QoL Compilation)","StSLib","SuperFastMode","The Cursed","WarShipGirlsR/??á´Ò³R mod"],"gold_per_floor":[119,138,138,138,148,182,182,212,236,236,186,220,220,245,245,316,316,336,53,73,84,94,125,137,172,199,213,213,230,230,26,26,103,103,116,129,142,142,44,77,90,130,178,200,220,220,17,58,58,58,58,58,8,51,51],"floor_reached":56,"language":"KOR","playtime":2969,"items_purged":["Defend_B","Defend_B","Defend_B","Defend_B","Strike_B+1"],"score":2110,"play_id":"490bb4f0-4b96-4d9e-8f43-faa13b7ee537","local_time":"20210202211614","is_ascension_mode":true,"campfire_choices":[{"data":"Chaos","floor":7.0,"key":"SMITH"},{"data":"Chaos","floor":10.0,"key":"SMITH"},{"floor":15.0,"key":"RECALL"},{"data":"Hologram","floor":30,"key":"SMITH"},{"data":"Hologram","floor":32,"key":"SMITH"},{"data":"Capacitor","floor":46,"key":"SMITH"},{"data":"Seek","floor":49,"key":"SMITH"},{"data":"Defragment","floor":52,"key":"SMITH"}],"circlet_count":0,"master_deck":["AscendersBane","Strike_B+1","Zap","Dualcast","Mayhem+1","Mayhem+1","Mayhem+1","Mayhem+1","Mayhem+1","Mayhem+1","Mayhem+1","Mayhem+1","Mayhem+1","Mayhem+1","Mayhem+1","Mayhem+1","Mayhem+1","Mayhem+1","Mayhem+1","Loop","Chaos+1","Ball Lightning","Reinforced Body","Chaos+1","Echo Form","Blizzard","Core Surge","Compile Driver","Coolheaded","Chaos+1","Hologram+1","Apotheosis+1","Capacitor+1","Hologram+1","Hologram","Coolheaded","Biased Cognition","Thunder Strike","Fusion","Coolheaded","Compile Driver","Heatsinks","Blizzard","Defragment+1","Seek+1","Glacier"],"relics":["Cracked Core","Bird Faced Urn","Bronze Scales","HornCleat","Whetstone","Toy Ornithopter","Boot","Happy Flower","SlaversCollar","DollysMirror","Art of War","Smiling Mask","Medical Kit","OrangePellets","Nuclear Battery","Lantern","CeramicFish","Dream Catcher","Runic Capacitor","Bag of Preparation","Ornamental Fan"],"acts_visited":["Exordium","TheCity","TheBeyond","TheEnding"],"potions_floor_usage":[],"damage_taken":[{"damage":18.0,"enemies":"2 Louse","floor":1.0,"turns":5.0},{"damage":9.0,"enemies":"Jaw Worm","floor":2.0,"turns":4.0},{"damage":4.0,"enemies":"Small Slimes","floor":5.0,"turns":4.0},{"damage":35.0,"enemies":"3 Sentries","floor":6.0,"turns":6.0},{"damage":27.0,"enemies":"Gremlin Nob","floor":8.0,"turns":4.0},{"damage":21.0,"enemies":"3 Sentries","floor":12.0,"turns":5.0},{"damage":5.0,"enemies":"Gremlin Nob","floor":14.0,"turns":5.0},{"damage":26.0,"enemies":"Slime Boss","floor":16.0,"turns":7.0},{"damage":18,"enemies":"3 Byrds","floor":18,"turns":3},{"damage":15,"enemies":"Chosen","floor":20,"turns":6},{"damage":25,"enemies":"Snake Plant","floor":21,"turns":4},{"damage":20,"enemies":"Shelled Parasite and Fungi","floor":22,"turns":4},{"damage":37,"enemies":"Gremlin Leader","floor":23,"turns":5},{"damage":8,"enemies":"Snecko","floor":24,"turns":4},{"damage":40,"enemies":"Book of Stabbing","floor":25,"turns":5},{"damage":20,"enemies":"Snake Plant","floor":27,"turns":3},{"damage":21,"enemies":"Sentry and Sphere","floor":29,"turns":5},{"damage":0,"enemies":"Champ","floor":33,"turns":6},{"damage":36,"enemies":"3 Shapes","floor":35,"turns":5},{"damage":0,"enemies":"Orb Walker","floor":36,"turns":4},{"damage":0,"enemies":"Maw","floor":37,"turns":5},{"damage":0,"enemies":"Giant Head","floor":40,"turns":5},{"damage":22,"enemies":"Sphere and 2 Shapes","floor":41,"turns":6},{"damage":22,"enemies":"Reptomancer","floor":42,"turns":5},{"damage":18,"enemies":"Spire Growth","floor":44,"turns":5},{"damage":15,"enemies":"3 Darklings","floor":45,"turns":4},{"damage":48,"enemies":"Nemesis","floor":48,"turns":5},{"damage":26,"enemies":"Donu and Deca","floor":50,"turns":5},{"damage":38,"enemies":"Shield and Spear","floor":54,"turns":4},{"damage":10,"enemies":"The Heart","floor":55,"turns":6}],"seed_played":"-6534262695859221908","potions_obtained":[{"floor":5.0,"key":"Energy Potion"},{"floor":6.0,"key":"SkillPotion"}],"is_trial":false,"path_per_floor":["M","M","?","T","M","E","R","E","T","R","?","E","?","E","R","B",null,"M","$","M","M","M","E","M","E","T","M","?","M","R","$","R","B",null,"M","M","M","?","$","E","M","E","T","M","M","R","$","E","R","B",null,"R","$","E","B",null],"character_chosen":"DEFECT","items_purchased":["Coolheaded","DollysMirror","Medical Kit","Coolheaded","Runic Capacitor"],"campfire_rested":0,"item_purchase_floors":[19,19,31,39,47],"current_hp_per_floor":[81,82,87,87,85,77,77,64,64,64,64,75,68,84,84,83,86,85,85,84,73,87,78,87,81,81,73,73,85,85,85,85,87,87,71,87,87,84,84,87,69,87,87,84,87,87,87,67,67,85,87,87,87,81,85],"gold":51,"neow_bonus":"TEN_PERCENT_HP_BONUS","is_daily":false,"chose_seed":false,"campfire_upgraded":7,"win_rate":0.0,"timestamp":1612268174,"path_taken":["M","M","?","?","M","E","R","E","T","R","?","E","?","E","R","BOSS","M","$","M","M","M","E","M","E","T","M","?","M","R","?","R","BOSS","M","M","M","?","$","E","?","E","T","M","M","R","?","E","R","BOSS","R","$","E","BOSS"],"items_purchased_type":["Card","Relic","Relic","Card","Relic"],"build_version":"2020-12-22","purchased_purges":5,"victory":true,"max_hp_per_floor":[82,82,87,87,87,87,87,87,87,87,87,87,87,87,87,87,87,87,87,87,87,87,87,87,87,87,87,87,87,87,87,87,87,87,87,87,87,87,87,87,87,87,87,87,87,87,87,87,87,87,87,87,87,87,87],"card_choices":[{"not_picked":["Leap","Turbo"],"picked":"Loop","floor":1.0},{"not_picked":["Static Discharge","Rebound"],"picked":"Chaos","floor":2.0},{"not_picked":["Steam Power","Steam"],"picked":"Ball Lightning","floor":5.0},{"not_picked":["Turbo","Hyperbeam"],"picked":"Reinforced Body","floor":6.0},{"not_picked":["Double Energy","Steam"],"picked":"Chaos","floor":8.0},{"not_picked":["Turbo","Doom and Gloom"],"picked":"Echo Form","floor":12.0},{"not_picked":["Redo","Rebound"],"picked":"Blizzard","floor":14.0},{"not_picked":["Fission","Rainbow"],"picked":"Core Surge","floor":16.0},{"not_picked":["Steam+1","Aggregate+1"],"picked":"Compile Driver","floor":18},{"not_picked":["Steam","Leap"],"picked":"Hologram","floor":20},{"not_picked":["Beam Cell","Reboot","Reprogram"],"picked":"SKIP","floor":21},{"not_picked":["Sweeping Beam+1","BootSequence"],"picked":"Capacitor","floor":22},{"not_picked":["Conserve Battery+1","Streamline","Darkness"],"picked":"SKIP","floor":23},{"not_picked":["Ball Lightning","Chaos"],"picked":"Hologram","floor":24},{"not_picked":["Gash+1","Sunder"],"picked":"Hologram","floor":25},{"not_picked":["Double Energy","Turbo","Consume"],"picked":"SKIP","floor":27},{"not_picked":["Sunder","Static Discharge"],"picked":"Biased Cognition","floor":29},{"not_picked":["Seek","All For One"],"picked":"Thunder Strike","floor":33},{"not_picked":["Genetic Algorithm","Beam Cell+1"],"picked":"Fusion","floor":35},{"not_picked":["Go for the Eyes","Rebound","Streamline"],"picked":"SKIP","floor":36},{"not_picked":["Sunder","Scrape","Darkness"],"picked":"SKIP","floor":37},{"not_picked":["Steam","Barrage+1"],"picked":"Compile Driver","floor":40},{"not_picked":["Undo","Steam","Darkness"],"picked":"SKIP","floor":41},{"not_picked":["BootSequence+1","Cold Snap+1"],"picked":"Heatsinks","floor":42},{"not_picked":["Conserve Battery","Redo"],"picked":"Blizzard","floor":44},{"not_picked":["Go for the Eyes","Barrage"],"picked":"Defragment","floor":45},{"not_picked":["Sweeping Beam","Go for the Eyes"],"picked":"Seek","floor":48},{"not_picked":["Go for the Eyes","Rebound+1"],"picked":"Glacier","floor":54}],"player_experience":592421,"relics_obtained":[{"floor":4.0,"key":"Bronze Scales"},{"floor":6.0,"key":"HornCleat"},{"floor":8.0,"key":"Whetstone"},{"floor":9.0,"key":"Toy Ornithopter"},{"floor":12.0,"key":"Boot"},{"floor":14.0,"key":"Happy Flower"},{"floor":23,"key":"Art of War"},{"floor":25,"key":"Smiling Mask"},{"floor":40,"key":"Lantern"},{"floor":42,"key":"CeramicFish"},{"floor":43,"key":"Dream Catcher"},{"floor":48,"key":"Bag of Preparation"},{"floor":54,"key":"Ornamental Fan"}],"event_choices":[{"damage_healed":0.0,"max_hp_gain":5.0,"max_hp_loss":0.0,"gold_gain":0.0,"event_name":"Big Fish","player_choice":"Donut","floor":3.0,"gold_loss":0.0,"damage_taken":0.0},{"cards_removed":["Strike_B"],"damage_healed":0.0,"max_hp_gain":0.0,"max_hp_loss":0.0,"gold_gain":0.0,"event_name":"The Cleric","player_choice":"Card Removal","floor":11.0,"gold_loss":50.0,"damage_taken":0.0},{"cards_removed":["Strike_B"],"damage_healed":0.0,"max_hp_gain":0.0,"max_hp_loss":0.0,"gold_gain":0.0,"event_name":"Golden Wing","player_choice":"Card Removal","floor":13.0,"gold_loss":0.0,"damage_taken":7.0},{"damage_healed":0,"gold_gain":0,"player_choice":"Copied","damage_taken":0,"max_hp_gain":0,"max_hp_loss":0,"event_name":"Duplicator","floor":28,"gold_loss":0,"cards_obtained":["Coolheaded"]},{"damage_healed":0,"gold_gain":0,"player_choice":"Punched","damage_taken":3,"max_hp_gain":0,"max_hp_loss":0,"event_name":"Designer","floor":38,"gold_loss":0}],"is_beta":false,"boss_relics":[{"not_picked":["Pandora\u0027s Box","Velvet Choker"],"picked":"SlaversCollar"},{"not_picked":["Runic Pyramid","FrozenCore"],"picked":"Nuclear Battery"}],"items_purged_floors":[19,31,39,47,53],"is_endless":false,"potions_floor_spawned":[5,6,12,18,22,23,24,29,33,37,41,48],"ascension_level":13}}