{"host":"dhlnk6yox2l1s6up","time":1612281519,"event":{"mods":["BaseMod","Bestiary","Colored Map","Highlight Path","Minty Spire (QoL Compilation)","Relic Stats","StSLib"],"gold_per_floor":[115,75,85,13,23,51,67,97,165,191,191,209,228,228,228,330,330,349,349,366,384,67,67,86,115,115,115,215,215,235,250,250,346,346,365,1364,757,773,787,813,196,213,264,264],"floor_reached":43,"language":"ENG","playtime":4392,"items_purged":["Strike_G","Normality","Normality"],"score":803,"play_id":"c7599e69-fc33-46f9-a841-d34a97f3223b","local_time":"20210202095839","is_ascension_mode":true,"campfire_choices":[{"floor":11,"key":"REST"},{"floor":15,"key":"REST"},{"data":"Catalyst","floor":23,"key":"SMITH"},{"floor":27,"key":"REST"},{"data":"Footwork","floor":29,"key":"SMITH"},{"floor":32,"key":"REST"}],"circlet_count":0,"master_deck":["AscendersBane","Defend_G","Defend_G","Defend_G","Defend_G","Defend_G","Survivor","Neutralize","Dagger Spray","Quick Slash","Bouncing Flask","Deflect","Footwork+1","Noxious Fumes","Well Laid Plans","Backflip","Catalyst+1","Night Terror","Poisoned Stab+1","Heel Hook","Dagger Throw","Venomology","Noxious Fumes","Acrobatics","Escape Plan","Tactician+1","Backflip+1","Acrobatics","PiercingWail","Envenom","Footwork","Deflect+1","Noxious Fumes+1","Acrobatics+1","Footwork","Reflex+1"],"relics":["Ring of the Snake","NeowsBlessing","Vajra","Incense Burner","Mummified Hand","Orichalcum","Sozu","Medical Kit","Regal Pillow","Question Card","StoneCalendar","InkBottle","Empty Cage","Toolbox","Tingsha","Ancient Tea Set","Mercury Hourglass","Lantern"],"acts_visited":["Exordium","TheCity","TheBeyond"],"potions_floor_usage":[6,8,13,16,21,28],"damage_taken":[{"damage":0,"enemies":"Small Slimes","floor":1,"turns":1},{"damage":0,"enemies":"Cultist","floor":3,"turns":1},{"damage":0,"enemies":"2 Louse","floor":5,"turns":1},{"damage":15,"enemies":"Lagavulin","floor":6,"turns":6},{"damage":0,"enemies":"Exordium Wildlife","floor":7,"turns":2},{"damage":24,"enemies":"Gremlin Nob","floor":8,"turns":4},{"damage":13,"enemies":"3 Sentries","floor":10,"turns":8},{"damage":8,"enemies":"Blue Slaver","floor":12,"turns":4},{"damage":0,"enemies":"Exordium Thugs","floor":13,"turns":5},{"damage":24,"enemies":"Slime Boss","floor":16,"turns":11},{"damage":0,"enemies":"Chosen","floor":18,"turns":4},{"damage":6,"enemies":"Shell Parasite","floor":20,"turns":5},{"damage":5,"enemies":"Centurion and Healer","floor":21,"turns":6},{"damage":1,"enemies":"Snecko","floor":24,"turns":4},{"damage":39,"enemies":"Slavers","floor":25,"turns":6},{"damage":19,"enemies":"Colosseum Slavers","floor":28,"turns":4},{"damage":1,"enemies":"Colosseum Nobs","floor":28,"turns":4},{"damage":12,"enemies":"Cultist and Chosen","floor":30,"turns":6},{"damage":7,"enemies":"Centurion and Healer","floor":31,"turns":6},{"damage":26,"enemies":"Champ","floor":33,"turns":9},{"damage":3,"enemies":"3 Darklings","floor":35,"turns":5},{"damage":8,"enemies":"3 Shapes","floor":38,"turns":5},{"damage":2,"enemies":"Jaw Worm Horde","floor":39,"turns":5},{"damage":22,"enemies":"Reptomancer","floor":40,"turns":6},{"damage":3,"enemies":"4 Shapes","floor":42,"turns":4}],"seed_played":"6998101814962235359","potions_obtained":[{"floor":2,"key":"Poison Potion"},{"floor":2,"key":"Poison Potion"},{"floor":2,"key":"DistilledChaos"},{"floor":3,"key":"ColorlessPotion"},{"floor":6,"key":"ColorlessPotion"},{"floor":8,"key":"GamblersBrew"},{"floor":13,"key":"Block Potion"},{"floor":16,"key":"DuplicationPotion"}],"is_trial":false,"path_per_floor":["M","?","M","$","M","E","M","E","T","E","R","M","M","?","R","B",null,"M","?","M","M","$","R","M","E","T","R","?","R","M","M","R","B",null,"M","?","$","M","M","E","$","M","T"],"character_chosen":"THE_SILENT","items_purchased":["Bouncing Flask","Medical Kit","Noxious Fumes","Acrobatics","Footwork","Toolbox","Tingsha","Mercury Hourglass","Lantern","Footwork"],"campfire_rested":4,"item_purchase_floors":[4,22,22,22,37,37,37,41,41,41],"current_hp_per_floor":[63,63,63,63,63,48,48,24,24,11,32,24,24,24,45,21,58,58,58,52,47,47,47,46,7,7,43,23,23,11,4,40,14,56,53,53,53,45,43,21,21,18,18,18],"gold":264,"neow_bonus":"THREE_ENEMY_KILL","is_daily":false,"chose_seed":false,"campfire_upgraded":2,"win_rate":0.0,"timestamp":1612281519,"path_taken":["M","?","?","$","M","E","M","E","T","E","R","M","M","?","R","BOSS","M","?","M","M","$","R","M","E","T","R","?","R","M","?","R","BOSS","M","?","$","M","M","E","$","M","T"],"items_purchased_type":["Card","Relic","Card","Card","Card","Relic","Relic","Relic","Relic","Card"],"build_version":"2020-12-22","purchased_purges":3,"victory":false,"max_hp_per_floor":[70,70,70,70,70,70,70,70,70,70,70,70,70,70,70,70,70,70,70,70,70,70,70,70,70,70,70,70,70,70,70,70,70,70,70,70,70,70,70,70,70,70,70,70],"relic_stats":{"Regal Pillow":30,"counters":[25,122],"StoneCalendar":[52],"Tingsha":[42],"Orichalcum":[120],"Medical Kit":[5],"Question Card":9,"Mercury Hourglass":[36],"Sozu":14,"Mummified Hand":[89],"obtain_stats":[{"Regal Pillow":25,"Lantern":41,"NeowsBlessing":0,"Vajra":6,"StoneCalendar":28,"Tingsha":37,"Incense Burner":8,"Orichalcum":10,"Medical Kit":22,"Question Card":26,"Empty Cage":34,"Ancient Tea Set":40,"Mercury Hourglass":41,"Sozu":17,"Mummified Hand":9,"Toolbox":37,"InkBottle":28,"Ring of the Snake":0},{"Regal Pillow":15,"Lantern":24,"NeowsBlessing":0,"Vajra":4,"StoneCalendar":17,"Tingsha":21,"Incense Burner":6,"Orichalcum":7,"Medical Kit":13,"Question Card":15,"Empty Cage":20,"Ancient Tea Set":24,"Mercury Hourglass":24,"Sozu":10,"Mummified Hand":6,"Toolbox":21,"InkBottle":17,"Ring of the Snake":0},{"Regal Pillow":68,"Lantern":118,"NeowsBlessing":0,"Vajra":9,"StoneCalendar":76,"Tingsha":102,"Incense Burner":15,"Orichalcum":23,"Medical Kit":58,"Question Card":68,"Empty Cage":97,"Ancient Tea Set":118,"Mercury Hourglass":118,"Sozu":43,"Mummified Hand":15,"Toolbox":102,"InkBottle":76,"Ring of the Snake":0}],"InkBottle":[25],"Ring of the Snake":[50]},"card_choices":[{"not_picked":["Flying Knee","Sucker Punch"],"picked":"Dagger Spray","floor":1},{"not_picked":["Sucker Punch","Outmaneuver"],"picked":"Quick Slash","floor":3},{"not_picked":["Outmaneuver","Poisoned Stab"],"picked":"Deflect","floor":5},{"not_picked":["Dodge and Roll","Blur","Phantasmal Killer"],"picked":"SKIP","floor":6},{"not_picked":["Deflect","PiercingWail"],"picked":"Footwork","floor":7},{"not_picked":["Cloak And Dagger","Choke"],"picked":"Noxious Fumes","floor":8},{"not_picked":["Blade Dance","Bouncing Flask"],"picked":"Well Laid Plans","floor":10},{"not_picked":["Outmaneuver","All Out Attack"],"picked":"Backflip","floor":12},{"not_picked":["Dagger Throw","Deflect"],"picked":"Catalyst","floor":13},{"not_picked":["Storm of Steel","Envenom"],"picked":"Night Terror","floor":16},{"not_picked":["Acrobatics","Bane"],"picked":"Poisoned Stab+1","floor":18},{"not_picked":["Cloak And Dagger","Accuracy+1","Finisher"],"picked":"SKIP","floor":20},{"not_picked":["Blade Dance","Underhanded Strike+1"],"picked":"Venomology","floor":21},{"not_picked":["Poisoned Stab","Sucker Punch"],"picked":"Escape Plan","floor":24},{"not_picked":["Caltrops","Endless Agony"],"picked":"Tactician+1","floor":25},{"not_picked":["All Out Attack","Dagger Spray","Cloak And Dagger+1"],"picked":"Backflip+1","floor":28},{"not_picked":["Dagger Spray","Blade Dance","Bane"],"picked":"Acrobatics","floor":30},{"not_picked":["Cloak And Dagger","Underhanded Strike","Bouncing Flask+1"],"picked":"PiercingWail","floor":31},{"not_picked":["Phantasmal Killer","A Thousand Cuts","Grand Finale"],"picked":"Envenom","floor":33},{"not_picked":["Underhanded Strike","Backflip","Dash","Terror"],"picked":"SKIP","floor":35},{"not_picked":["Outmaneuver+1","Underhanded Strike+1","Poisoned Stab"],"picked":"Deflect+1","floor":38},{"not_picked":["Slice+1","Underhanded Strike","Sucker Punch+1"],"picked":"Noxious Fumes+1","floor":39},{"not_picked":["Predator","Unload","Blur"],"picked":"Acrobatics+1","floor":40},{"not_picked":["Quick Slash+1","Deadly Poison+1","Bane+1"],"picked":"Reflex+1","floor":42}],"player_experience":6076011,"relics_obtained":[{"floor":6,"key":"Vajra"},{"floor":8,"key":"Incense Burner"},{"floor":9,"key":"Mummified Hand"},{"floor":10,"key":"Orichalcum"},{"floor":25,"key":"Regal Pillow"},{"floor":26,"key":"Question Card"},{"floor":28,"key":"StoneCalendar"},{"floor":28,"key":"InkBottle"},{"floor":40,"key":"Ancient Tea Set"}],"event_choices":[{"damage_healed":0,"gold_gain":0,"player_choice":"Bought 3 Potions","damage_taken":0,"max_hp_gain":0,"max_hp_loss":0,"event_name":"The Woman in Blue","floor":2,"gold_loss":0},{"damage_healed":0,"gold_gain":0,"player_choice":"Ignored","damage_taken":0,"max_hp_gain":0,"max_hp_loss":0,"event_name":"Liars Game","floor":14,"gold_loss":0},{"damage_healed":0,"gold_gain":0,"cards_transformed":["Strike_G","Strike_G"],"player_choice":"Became Test Subject","damage_taken":0,"max_hp_gain":0,"max_hp_loss":0,"event_name":"Drug Dealer","floor":19,"gold_loss":0,"cards_obtained":["Heel Hook","Dagger Throw"]},{"damage_healed":0,"gold_gain":0,"player_choice":"Fight","damage_taken":0,"max_hp_gain":0,"max_hp_loss":0,"event_name":"Colosseum","floor":28,"gold_loss":0},{"damage_healed":0,"gold_gain":0,"player_choice":"Fought Nobs","damage_taken":0,"max_hp_gain":0,"max_hp_loss":0,"event_name":"Colosseum","floor":28,"gold_loss":0},{"damage_healed":0,"gold_gain":999,"player_choice":"Gold","damage_taken":0,"max_hp_gain":0,"max_hp_loss":0,"event_name":"MindBloom","floor":36,"gold_loss":0,"cards_obtained":["Normality","Normality"]}],"is_beta":false,"boss_relics":[{"not_picked":["SlaversCollar","Velvet Choker"],"picked":"Sozu"},{"not_picked":["Calling Bell","SacredBark"],"picked":"Empty Cage"}],"items_purged_floors":[22,37,41],"is_endless":false,"potions_floor_spawned":[3,6,8,13,16,18,21,24,28,30,33,39],"ascension_level":10}}