{"host":"l2kmo5ss1fnqnmvo","time":1612248975,"event":{"mods":["BaseMod","Colored Powertips","Decade(王小明)","Lobotomy","Minty Spire (QoL Compilation)","Reimu（博丽灵梦）","WarShipGirlsR/战舰少女R mod"],"gold_per_floor":[113,132,207,221,118,118,147,147,147,147,147,137,163,180,180,278,278,338,413,428,428,428],"floor_reached":21,"language":"ZHS","playtime":1496,"items_purged":[],"score":223,"play_id":"7a07a503-c961-47c1-a8bc-64230dae4709","local_time":"20210202155615","is_ascension_mode":true,"campfire_choices":[{"floor":6.0,"key":"RECALL"},{"floor":8.0,"key":"REST"},{"data":"MirrorWorld","floor":15.0,"key":"SMITH"}],"circlet_count":0,"master_deck":["Decade_Attack","Decade_Attack","Decade_Attack","Decade_Attack","KamenRide","Decade_Defend","Decade_Defend","Decade_Defend","Decade_Defend","AutoVajin","KamenRideRyuki","BigBadWolf","RideBooker_Skill_1","Freischutz","Dragreder","UnarmedAttack1","Blade_Mach","GalaxyChild","MirrorWorld+1","DespairKnight","RideBooker_Skill_2","UniverseFragment","DenO_Climax","SilentOrchestra","FairyFestival","DecadeViolentEmotion"],"relics":["Decadriver","TOEIDeficitBill","CogitoBucket","Toy Ornithopter","Vajra","Strawberry","ChangeAnything","RedLine:ReiMu","MirrorWorldRelic"],"acts_visited":["Exordium","TheCity"],"potions_floor_usage":[],"damage_taken":[{"damage":12.0,"enemies":"Small Slimes","floor":1.0,"turns":3.0},{"damage":6.0,"enemies":"Jaw Worm","floor":2.0,"turns":4.0},{"damage":0.0,"enemies":"2 Louse","floor":4.0,"turns":4.0},{"damage":39.0,"enemies":"Lagavulin","floor":7.0,"turns":9.0},{"damage":0.0,"enemies":"3 Sentries","floor":13.0,"turns":4.0},{"damage":25.0,"enemies":"Looter","floor":14.0,"turns":6.0},{"damage":23.0,"enemies":"The Guardian","floor":16.0,"turns":6.0},{"damage":31,"enemies":"3 Byrds","floor":18,"turns":4},{"damage":21,"enemies":"Shell Parasite","floor":20,"turns":5},{"damage":45,"enemies":"Cultist and Chosen","floor":21,"turns":6}],"seed_played":"3969011115140136156","potions_obtained":[{"floor":13.0,"key":"FearPotion"},{"floor":14.0,"key":"Regen Potion"},{"floor":20,"key":"CultistPotion"}],"is_trial":false,"path_per_floor":["M","M","?","M","$","R","E","R","T","?","?","?","E","M","R","B",null,"M","?","M","M"],"character_chosen":"Decade","items_purchased":["Dragreder","UnarmedAttack1"],"campfire_rested":1,"item_purchase_floors":[5,5],"current_hp_per_floor":[63,57,46,56,56,56,22,43,43,36,24,24,52,63,63,35,77,65,58,35,0,0],"gold":428,"neow_bonus":"","is_daily":false,"chose_seed":false,"campfire_upgraded":1,"win_rate":0.0,"timestamp":1612248975,"path_taken":["M","M","?","M","$","R","E","R","T","?","?","?","E","M","R","BOSS","M","?","M","M"],"items_purchased_type":["Card","Card"],"build_version":"2020-12-22","purchased_purges":0,"victory":false,"max_hp_per_floor":[70,70,70,70,70,70,70,70,70,70,70,70,77,77,77,77,77,77,77,77,77,77],"card_choices":[{"not_picked":["Murderer","PunishingBird"],"picked":"MHz","floor":1.0},{"not_picked":["FormRide","Decade_Defend2"],"picked":"AutoVajin","floor":1.0},{"not_picked":["KamenRideBlade","UnarmedAttack7"],"picked":"KamenRideRyuki","floor":1.0},{"not_picked":["FairyFestival","SingingMachine"],"picked":"BigBadWolf","floor":2.0},{"not_picked":["Decade_Defend2","Blade_Slash"],"picked":"RideBooker_Skill_1","floor":2.0},{"not_picked":["AutoVajin","FormRideBasshaa","DenO_Sword"],"picked":"SKIP","floor":2.0},{"not_picked":["CrumblingArmor","OSAHOGD"],"picked":"Freischutz","floor":4.0},{"not_picked":["AutoVajin","KamenRideDecade","DenO_Ax"],"picked":"SKIP","floor":4.0},{"not_picked":["FieryBird","BeautyBeast","SingingMachine"],"picked":"Singing Bowl","floor":7.0},{"not_picked":["SpiderBud","Murderer"],"picked":"CENSORED","floor":7.0},{"not_picked":["DenO_Ax","Kiva_Frozen"],"picked":"Blade_Mach","floor":7.0},{"not_picked":["Murderer","Wellcheers","LittlePrince"],"picked":"Singing Bowl","floor":13.0},{"not_picked":["UniverseFragment","CrumblingArmor"],"picked":"GalaxyChild","floor":13.0},{"not_picked":["UnarmedAttack6","DenO_Rod"],"picked":"MirrorWorld","floor":13.0},{"not_picked":["PunishingBird","OSAHOGD","SpiderBud"],"picked":"Singing Bowl","floor":14.0},{"not_picked":["CherryBlossoms","OSAHOGD"],"picked":"DespairKnight","floor":14.0},{"not_picked":["FormRideDogga","UnarmedAttack3"],"picked":"RideBooker_Skill_2","floor":14.0},{"not_picked":["CrumblingArmor","MHz"],"picked":"UniverseFragment","floor":16.0},{"not_picked":["Kuuga_Rising","NMDAZYYGL"],"picked":"DenO_Climax","floor":16.0},{"not_picked":["Scorched","SpiderBud"],"picked":"SilentOrchestra","floor":18},{"not_picked":["Kiva_Frozen+1","DenO_Ax+1","UnarmedAttack5"],"picked":"SKIP","floor":18},{"not_picked":["SpiderBud","NakedNest"],"picked":"FairyFestival","floor":20},{"not_picked":["UnarmedAttack5","Decade_Defend2+1"],"picked":"DecadeViolentEmotion","floor":20}],"player_experience":595653,"relics_obtained":[{"floor":7.0,"key":"Toy Ornithopter"},{"floor":13.0,"key":"Strawberry"}],"event_choices":[{"damage_healed":0.0,"max_hp_gain":0.0,"max_hp_loss":0.0,"gold_gain":75.0,"event_name":"World of Goop","player_choice":"Gather Gold","floor":3.0,"gold_loss":0.0,"damage_taken":11.0},{"cards_removed":["MHz"],"damage_healed":0.0,"max_hp_gain":0.0,"max_hp_loss":0.0,"gold_gain":0.0,"event_name":"Golden Wing","player_choice":"Card Removal","floor":10.0,"gold_loss":0.0,"damage_taken":7.0},{"damage_healed":0.0,"max_hp_gain":0.0,"max_hp_loss":0.0,"gold_gain":0.0,"event_name":"Scrap Ooze","player_choice":"Success","floor":11.0,"gold_loss":0.0,"damage_taken":12.0,"relics_obtained":["Vajra"]},{"damage_healed":0,"gold_gain":75,"player_choice":"Touch","damage_taken":7,"max_hp_gain":0,"max_hp_loss":0,"event_name":"FaceTrader","floor":19,"gold_loss":0}],"is_beta":false,"boss_relics":[{"not_picked":["Sozu","Ectoplasm"],"picked":"RedLine:ReiMu"}],"items_purged_floors":[],"is_endless":false,"potions_floor_spawned":[13,14,18,20],"killed_by":"Cultist and Chosen","ascension_level":1}}