{"host":"vt6dr1xq3iy14a3e","time":1612301329,"event":{"mods":["AchievementEnabler","BaseMod","Colored Map","DeckTracker","Minty Spire (QoL Compilation)","StSLib","SuperFastMode"],"gold_per_floor":[116,116,131,80,80,112,132,164,164,164,184,184,184,204,204,204,204],"floor_reached":16,"language":"KOR","playtime":452,"items_purged":[],"score":223,"play_id":"8b1bc3d5-bfb0-493b-af60-1ef2daae9a32","local_time":"20210203062849","is_ascension_mode":true,"campfire_choices":[{"data":"Darkness","floor":10,"key":"SMITH"},{"floor":13,"key":"REST"},{"data":"Dualcast","floor":15,"key":"SMITH"}],"circlet_count":0,"master_deck":["AscendersBane","Strike_B","Strike_B","Strike_B","Strike_B","Defend_B","Defend_B","Defend_B","Zap","Dualcast+1","Conserve Battery","Aggregate","Sweeping Beam","Darkness+1","Capacitor","Skim","Undo"],"relics":["Cracked Core","NeowsBlessing","FaceOfCleric","Bronze Scales","Frozen Egg 2","Omamori","Golden Idol"],"acts_visited":["Exordium"],"potions_floor_usage":[8,16],"damage_taken":[{"damage":0,"enemies":"2 Louse","floor":1,"turns":1},{"damage":0,"enemies":"Cultist","floor":3,"turns":1},{"damage":0,"enemies":"Lagavulin","floor":6,"turns":1},{"damage":0,"enemies":"Small Slimes","floor":7,"turns":3},{"damage":33,"enemies":"Gremlin Nob","floor":8,"turns":4},{"damage":12,"enemies":"2 Fungi Beasts","floor":11,"turns":4},{"damage":23,"enemies":"Exordium Wildlife","floor":14,"turns":5},{"damage":31,"enemies":"Slime Boss","floor":16,"turns":3}],"seed_played":"-7019956991947698773","potions_obtained":[{"floor":3,"key":"BlessingOfTheForge"},{"floor":7,"key":"PowerPotion"},{"floor":14,"key":"Ancient Potion"}],"is_trial":false,"path_per_floor":["M","?","M","$","?","E","M","E","T","R","M","?","R","M","R","B"],"character_chosen":"DEFECT","items_purchased":["Sweeping Beam"],"campfire_rested":1,"item_purchase_floors":[4],"current_hp_per_floor":[68,61,61,61,61,62,63,31,31,31,20,20,43,21,21,0,0],"gold":204,"neow_bonus":"THREE_ENEMY_KILL","is_daily":false,"chose_seed":false,"campfire_upgraded":2,"win_rate":0.0,"timestamp":1612301329,"path_taken":["M","?","M","$","?","E","?","E","T","R","M","?","R","M","R","BOSS"],"items_purchased_type":["Card"],"build_version":"2020-12-22","purchased_purges":0,"victory":false,"max_hp_per_floor":[75,75,75,75,75,76,77,78,78,78,79,79,79,80,80,80,80],"card_choices":[{"not_picked":["Force Field","Leap"],"picked":"Conserve Battery","floor":1},{"not_picked":["Sweeping Beam","Auto Shields"],"picked":"Aggregate","floor":3},{"not_picked":["BootSequence","Storm"],"picked":"Darkness","floor":6},{"not_picked":["Static Discharge","Rebound"],"picked":"Capacitor","floor":7},{"not_picked":["Streamline","Barrage"],"picked":"Skim","floor":8},{"not_picked":["Scrape","Gash"],"picked":"Undo","floor":11},{"not_picked":["Gash","Redo","Ball Lightning"],"picked":"SKIP","floor":14}],"player_experience":1030838,"relics_obtained":[{"floor":6,"key":"Bronze Scales"},{"floor":8,"key":"Frozen Egg 2"},{"floor":9,"key":"Omamori"}],"event_choices":[{"cards_removed":["Defend_B"],"damage_healed":0,"gold_gain":0,"player_choice":"Card Removal","damage_taken":7,"max_hp_gain":0,"max_hp_loss":0,"event_name":"Golden Wing","floor":2,"gold_loss":0},{"damage_healed":0,"gold_gain":0,"player_choice":"Trade","damage_taken":0,"relics_obtained":["FaceOfCleric"],"max_hp_gain":0,"max_hp_loss":0,"event_name":"FaceTrader","floor":5,"gold_loss":0},{"damage_healed":0,"gold_gain":0,"player_choice":"Take Wound","damage_taken":0,"relics_obtained":["Golden Idol"],"max_hp_gain":0,"max_hp_loss":0,"event_name":"Golden Idol","floor":12,"gold_loss":0,"cards_obtained":["Injury"]}],"is_beta":false,"boss_relics":[],"items_purged_floors":[],"is_endless":false,"potions_floor_spawned":[3,7,14],"killed_by":"Slime Boss","ascension_level":13}}