{"host":"28bpuzdckreop5i0","time":1612276801,"event":{"mods":["BaseMod","Challenge The Spire","Defuse TimeMaze Blight","Downfall","Energized Spire","Googly Eyes","Minty Spire (QoL Compilation)","Relic Stats","Shop Mod","Spicy Shops","StSLib","The Awakened One except there are too many feathers","The IronCluck","Transform Curses","slay the spire mod where everything is the same but ironclad has a cowboy hat"],"gold_per_floor":[114,129,129,144,159,159,159,174,174,204,204,54,69,84,84,184,184,199,199,199,214,229,259,259,274,274,374,374,389,404,29,29,129,129,144,144,159,174,189,219,219,234,234,234,84,99,99,0,0,0],"floor_reached":51,"language":"ENG","playtime":1774,"items_purged":["Shrug It Off"],"score":878,"play_id":"c890e0f1-5913-426b-abad-317b6a90e6bd","local_time":"20210202084001","daily_mods":["SealedDeck","Uncertain Future","Lethality"],"is_ascension_mode":false,"campfire_choices":[{"data":"Armaments","floor":6,"key":"SMITH"},{"data":"Rage","floor":11,"key":"SMITH"},{"data":"Pummel","floor":15,"key":"SMITH"},{"data":"Limit Break","floor":24,"key":"SMITH"},{"data":"Sword Boomerang","floor":28,"key":"SMITH"},{"data":"Whirlwind","floor":32,"key":"SMITH"},{"data":"Ghostly Armor","floor":41,"key":"SMITH"},{"data":"Flash of Steel","floor":44,"key":"SMITH"},{"data":"Clash","floor":49,"key":"SMITH"}],"circlet_count":0,"master_deck":["Clash","Armaments+1","Battle Trance+1","Rage+1","Ghostly Armor+1","Clash+1","Sword Boomerang+1","Clash","Whirlwind+1","Pummel+1","Limit Break+1","Flash of Steel+1","Warcry+1","Clash+1"],"relics":["Black Blood","Blue Candle","Paper Frog","Ornamental Fan","bronze:DonusWashers","Runic Pyramid","Shuriken","champ:DeflectingBracers","Ice Cream","Strawberry","Torii","TheAbacus","Red Mask"],"acts_visited":["Exordium","TheCity","TheBeyond"],"potions_floor_usage":[50,50,50],"damage_taken":[{"damage":0,"enemies":"Cultist","floor":1,"turns":1},{"damage":0,"enemies":"Small Slimes","floor":2,"turns":1},{"damage":0,"enemies":"2 Louse","floor":4,"turns":1},{"damage":0,"enemies":"Blue Slaver","floor":5,"turns":1},{"damage":0,"enemies":"Looter","floor":8,"turns":2},{"damage":0,"enemies":"Lagavulin","floor":10,"turns":3},{"damage":0,"enemies":"Exordium Thugs","floor":13,"turns":1},{"damage":0,"enemies":"Exordium Wildlife","floor":14,"turns":2},{"damage":0,"enemies":"Slime Boss","floor":16,"turns":5},{"damage":0,"enemies":"Chosen","floor":18,"turns":3},{"damage":0,"enemies":"Shell Parasite","floor":21,"turns":2},{"damage":14,"enemies":"Snake Plant","floor":22,"turns":3},{"damage":0,"enemies":"Gremlin Leader","floor":23,"turns":5},{"damage":0,"enemies":"Snecko","floor":25,"turns":2},{"damage":1,"enemies":"Cultist and Chosen","floor":29,"turns":3},{"damage":8,"enemies":"Shelled Parasite and Fungi","floor":30,"turns":3},{"damage":17,"enemies":"Automaton","floor":33,"turns":5},{"damage":3,"enemies":"Orb Walker","floor":35,"turns":4},{"damage":0,"enemies":"3 Shapes","floor":37,"turns":2},{"damage":21,"enemies":"Writhing Mass","floor":38,"turns":3},{"damage":15,"enemies":"Spire Growth","floor":39,"turns":2},{"damage":0,"enemies":"Giant Head","floor":40,"turns":4},{"damage":25,"enemies":"Jaw Worm Horde","floor":42,"turns":2},{"damage":5,"enemies":"4 Shapes","floor":46,"turns":2},{"damage":84,"enemies":"Donu and Deca","floor":50,"turns":7}],"seed_played":"-9070903199233054170","potions_obtained":[{"floor":1,"key":"Ancient Potion"},{"floor":5,"key":"CultistPotion"},{"floor":10,"key":"BloodPotion"},{"floor":13,"key":"SteroidPotion"},{"floor":29,"key":"SteroidPotion"}],"is_trial":false,"path_per_floor":["M","M","?","M","M","R","?","M","T","E","R","$","M","M","R","B",null,"M","?","?","M","M","E","R","M","T","?","R","M","M","$","R","B",null,"M","?","M","M","M","E","R","M","T","R","$","M","?","?","R","B",null],"character_chosen":"IRONCLAD","items_purchased":["bronze:DonusWashers","Ice Cream","TheAbacus"],"campfire_rested":0,"item_purchase_floors":[12,31,45],"current_hp_per_floor":[80,80,80,80,80,80,75,80,80,80,80,80,80,80,80,80,80,80,65,65,71,63,69,69,75,75,75,75,80,78,78,78,67,85,85,85,85,76,73,92,92,79,79,79,79,86,86,86,86,31],"gold":0,"neow_bonus":"","is_daily":true,"chose_seed":false,"campfire_upgraded":9,"win_rate":0.0,"timestamp":1612276801,"path_taken":["M","?","?","M","M","R","?","M","T","E","R","$","M","M","R","BOSS","M","?","?","M","M","E","R","M","T","?","R","M","M","$","R","BOSS","M","?","M","M","M","E","R","M","T","R","$","M","?","?","R","BOSS"],"items_purchased_type":["Relic","Relic","Relic"],"build_version":"2020-12-22","purchased_purges":1,"victory":true,"max_hp_per_floor":[80,80,80,80,80,80,80,80,80,80,80,80,80,80,80,80,80,80,85,85,85,85,85,85,85,85,85,85,85,85,85,85,85,85,85,85,85,85,85,92,92,92,92,92,92,92,87,87,87,87],"relic_stats":{"TheAbacus":[30],"Torii":0,"counters":[25,69],"Ornamental Fan":[52],"Shuriken":[9],"Blue Candle":[0],"Black Blood":122,"obtain_stats":[{"Ice Cream":31,"bronze:DonusWashers":12,"Torii":43,"Blue Candle":7,"Black Blood":34,"champ:DeflectingBracers":26,"Burning Blood":0,"TheAbacus":45,"Ornamental Fan":10,"Shuriken":23,"Strawberry":40,"Red Mask":48,"Paper Frog":9,"Runic Pyramid":17},{"Ice Cream":16,"bronze:DonusWashers":6,"Torii":23,"Blue Candle":4,"Black Blood":17,"champ:DeflectingBracers":14,"Burning Blood":0,"TheAbacus":23,"Ornamental Fan":6,"Shuriken":13,"Strawberry":22,"Red Mask":24,"Paper Frog":5,"Runic Pyramid":9},{"Ice Cream":38,"bronze:DonusWashers":9,"Torii":60,"Blue Candle":4,"Black Blood":43,"champ:DeflectingBracers":32,"Burning Blood":0,"TheAbacus":60,"Ornamental Fan":9,"Shuriken":30,"Strawberry":58,"Red Mask":62,"Paper Frog":6,"Runic Pyramid":17}]},"card_choices":[{"not_picked":["Power Through","Carnage","Iron Wave"],"picked":"SKIP","floor":1},{"not_picked":["Battle Trance","Combust","Sever Soul"],"picked":"SKIP","floor":2},{"not_picked":["Clothesline","Ghostly Armor","Armaments"],"picked":"SKIP","floor":4},{"not_picked":["Reckless Charge","Pommel Strike","Perfected Strike"],"picked":"SKIP","floor":5},{"not_picked":["Impervious","Pommel Strike","Heavy Blade"],"picked":"SKIP","floor":8},{"not_picked":["Combust","Iron Wave","True Grit"],"picked":"SKIP","floor":10},{"not_picked":["True Grit","Heavy Blade","Thunderclap"],"picked":"SKIP","floor":13},{"not_picked":["True Grit","Whirlwind"],"picked":"Pummel","floor":14},{"not_picked":["Wild Strike+1","Body Slam+1","Sword Boomerang"],"picked":"SKIP","floor":18},{"not_picked":["Havoc","Blood for Blood","Metallicize"],"picked":"SKIP","floor":21},{"not_picked":["Pummel","Cleave","Battle Trance"],"picked":"SKIP","floor":22},{"not_picked":["Cleave","Bloodletting"],"picked":"Limit Break","floor":23},{"not_picked":["Reckless Charge+1","Shrug It Off","Headbutt"],"picked":"SKIP","floor":25},{"not_picked":["Armaments","Hemokinesis","Pommel Strike"],"picked":"SKIP","floor":29},{"not_picked":["Heavy Blade","Thunderclap","Anger+1"],"picked":"SKIP","floor":30},{"not_picked":["Iron Wave+1","Flex+1","Blood for Blood"],"picked":"SKIP","floor":35},{"not_picked":["Violence","PanicButton"],"picked":"Flash of Steel","floor":36},{"not_picked":["Shrug It Off","Metallicize+1","Perfected Strike"],"picked":"SKIP","floor":37},{"not_picked":["Dropkick+1","True Grit"],"picked":"Warcry+1","floor":38},{"not_picked":["Body Slam","Sever Soul+1","Heavy Blade"],"picked":"SKIP","floor":39},{"not_picked":["Anger","Shrug It Off"],"picked":"Clash+1","floor":40},{"not_picked":["Havoc+1","Seeing Red+1","Twin Strike"],"picked":"SKIP","floor":42},{"not_picked":["True Grit+1","Disarm","Intimidate"],"picked":"SKIP","floor":46}],"player_experience":945567,"relics_obtained":[{"floor":9,"key":"Paper Frog"},{"floor":10,"key":"Ornamental Fan"},{"floor":23,"key":"Shuriken"},{"floor":26,"key":"champ:DeflectingBracers"},{"floor":40,"key":"Strawberry"},{"floor":43,"key":"Torii"}],"event_choices":[{"damage_healed":0,"gold_gain":0,"player_choice":"Grow","damage_taken":0,"max_hp_gain":0,"max_hp_loss":0,"event_name":"Living Wall","floor":3,"gold_loss":0,"cards_upgraded":["Battle Trance"]},{"damage_healed":0,"gold_gain":0,"player_choice":"Shed Blood","damage_taken":20,"max_hp_gain":5,"max_hp_loss":0,"event_name":"Forgotten Altar","floor":19,"gold_loss":0},{"damage_healed":0,"gold_gain":0,"player_choice":"Ignored","damage_taken":0,"max_hp_gain":0,"max_hp_loss":0,"event_name":"Cursed Tome","floor":20,"gold_loss":0},{"damage_healed":0,"gold_gain":100,"player_choice":"Pray","damage_taken":0,"max_hp_gain":0,"max_hp_loss":0,"event_name":"Golden Shrine","floor":27,"gold_loss":0},{"damage_healed":0,"gold_gain":0,"player_choice":"Memory 1","damage_taken":0,"max_hp_gain":0,"max_hp_loss":0,"event_name":"SensoryStone","floor":36,"gold_loss":0},{"damage_healed":0,"gold_gain":0,"player_choice":"Max HP","damage_taken":0,"max_hp_gain":0,"max_hp_loss":5,"event_name":"Winding Halls","floor":47,"gold_loss":0},{"damage_healed":0,"gold_gain":0,"player_choice":"Paid","damage_taken":0,"relics_obtained":["Red Mask"],"max_hp_gain":0,"max_hp_loss":0,"event_name":"Tomb of Lord Red Mask","floor":48,"gold_loss":99}],"is_beta":false,"boss_relics":[{"not_picked":["Mark of Pain","Ectoplasm"],"picked":"Runic Pyramid"},{"not_picked":["energizedSpire:EnergizedDie","energizedSpire:SpiderWeb"],"picked":"Black Blood"}],"items_purged_floors":[31],"is_endless":false,"potions_floor_spawned":[1,5,10,13,22,29,30,33,35,37,46],"ascension_level":0}}