{"host":"63yhhrjweyj22b0v","time":1612237722,"event":{"mods":["BaseMod","Minty Spire (QoL Compilation)","Quick Restart"],"gold_per_floor":[110,19,19,38,51,51,126,126,173,203,203,216,216,232,232,327,327,347,347,366,376,44,73,73,149,174,174,174,30,30,60,60,156,156,174,18,38,51,51,51,51,51],"floor_reached":41,"language":"ENG","playtime":1356,"items_purged":[],"score":495,"play_id":"cfea2f82-9305-46c6-a8c1-ff38ffff6824","local_time":"20210201214842","is_ascension_mode":true,"campfire_choices":[{"data":"Defragment","floor":6,"key":"SMITH"},{"data":"Zap","floor":8,"key":"SMITH"},{"data":"Fusion","floor":11,"key":"SMITH"},{"data":"Redo","floor":13,"key":"SMITH"},{"floor":15,"key":"REST"},{"floor":24,"key":"REST"},{"floor":27,"key":"REST"},{"floor":30,"key":"REST"},{"floor":32,"key":"REST"},{"floor":40,"key":"REST"}],"circlet_count":0,"master_deck":["Strike_B+1","Strike_B+1","Strike_B+1","Defend_B+1","Defend_B+1","Defend_B+1","Defend_B+1","Zap+1","Dualcast","Fusion+1","Defragment+1","Sweeping Beam","Redo+1","Go for the Eyes","Beam Cell","Redo","Ball Lightning","Biased Cognition","Sweeping Beam+1","Good Instincts","Zap","Conserve Battery","Genetic Algorithm+1","Static Discharge","Glacier","Conserve Battery","Force Field","Auto Shields","Storm","Creative AI","Go for the Eyes+1","Thunder Strike"],"relics":["Cracked Core","NeowsBlessing","Oddly Smooth Stone","Pear","SacredBark","Strawberry","Bottled Tornado","Singing Bowl","Art of War","Orrery","Centennial Puzzle","SlaversCollar","Blood Vial"],"acts_visited":["Exordium","TheCity","TheBeyond"],"potions_floor_usage":[12,21,23,31,35,38],"damage_taken":[{"damage":0,"enemies":"Cultist","floor":1,"turns":1},{"damage":0,"enemies":"Small Slimes","floor":4,"turns":1},{"damage":0,"enemies":"Jaw Worm","floor":5,"turns":1},{"damage":32,"enemies":"Lagavulin","floor":10,"turns":6},{"damage":0,"enemies":"Large Slime","floor":12,"turns":3},{"damage":4,"enemies":"2 Fungi Beasts","floor":14,"turns":2},{"damage":62,"enemies":"The Guardian","floor":16,"turns":10},{"damage":47,"enemies":"2 Thieves","floor":18,"turns":4},{"damage":14,"enemies":"Shell Parasite","floor":20,"turns":5},{"damage":2,"enemies":"Snecko","floor":21,"turns":3},{"damage":19,"enemies":"Book of Stabbing","floor":23,"turns":7},{"damage":43,"enemies":"Gremlin Leader","floor":31,"turns":7},{"damage":60,"enemies":"Collector","floor":33,"turns":11},{"damage":34,"enemies":"3 Darklings","floor":35,"turns":4},{"damage":23,"enemies":"3 Shapes","floor":37,"turns":4},{"damage":44,"enemies":"Jaw Worm Horde","floor":38,"turns":5},{"damage":55,"enemies":"Writhing Mass","floor":41,"turns":3}],"seed_played":"-9219652832331179660","potions_obtained":[{"floor":10,"key":"Fire Potion"},{"floor":12,"key":"Energy Potion"},{"floor":18,"key":"DistilledChaos"},{"floor":21,"key":"Weak Potion"},{"floor":33,"key":"LiquidBronze"},{"floor":35,"key":"ColorlessPotion"},{"floor":38,"key":"Energy Potion"}],"is_trial":false,"path_per_floor":["M","$","?","M","M","R","?","R","T","E","R","M","R","M","R","B",null,"M","?","M","M","$","E","R","T","T","R","?","$","R","E","R","B",null,"M","$","M","M","$","R","M"],"character_chosen":"DEFECT","items_purchased":["Defragment","Sweeping Beam","Static Discharge","Glacier","Conserve Battery","Strawberry","Orrery","Blood Vial"],"campfire_rested":6,"item_purchase_floors":[2,2,22,22,22,22,29,36],"current_hp_per_floor":[75,75,75,75,75,75,64,64,64,42,42,42,42,38,63,1,85,38,38,24,22,29,10,37,37,37,64,64,66,94,53,81,21,96,64,64,45,5,5,35,0,0],"gold":51,"neow_bonus":"THREE_ENEMY_KILL","is_daily":false,"chose_seed":false,"campfire_upgraded":4,"win_rate":0.0,"timestamp":1612237722,"path_taken":["M","$","?","?","M","R","?","R","T","E","R","M","R","M","R","BOSS","M","?","?","M","$","E","R","?","T","R","?","?","R","E","R","BOSS","M","$","M","M","$","R","M"],"items_purchased_type":["Card","Card","Card","Card","Card","Relic","Relic","Relic"],"build_version":"2020-12-22","purchased_purges":0,"victory":false,"max_hp_per_floor":[75,75,75,75,75,75,75,75,75,85,85,85,85,85,85,85,85,85,85,85,85,92,92,92,92,92,92,92,94,94,96,96,96,96,98,98,100,102,102,102,102,102],"card_choices":[{"not_picked":["Streamline","Recycle"],"picked":"Fusion","floor":1},{"not_picked":["Storm","Leap"],"picked":"Redo","floor":4},{"not_picked":["Compile Driver","Aggregate"],"picked":"Go for the Eyes","floor":5},{"not_picked":["Ball Lightning","Heatsinks"],"picked":"Beam Cell","floor":10},{"not_picked":["Beam Cell","Fusion"],"picked":"Redo","floor":12},{"not_picked":["Redo","Cold Snap"],"picked":"Ball Lightning","floor":14},{"not_picked":["Reboot","All For One"],"picked":"Biased Cognition","floor":16},{"not_picked":["Hello World","Barrage"],"picked":"Sweeping Beam+1","floor":18},{"not_picked":["Ball Lightning","Fusion"],"picked":"Conserve Battery","floor":20},{"not_picked":["Streamline","Coolheaded"],"picked":"Genetic Algorithm+1","floor":21},{"not_picked":["Streamline","Conserve Battery"],"picked":"Force Field","floor":23},{"not_picked":["Scrape+1","Leap"],"picked":"Auto Shields","floor":29},{"not_picked":["Beam Cell","Gash"],"picked":"Storm","floor":29},{"not_picked":["Defragment","Gash"],"picked":"Creative AI","floor":29},{"not_picked":["Streamline","Sweeping Beam"],"picked":"Go for the Eyes+1","floor":29},{"not_picked":["Reprogram","Barrage","Gash"],"picked":"Singing Bowl","floor":29},{"not_picked":["Leap","Machine Learning","Ball Lightning+1"],"picked":"Singing Bowl","floor":31},{"not_picked":["Buffer","Seek"],"picked":"Thunder Strike","floor":33},{"not_picked":["Gash","Beam Cell+1","Rip and Tear"],"picked":"Singing Bowl","floor":35},{"not_picked":["Scrape+1","Turbo","Fusion+1"],"picked":"Singing Bowl","floor":37},{"not_picked":["Steam+1","Hello World+1","Conserve Battery+1"],"picked":"Singing Bowl","floor":38}],"player_experience":612133,"relics_obtained":[{"floor":9,"key":"Oddly Smooth Stone"},{"floor":10,"key":"Pear"},{"floor":23,"key":"Bottled Tornado"},{"floor":25,"key":"Singing Bowl"},{"floor":26,"key":"Art of War"},{"floor":31,"key":"Centennial Puzzle"}],"event_choices":[{"cards_removed":["Strike_B"],"damage_healed":0,"gold_gain":0,"player_choice":"Purged","damage_taken":0,"max_hp_gain":0,"max_hp_loss":0,"event_name":"Purifier","floor":3,"gold_loss":0},{"damage_healed":0,"gold_gain":75,"player_choice":"Gather Gold","damage_taken":11,"max_hp_gain":0,"max_hp_loss":0,"event_name":"World of Goop","floor":7,"gold_loss":0},{"damage_healed":0,"gold_gain":0,"player_choice":"2 cards matched","damage_taken":0,"max_hp_gain":0,"max_hp_loss":0,"event_name":"Match and Keep!","floor":19,"gold_loss":0,"cards_obtained":["Good Instincts","Zap"]},{"damage_healed":0,"gold_gain":0,"player_choice":"Simplicity","damage_taken":0,"max_hp_gain":0,"max_hp_loss":0,"event_name":"Back to Basics","floor":28,"gold_loss":0,"cards_upgraded":["Strike_B","Strike_B","Strike_B","Defend_B","Defend_B","Defend_B","Defend_B"]}],"is_beta":false,"boss_relics":[{"not_picked":["Black Star","Ectoplasm"],"picked":"SacredBark"},{"not_picked":["Calling Bell","Pandora\u0027s Box"],"picked":"SlaversCollar"}],"items_purged_floors":[],"is_endless":false,"potions_floor_spawned":[10,12,18,21,33,35,38],"killed_by":"Writhing Mass","ascension_level":2}}