{"host":"2cseu44fjxeibv3f","time":1612228684,"event":{"mods":["BaseMod","Better Third Choice","BetterRewards","Colored Powertips","Curses Come First","Energized Spire","Friendly Minions","Googly Eyes","GungeonMod","Halation","Hubris","Infinite Spire","Mimic Mod","Minty Spire (QoL Compilation)","Relic Stats","Replay The Spire","Spicy Shops","Spire Arcade","StS++","StSLib","The Cursed","The Disciple","The Exalted","The Jungle","The Necromancer","The Servant 0.9.4"],"gold_per_floor":[117,187,199,209,209,239,239,19,58,58,70,89,99,130,130,227,227,237,237,249,2,2,2,31,47,74,100,100,100,115,128,128,227,227,247,265,265,265],"floor_reached":37,"language":"ENG","playtime":1546,"items_purged":["Strike_S","Strike_S"],"score":646,"play_id":"5c4c28da-9559-4071-b858-903c23cf637e","local_time":"20210201201804","is_ascension_mode":false,"campfire_choices":[{"data":"Sadistic Nature","floor":7,"key":"SMITH"},{"data":"Spin","floor":10,"key":"SMITH"},{"data":"DoubleEdge","floor":15,"key":"SMITH"},{"data":"hubris:InfiniteBlow+6","floor":23,"key":"SMITH"},{"data":"FloweringNight","floor":28,"key":"SMITH"}],"circlet_count":0,"master_deck":["Strike_S","Strike_S","Defend_S","Defend_S","Defend_S","Defend_S","KidneyShot","Exchange","Sadistic Nature+1","DoubleEdge+1","Luminosity","TheWorld","Gouge","Spin+1","Defy","SpecialFormula","BottledTime","Gouge","SoulSculpture","LightFlow","FloweringNight+1","Embodiment","KillingDoll","ForgedInTime","Dilation","Duplication","Sunlight","MurderousAura","PendulumOfEternity","Solidify","TheWorld","SoulSculpture","hubris:InfiniteBlow+7","ReturningBlade+1","FanOfKnives+1","Read+1","Spin","SpecialFormula+1","SilverBlades","MurderousAura","Alleviate+1"],"relics":["Uniform","Omamori","FaceOfCleric","Torii","StSpp:XCola","Mercury Hourglass","Replay:Rubber Ducky","StSpp:CrystalBall","Astrolabe","halation:Sosunser","Smiling Mask","Vajra","Bottled Flame","hubris:Towel","Bromod:ArcaneEnergize"],"acts_visited":["Exordium","theJungle:Jungle","TheBeyond"],"potions_floor_usage":[16,27,33,33,33,35,37],"damage_taken":[{"damage":0,"enemies":"Small Slimes","floor":1,"turns":3},{"damage":1,"enemies":"2 Louse","floor":3,"turns":2},{"damage":1,"enemies":"Cultist","floor":4,"turns":3},{"damage":32,"enemies":"Gremlin Nob","floor":6,"turns":5},{"damage":2,"enemies":"Red Slaver","floor":9,"turns":3},{"damage":13,"enemies":"Red Slaver","floor":11,"turns":2},{"damage":0,"enemies":"Large Slime","floor":12,"turns":3},{"damage":0,"enemies":"Blue Slaver","floor":13,"turns":1},{"damage":4,"enemies":"Replay:BlueRogue","floor":14,"turns":4},{"damage":11,"enemies":"The Guardian","floor":16,"turns":6},{"damage":34,"enemies":"theJungle:MUSHROOMGANG","floor":18,"turns":4},{"damage":5,"enemies":"theJungle:5_Spyders","floor":20,"turns":5},{"damage":0,"enemies":"theJungle:MamaSnecko","floor":24,"turns":3},{"damage":0,"enemies":"theJungle:SlimyTreeVines","floor":25,"turns":3},{"damage":11,"enemies":"theJungle:Cassacara","floor":27,"turns":3},{"damage":0,"enemies":"theJungle:JungleHuntersEncounter","floor":30,"turns":2},{"damage":0,"enemies":"theJungle:Snecko_Cultist_And_Trap","floor":31,"turns":10},{"damage":37,"enemies":"theJungle:TotemBoss","floor":33,"turns":7},{"damage":22,"enemies":"3 Darklings","floor":35,"turns":2},{"damage":21,"enemies":"3 Shapes","floor":36,"turns":3},{"damage":69,"enemies":"3 Darklings","floor":37,"turns":3}],"seed_played":"9101827613455355665","potions_obtained":[{"floor":2,"key":"Block Potion"},{"floor":3,"key":"DemoMod:LeadSkinPotion"},{"floor":4,"key":"SmokeBomb"},{"floor":16,"key":"BlessingOfTheForge"},{"floor":30,"key":"SkillPotion"},{"floor":33,"key":"BlessingOfTheForge"},{"floor":35,"key":"Swift Potion"}],"is_trial":false,"path_per_floor":["M","?","M","M","?","E","R","$","MIM","R","M","M","M","E","R","B",null,"M","AVR","M","$","?","R","E","M","T","E","R","?","M","M","R","B",null,"M","M","M"],"character_chosen":"THE_SERVANT","items_purchased":["Omamori","Sadistic Nature","StSpp:XCola","Gouge","Spin","halation:Sosunser"],"campfire_rested":0,"item_purchase_floors":[0,0,8,8,8,21],"current_hp_per_floor":[65,65,64,63,63,32,32,32,31,31,19,25,26,28,28,23,72,40,40,36,36,36,36,37,46,46,39,39,39,40,41,64,51,80,59,47,0,0],"gold":265,"neow_bonus":"","is_daily":false,"chose_seed":false,"campfire_upgraded":5,"win_rate":0.0,"timestamp":1612228684,"path_taken":["M","?","M","M","?","E","R","$","MIM","R","M","?","M","E","R","BOSS","M","AVR","M","$","?","R","E","M","T","E","R","?","M","M","R","BOSS","M","M","M"],"items_purchased_type":["Relic","Card","Relic","Card","Card","Relic"],"build_version":"2020-12-22","purchased_purges":2,"victory":false,"max_hp_per_floor":[65,65,65,65,65,66,66,66,67,67,68,69,70,71,71,72,72,73,73,74,74,74,74,75,76,76,77,77,77,78,79,79,80,80,81,82,82,82],"relic_stats":{"FaceOfCleric":17,"Torii":72,"counters":[41,161],"Astrolabe":["ReturningBlade","FanOfKnives","Read"],"Smiling Mask":0,"obtain_stats":[{"Torii":6,"halation:Sosunser":21,"Vajra":26,"Blue Doll":9,"DemoMod:GlassGuonStoneRelic":8,"Uniform":0,"hubris:SlimyHat":10,"Smiling Mask":24,"Replay:Rubber Ducky":14,"StSpp:CrystalBall":17,"BranchBurnRelic":15,"FaceOfCleric":5,"infinitespire:Bottled Soul":6,"StSpp:XCola":8,"Replay:Towering Pillar of Hats":12,"Dead Branch":13,"Astrolabe":19,"DemoMod:PinkGuonStone":5,"Omamori":0,"hubris:Towel":29,"Mercury Hourglass":9,"Bottled Flame":27,"Orrery":0,"Bromod:ArcaneEnergize":34,"energizedSpire:MagnifyingGlass":17,"Toy Ornithopter":9},{"Torii":24,"halation:Sosunser":32,"Vajra":34,"Blue Doll":15,"DemoMod:GlassGuonStoneRelic":5,"Uniform":0,"hubris:SlimyHat":16,"Smiling Mask":33,"Replay:Rubber Ducky":29,"StSpp:CrystalBall":30,"BranchBurnRelic":7,"FaceOfCleric":23,"infinitespire:Bottled Soul":4,"StSpp:XCola":24,"Replay:Towering Pillar of Hats":18,"Dead Branch":6,"Astrolabe":31,"DemoMod:PinkGuonStone":3,"Omamori":20,"hubris:Towel":35,"Mercury Hourglass":25,"Bottled Flame":35,"Orrery":9,"Bromod:ArcaneEnergize":38,"energizedSpire:MagnifyingGlass":8,"Toy Ornithopter":6},{"Torii":97,"halation:Sosunser":125,"Vajra":131,"Blue Doll":54,"DemoMod:GlassGuonStoneRelic":19,"Uniform":0,"hubris:SlimyHat":62,"Smiling Mask":128,"Replay:Rubber Ducky":110,"StSpp:CrystalBall":116,"BranchBurnRelic":28,"FaceOfCleric":92,"infinitespire:Bottled Soul":14,"StSpp:XCola":97,"Replay:Towering Pillar of Hats":72,"Dead Branch":26,"Astrolabe":120,"DemoMod:PinkGuonStone":9,"Omamori":84,"hubris:Towel":134,"Mercury Hourglass":100,"Bottled Flame":134,"Orrery":41,"Bromod:ArcaneEnergize":153,"energizedSpire:MagnifyingGlass":37,"Toy Ornithopter":26}],"Mercury Hourglass":[227]},"card_choices":[{"not_picked":["Rearm","Comet"],"picked":"DoubleEdge","floor":1},{"not_picked":["Alleviate","Ricochet"],"picked":"Luminosity","floor":3},{"not_picked":["Rearm","SurpressingFire","Replace"],"picked":"SKIP","floor":4},{"not_picked":["DoubleEdge","Spin"],"picked":"TheWorld","floor":6},{"not_picked":["Reset","ReturningBlade"],"picked":"Defy","floor":9},{"not_picked":["Read","Unruled"],"picked":"SpecialFormula","floor":11},{"not_picked":["ShatteredReality","TimeWarp"],"picked":"BottledTime","floor":12},{"not_picked":["Unruled","StarChef"],"picked":"Gouge","floor":13},{"not_picked":["Ricochet","Solidify","Moondial"],"picked":"SKIP","floor":14},{"not_picked":["ForgedInTime","Dilation"],"picked":"SoulSculpture","floor":16},{"not_picked":["ShatteredReality","Spin","Hightail"],"picked":"SKIP","floor":18},{"not_picked":["Contraction","TimeWarp","Alleviate"],"picked":"SKIP","floor":20},{"not_picked":["StarChef+1","Rearm"],"picked":"Spin","floor":24},{"not_picked":["Revamp+1","Alleviate+1"],"picked":"SpecialFormula","floor":25},{"not_picked":["Read","Unruled","ShatteredReality"],"picked":"SKIP","floor":27},{"not_picked":["Read","Unruled","ShatteredReality"],"picked":"SKIP","floor":27},{"not_picked":["Collapse","Solidify"],"picked":"SilverBlades","floor":30},{"not_picked":["Gouge","ShatteredReality"],"picked":"MurderousAura","floor":31},{"not_picked":["Manipulate","Starlight","Hightail"],"picked":"SKIP","floor":35},{"not_picked":["BottledTime","DoubleEdge+1"],"picked":"Alleviate+1","floor":36}],"player_experience":158399,"relics_obtained":[{"floor":6,"key":"Torii"},{"floor":9,"key":"Mercury Hourglass"},{"floor":14,"key":"Replay:Rubber Ducky"},{"floor":24,"key":"Smiling Mask"},{"floor":26,"key":"Vajra"},{"floor":27,"key":"Bottled Flame"}],"event_choices":[{"damage_healed":0,"gold_gain":0,"player_choice":"Trade","damage_taken":0,"relics_obtained":["FaceOfCleric"],"max_hp_gain":0,"max_hp_loss":0,"event_name":"FaceTrader","floor":5,"gold_loss":0}],"is_beta":false,"boss_relics":[{"not_picked":["halation:PlatinumPhoenix","hubris:TerracottaHorce"],"picked":"StSpp:CrystalBall"},{"not_picked":["energizedSpire:DeadBattery","halation:MonkeysPaw"],"picked":"Bromod:ArcaneEnergize"}],"items_purged_floors":[0,21],"is_endless":false,"potions_floor_spawned":[3,4,6,12,16,18,20,30,31,33,35],"killed_by":"3 Darklings","ascension_level":0}}