{"host":"p18kkmcwkg7r0lq8","time":1612265991,"event":{"mods":["BaseMod","Custom Start","Minty Spire (QoL Compilation)"],"gold_per_floor":[219,219,219,15,30,55,55,110,135,135,151,172,186,217,217,317,317,332,343,343,246,264,298,298,323,323,335,117,117,117,145,145,145,145],"floor_reached":33,"language":"ENG","playtime":2809,"items_purged":["Shame","Strike_R"],"score":341,"play_id":"75a321a6-d55d-4425-b4f2-0913fad8b7bd","local_time":"20210202053951","is_ascension_mode":true,"campfire_choices":[{"data":"Bash","floor":7,"key":"SMITH"},{"floor":10,"key":"REST"},{"data":"Spot Weakness","floor":15,"key":"SMITH"},{"floor":32,"key":"REST"}],"circlet_count":0,"master_deck":["Strike_R+1","Defend_R","Bash+1","Evolve","Shrug It Off","Reckless Charge","Rampage+1","Flame Barrier","Spot Weakness+1","Reaper","Wild Strike","Offering","Fire Breathing+1","Fiend Fire+1","Perfected Strike+1","Ghostly Armor","Fire Breathing","Armaments","Shockwave","Headbutt+1","Double Tap","Shrug It Off","Perfected Strike","Clothesline"],"relics":["Burning Blood","Membership Card","Regal Pillow","Oddly Smooth Stone","Juzu Bracelet","Whetstone","Astrolabe","Potion Belt","Lantern","Nloth\u0027s Gift","Du-Vu Doll","Bottled Flame","Gremlin Horn","Red Mask"],"acts_visited":["Exordium","TheCity"],"potions_floor_usage":[4,8,16,16,23,23,23,25,25,28,33],"damage_taken":[{"damage":0,"enemies":"Small Slimes","floor":1,"turns":3},{"damage":5,"enemies":"Cultist","floor":5,"turns":4},{"damage":51,"enemies":"Gremlin Nob","floor":6,"turns":6},{"damage":18,"enemies":"Lagavulin","floor":8,"turns":5},{"damage":1,"enemies":"Jaw Worm","floor":11,"turns":4},{"damage":17,"enemies":"The Mushroom Lair","floor":12,"turns":5},{"damage":5,"enemies":"2 Fungi Beasts","floor":13,"turns":3},{"damage":23,"enemies":"3 Sentries","floor":14,"turns":8},{"damage":30,"enemies":"The Guardian","floor":16,"turns":8},{"damage":24,"enemies":"Shell Parasite","floor":18,"turns":4},{"damage":6,"enemies":"Chosen","floor":19,"turns":4},{"damage":33,"enemies":"3 Cultists","floor":22,"turns":6},{"damage":31,"enemies":"Gremlin Leader","floor":23,"turns":11},{"damage":52,"enemies":"Slavers","floor":25,"turns":4},{"damage":26,"enemies":"Snake Plant","floor":27,"turns":5},{"damage":40,"enemies":"Masked Bandits","floor":31,"turns":5},{"damage":77,"enemies":"Collector","floor":33,"turns":7}],"seed_played":"-5361177300335917445","potions_obtained":[{"floor":1,"key":"GamblersBrew"},{"floor":6,"key":"ColorlessPotion"},{"floor":8,"key":"EntropicBrew"},{"floor":14,"key":"ColorlessPotion"},{"floor":16,"key":"Weak Potion"},{"floor":22,"key":"AttackPotion"},{"floor":23,"key":"Strength Potion"}],"is_trial":false,"path_per_floor":["M","?","$","$","M","E","R","E","T","R","M","?","M","E","R","B",null,"M","M","?","$","M","E","?","E","T","M","$","?","?","?","R","B"],"character_chosen":"IRONCLAD","items_purchased":["Membership Card","Fruit Juice","Fire Breathing","Armaments","Fruit Juice","Gremlin Horn"],"campfire_rested":2,"item_purchase_floors":[4,4,21,21,28,28],"current_hp_per_floor":[80,80,80,85,85,40,40,28,28,68,73,62,63,68,68,44,85,67,67,67,67,52,61,61,45,45,37,42,24,24,31,74,0,0],"gold":145,"neow_bonus":"HUNDRED_GOLD","is_daily":false,"chose_seed":false,"campfire_upgraded":2,"win_rate":0.0,"timestamp":1612265991,"path_taken":["M","?","?","$","M","E","R","E","T","R","M","?","M","E","R","BOSS","M","M","?","$","M","E","?","E","T","M","$","?","?","?","R","BOSS"],"items_purchased_type":["Relic","Potion","Card","Card","Potion","Relic"],"build_version":"2020-12-22","purchased_purges":2,"victory":false,"max_hp_per_floor":[80,80,80,85,85,85,85,85,85,85,85,85,85,85,85,85,85,85,85,85,85,85,85,85,85,85,85,90,95,95,95,95,95,95],"card_choices":[{"not_picked":["Twin Strike","Burning Pact"],"picked":"Evolve","floor":1},{"not_picked":["Dark Embrace","Battle Trance"],"picked":"Shrug It Off","floor":5},{"not_picked":["Shrug It Off","Burning Pact"],"picked":"Reckless Charge","floor":6},{"not_picked":["Cleave","Feel No Pain"],"picked":"Rampage","floor":8},{"not_picked":["Body Slam","Iron Wave"],"picked":"Flame Barrier","floor":11},{"not_picked":["Flex","Wild Strike"],"picked":"Spot Weakness","floor":12},{"not_picked":["Iron Wave","Thunderclap"],"picked":"Reaper","floor":13},{"not_picked":["Inflame","Infernal Blade"],"picked":"Wild Strike","floor":14},{"not_picked":["Reaper","Bludgeon"],"picked":"Offering","floor":16},{"not_picked":["Body Slam","Headbutt"],"picked":"Ghostly Armor","floor":18},{"not_picked":["Intimidate","Clash","Iron Wave"],"picked":"SKIP","floor":19},{"not_picked":["Wild Strike+1","Pummel"],"picked":"Shockwave","floor":22},{"not_picked":["Cleave+1","Bludgeon"],"picked":"Headbutt+1","floor":23},{"not_picked":["Thunderclap","Fire Breathing"],"picked":"Double Tap","floor":25},{"not_picked":["Fire Breathing","Headbutt"],"picked":"Shrug It Off","floor":27}],"player_experience":121950,"relics_obtained":[{"floor":6,"key":"Regal Pillow"},{"floor":8,"key":"Oddly Smooth Stone"},{"floor":9,"key":"Juzu Bracelet"},{"floor":12,"key":"Odd Mushroom"},{"floor":14,"key":"Whetstone"},{"floor":23,"key":"Lantern"},{"floor":25,"key":"Du-Vu Doll"},{"floor":26,"key":"Bottled Flame"},{"floor":31,"key":"Red Mask"}],"event_choices":[{"cards_removed":["Strike_R"],"damage_healed":0,"gold_gain":0,"player_choice":"Offered Basic","damage_taken":0,"max_hp_gain":0,"max_hp_loss":0,"event_name":"Bonfire Elementals","floor":2,"gold_loss":0},{"damage_healed":0,"gold_gain":0,"player_choice":"Fought Mushrooms","damage_taken":0,"max_hp_gain":0,"max_hp_loss":0,"event_name":"Mushrooms","floor":12,"gold_loss":0},{"damage_healed":0,"gold_gain":0,"player_choice":"Stole Relic","damage_taken":0,"relics_obtained":["Potion Belt"],"max_hp_gain":0,"max_hp_loss":0,"event_name":"Addict","floor":20,"gold_loss":0,"cards_obtained":["Shame"]},{"damage_healed":0,"gold_gain":0,"player_choice":"Traded Relic","damage_taken":0,"relics_obtained":["Nloth\u0027s Gift"],"max_hp_gain":0,"max_hp_loss":0,"event_name":"N\u0027loth","floor":24,"relics_lost":["Odd Mushroom"],"gold_loss":0},{"damage_healed":0,"gold_gain":0,"player_choice":"Shed Blood","damage_taken":23,"max_hp_gain":5,"max_hp_loss":0,"event_name":"Forgotten Altar","floor":29,"gold_loss":0},{"damage_healed":0,"gold_gain":0,"cards_transformed":["Defend_R","Defend_R"],"player_choice":"Became Test Subject","damage_taken":0,"max_hp_gain":0,"max_hp_loss":0,"event_name":"Drug Dealer","floor":30,"gold_loss":0,"cards_obtained":["Perfected Strike","Clothesline"]},{"damage_healed":0,"gold_gain":0,"player_choice":"Fought Bandits","damage_taken":0,"max_hp_gain":0,"max_hp_loss":0,"event_name":"Masked Bandits","floor":31,"gold_loss":0}],"is_beta":false,"boss_relics":[{"not_picked":["SacredBark","Black Star"],"picked":"Astrolabe"}],"items_purged_floors":[21,28],"is_endless":false,"potions_floor_spawned":[1,6,8,14,16,22,23],"killed_by":"Collector","ascension_level":1}}