{"host":"q9718omregw4er46","time":1612280798,"event":{"mods":["BaseMod","Bestiary","Minty Spire (QoL Compilation)","Quick Restart","Relic Stats"],"gold_per_floor":[116,136,150,162,174,174,201,201,273,273,273,294,294,294],"floor_reached":13,"language":"ENG","playtime":370,"items_purged":[],"score":170,"play_id":"f08ae69f-3526-4172-920f-a16fae1782a6","local_time":"20210202204638","is_ascension_mode":true,"campfire_choices":[{"floor":6,"key":"REST"},{"floor":11,"key":"REST"}],"circlet_count":0,"master_deck":["AscendersBane","Strike_B","Strike_B","Strike_B","Defend_B","Defend_B","Defend_B+1","Defend_B","Zap","Dualcast","Melter+1","Meteor Strike","Cold Snap","Sweeping Beam","FTL","Undo"],"relics":["Fusion Hammer","Strawberry","Kunai","Odd Mushroom"],"acts_visited":["Exordium"],"potions_floor_usage":[7,12],"damage_taken":[{"damage":2,"enemies":"Jaw Worm","floor":1,"turns":4},{"damage":5,"enemies":"2 Louse","floor":2,"turns":3},{"damage":8,"enemies":"Small Slimes","floor":3,"turns":2},{"damage":18,"enemies":"Exordium Wildlife","floor":4,"turns":4},{"damage":7,"enemies":"Blue Slaver","floor":5,"turns":4},{"damage":14,"enemies":"Lagavulin","floor":7,"turns":7},{"damage":10,"enemies":"The Mushroom Lair","floor":12,"turns":4},{"damage":34,"enemies":"Gremlin Nob","floor":13,"turns":4}],"seed_played":"811551433890904717","potions_obtained":[{"floor":1,"key":"Dexterity Potion"},{"floor":4,"key":"Ancient Potion"},{"floor":7,"key":"SkillPotion"}],"is_trial":false,"path_per_floor":["M","M","M","M","M","R","E","?","T","?","R","?","E"],"character_chosen":"DEFECT","items_purchased":[],"campfire_rested":2,"item_purchase_floors":[],"current_hp_per_floor":[62,57,49,31,24,45,38,31,31,8,31,21,0,0],"gold":294,"neow_bonus":"BOSS_RELIC","is_daily":false,"chose_seed":false,"campfire_upgraded":0,"win_rate":0.0,"timestamp":1612280798,"path_taken":["M","M","M","M","M","R","E","?","T","?","R","?","E"],"items_purchased_type":[],"build_version":"2020-12-22","purchased_purges":0,"victory":false,"max_hp_per_floor":[71,71,71,71,71,71,78,78,78,78,78,78,78,78],"relic_stats":{"counters":[8,32],"Kunai":[4],"obtain_stats":[{"Strawberry":7,"Fusion Hammer":0,"Kunai":9,"Odd Mushroom":12,"Cracked Core":0},{"Strawberry":6,"Fusion Hammer":0,"Kunai":6,"Odd Mushroom":7,"Cracked Core":0},{"Strawberry":24,"Fusion Hammer":0,"Kunai":24,"Odd Mushroom":28,"Cracked Core":0}]},"card_choices":[{"not_picked":["Steam","Go for the Eyes"],"picked":"Melter","floor":1},{"not_picked":["Turbo","Fusion","Compile Driver"],"picked":"SKIP","floor":2},{"not_picked":["Aggregate","Beam Cell"],"picked":"Meteor Strike","floor":3},{"not_picked":["Go for the Eyes","Stack"],"picked":"Cold Snap","floor":4},{"not_picked":["Turbo","Heatsinks"],"picked":"Sweeping Beam","floor":5},{"not_picked":["Skim","Rip and Tear"],"picked":"FTL","floor":7},{"not_picked":["Force Field","Scrape"],"picked":"Undo","floor":12}],"player_experience":777261,"relics_obtained":[{"floor":7,"key":"Strawberry"},{"floor":9,"key":"Kunai"},{"floor":12,"key":"Odd Mushroom"}],"event_choices":[{"cards_removed":["Strike_B"],"damage_healed":0,"gold_gain":0,"player_choice":"Card Removal","damage_taken":7,"max_hp_gain":0,"max_hp_loss":0,"event_name":"Golden Wing","floor":8,"gold_loss":0},{"damage_healed":0,"gold_gain":0,"player_choice":"Entered Light","damage_taken":23,"max_hp_gain":0,"max_hp_loss":0,"event_name":"Shining Light","floor":10,"gold_loss":0,"cards_upgraded":["Melter","Defend_B"]},{"damage_healed":0,"gold_gain":0,"player_choice":"Fought Mushrooms","damage_taken":0,"max_hp_gain":0,"max_hp_loss":0,"event_name":"Mushrooms","floor":12,"gold_loss":0}],"is_beta":false,"boss_relics":[],"items_purged_floors":[],"is_endless":false,"potions_floor_spawned":[1,4,7],"killed_by":"Gremlin Nob","ascension_level":20}}