{"host":"95i1gxnztdrdyvhi","time":1612237543,"event":{"mods":["AchievementEnabler","Act Like it!","BaseMod","Downfall","Minty Spire (QoL Compilation)","Quick Restart","StSLib"],"gold_per_floor":[99,115,115,131,41,58,83,96,96,112,137,22,22,39,59,59,59,59],"floor_reached":16,"language":"ENG","playtime":903,"items_purged":["bronze:Strike","bronze:Strike"],"score":104,"play_id":"a6d824c0-7149-4072-a42b-ae17bfcc37dc","local_time":"20210202034543","is_ascension_mode":false,"campfire_choices":[{"data":"bronze:Goto","floor":1,"key":"SMITH"},{"data":"bronze:BitShift","floor":9,"key":"SMITH"},{"data":"bronze:Branch","floor":13,"key":"SMITH"}],"circlet_count":0,"master_deck":["bronze:Strike","bronze:Defend","bronze:Defend","bronze:Defend","bronze:Defend","bronze:Replicate+1","bronze:Goto+1","bronze:BitShift+1","bronze:ForceShield","bronze:Branch+1","bronze:Philosophize","bronze:Iterate","bronze:FineTuning"],"relics":["bronze:BronzeCore","Anchor","Juzu Bracelet"],"acts_visited":[],"potions_floor_usage":[],"damage_taken":[{"damage":1,"enemies":"Jaw Worm","floor":2,"turns":3},{"damage":0,"enemies":"Cultist","floor":4,"turns":2},{"damage":0,"enemies":"downfall:FleeingMerchant","floor":5,"turns":4},{"damage":0,"enemies":"2 Louse","floor":6,"turns":2},{"damage":0,"enemies":"Gremlin Gang","floor":8,"turns":4},{"damage":4,"enemies":"Exordium Thugs","floor":10,"turns":5},{"damage":16,"enemies":"Gremlin Nob","floor":11,"turns":4},{"damage":7,"enemies":"downfall:FleeingMerchant","floor":12,"turns":4},{"damage":7,"enemies":"Lots of Slimes","floor":14,"turns":3},{"damage":0,"enemies":"3 Louse","floor":15,"turns":2},{"damage":40,"enemies":"SI_SHIV_ARCHETYPE","floor":16,"turns":3}],"seed_played":"7424028045960692927","potions_obtained":[{"floor":8,"key":"DuplicationPotion"},{"floor":11,"key":"bronze:CleanCodePotion"},{"floor":14,"key":"Dexterity Potion"}],"is_trial":false,"path_per_floor":["R","M","?","M","$","M","T","M","R","M","E","$","R","M","M","B"],"character_chosen":"THE_AUTOMATON","items_purchased":[],"campfire_rested":0,"item_purchase_floors":[],"current_hp_per_floor":[70,69,69,69,69,69,69,69,69,65,49,42,42,35,35,0,0,0],"gold":59,"neow_bonus":"UPGRADE_CARD","is_daily":false,"chose_seed":false,"campfire_upgraded":3,"win_rate":0.0,"timestamp":1612237543,"path_taken":["R","M","?","M","?","M","T","?","R","M","E","$","R","M","M","BOSS"],"items_purchased_type":[],"build_version":"2020-12-22","purchased_purges":2,"victory":false,"max_hp_per_floor":[70,70,70,70,70,70,70,70,70,70,70,70,70,70,70,70,70,70],"card_choices":[{"not_picked":["bronze:DelayedGuard","bronze:ChildClass"],"picked":"bronze:BitShift","floor":2},{"not_picked":["bronze:ChildClass","bronze:Overheat"],"picked":"bronze:ForceShield","floor":4},{"not_picked":["bronze:Overheat","bronze:OilSpill"],"picked":"bronze:Branch","floor":5},{"not_picked":["bronze:BuggyMess","bronze:WildBeam","bronze:Constructor"],"picked":"SKIP","floor":6},{"not_picked":["bronze:Deprecate","bronze:Overheat"],"picked":"bronze:Philosophize","floor":8},{"not_picked":["bronze:WhirlingStrike","bronze:Shell","bronze:Invalidate"],"picked":"SKIP","floor":10},{"not_picked":["bronze:CutThrough","bronze:Terminator"],"picked":"bronze:Iterate","floor":11},{"not_picked":["bronze:Invalidate","bronze:BuggyMess","bronze:Constructor"],"picked":"SKIP","floor":12},{"not_picked":["bronze:BugBarrage","bronze:Optimize","bronze:DarkDash"],"picked":"SKIP","floor":14},{"not_picked":["bronze:GetLatest","bronze:MaxOutput"],"picked":"bronze:FineTuning","floor":15}],"player_experience":853961,"relics_obtained":[{"floor":7,"key":"Anchor"},{"floor":11,"key":"Juzu Bracelet"}],"event_choices":[{"cards_removed":["bronze:Strike"],"damage_healed":0,"gold_gain":0,"player_choice":"Offered Basic","damage_taken":0,"max_hp_gain":0,"max_hp_loss":0,"event_name":"Bonfire Elementals","floor":3,"gold_loss":0}],"is_beta":false,"boss_relics":[],"items_purged_floors":[5,12],"is_endless":false,"potions_floor_spawned":[8,11,14],"killed_by":"SI_SHIV_ARCHETYPE","ascension_level":0}}