{"host":"rnjhaewkefy4rz3c","time":1612298468,"event":{"mods":["2.2 Compatiblity","AchievementEnabler","BaseMod","Colored Map","Downfall","Minty Spire (QoL Compilation)","Permanent Neow","StSLib"],"gold_per_floor":[99,114,174,184,184,184,184,200,200,200,225,240,240,250,265,265,265,265],"floor_reached":16,"language":"ENG","playtime":969,"items_purged":[],"score":107,"play_id":"c45567f6-91a6-4968-93e4-99c5046a5431","local_time":"20210202164108","is_ascension_mode":true,"campfire_choices":[{"data":"champ:ShieldWall","floor":1,"key":"SMITH"},{"data":"champ:Taunt","floor":6,"key":"SMITH"},{"data":"champ:ShieldThrow","floor":10,"key":"SMITH"},{"floor":13,"key":"REST"}],"circlet_count":0,"master_deck":["champ:Strike","champ:Defend","champ:Defend","champ:Defend","champ:Defend","champ:Execute","champ:Taunt+1","champ:ShieldWall+1","champ:ShieldSigil","champ:Parry","champ:ShieldThrow+1","Shame","champ:TornadoPunch","champ:CalledShot","champ:PreemptiveStrike","champ:CalledShot"],"relics":["champ:ChampionCrown","Smiling Mask","Oddly Smooth Stone","Toy Ornithopter"],"acts_visited":["Exordium"],"potions_floor_usage":[14,15,16,16],"damage_taken":[{"damage":2,"enemies":"2 Louse","floor":2,"turns":4},{"damage":85,"enemies":"3 Sentries","floor":3,"turns":8},{"damage":27,"enemies":"Jaw Worm","floor":4,"turns":5},{"damage":17,"enemies":"Cultist","floor":8,"turns":4},{"damage":24,"enemies":"3 Sentries","floor":11,"turns":6},{"damage":9,"enemies":"Blue Slaver","floor":12,"turns":3},{"damage":8,"enemies":"Exordium Wildlife","floor":14,"turns":4},{"damage":5,"enemies":"Lots of Slimes","floor":15,"turns":5},{"damage":39,"enemies":"DF_ARCHETYPE_STREAMLINE","floor":16,"turns":10}],"seed_played":"-6631144961941523606","potions_obtained":[{"floor":3,"key":"SpeedPotion"},{"floor":8,"key":"FearPotion"},{"floor":12,"key":"champ:UltimateStancePotion"},{"floor":14,"key":"SteroidPotion"}],"is_trial":false,"path_per_floor":["R","M","?","M","?","R","T","M","?","R","E","M","R","M","M","B"],"character_chosen":"THE_CHAMP","items_purchased":[],"campfire_rested":1,"item_purchase_floors":[],"current_hp_per_floor":[90,88,38,36,36,36,36,29,29,29,15,6,33,30,30,1,1,1],"gold":265,"neow_bonus":"THREE_CARDS","is_daily":false,"chose_seed":false,"campfire_upgraded":3,"win_rate":0.0,"timestamp":1612298468,"path_taken":["R","M","?","M","?","R","T","M","?","R","E","M","R","M","M","BOSS"],"items_purchased_type":[],"build_version":"2020-12-22","purchased_purges":0,"victory":false,"max_hp_per_floor":[90,90,90,90,90,90,90,90,90,90,90,90,90,90,90,90,90,90],"card_choices":[{"not_picked":["champ:StanceDance","champ:EnGarde"],"picked":"champ:ShieldWall","floor":0},{"not_picked":["champ:FocusedBerserking","champ:DefensiveShout"],"picked":"champ:ShieldSigil","floor":2},{"not_picked":["champ:CalledShot","champ:ShieldSigil"],"picked":"champ:FocusedBerserking","floor":3},{"not_picked":["champ:FancyFootwork","champ:Haymaker"],"picked":"champ:Parry","floor":4},{"not_picked":["champ:Endure","champ:RecklessLeap"],"picked":"champ:ShieldThrow","floor":8},{"not_picked":["champ:CrownThrow","champ:SteelEdge"],"picked":"champ:TornadoPunch","floor":11},{"not_picked":["champ:RecklessLeap","champ:BringItOn"],"picked":"champ:CalledShot","floor":12},{"not_picked":["champ:BringItOn","champ:ShieldSlam"],"picked":"champ:PreemptiveStrike","floor":14},{"not_picked":["champ:Endure","champ:BerserkerStyle"],"picked":"champ:CalledShot","floor":15}],"player_experience":699526,"relics_obtained":[{"floor":3,"key":"Smiling Mask"},{"floor":7,"key":"Oddly Smooth Stone"},{"floor":11,"key":"Toy Ornithopter"}],"event_choices":[{"cards_removed":["champ:FocusedBerserking"],"damage_healed":0,"gold_gain":0,"player_choice":"Card Removal","damage_taken":0,"max_hp_gain":0,"max_hp_loss":0,"event_name":"The Cleric","floor":5,"gold_loss":0}],"is_beta":false,"boss_relics":[],"items_purged_floors":[],"is_endless":false,"potions_floor_spawned":[3,8,12,14],"killed_by":"DF_ARCHETYPE_STREAMLINE","ascension_level":1}}