{"host":"3twtdwjpiqhvvn5s","time":1612310124,"event":{"mods":["AchievementEnabler","Act Like it!","Aspiration","BaseMod","BetterRewards","Colored Map","Colored Powertips","Downfall","Duelist Mod","Friendly Minions","GifTheSpireLib","Hallownest","Hermit","Hubris","Infinite Spire","Jorbs\u0027s Wanderer Trilogy","Koishi","KomeijiMod","Marisa????????","Minty Spire (QoL Compilation)","Quick Restart","Rare Cards Sparkle","Replay The Spire","Shop Mod","StSLib","Td1madao Mod","The Administrix","The Animator","The Bug Knight","The Caster","The Cursed","The Disciple","The Hierophant","The Necromancer","The Poker Player","The Runesmith","The Servant 0.9.4"],"gold_per_floor":[116,132,143,153,165,200,213,246,246,266,280,309,5,21,21,126,126,143,155,168,182,197,197,211,222,247,273,283,300,300,300,300,399,399,409,428,458,481,507,552,582,56,56,69,83,83,98,1,101,101],"floor_reached":51,"language":"ENG","playtime":78026,"items_purged":["champ:Defend"],"score":664,"play_id":"a7f68005-1c89-4964-bcfc-01c6e70c6030","local_time":"20210202175523","daily_mods":["Vintage","Heirloom","Terminal"],"is_ascension_mode":false,"campfire_choices":[{"floor":15,"key":"REST"},{"data":"champ:Devastate","floor":23,"key":"SMITH"},{"data":"champ:IronFortress","floor":30,"key":"SMITH"},{"data":"champ:Duel","floor":32,"key":"SMITH"},{"data":"champ:PerfectedStrike","floor":46,"key":"SMITH"},{"data":"champ:GutPunch","floor":49,"key":"SMITH"}],"circlet_count":0,"master_deck":["champ:Strike","champ:Strike","champ:Strike","champ:Strike","champ:Defend","champ:Defend","champ:Defend","champ:Execute","champ:Taunt","champ:IronFortress+1","champ:StanceDance","champ:Duel+1","champ:FancyFootwork+1","champ:Devastate+1","AbeCurse","champ:LastStand","champ:StanceDance+1","champ:TripleStrike","Parasite","champ:DefensiveShout+1","Mayhem","champ:Improvising","champ:ShieldSlam+1","champ:PerfectedStrike+1","champ:GutPunch+1","champ:BringItOn+1"],"relics":["champ:ChampionCrown","TungstenRod","hubris:BottledRain","Snack Pack","ReplayTheSpireMod:Shallot","Quantum Egg","bronze:BronzeIdol","Pocketwatch","Blood Vial","infinitespire:Beetle Shell","Replay:Bottled Snecko","hubris:OldNail","Toxic Egg 2","ReplayTheSpireMod:TigerMarble","aspiration:Nostalgia","animator:TheMissingPiece","Slimebound:PreparedRelic","Abe\u0027s Treasure","Replay:Bottled Flurry","HollowMod:LifeEnderRelic","Bronze Scales","Replay:WaspNest","HoshigumaDish","Replay:Mystery Machine","Strawberry","HollowMod:PaleOreRelic","Pet Ghost","Replay:Kaleidoscope","Replay:Rubber Ducky","aspiration:MobileForge","Eternal Feather","MawBank","Sundial","hubris:SlimyHat","Potion Belt","hubris:MobiusCoin","Centennial Puzzle","HollowMod:JonisBlessing","Durian","hubris:DisguiseKit","aspiration:AnachronicSnailShell","Nunchaku"],"acts_visited":["Exordium","TheCity","TheBeyond"],"potions_floor_usage":[8,12,12,16,16,19,19,25,28,29,37,37,39,45],"damage_taken":[{"damage":9,"enemies":"Jaw Worm","floor":1,"turns":5},{"damage":9,"enemies":"Cultist","floor":2,"turns":5},{"damage":9,"enemies":"Small Slimes","floor":3,"turns":5},{"damage":47,"enemies":"Exordium Thugs","floor":4,"turns":8},{"damage":13,"enemies":"Blue Slaver","floor":5,"turns":5},{"damage":65,"enemies":"Lagavulin","floor":6,"turns":10},{"damage":18,"enemies":"Red Slaver","floor":7,"turns":3},{"damage":45,"enemies":"3 Sentries","floor":8,"turns":12},{"damage":18,"enemies":"Exordium Thugs","floor":10,"turns":6},{"damage":18,"enemies":"Lots of Slimes","floor":11,"turns":5},{"damage":36,"enemies":"Lagavulin","floor":12,"turns":7},{"damage":9,"enemies":"Blue Slaver","floor":14,"turns":3},{"damage":73,"enemies":"Fading Forest","floor":16,"turns":11},{"damage":18,"enemies":"Spheric Guardian","floor":18,"turns":3},{"damage":13,"enemies":"Shell Parasite","floor":19,"turns":5},{"damage":22,"enemies":"3 Cultists","floor":20,"turns":5},{"damage":18,"enemies":"Centurion and Healer","floor":21,"turns":6},{"damage":29,"enemies":"Sentry and Sphere","floor":22,"turns":5},{"damage":13,"enemies":"Cultist and Chosen","floor":24,"turns":4},{"damage":32,"enemies":"Snecko","floor":25,"turns":4},{"damage":18,"enemies":"Book of Stabbing","floor":27,"turns":4},{"damage":18,"enemies":"Shelled Parasite and Fungi","floor":28,"turns":4},{"damage":30,"enemies":"Cultist and Chosen","floor":29,"turns":4},{"damage":44,"enemies":"Collector","floor":33,"turns":7},{"damage":22,"enemies":"3 Darklings","floor":35,"turns":5},{"damage":13,"enemies":"3 Shapes","floor":36,"turns":3},{"damage":30,"enemies":"Maw","floor":37,"turns":5},{"damage":18,"enemies":"4 Shapes","floor":38,"turns":4},{"damage":14,"enemies":"Writhing Mass","floor":39,"turns":4},{"damage":41,"enemies":"Giant Head","floor":40,"turns":5},{"damage":28,"enemies":"Maw","floor":41,"turns":6},{"damage":0,"enemies":"Transient","floor":44,"turns":5},{"damage":0,"enemies":"Spire Growth","floor":45,"turns":4},{"damage":0,"enemies":"Maw","floor":47,"turns":5},{"damage":13,"enemies":"Replay:Hell Engine","floor":50,"turns":6}],"seed_played":"7553581102245846586","potions_obtained":[{"floor":2,"key":"CalmPotion"},{"floor":4,"key":"LiquidMemories"},{"floor":7,"key":"SpeedPotion"},{"floor":8,"key":"SpeedPotion"},{"floor":10,"key":"Venom Potion"},{"floor":14,"key":"EssenceOfSteel"},{"floor":16,"key":"Strength Potion"},{"floor":18,"key":"AttackPotion"},{"floor":24,"key":"AttackPotion"},{"floor":25,"key":"champ:OpenerPotion"},{"floor":28,"key":"SteroidPotion"},{"floor":29,"key":"FairyPotion"},{"floor":33,"key":"Strength Potion"},{"floor":35,"key":"Ancient Potion"},{"floor":38,"key":"LiquidMemories"},{"floor":41,"key":"ColorlessPotion"},{"floor":44,"key":"Block Potion"},{"floor":47,"key":"Block Potion"}],"is_trial":true,"path_per_floor":["M","M","M","M","M","E","M","E","T","M","M","E","$","M","R_BF","B",null,"M","M","M","M","M","R","M","M","T","E","M","M","R","?","R","B",null,"M","M","M","M","M","E","M","$","T","M","M","R","M","$","R","B",null],"character_chosen":"THE_CHAMP","items_purchased":["aspiration:Nostalgia","champ:FancyFootwork+1","Mayhem","champ:Improvising","HollowMod:JonisBlessing","champ:ShieldSlam+1","champ:PerfectedStrike","champ:GutPunch","champ:BringItOn+1"],"campfire_rested":1,"item_purchase_floors":[13,13,42,42,42,42,42,48,48],"current_hp_per_floor":[88,87,86,51,53,28,30,27,27,33,37,43,43,48,70,73,72,71,70,69,68,60,60,65,60,60,68,68,52,52,52,52,48,62,61,60,59,50,50,56,46,46,51,51,51,55,54,53,52,39],"gold":101,"neow_bonus":"","is_daily":false,"chose_seed":false,"campfire_upgraded":5,"win_rate":0.0,"timestamp":1612310123,"path_taken":["M","M","M","M","M","E","M","E","T","M","M","E","$","M","R_BF","BOSS","M","M","M","M","M","R","M","M","T","E","M","M","R","?","R","BOSS","M","M","M","M","M","E","M","$","T","M","M","R","M","$","R","BOSS"],"items_purchased_type":["Relic","Card","Card","Card","Relic","Card","Card","Card","Card"],"build_version":"2020-12-22","purchased_purges":1,"victory":true,"max_hp_per_floor":[88,87,86,85,84,83,82,81,80,79,78,77,76,75,74,73,72,71,70,69,68,67,66,65,71,70,69,68,67,66,65,64,63,62,61,60,59,58,57,56,55,54,58,57,56,55,54,53,52,51],"card_choices":[{"not_picked":["champ:BerserkersShout","champ:Lariat"],"picked":"champ:IronFortress","floor":6},{"not_picked":["champ:BringItOn","champ:LastStand"],"picked":"champ:StanceDance","floor":8},{"not_picked":["champ:EndlessRage","champ:SkillfulDodge+1"],"picked":"champ:Duel","floor":12},{"not_picked":["champ:HeavySlash","champ:StrikeOfGenius"],"picked":"champ:Devastate","floor":16},{"not_picked":["champ:Haymaker","champ:Circumvent+1"],"picked":"champ:LastStand","floor":27},{"not_picked":["champ:ShieldThrow","champ:HeavySlash"],"picked":"champ:TripleStrike","floor":33},{"not_picked":["champ:PreciseThrust","champ:GutPunch"],"picked":"champ:DefensiveShout+1","floor":40}],"player_experience":2432792,"relics_obtained":[{"floor":1,"key":"hubris:BottledRain"},{"floor":2,"key":"Snack Pack"},{"floor":3,"key":"ReplayTheSpireMod:Shallot"},{"floor":4,"key":"Quantum Egg"},{"floor":5,"key":"bronze:BronzeIdol"},{"floor":6,"key":"Pocketwatch"},{"floor":7,"key":"Blood Vial"},{"floor":8,"key":"infinitespire:Beetle Shell"},{"floor":9,"key":"Replay:Bottled Snecko"},{"floor":10,"key":"hubris:OldNail"},{"floor":11,"key":"Toxic Egg 2"},{"floor":12,"key":"ReplayTheSpireMod:TigerMarble"},{"floor":14,"key":"Slimebound:PreparedRelic"},{"floor":18,"key":"Replay:Bottled Flurry"},{"floor":19,"key":"HollowMod:LifeEnderRelic"},{"floor":20,"key":"Bronze Scales"},{"floor":21,"key":"Replay:WaspNest"},{"floor":22,"key":"HoshigumaDish"},{"floor":24,"key":"Replay:Mystery Machine"},{"floor":25,"key":"Strawberry"},{"floor":26,"key":"HollowMod:PaleOreRelic"},{"floor":27,"key":"Pet Ghost"},{"floor":28,"key":"Replay:Kaleidoscope"},{"floor":29,"key":"Replay:Rubber Ducky"},{"floor":35,"key":"Eternal Feather"},{"floor":36,"key":"MawBank"},{"floor":37,"key":"Sundial"},{"floor":38,"key":"hubris:SlimyHat"},{"floor":39,"key":"Potion Belt"},{"floor":40,"key":"hubris:MobiusCoin"},{"floor":41,"key":"Centennial Puzzle"},{"floor":43,"key":"Durian"},{"floor":44,"key":"hubris:DisguiseKit"},{"floor":45,"key":"aspiration:AnachronicSnailShell"},{"floor":47,"key":"Nunchaku"}],"event_choices":[{"damage_healed":0,"gold_gain":0,"player_choice":"Copied","damage_taken":0,"max_hp_gain":0,"max_hp_loss":0,"event_name":"Duplicator","floor":31,"gold_loss":0,"cards_obtained":["champ:StanceDance"]}],"is_beta":false,"boss_relics":[{"not_picked":["Runic Pyramid","aspiration:PoetsPen_weak"],"picked":"Abe\u0027s Treasure"},{"not_picked":["Astrolabe","Replay:Drink Me"],"picked":"aspiration:MobileForge"}],"items_purged_floors":[13],"is_endless":false,"potions_floor_spawned":[2,4,7,8,10,14,16,18,24,25,28,29,33,35,38,41,44,47],"ascension_level":0}}