{"host":"c35j6tsoy7cxzn43","time":1612268735,"event":{"mods":["BaseMod","Better Third Choice","BetterRewards","Colored Map","Colored Powertips","Conspire","Highlight Path","Hubris","Infinite Spire","Minty Spire (QoL Compilation)","Quick Restart","Replay The Spire","Shop Mod","StSLib"],"gold_per_floor":[13,13,188,61,61,61,86,86,113,128,128,139,164,184,184,288,288,308,326,341,352,352,352,352,376,406,161,161,161,161,161],"floor_reached":33,"language":"ENG","playtime":1632,"items_purged":["Doubt","Strike_G","Strike_G"],"score":271,"play_id":"bd692096-71dd-4be6-8671-de22ab45fed5","local_time":"20210202132535","is_ascension_mode":false,"campfire_choices":[{"floor":6,"key":"RECALL"},{"data":"Neutralize","floor":8,"key":"SMITH"},{"data":"Defend_G","floor":11,"key":"SMITH"},{"data":"Tools of the Trade","floor":15,"key":"SMITH"},{"data":"Catalyst","floor":23,"key":"SMITH"},{"data":"Glass Knife","floor":25,"key":"SMITH"},{"floor":32,"key":"REST"}],"circlet_count":0,"master_deck":["Strike_G","Strike_G","Strike_G","Defend_G+1","Defend_G","Defend_G","Defend_G","Defend_G","Survivor+1","Neutralize+1","Eviscerate+1","Catalyst+1","Tools of the Trade+1","Glass Knife+1","PiercingWail+1","Deadly Poison","Poisoned Stab","Poisoned Stab","ReplayTheSpireMod:Necrosis"],"relics":["Ring of the Snake","hubris:Teleporter","Du-Vu Doll","infinitespire:BottledMercury","Sozu","hubris:EmptyBottle","conspire:TopHat","Bottled Tornado","Replay:Mystery Machine"],"acts_visited":["Exordium","TheCity"],"potions_floor_usage":[7,13,13,14,16,16],"damage_taken":[{"damage":11,"enemies":"Jaw Worm","floor":1,"turns":8},{"damage":29,"enemies":"Lagavulin","floor":7,"turns":9},{"damage":0,"enemies":"Small Slimes","floor":10,"turns":3},{"damage":0,"enemies":"2 Louse","floor":12,"turns":2},{"damage":6,"enemies":"Gremlin Nob","floor":13,"turns":4},{"damage":9,"enemies":"Exordium Thugs","floor":14,"turns":5},{"damage":12,"enemies":"The Guardian","floor":16,"turns":14},{"damage":5,"enemies":"3 Byrds","floor":18,"turns":7},{"damage":11,"enemies":"Spheric Guardian","floor":19,"turns":4},{"damage":30,"enemies":"Shelled Parasite and Fungi","floor":20,"turns":6},{"damage":0,"enemies":"Snecko","floor":21,"turns":5},{"damage":20,"enemies":"Gremlin Leader","floor":27,"turns":7},{"damage":28,"enemies":"conspire:MysteriousRune","floor":33,"turns":7}],"seed_played":"-1809612300987486461","potions_obtained":[{"floor":1,"key":"Dexterity Potion"},{"floor":10,"key":"EntropicBrew"},{"floor":14,"key":"BlessingOfTheForge"}],"is_trial":false,"path_per_floor":["M","?","?","$","?","R","E","R","T","M","R","M","E","M","R","B",null,"M","M","M","M","R","AVR","R","T","E","$","?","R","B"],"character_chosen":"THE_SILENT","items_purchased":["Eviscerate+1","Replay:Mystery Machine"],"campfire_rested":1,"item_purchase_floors":[4,29],"current_hp_per_floor":[59,59,59,59,59,59,30,30,30,30,30,30,24,15,15,3,70,65,54,24,24,24,24,24,24,4,4,4,25,0,0],"gold":161,"neow_bonus":"ONE_RARE_RELIC","is_daily":false,"chose_seed":false,"campfire_upgraded":5,"win_rate":0.0,"timestamp":1612268735,"path_taken":["M","?","?","$","?","R","E","R","T","M","R","M","E","M","R","BOSS","M","M","M","M","R","AVR","R","T","E","$","?","R","BOSS"],"items_purchased_type":["Card","Relic"],"build_version":"2020-12-22","purchased_purges":3,"victory":false,"max_hp_per_floor":[70,70,70,70,70,70,70,70,70,70,70,70,70,70,70,70,70,70,70,70,70,70,70,70,70,70,70,70,70,70,70],"card_choices":[{"not_picked":["hubris:SlightOfHand","Deflect","Hidden Blade"],"picked":"SKIP","floor":1},{"not_picked":["Predator","Underhanded Strike","Caltrops"],"picked":"SKIP","floor":7},{"not_picked":["Deflect","Fluid Movement","Blade Dance"],"picked":"SKIP","floor":10},{"not_picked":["Flechettes","hubris:Sniper"],"picked":"Catalyst","floor":12},{"not_picked":["hubris:SlightOfHand","Replay:Poison Smokescreen"],"picked":"Tools of the Trade","floor":13},{"not_picked":["Flechettes","Acrobatics","Quick Slash"],"picked":"SKIP","floor":14},{"not_picked":["Atom Bomb","Doppelganger"],"picked":"Glass Knife","floor":16},{"not_picked":["Dagger Spray","Deadly Poison"],"picked":"PiercingWail+1","floor":18},{"not_picked":["Backflip+1","Caltrops+1"],"picked":"Deadly Poison","floor":19},{"not_picked":["Prepared","Underhanded Strike"],"picked":"Poisoned Stab","floor":20},{"not_picked":["Expertise","Blade Dance"],"picked":"Poisoned Stab","floor":21},{"not_picked":["Replay:Poison Smokescreen","Quick Slash"],"picked":"ReplayTheSpireMod:Necrosis","floor":27}],"player_experience":434138,"relics_obtained":[{"floor":7,"key":"Du-Vu Doll"},{"floor":13,"key":"infinitespire:BottledMercury"},{"floor":26,"key":"conspire:TopHat"},{"floor":27,"key":"Bottled Tornado"}],"event_choices":[{"damage_healed":0,"gold_gain":175,"player_choice":"AGREE","damage_taken":13,"max_hp_gain":0,"max_hp_loss":0,"event_name":"betterThird:BetterSerpent","floor":3,"gold_loss":0},{"damage_healed":0,"gold_gain":0,"player_choice":"Leave","damage_taken":0,"max_hp_gain":0,"max_hp_loss":0,"event_name":"conspire:Investor","floor":5,"gold_loss":0}],"is_beta":false,"boss_relics":[{"not_picked":["WristBlade","Honey Jar"],"picked":"Sozu"}],"items_purged_floors":[4,24,29],"is_endless":false,"potions_floor_spawned":[1,10,14,20],"killed_by":"conspire:MysteriousRune","ascension_level":0}}