{"host":"aw6ta4ll26ap9lu8","time":1612229673,"event":{"mods":["AchievementEnabler","AlwaysNeverKeys","BaseMod","Bestiary","Block Reminder","Colored Map","Colored Powertips","Dark Map","DeckTracker","Highlight Path","Minty Spire (QoL Compilation)","Permanent Neow","Quick Restart","Relic Stats","StSLib"],"gold_per_floor":[118,136,136,151,161,11,11,39,92,111,146,146,172,192,192,294,294,307,307,307,317,317,317,317,349,349,377,377,377,390,404,404,502,502,522,522,572,592,602,602,628,628,628,32,50,82,32,45,45,45,45,45,45,72,72,72],"floor_reached":55,"language":"ENG","playtime":2664,"items_purged":["Writhe","Strike_P"],"score":1217,"play_id":"e3e8650a-0566-4616-995f-2a011ac0bfbb","local_time":"20210201203433","is_ascension_mode":true,"campfire_choices":[{"data":"Wallop","floor":7.0,"key":"SMITH"},{"data":"BowlingBash","floor":12.0,"key":"SMITH"},{"data":"Vigilance","floor":15.0,"key":"SMITH"},{"data":"Ragnarok","floor":23.0,"key":"SMITH"},{"data":"CrushJoints","floor":29.0,"key":"SMITH"},{"data":"Study","floor":32.0,"key":"SMITH"},{"data":"Evaluate","floor":40.0,"key":"SMITH"},{"data":"Halt","floor":42.0,"key":"SMITH"},{"floor":49.0,"key":"REST"},{"data":"CutThroughFate","floor":52.0,"key":"SMITH"}],"circlet_count":0,"master_deck":["AscendersBane","Strike_P","Strike_P+1","Defend_P","Defend_P","Defend_P","Eruption+1","Vigilance+1","BowlingBash+1","Halt+1","Wallop+1","Evaluate+1","CrushJoints+1","FearNoEvil+1","CutThroughFate+1","Ragnarok+1","Study+1","FollowUp","Wallop+1","Fasting2+1"],"relics":["PureWater","Meat on the Bone","Strange Spoon","Smiling Mask","Oddly Smooth Stone","Eternal Feather","Gambling Chip","Busted Crown","Enchiridion","Bag of Preparation","Pocketwatch","StrikeDummy","Incense Burner","MealTicket","Philosopher\u0027s Stone","Unceasing Top","Vajra","Mango","Whetstone","Shuriken","DollysMirror","Ice Cream","Ginger"],"acts_visited":["Exordium","TheCity","TheBeyond","TheEnding"],"potions_floor_usage":[],"damage_taken":[{"damage":1.0,"enemies":"Small Slimes","floor":1.0,"turns":4.0},{"damage":0.0,"enemies":"2 Louse","floor":2.0,"turns":1.0},{"damage":8.0,"enemies":"Jaw Worm","floor":4.0,"turns":4.0},{"damage":0.0,"enemies":"3 Louse","floor":5.0,"turns":2.0},{"damage":18.0,"enemies":"Gremlin Nob","floor":8.0,"turns":4.0},{"damage":0.0,"enemies":"Exordium Wildlife","floor":10.0,"turns":2.0},{"damage":20.0,"enemies":"Lagavulin","floor":11.0,"turns":4.0},{"damage":0.0,"enemies":"3 Sentries","floor":13.0,"turns":4.0},{"damage":7.0,"enemies":"Lots of Slimes","floor":14.0,"turns":4.0},{"damage":31.0,"enemies":"Hexaghost","floor":16.0,"turns":9.0},{"damage":22.0,"enemies":"2 Thieves","floor":18.0,"turns":3.0},{"damage":10.0,"enemies":"3 Byrds","floor":21.0,"turns":4.0},{"damage":8.0,"enemies":"Slavers","floor":25.0,"turns":4.0},{"damage":0.0,"enemies":"Gremlin Leader","floor":27.0,"turns":4.0},{"damage":0.0,"enemies":"Centurion and Healer","floor":30.0,"turns":3.0},{"damage":0.0,"enemies":"Sentry and Sphere","floor":31.0,"turns":4.0},{"damage":29.0,"enemies":"Automaton","floor":33.0,"turns":8.0},{"damage":3.0,"enemies":"3 Darklings","floor":35.0,"turns":2.0},{"damage":0.0,"enemies":"Mind Bloom Boss Battle","floor":37.0,"turns":2.0},{"damage":2.0,"enemies":"3 Shapes","floor":38.0,"turns":3.0},{"damage":7.0,"enemies":"Sphere and 2 Shapes","floor":39.0,"turns":4.0},{"damage":1.0,"enemies":"Giant Head","floor":41.0,"turns":5.0},{"damage":0.0,"enemies":"Transient","floor":45.0,"turns":5.0},{"damage":53.0,"enemies":"Nemesis","floor":46.0,"turns":5.0},{"damage":28.0,"enemies":"Maw","floor":48.0,"turns":3.0},{"damage":73.0,"enemies":"Awakened One","floor":50.0,"turns":6.0},{"damage":70.0,"enemies":"Shield and Spear","floor":54.0,"turns":5.0},{"damage":27,"enemies":"The Heart","floor":55,"turns":2}],"seed_played":"-5032934611813965587","potions_obtained":[{"floor":4.0,"key":"Block Potion"},{"floor":10.0,"key":"Dexterity Potion"},{"floor":14.0,"key":"Block Potion"},{"floor":18.0,"key":"EssenceOfSteel"},{"floor":38.0,"key":"Regen Potion"},{"floor":46.0,"key":"SteroidPotion"},{"floor":48.0,"key":"Regen Potion"}],"is_trial":false,"path_per_floor":["M","M","?","M","M","$","R","E","T","M","E","R","E","M","R","B",null,"M","?","?","M","?","R","?","E","T","E","T","R","M","M","R","B",null,"M","?","?","M","M","R","E","R","T","$","M","E","$","M","R","B",null,"R","$","E","B"],"character_chosen":"WATCHER","items_purchased":["Strange Spoon","Whetstone","Shuriken","DollysMirror"],"campfire_rested":1,"item_purchase_floors":[6,44,44,44],"current_hp_per_floor":[64,64,52,44,44,44,44,38,38,38,30,39,39,44,53,34,63,41,25,25,27,27,36,36,40,40,40,40,52,52,52,64,47,66,63,63,63,61,54,66,65,68,82,82,82,41,56,45,81,32,70,82,82,24,0,0],"gold":72,"neow_bonus":"UPGRADE_CARD","is_daily":false,"chose_seed":false,"campfire_upgraded":9,"win_rate":0.0,"timestamp":1612229673,"path_taken":["M","M","?","M","M","$","R","E","T","M","E","R","E","M","R","BOSS","M","?","?","M","?","R","?","E","T","E","?","R","M","M","R","BOSS","M","?","?","M","M","R","E","R","T","$","M","E","$","M","R","BOSS","R","$","E","BOSS"],"items_purchased_type":["Relic","Relic","Relic","Relic"],"build_version":"2020-12-22","purchased_purges":2,"victory":false,"max_hp_per_floor":[72,72,72,72,72,72,72,72,72,72,72,72,72,72,72,72,72,72,72,72,72,72,72,72,72,72,72,72,72,72,72,72,72,72,72,68,68,68,68,68,68,68,82,82,82,82,82,82,82,82,82,82,82,82,82,82],"relic_stats":{"counters":[28,110],"Eternal Feather":90,"Bag of Preparation":[32],"Whetstone":["Strike_P","FearNoEvil"],"Ginger":[2],"Smiling Mask":75,"Strange Spoon":[34],"Busted Crown":32,"Shuriken":[21],"Gambling Chip":[104],"MealTicket":15,"obtain_stats":[{"Ice Cream":46,"Oddly Smooth Stone":9,"Enchiridion":19,"Vajra":41,"Eternal Feather":11,"Mango":43,"Bag of Preparation":24,"Incense Burner":27,"Whetstone":44,"Ginger":54,"Smiling Mask":8,"Strange Spoon":6,"Busted Crown":17,"Shuriken":44,"DollysMirror":44,"Gambling Chip":13,"MealTicket":28,"Philosopher\u0027s Stone":34,"PureWater":0,"StrikeDummy":26,"Unceasing Top":37,"Meat on the Bone":3,"Pocketwatch":25},{"Ice Cream":24,"Oddly Smooth Stone":5,"Enchiridion":11,"Vajra":22,"Eternal Feather":7,"Mango":22,"Bag of Preparation":12,"Incense Burner":14,"Whetstone":22,"Ginger":27,"Smiling Mask":5,"Strange Spoon":4,"Busted Crown":10,"Shuriken":22,"DollysMirror":22,"Gambling Chip":8,"MealTicket":14,"Philosopher\u0027s Stone":17,"PureWater":0,"StrikeDummy":13,"Unceasing Top":19,"Meat on the Bone":2,"Pocketwatch":13},{"Ice Cream":94,"Oddly Smooth Stone":15,"Enchiridion":41,"Vajra":84,"Eternal Feather":21,"Mango":84,"Bag of Preparation":45,"Incense Burner":53,"Whetstone":84,"Ginger":108,"Smiling Mask":15,"Strange Spoon":11,"Busted Crown":38,"Shuriken":84,"DollysMirror":84,"Gambling Chip":25,"MealTicket":53,"Philosopher\u0027s Stone":68,"PureWater":0,"StrikeDummy":49,"Unceasing Top":72,"Meat on the Bone":5,"Pocketwatch":49}],"Unceasing Top":[12],"Meat on the Bone":132,"Pocketwatch":[24]},"card_choices":[{"not_picked":["WheelKick","Collect"],"picked":"BowlingBash","floor":1.0},{"not_picked":["ClearTheMind","JustLucky"],"picked":"Halt","floor":2.0},{"not_picked":["Collect","Consecrate"],"picked":"Wallop","floor":4.0},{"not_picked":["FollowUp","EmptyBody"],"picked":"Evaluate","floor":5.0},{"not_picked":["MasterReality","Study"],"picked":"CrushJoints","floor":8.0},{"not_picked":["Weave","Tantrum","EmptyFist"],"picked":"SKIP","floor":10.0},{"not_picked":["ReachHeaven","EmptyFist"],"picked":"FearNoEvil","floor":11.0},{"not_picked":["ClearTheMind","FearNoEvil"],"picked":"CutThroughFate","floor":13.0},{"not_picked":["EmptyBody","FlyingSleeves","Wish"],"picked":"SKIP","floor":14.0},{"not_picked":["ConjureBlade","Establishment"],"picked":"Ragnarok","floor":16.0},{"not_picked":["JustLucky+1"],"picked":"SKIP","floor":18.0},{"not_picked":["WreathOfFlame"],"picked":"SKIP","floor":21.0},{"not_picked":["WaveOfTheHand"],"picked":"SKIP","floor":25.0},{"not_picked":["FollowUp"],"picked":"SKIP","floor":27.0},{"not_picked":["FollowUp"],"picked":"SKIP","floor":30.0},{"not_picked":["DeceiveReality"],"picked":"SKIP","floor":31.0},{"not_picked":["Tantrum"],"picked":"SKIP","floor":35.0},{"not_picked":["BowlingBash"],"picked":"SKIP","floor":38.0},{"not_picked":["Evaluate"],"picked":"SKIP","floor":39.0},{"not_picked":["FlurryOfBlows+1"],"picked":"SKIP","floor":41.0},{"not_picked":["FlurryOfBlows"],"picked":"SKIP","floor":45.0},{"not_picked":[],"picked":"Fasting2+1","floor":46.0},{"not_picked":["Sanctity"],"picked":"SKIP","floor":48.0},{"not_picked":["FollowUp+1"],"picked":"SKIP","floor":54.0}],"player_experience":630871,"relics_obtained":[{"floor":8.0,"key":"Smiling Mask"},{"floor":9.0,"key":"Oddly Smooth Stone"},{"floor":11.0,"key":"Eternal Feather"},{"floor":13.0,"key":"Gambling Chip"},{"floor":19.0,"key":"Enchiridion"},{"floor":25.0,"key":"Pocketwatch"},{"floor":26.0,"key":"StrikeDummy"},{"floor":27.0,"key":"Incense Burner"},{"floor":28.0,"key":"MealTicket"},{"floor":37.0,"key":"Unceasing Top"},{"floor":41.0,"key":"Vajra"},{"floor":43.0,"key":"Mango"},{"floor":46.0,"key":"Ice Cream"},{"floor":54.0,"key":"Ginger"}],"event_choices":[{"damage_healed":0.0,"max_hp_gain":0.0,"max_hp_loss":0.0,"gold_gain":0.0,"event_name":"Scrap Ooze","player_choice":"Success","floor":3.0,"gold_loss":0.0,"damage_taken":12.0,"relics_obtained":["Meat on the Bone"]},{"damage_healed":0.0,"max_hp_gain":0.0,"max_hp_loss":0.0,"gold_gain":0.0,"event_name":"Cursed Tome","player_choice":"Obtained Book","floor":19.0,"gold_loss":0.0,"damage_taken":16.0},{"damage_healed":0.0,"max_hp_gain":0.0,"max_hp_loss":0.0,"gold_gain":0.0,"cards_transformed":["Strike_P","Defend_P"],"event_name":"Drug Dealer","player_choice":"Became Test Subject","floor":20.0,"gold_loss":0.0,"damage_taken":0.0,"cards_obtained":["Study","FollowUp"]},{"damage_healed":0.0,"max_hp_gain":0.0,"max_hp_loss":0.0,"gold_gain":0.0,"event_name":"Ghosts","player_choice":"Ignored","floor":22.0,"gold_loss":0.0,"damage_taken":0.0},{"damage_healed":0.0,"max_hp_gain":0.0,"max_hp_loss":0.0,"gold_gain":0.0,"event_name":"The Mausoleum","player_choice":"Opened","floor":24.0,"gold_loss":0.0,"damage_taken":0.0,"relics_obtained":["Bag of Preparation"],"cards_obtained":["Writhe"]},{"damage_healed":0.0,"max_hp_gain":0.0,"max_hp_loss":4.0,"gold_gain":0.0,"event_name":"Winding Halls","player_choice":"Max HP","floor":36.0,"gold_loss":0.0,"damage_taken":0.0},{"damage_healed":0.0,"max_hp_gain":0.0,"max_hp_loss":0.0,"gold_gain":0.0,"event_name":"MindBloom","player_choice":"Fight","floor":37.0,"gold_loss":0.0,"damage_taken":0.0}],"is_beta":false,"boss_relics":[{"not_picked":["Pandora\u0027s Box","Runic Pyramid"],"picked":"Busted Crown"},{"not_picked":["Astrolabe","SlaversCollar"],"picked":"Philosopher\u0027s Stone"}],"items_purged_floors":[44,47],"is_endless":false,"potions_floor_spawned":[4,10,14,18,21,25,38,46,48],"killed_by":"The Heart","ascension_level":11}}