{"host":"vyjryxuuuxkt43k4","time":1612250476,"event":{"mods":["AchievementEnabler","BaseMod","Colored Map","DeckTracker","Keyboard Shortcuts","Minty Spire (QoL Compilation)","Permanent Neow","Quick Restart","Rare Cards Sparkle","Relic Stats","StSLib","SuperFastMode","everything is the same but u backflip on backflip"],"gold_per_floor":[110,110,129,14,28,28,42,77,77,77,96,96,52,52,52,130,130,140,65,75,75,75,75,95,107,131,131,143,160,160,160,160,160,160],"floor_reached":33,"language":"KOR","playtime":2354,"items_purged":["Strike_G"],"score":535,"play_id":"dd61fb56-5664-4f2e-b806-a6a0e7602f4e","local_time":"20210202162116","is_ascension_mode":true,"campfire_choices":[{"data":"Eviscerate","floor":6.0,"key":"SMITH"},{"data":"Well Laid Plans","floor":10.0,"key":"SMITH"},{"data":"Concentrate","floor":12.0,"key":"SMITH"},{"floor":15.0,"key":"REST"},{"data":"Expertise","floor":23.0,"key":"SMITH"},{"data":"After Image","floor":27.0,"key":"SMITH"},{"data":"Reflex","floor":30.0,"key":"SMITH"},{"data":"Backflip","floor":32.0,"key":"SMITH"}],"circlet_count":0,"master_deck":["AscendersBane","Strike_G","Strike_G","Strike_G","Strike_G","Defend_G","Defend_G","Defend_G","Defend_G","Defend_G","Survivor","Neutralize+1","Well Laid Plans+1","Backflip+1","Flash of Steel","Quick Slash","Eviscerate+1","Reflex+1","Dagger Throw","Concentrate+1","Expertise+1","After Image+1","Burst","Underhanded Strike","Shame"],"relics":["Ring of the Snake","Snake Skull","Darkstone Periapt","Toy Ornithopter","Ninja Scroll","Cursed Key"],"acts_visited":["Exordium","TheCity"],"potions_floor_usage":[],"damage_taken":[{"damage":1.0,"enemies":"Jaw Worm","floor":1.0,"turns":4.0},{"damage":0.0,"enemies":"Cultist","floor":3.0,"turns":4.0},{"damage":0.0,"enemies":"Small Slimes","floor":5.0,"turns":4.0},{"damage":0.0,"enemies":"Blue Slaver","floor":7.0,"turns":5.0},{"damage":34.0,"enemies":"Gremlin Nob","floor":8.0,"turns":5.0},{"damage":12.0,"enemies":"3 Louse","floor":11.0,"turns":3.0},{"damage":0.0,"enemies":"Slime Boss","floor":16.0,"turns":8.0},{"damage":0.0,"enemies":"2 Thieves","floor":18.0,"turns":3.0},{"damage":10.0,"enemies":"Spheric Guardian","floor":20.0,"turns":4.0},{"damage":5.0,"enemies":"Centurion and Healer","floor":24.0,"turns":4.0},{"damage":0.0,"enemies":"Snecko","floor":25.0,"turns":4.0},{"damage":14.0,"enemies":"Cultist and Chosen","floor":28.0,"turns":8.0},{"damage":0.0,"enemies":"Centurion and Healer","floor":29.0,"turns":4.0},{"damage":88,"enemies":"Automaton","floor":33,"turns":6}],"seed_played":"-4373826300629644980","potions_obtained":[{"floor":5.0,"key":"SpeedPotion"},{"floor":16.0,"key":"DistilledChaos"},{"floor":18.0,"key":"DuplicationPotion"},{"floor":28.0,"key":"Ancient Potion"},{"floor":29.0,"key":"FearPotion"}],"is_trial":false,"path_per_floor":["M","?","M","$","M","R","M","E","T","R","M","R","$","T","R","B",null,"M","$","M","$","?","R","M","M","T","R","M","M","R","?","R","B"],"character_chosen":"THE_SILENT","items_purchased":["Flash of Steel","Quick Slash","Expertise"],"campfire_rested":1,"item_purchase_floors":[4,4,13],"current_hp_per_floor":[58,58,58,58,58,58,58,24,24,24,12,12,12,12,31,36,59,64,64,54,54,54,54,49,49,55,55,41,41,41,41,41,0,0],"gold":160,"neow_bonus":"UPGRADE_CARD","is_daily":false,"chose_seed":false,"campfire_upgraded":7,"win_rate":0.0,"timestamp":1612250476,"path_taken":["M","?","M","?","M","R","M","E","T","R","?","R","$","?","R","BOSS","M","$","M","$","?","R","M","M","T","R","?","M","R","?","R","BOSS"],"items_purchased_type":["Card","Card","Card"],"build_version":"2020-12-22","purchased_purges":1,"victory":false,"max_hp_per_floor":[66,66,66,66,66,66,66,66,66,66,66,66,66,66,66,66,66,66,66,66,66,66,66,66,66,72,72,72,72,72,72,72,72,72],"relic_stats":{"Darkstone Periapt":6,"counters":[14,66],"Snake Skull":[0],"Cursed Key":1,"obtain_stats":[{"Darkstone Periapt":8,"Ninja Scroll":14,"Snake Skull":2,"Cursed Key":17,"Toy Ornithopter":9,"Ring of the Snake":0},{"Darkstone Periapt":5,"Ninja Scroll":6,"Snake Skull":1,"Cursed Key":7,"Toy Ornithopter":5,"Ring of the Snake":0},{"Darkstone Periapt":22,"Ninja Scroll":25,"Snake Skull":4,"Cursed Key":33,"Toy Ornithopter":22,"Ring of the Snake":0}],"Toy Ornithopter":10,"Ring of the Snake":[28]},"card_choices":[{"not_picked":["Backflip","Dagger Spray"],"picked":"Well Laid Plans","floor":1.0},{"not_picked":["Underhanded Strike","Slice"],"picked":"Backflip","floor":3.0},{"not_picked":["Dagger Throw","Backflip"],"picked":"Eviscerate","floor":5.0},{"not_picked":["Poisoned Stab","Blade Dance"],"picked":"Reflex","floor":7.0},{"not_picked":["Flying Knee","Cloak And Dagger"],"picked":"Dagger Throw","floor":8.0},{"not_picked":["Acrobatics","Deflect"],"picked":"Concentrate","floor":11.0},{"not_picked":["A Thousand Cuts","Glass Knife"],"picked":"After Image","floor":16.0},{"not_picked":["Catalyst","Deflect","Masterful Stab"],"picked":"SKIP","floor":18.0},{"not_picked":["Dodge and Roll","Infinite Blades+1","Blade Dance+1"],"picked":"SKIP","floor":20.0},{"not_picked":["Accuracy","Bouncing Flask"],"picked":"Underhanded Strike","floor":24.0},{"not_picked":["Setup","Flying Knee","Accuracy"],"picked":"SKIP","floor":25.0},{"not_picked":["Setup","Flying Knee","Accuracy"],"picked":"SKIP","floor":25.0},{"not_picked":["All Out Attack","Distraction","Dagger Spray"],"picked":"SKIP","floor":28.0},{"not_picked":["Flechettes","Deadly Poison","Cloak And Dagger"],"picked":"SKIP","floor":29.0},{"not_picked":["Flechettes","Deadly Poison","Cloak And Dagger"],"picked":"SKIP","floor":29.0}],"player_experience":611957,"relics_obtained":[{"floor":2.0,"key":"Snake Skull"},{"floor":8.0,"key":"Darkstone Periapt"},{"floor":9.0,"key":"Toy Ornithopter"},{"floor":14.0,"key":"Ninja Scroll"}],"event_choices":[{"damage_healed":0.0,"max_hp_gain":0.0,"max_hp_loss":0.0,"gold_gain":0.0,"event_name":"Wheel of Change","player_choice":"Relic","floor":2.0,"gold_loss":0.0,"damage_taken":0.0},{"damage_healed":0.0,"max_hp_gain":0.0,"max_hp_loss":0.0,"gold_gain":0.0,"event_name":"Match and Keep!","player_choice":"1 cards matched","floor":22.0,"gold_loss":0.0,"damage_taken":0.0,"cards_obtained":["Burst"]},{"damage_healed":0.0,"max_hp_gain":0.0,"max_hp_loss":0.0,"gold_gain":0.0,"event_name":"Vampires","player_choice":"Ignored","floor":31.0,"gold_loss":0.0,"damage_taken":0.0}],"is_beta":false,"boss_relics":[{"not_picked":["Empty Cage","Runic Pyramid"],"picked":"Cursed Key"}],"items_purged_floors":[19],"is_endless":false,"potions_floor_spawned":[5,16,18,28,29],"killed_by":"Automaton","ascension_level":16}}