{"host":"facnppb4175fcpe2","time":1612272749,"event":{"mods":["AchievementEnabler","BaseMod","Colored Map","Colored Powertips","Highlight Path","Minty Spire (QoL Compilation)","Quick Restart","Rare Cards Sparkle","Relic Stats","StSLib","SuperFastMode"],"gold_per_floor":[119,134,150,163,174,200,200,232,232,232,7,7,7,32,32,134,134,145,145,145,105,124,124,156,156,156,167,193,193,212,212,212,316,316,331,1,14,63,63,63,88,105,105,118,147,162,196,196,196,196,196,196,39,71,71,71],"floor_reached":55,"language":"ZHS","playtime":1325,"items_purged":["Strike_R"],"score":1154,"play_id":"5a8f0b0a-014b-40fb-8414-52ff8825ca93","local_time":"20210202213229","is_ascension_mode":true,"campfire_choices":[{"data":"Double Tap","floor":7.0,"key":"SMITH"},{"data":"Defend_R","floor":10.0,"key":"SMITH"},{"data":"Defend_R","floor":15.0,"key":"SMITH"},{"data":"Bite","floor":23.0,"key":"SMITH"},{"data":"Uppercut","floor":25.0,"key":"SMITH"},{"data":"Bite","floor":32.0,"key":"SMITH"},{"floor":40.0,"key":"RECALL"},{"floor":49.0,"key":"DIG"},{"floor":52.0,"key":"DIG"}],"circlet_count":0,"master_deck":["Defend_R+1","Defend_R+1","Defend_R+1","Defend_R+1","Bash","Double Tap+1","Shrug It Off+1","Bite+1","Bite","Bite","Bite+1","Uppercut+1","Brutality","Heavy Blade+1"],"relics":["Burning Blood","Mercury Hourglass","Magic Flower","HornCleat","Brimstone","Charon\u0027s Ashes","Velvet Choker","InkBottle","PreservedInsect","War Paint","Black Star","Lantern","Shovel","Toxic Egg 2","Bottled Tornado","Nunchaku","Regal Pillow","Champion Belt","Strawberry","Bird Faced Urn","Happy Flower","Self Forming Clay","HandDrill","Centennial Puzzle","Toy Ornithopter"],"acts_visited":["Exordium","TheCity","TheBeyond","TheEnding"],"potions_floor_usage":[55,55,55],"damage_taken":[{"damage":5.0,"enemies":"Cultist","floor":1.0,"turns":4.0},{"damage":4.0,"enemies":"Jaw Worm","floor":2.0,"turns":4.0},{"damage":4.0,"enemies":"Small Slimes","floor":3.0,"turns":4.0},{"damage":0.0,"enemies":"2 Fungi Beasts","floor":4.0,"turns":3.0},{"damage":23.0,"enemies":"Exordium Thugs","floor":5.0,"turns":5.0},{"damage":35.0,"enemies":"Gremlin Nob","floor":6.0,"turns":5.0},{"damage":24.0,"enemies":"3 Sentries","floor":8.0,"turns":6.0},{"damage":7.0,"enemies":"Lagavulin","floor":14.0,"turns":5.0},{"damage":18.0,"enemies":"The Guardian","floor":16.0,"turns":8.0},{"damage":7.0,"enemies":"3 Byrds","floor":18.0,"turns":5.0},{"damage":4.0,"enemies":"Chosen","floor":22.0,"turns":3.0},{"damage":45.0,"enemies":"Book of Stabbing","floor":24.0,"turns":5.0},{"damage":14.0,"enemies":"Snake Plant","floor":27.0,"turns":3.0},{"damage":17.0,"enemies":"Slavers","floor":28.0,"turns":4.0},{"damage":0.0,"enemies":"Snecko","floor":30.0,"turns":3.0},{"damage":27.0,"enemies":"Champ","floor":33.0,"turns":6.0},{"damage":1.0,"enemies":"Orb Walker","floor":35.0,"turns":2.0},{"damage":7.0,"enemies":"3 Darklings","floor":37.0,"turns":3.0},{"damage":37.0,"enemies":"2 Orb Walkers","floor":38.0,"turns":4.0},{"damage":0.0,"enemies":"Giant Head","floor":41.0,"turns":5.0},{"damage":13.0,"enemies":"Sphere and 2 Shapes","floor":42.0,"turns":4.0},{"damage":5.0,"enemies":"Jaw Worm Horde","floor":44.0,"turns":3.0},{"damage":2.0,"enemies":"Reptomancer","floor":45.0,"turns":3.0},{"damage":33.0,"enemies":"Writhing Mass","floor":46.0,"turns":4.0},{"damage":3.0,"enemies":"Giant Head","floor":47.0,"turns":4.0},{"damage":79.0,"enemies":"Donu and Deca","floor":50.0,"turns":6.0},{"damage":83.0,"enemies":"Shield and Spear","floor":54.0,"turns":5.0},{"damage":95,"enemies":"The Heart","floor":55,"turns":5}],"seed_played":"7322612486627979432","potions_obtained":[{"floor":1.0,"key":"Explosive Potion"},{"floor":8.0,"key":"Block Potion"},{"floor":14.0,"key":"Dexterity Potion"},{"floor":16.0,"key":"Fire Potion"},{"floor":22.0,"key":"SkillPotion"},{"floor":27.0,"key":"Explosive Potion"},{"floor":30.0,"key":"Strength Potion"},{"floor":35.0,"key":"EssenceOfSteel"},{"floor":41.0,"key":"PowerPotion"}],"is_trial":false,"path_per_floor":["M","M","M","M","M","E","R","E","T","R","$","?","?","E","R","B",null,"M","?","$","?","M","R","E","R","T","M","E","?","M","$","R","B",null,"M","$","M","?","?","R","E","M","T","M","E","M","E","?","R","B",null,"R","$","E","B"],"character_chosen":"IRONCLAD","items_purchased":["Brimstone","Lantern","Fruit Juice","DuplicationPotion","HandDrill"],"campfire_rested":0,"item_purchase_floors":[11,36,36,36,53],"current_hp_per_floor":[88,88,88,88,71,42,42,24,24,24,24,17,17,19,19,10,69,71,61,61,61,61,61,46,46,46,61,61,61,61,61,61,61,61,61,66,66,66,66,66,66,66,66,66,66,66,73,73,73,48,67,67,67,35,0,0],"gold":71,"neow_bonus":"TEN_PERCENT_HP_BONUS","is_daily":false,"chose_seed":false,"campfire_upgraded":6,"win_rate":0.0,"timestamp":1612272749,"path_taken":["M","M","M","?","M","E","R","E","T","R","$","?","?","E","R","BOSS","M","?","$","?","?","R","E","R","T","M","E","?","?","$","R","BOSS","M","$","M","?","?","R","E","?","T","M","E","M","E","?","R","BOSS","R","$","E","BOSS"],"items_purchased_type":["Relic","Relic","Potion","Potion","Relic"],"build_version":"2020-12-22","purchased_purges":1,"victory":false,"max_hp_per_floor":[88,88,88,88,88,88,88,88,88,88,88,88,88,88,88,88,88,88,61,61,61,61,61,61,61,61,61,61,61,61,61,61,61,61,61,66,66,66,66,66,66,66,66,66,66,66,73,73,73,73,73,73,73,73,73,73],"relic_stats":{"Regal Pillow":0,"Happy Flower":[5],"counters":[28,120],"Self Forming Clay":[84],"Magic Flower":[130],"Charon\u0027s Ashes":[14],"PreservedInsect":375,"War Paint":["Defend_R","Defend_R"],"Burning Blood":110,"Mercury Hourglass":[347],"Nunchaku":[8],"Centennial Puzzle":[3],"Shovel":2,"Bird Faced Urn":[9],"Black Star":4,"HandDrill":[4],"Champion Belt":[14],"obtain_stats":[{"Lantern":36,"Regal Pillow":45,"Magic Flower":8,"Bottled Tornado":41,"Burning Blood":0,"Nunchaku":43,"Centennial Puzzle":54,"HornCleat":9,"Shovel":38,"Strawberry":47,"HandDrill":53,"Toxic Egg 2":41,"InkBottle":24,"Happy Flower":49,"Self Forming Clay":52,"Velvet Choker":17,"Charon\u0027s Ashes":14,"PreservedInsect":28,"War Paint":29,"Mercury Hourglass":6,"Brimstone":11,"Bird Faced Urn":47,"Black Star":34,"Champion Belt":45,"Toy Ornithopter":54},{"Lantern":17,"Regal Pillow":23,"Magic Flower":7,"Bottled Tornado":20,"Burning Blood":0,"Nunchaku":21,"Centennial Puzzle":27,"HornCleat":7,"Shovel":19,"Strawberry":25,"HandDrill":26,"Toxic Egg 2":20,"InkBottle":12,"Happy Flower":25,"Self Forming Clay":26,"Velvet Choker":9,"Charon\u0027s Ashes":8,"PreservedInsect":14,"War Paint":14,"Mercury Hourglass":6,"Brimstone":7,"Bird Faced Urn":25,"Black Star":16,"Champion Belt":23,"Toy Ornithopter":27},{"Lantern":74,"Regal Pillow":96,"Magic Flower":31,"Bottled Tornado":86,"Burning Blood":0,"Nunchaku":90,"Centennial Puzzle":115,"HornCleat":31,"Shovel":81,"Strawberry":104,"HandDrill":110,"Toxic Egg 2":86,"InkBottle":56,"Happy Flower":104,"Self Forming Clay":110,"Velvet Choker":44,"Charon\u0027s Ashes":36,"PreservedInsect":63,"War Paint":63,"Mercury Hourglass":25,"Brimstone":31,"Bird Faced Urn":104,"Black Star":72,"Champion Belt":96,"Toy Ornithopter":115}],"InkBottle":[24],"Toy Ornithopter":24},"card_choices":[{"not_picked":["Sword Boomerang","Headbutt"],"picked":"Flex","floor":1.0},{"not_picked":["Rampage","Perfected Strike","Armaments"],"picked":"SKIP","floor":2.0},{"not_picked":["Cleave","Ghostly Armor","Reckless Charge"],"picked":"SKIP","floor":3.0},{"not_picked":["Fire Breathing","Wild Strike"],"picked":"Double Tap","floor":4.0},{"not_picked":["Perfected Strike","Sentinel","Armaments"],"picked":"SKIP","floor":5.0},{"not_picked":["Carnage","Brutality"],"picked":"Hemokinesis","floor":6.0},{"not_picked":["Hemokinesis","Headbutt"],"picked":"Shrug It Off","floor":8.0},{"not_picked":["Dual Wield","Havoc","Shockwave"],"picked":"SKIP","floor":14.0},{"not_picked":["Clash","Sword Boomerang","Iron Wave"],"picked":"SKIP","floor":18.0},{"not_picked":["Sword Boomerang+1","Anger","Flame Barrier"],"picked":"SKIP","floor":22.0},{"not_picked":["Offering","Whirlwind+1"],"picked":"Uppercut","floor":24.0},{"not_picked":["Headbutt","Sword Boomerang","Flex"],"picked":"SKIP","floor":27.0},{"not_picked":["Perfected Strike","Combust","Metallicize"],"picked":"SKIP","floor":28.0},{"not_picked":["Dark Embrace","Twin Strike","Sword Boomerang"],"picked":"SKIP","floor":30.0},{"not_picked":["Fiend Fire","Impervious"],"picked":"Brutality","floor":33.0},{"not_picked":["Shrug It Off","Thunderclap","Havoc+1"],"picked":"SKIP","floor":35.0},{"not_picked":["Wild Strike+1","Thunderclap+1","Intimidate+1"],"picked":"SKIP","floor":37.0},{"not_picked":["Headbutt","Clothesline+1"],"picked":"Heavy Blade+1","floor":38.0},{"not_picked":["Havoc+1","True Grit+1","Sword Boomerang+1"],"picked":"SKIP","floor":41.0},{"not_picked":["Sword Boomerang","Sever Soul+1","Clash"],"picked":"SKIP","floor":42.0},{"not_picked":["Battle Trance+1","Dual Wield+1","Second Wind+1"],"picked":"SKIP","floor":44.0},{"not_picked":["Whirlwind","Havoc+1","Corruption"],"picked":"SKIP","floor":45.0},{"not_picked":["Havoc+1","Infernal Blade+1","Carnage"],"picked":"SKIP","floor":46.0},{"not_picked":["Headbutt","Anger","Dual Wield+1"],"picked":"SKIP","floor":47.0},{"not_picked":["Pommel Strike+1","Dark Embrace+1","Carnage+1"],"picked":"SKIP","floor":54.0}],"player_experience":117827,"relics_obtained":[{"floor":6.0,"key":"Mercury Hourglass"},{"floor":8.0,"key":"Magic Flower"},{"floor":9.0,"key":"HornCleat"},{"floor":14.0,"key":"Charon\u0027s Ashes"},{"floor":24.0,"key":"InkBottle"},{"floor":28.0,"key":"PreservedInsect"},{"floor":38.0,"key":"Shovel"},{"floor":41.0,"key":"Toxic Egg 2"},{"floor":41.0,"key":"Bottled Tornado"},{"floor":43.0,"key":"Nunchaku"},{"floor":45.0,"key":"Regal Pillow"},{"floor":45.0,"key":"Champion Belt"},{"floor":47.0,"key":"Strawberry"},{"floor":47.0,"key":"Bird Faced Urn"},{"floor":49.0,"key":"Happy Flower"},{"floor":52.0,"key":"Self Forming Clay"},{"floor":54.0,"key":"Centennial Puzzle"},{"floor":54.0,"key":"Toy Ornithopter"}],"event_choices":[{"cards_removed":["Strike_R"],"damage_healed":0.0,"max_hp_gain":0.0,"max_hp_loss":0.0,"gold_gain":0.0,"event_name":"Golden Wing","player_choice":"Card Removal","floor":12.0,"gold_loss":0.0,"damage_taken":7.0},{"damage_healed":0.0,"max_hp_gain":0.0,"max_hp_loss":0.0,"gold_gain":0.0,"event_name":"Living Wall","player_choice":"Grow","floor":13.0,"gold_loss":0.0,"damage_taken":0.0,"cards_upgraded":["Shrug It Off"]},{"damage_healed":0.0,"max_hp_gain":0.0,"max_hp_loss":27.0,"gold_gain":0.0,"event_name":"Vampires","player_choice":"Became a vampire","floor":19.0,"gold_loss":0.0,"damage_taken":0.0,"cards_obtained":["Bite","Bite","Bite","Bite","Bite"]},{"damage_healed":0.0,"max_hp_gain":0.0,"max_hp_loss":0.0,"gold_gain":0.0,"event_name":"Designer","player_choice":"Upgrade","floor":21.0,"gold_loss":40.0,"damage_taken":0.0,"cards_upgraded":["Bite"]},{"cards_removed":["Flex"],"damage_healed":0.0,"max_hp_gain":0.0,"max_hp_loss":0.0,"gold_gain":0.0,"event_name":"WeMeetAgain","player_choice":"Gave Card","floor":29.0,"gold_loss":0.0,"damage_taken":0.0,"relics_obtained":["War Paint"]},{"damage_healed":0.0,"max_hp_gain":0.0,"max_hp_loss":0.0,"gold_gain":0.0,"event_name":"Mysterious Sphere","player_choice":"Fight","floor":38.0,"gold_loss":0.0,"damage_taken":0.0},{"cards_removed":["Hemokinesis"],"damage_healed":0.0,"max_hp_gain":0.0,"max_hp_loss":0.0,"gold_gain":0.0,"event_name":"Purifier","player_choice":"Purged","floor":39.0,"gold_loss":0.0,"damage_taken":0.0},{"cards_removed":["Bite"],"damage_healed":0.0,"max_hp_gain":0.0,"max_hp_loss":0.0,"gold_gain":0.0,"event_name":"Falling","player_choice":"Removed Attack","floor":48.0,"gold_loss":0.0,"damage_taken":0.0}],"is_beta":false,"boss_relics":[{"not_picked":["Coffee Dripper","Snecko Eye"],"picked":"Velvet Choker"},{"not_picked":["Calling Bell","Runic Pyramid"],"picked":"Black Star"}],"items_purged_floors":[11],"is_endless":false,"potions_floor_spawned":[1,8,14,16,22,27,30,35,41,42,54],"killed_by":"The Heart","ascension_level":5}}