{"host":"sc0o2qwpf9j16a4i","time":1612273242,"event":{"mods":["AchievementEnabler","BaseMod","BetterRewards","Block Reminder","Colored Map","Colored Powertips","Custom Start","Highlight Path","Minty Spire (QoL Compilation)","Relic Stats"],"gold_per_floor":[153,153,10,10,10,122,297,112,138,177,207,207,237,336,336,642,642,721,788,788,192,192,291,141,141,141,268,268,310,310,425,425,735,735,786,786,945,1003,1003,1127,1184,737,737,776,776,776,875,908,908,908],"floor_reached":51,"language":"ENG","playtime":1478,"items_purged":[],"score":1097,"play_id":"5a326fe6-7a68-4fa6-93b4-c4181fd9f0d0","local_time":"20210202154042","daily_mods":["Shiny","Purple Cards","Midas"],"is_ascension_mode":false,"campfire_choices":[{"floor":12,"key":"REST"},{"floor":15,"key":"REST"},{"floor":25,"key":"REST"},{"floor":30,"key":"REST"},{"floor":32,"key":"REST"},{"floor":45,"key":"REST"},{"floor":49,"key":"REST"}],"circlet_count":0,"master_deck":["ConjureBlade+1","MasterReality+1","Brilliance+1","Devotion+1","Blasphemy+1","Ragnarok+1","LessonLearned+1","Scrawl+1","Vault+1","Alpha+1","Wish+1","Omniscience+1","Establishment+1","SpiritShield+1","DevaForm+1","DeusExMachina+1","Double Tap+1","Demon Form+1","Bludgeon+1","Feed+1","Limit Break+1","Corruption+1","Barricade+1","Fiend Fire+1","Berserk+1","Impervious+1","Juggernaut+1","Brutality+1","Reaper+1","Exhume+1","Offering+1","Immolate+1","Shrug It Off+1","Rupture+1","Metallicize+1","WaveOfTheHand+1","Spot Weakness+1","Doubt","Evolve+1","Fire Breathing+1","Meditate+1","Vault+1","Clothesline+1","Protect+1","Body Slam+1","EmptyMind+1","Sanctity+1","Combust+1","Body Slam+1","Dark Shackles+1","HandOfGreed+1","Blind+1","Shrug It Off+1","Sword Boomerang+1","Carnage+1"],"relics":["Burning Blood","Orrery","Ancient Tea Set","Happy Flower","Strange Spoon","MealTicket","Juzu Bracelet","Mercury Hourglass","Fusion Hammer","TungstenRod","Bronze Scales","Chemical X","InkBottle","OrangePellets","Bottled Flame","PreservedInsect","Lantern","Mark of Pain","Du-Vu Doll","Oddly Smooth Stone","Vajra","War Paint","Brimstone","Meat on the Bone","Mark of the Bloom","Molten Egg 2"],"acts_visited":["Exordium","TheCity","TheBeyond"],"potions_floor_usage":[14,19,27,29,36,37,37,40,50],"damage_taken":[{"damage":1,"enemies":"Jaw Worm","floor":1,"turns":2},{"damage":9,"enemies":"Lagavulin","floor":6,"turns":5},{"damage":7,"enemies":"2 Louse","floor":10,"turns":3},{"damage":7,"enemies":"Small Slimes","floor":13,"turns":2},{"damage":0,"enemies":"3 Sentries","floor":14,"turns":1},{"damage":30,"enemies":"Hexaghost","floor":16,"turns":7},{"damage":12,"enemies":"Chosen","floor":18,"turns":6},{"damage":60,"enemies":"2 Thieves","floor":19,"turns":4},{"damage":16,"enemies":"Book of Stabbing","floor":27,"turns":5},{"damage":3,"enemies":"Chosen and Byrds","floor":29,"turns":5},{"damage":0,"enemies":"Gremlin Leader","floor":31,"turns":5},{"damage":24,"enemies":"Champ","floor":33,"turns":9},{"damage":9,"enemies":"Orb Walker","floor":35,"turns":3},{"damage":55,"enemies":"2 Orb Walkers","floor":37,"turns":5},{"damage":26,"enemies":"3 Shapes","floor":38,"turns":3},{"damage":5,"enemies":"Nemesis","floor":40,"turns":6},{"damage":14,"enemies":"3 Darklings","floor":41,"turns":3},{"damage":0,"enemies":"Sphere and 2 Shapes","floor":44,"turns":2},{"damage":5,"enemies":"Reptomancer","floor":47,"turns":3},{"damage":24,"enemies":"Spire Growth","floor":48,"turns":4},{"damage":53,"enemies":"Awakened One","floor":50,"turns":9}],"seed_played":"8424093623299794287","potions_obtained":[{"floor":1,"key":"Dexterity Potion"},{"floor":10,"key":"LiquidMemories"},{"floor":13,"key":"ElixirPotion"},{"floor":16,"key":"EssenceOfSteel"},{"floor":27,"key":"DistilledChaos"},{"floor":29,"key":"Regen Potion"},{"floor":33,"key":"Block Potion"},{"floor":36,"key":"Fruit Juice"},{"floor":36,"key":"HeartOfIron"},{"floor":37,"key":"CultistPotion"},{"floor":38,"key":"EssenceOfSteel"},{"floor":41,"key":"PowerPotion"}],"is_trial":true,"path_per_floor":["M","?","$","?","T","E","?","$","T","M","?","R","M","E","R","B",null,"M","M","?","$","?","?","$","R","T","E","?","M","R","E","R","B",null,"M","?","?","M","?","E","M","$","T","M","R","?","E","M","R","B",null],"character_chosen":"IRONCLAD","items_purchased":["Orrery","Strange Spoon","Evolve","TungstenRod","Bronze Scales","Chemical X","OrangePellets","Vajra","War Paint","Brimstone"],"campfire_rested":7,"item_purchase_floors":[3,8,8,21,21,21,24,42,42,42],"current_hp_per_floor":[80,80,80,64,64,80,80,80,80,79,79,80,79,80,80,63,80,74,28,28,43,43,43,58,80,80,80,80,83,83,83,83,86,86,83,88,66,53,44,45,52,67,67,73,94,94,89,65,65,12],"gold":908,"neow_bonus":"","is_daily":false,"chose_seed":false,"campfire_upgraded":0,"win_rate":0.0,"timestamp":1612273242,"path_taken":["M","?","$","?","?","E","?","?","T","M","?","R","M","E","R","BOSS","M","M","?","$","?","?","?","R","T","E","?","M","R","E","R","BOSS","M","?","?","M","?","E","M","$","T","M","R","?","E","M","R","BOSS"],"items_purchased_type":["Relic","Relic","Card","Relic","Relic","Relic","Relic","Relic","Relic","Relic"],"build_version":"2020-12-22","purchased_purges":0,"victory":true,"max_hp_per_floor":[80,80,80,80,80,80,80,80,80,80,80,80,80,80,80,80,80,80,80,80,80,80,80,80,80,80,80,80,83,83,83,83,86,86,86,91,94,94,94,94,94,94,94,94,94,94,94,94,94,98],"relic_stats":{"Mark of the Bloom":152,"Happy Flower":[28],"counters":[21,92],"PreservedInsect":152,"Juzu Bracelet":2,"War Paint":["Omniscience","Blind"],"Burning Blood":76,"Mercury Hourglass":[323],"Strange Spoon":[64],"OrangePellets":[3],"Bronze Scales":[138],"MealTicket":45,"Chemical X":[7],"obtain_stats":[{"Lantern":31,"Mark of the Bloom":46,"Vajra":42,"Juzu Bracelet":11,"Ancient Tea Set":5,"Burning Blood":0,"MealTicket":9,"Fusion Hammer":17,"Chemical X":21,"InkBottle":22,"Happy Flower":6,"Oddly Smooth Stone":40,"PreservedInsect":27,"War Paint":42,"Mercury Hourglass":14,"Du-Vu Doll":37,"Strange Spoon":8,"OrangePellets":24,"Bottled Flame":26,"Brimstone":42,"Bronze Scales":21,"Orrery":3,"Molten Egg 2":47,"Mark of Pain":34,"TungstenRod":21,"Meat on the Bone":43},{"Lantern":11,"Mark of the Bloom":18,"Vajra":17,"Juzu Bracelet":3,"Ancient Tea Set":1,"Burning Blood":0,"MealTicket":2,"Fusion Hammer":6,"Chemical X":8,"InkBottle":8,"Happy Flower":2,"Oddly Smooth Stone":16,"PreservedInsect":9,"War Paint":17,"Mercury Hourglass":5,"Du-Vu Doll":14,"Strange Spoon":2,"OrangePellets":8,"Bottled Flame":8,"Brimstone":17,"Bronze Scales":8,"Orrery":1,"Molten Egg 2":19,"Mark of Pain":12,"TungstenRod":8,"Meat on the Bone":17},{"Lantern":45,"Mark of the Bloom":76,"Vajra":74,"Juzu Bracelet":10,"Ancient Tea Set":2,"Burning Blood":0,"MealTicket":7,"Fusion Hammer":20,"Chemical X":30,"InkBottle":30,"Happy Flower":7,"Oddly Smooth Stone":71,"PreservedInsect":35,"War Paint":74,"Mercury Hourglass":13,"Du-Vu Doll":62,"Strange Spoon":7,"OrangePellets":30,"Bottled Flame":30,"Brimstone":74,"Bronze Scales":30,"Orrery":2,"Molten Egg 2":79,"Mark of Pain":54,"TungstenRod":30,"Meat on the Bone":74}],"TungstenRod":50,"InkBottle":[24],"Meat on the Bone":0},"card_choices":[{"not_picked":["WheelKick","EmptyMind"],"picked":"Shrug It Off","floor":1},{"not_picked":["Warcry","Flex"],"picked":"Rupture","floor":3},{"not_picked":["Protect","Iron Wave"],"picked":"Metallicize","floor":3},{"not_picked":["Pommel Strike","Havoc"],"picked":"WaveOfTheHand","floor":3},{"not_picked":["Halt","Entrench"],"picked":"Spot Weakness","floor":3},{"not_picked":["Warcry","JustLucky","CutThroughFate"],"picked":"SKIP","floor":6},{"not_picked":["Consecrate","Immolate"],"picked":"Fire Breathing","floor":10},{"not_picked":["Heavy Blade","EmptyFist","Conclude"],"picked":"SKIP","floor":13},{"not_picked":["Twin Strike","BattleHymn"],"picked":"Meditate","floor":14},{"not_picked":["Establishment","Brilliance"],"picked":"Vault","floor":16},{"not_picked":["Pommel Strike","FollowUp"],"picked":"Clothesline","floor":18},{"not_picked":["CrushJoints+1","CutThroughFate+1"],"picked":"Protect","floor":19},{"not_picked":["SashWhip+1","True Grit"],"picked":"Body Slam+1","floor":27},{"not_picked":["Flex","LikeWater"],"picked":"Sanctity","floor":29},{"not_picked":["FlurryOfBlows","Pommel Strike","WaveOfTheHand"],"picked":"SKIP","floor":31},{"not_picked":["Havoc+1","Burning Pact"],"picked":"Combust","floor":35},{"not_picked":["Perfected Strike+1","Dropkick"],"picked":"Body Slam+1","floor":38},{"not_picked":["Panache","Swift Strike"],"picked":"Dark Shackles","floor":39},{"not_picked":["Jack Of All Trades","Sadistic Nature"],"picked":"HandOfGreed","floor":39},{"not_picked":["Chrysalis","Impatience"],"picked":"Blind","floor":39},{"not_picked":["JustLucky+1","Second Wind+1"],"picked":"Shrug It Off+1","floor":40},{"not_picked":["Clothesline","EmptyFist+1","Consecrate+1"],"picked":"SKIP","floor":41},{"not_picked":["ThirdEye","Crescendo+1"],"picked":"Sword Boomerang+1","floor":44},{"not_picked":["JustLucky+1","FlurryOfBlows+1"],"picked":"Carnage+1","floor":47},{"not_picked":["Sword Boomerang+1","Iron Wave+1","Perfected Strike+1"],"picked":"SKIP","floor":48}],"player_experience":1138392,"relics_obtained":[{"floor":5,"key":"Ancient Tea Set"},{"floor":6,"key":"Happy Flower"},{"floor":9,"key":"MealTicket"},{"floor":14,"key":"Mercury Hourglass"},{"floor":26,"key":"Bottled Flame"},{"floor":27,"key":"PreservedInsect"},{"floor":31,"key":"Lantern"},{"floor":37,"key":"Du-Vu Doll"},{"floor":40,"key":"Oddly Smooth Stone"},{"floor":43,"key":"Meat on the Bone"},{"floor":47,"key":"Molten Egg 2"}],"event_choices":[{"damage_healed":0,"gold_gain":0,"player_choice":"Ignored","damage_taken":0,"max_hp_gain":0,"max_hp_loss":0,"event_name":"NoteForYourself","floor":2,"gold_loss":0},{"damage_healed":0,"gold_gain":0,"player_choice":"Entered Light","damage_taken":16,"max_hp_gain":0,"max_hp_loss":0,"event_name":"Shining Light","floor":4,"gold_loss":0,"cards_upgraded":["WaveOfTheHand","LessonLearned"]},{"damage_healed":0,"gold_gain":175,"player_choice":"AGREE","damage_taken":0,"max_hp_gain":0,"max_hp_loss":0,"event_name":"Liars Game","floor":7,"gold_loss":0,"cards_obtained":["Doubt"]},{"damage_healed":0,"gold_gain":30,"player_choice":"Searched \u00273\u0027 times","damage_taken":0,"relics_obtained":["Juzu Bracelet"],"max_hp_gain":0,"max_hp_loss":0,"event_name":"Dead Adventurer","floor":11,"gold_loss":0},{"damage_healed":0,"gold_gain":0,"player_choice":"Ignored","damage_taken":0,"max_hp_gain":0,"max_hp_loss":0,"event_name":"Vampires","floor":20,"gold_loss":0},{"damage_healed":0,"gold_gain":0,"player_choice":"Opened","damage_taken":0,"relics_obtained":["InkBottle"],"max_hp_gain":0,"max_hp_loss":0,"event_name":"The Mausoleum","floor":22,"gold_loss":0},{"damage_healed":0,"gold_gain":99,"player_choice":"Stole From Cult","damage_taken":0,"max_hp_gain":0,"max_hp_loss":0,"event_name":"Nest","floor":23,"gold_loss":0},{"damage_healed":0,"gold_gain":0,"cards_transformed":["Judgement"],"player_choice":"Transformed","damage_taken":0,"max_hp_gain":0,"max_hp_loss":0,"event_name":"Transmorgrifier","floor":28,"gold_loss":0,"cards_obtained":["EmptyMind"]},{"damage_healed":0,"gold_gain":0,"player_choice":"Got Potions","damage_taken":0,"max_hp_gain":0,"max_hp_loss":0,"event_name":"Lab","floor":36,"gold_loss":0},{"damage_healed":0,"gold_gain":0,"player_choice":"Fight","damage_taken":0,"max_hp_gain":0,"max_hp_loss":0,"event_name":"Mysterious Sphere","floor":37,"gold_loss":0},{"damage_healed":0,"gold_gain":0,"player_choice":"Memory 3","damage_taken":10,"max_hp_gain":0,"max_hp_loss":0,"event_name":"SensoryStone","floor":39,"gold_loss":0},{"damage_healed":0,"gold_gain":0,"player_choice":"Upgrade","damage_taken":0,"relics_obtained":["Mark of the Bloom"],"max_hp_gain":0,"max_hp_loss":0,"event_name":"MindBloom","floor":46,"gold_loss":0,"cards_upgraded":["ConjureBlade","MasterReality","Brilliance","Devotion","Blasphemy","Ragnarok","Scrawl","Vault","Alpha","Wish","Establishment","SpiritShield","DevaForm","DeusExMachina","Double Tap","Demon Form","Bludgeon","Feed","Limit Break","Corruption","Barricade","Fiend Fire","Berserk","Impervious","Juggernaut","Brutality","Reaper","Exhume","Offering","Immolate","Shrug It Off","Rupture","Metallicize","Spot Weakness","Meditate","Vault","Clothesline","Protect","EmptyMind","Sanctity","Combust","Dark Shackles","HandOfGreed"]}],"is_beta":false,"boss_relics":[{"not_picked":["Ectoplasm","Runic Dome"],"picked":"Fusion Hammer"},{"not_picked":["Runic Pyramid","SacredBark"],"picked":"Mark of Pain"}],"items_purged_floors":[],"is_endless":false,"potions_floor_spawned":[1,10,13,16,27,29,33,37,38,41],"ascension_level":0}}