{"host":"0k696jvpnlqjk4gh","time":1612279272,"event":{"mods":["AchievementEnabler","BaseMod","Colored Map","Colored Powertips","Minty Spire (QoL Compilation)","Quick Restart"],"gold_per_floor":[116,116,116,191,366,399,399,434,434,446,446,146,146,179,179,283,283,295,295,295,205,218,245,245,259,259,184,184,584,584,584,584,682,682,697,697,697],"floor_reached":36,"language":"ENG","playtime":1366,"items_purged":["Doubt"],"score":533,"play_id":"ef2c7c6b-c4ce-4455-87f9-74cf1434dc6f","local_time":"20210202152112","is_ascension_mode":true,"campfire_choices":[{"data":"Poisoned Stab","floor":7,"key":"SMITH"},{"data":"Deadly Poison","floor":11,"key":"SMITH"},{"floor":13,"key":"REST"},{"floor":15,"key":"REST"},{"floor":24,"key":"REST"},{"floor":28,"key":"REST"},{"floor":32,"key":"REST"}],"circlet_count":0,"master_deck":["Survivor","Neutralize+1","Dagger Spray","Blade Dance","Deadly Poison+1","Infinite Blades","Bane","Venomology","Blade Dance","Noxious Fumes","Concentrate","PiercingWail+1","Deflect","Adrenaline","Backflip","Cloak And Dagger+1","Deflect","Noxious Fumes","Deflect","Infinite Blades+1","Envenom"],"relics":["Ring of the Snake","NeowsBlessing","Regal Pillow","Juzu Bracelet","Paper Crane","Lantern","Whetstone","Pandora\u0027s Box","WarpedTongs","Vajra","Matryoshka","Old Coin","Mummified Hand","Empty Cage"],"acts_visited":["Exordium","TheCity","TheBeyond"],"potions_floor_usage":[16,16,18,22,25,25,29,29,29,33,36,36,36],"damage_taken":[{"damage":0,"enemies":"Small Slimes","floor":1,"turns":1},{"damage":0,"enemies":"Gremlin Nob","floor":6,"turns":1},{"damage":0,"enemies":"3 Sentries","floor":8,"turns":1},{"damage":4,"enemies":"Jaw Worm","floor":10,"turns":3},{"damage":24,"enemies":"Gremlin Nob","floor":14,"turns":4},{"damage":11,"enemies":"Hexaghost","floor":16,"turns":7},{"damage":29,"enemies":"Spheric Guardian","floor":18,"turns":4},{"damage":14,"enemies":"Shell Parasite","floor":22,"turns":4},{"damage":22,"enemies":"Book of Stabbing","floor":23,"turns":5},{"damage":16,"enemies":"Cultist and Chosen","floor":25,"turns":5},{"damage":0,"enemies":"Colosseum Slavers","floor":29,"turns":3},{"damage":37,"enemies":"Colosseum Nobs","floor":29,"turns":5},{"damage":34,"enemies":"Champ","floor":33,"turns":9},{"damage":36,"enemies":"3 Darklings","floor":35,"turns":4},{"damage":38,"enemies":"2 Orb Walkers","floor":36,"turns":3}],"seed_played":"4468511627568066566","potions_obtained":[{"floor":8,"key":"CultistPotion"},{"floor":10,"key":"EssenceOfSteel"},{"floor":23,"key":"PowerPotion"},{"floor":35,"key":"DistilledChaos"}],"is_trial":false,"path_per_floor":["M","?","$","?","?","E","R","E","T","M","R","$","R","E","R","B",null,"M","?","?","?","M","E","R","M","T","?","R","?","?","?","R","B",null,"M","?"],"character_chosen":"THE_SILENT","items_purchased":["Lantern","Infinite Blades"],"campfire_rested":5,"item_purchase_floors":[12,12],"current_hp_per_floor":[70,70,70,59,59,59,59,59,59,55,55,55,70,46,70,59,70,41,41,41,41,27,5,41,25,25,25,61,24,24,24,60,26,70,34,0,0],"gold":697,"neow_bonus":"THREE_ENEMY_KILL","is_daily":false,"chose_seed":false,"campfire_upgraded":2,"win_rate":0.0,"timestamp":1612279272,"path_taken":["M","?","$","?","?","E","R","E","T","M","R","$","R","E","R","BOSS","M","?","?","?","M","E","R","M","T","?","R","?","?","?","R","BOSS","M","?"],"items_purchased_type":["Relic","Card"],"build_version":"2020-12-22","purchased_purges":1,"victory":false,"max_hp_per_floor":[70,70,70,70,70,70,70,70,70,70,70,70,70,70,70,70,70,70,70,70,70,70,70,70,70,70,70,70,70,70,70,70,70,70,70,70,70],"card_choices":[{"not_picked":["Flying Knee","Predator"],"picked":"Dagger Spray","floor":1},{"not_picked":["PiercingWail","Noxious Fumes"],"picked":"Poisoned Stab","floor":6},{"not_picked":["Calculated Gamble","Dodge and Roll"],"picked":"Blade Dance","floor":8},{"not_picked":["Outmaneuver","Poisoned Stab"],"picked":"Deadly Poison","floor":10},{"not_picked":["Caltrops","Burst"],"picked":"Bane","floor":14},{"not_picked":["Storm of Steel","Glass Knife"],"picked":"Venomology","floor":16},{"not_picked":["Prepared+1","Blur"],"picked":"Cloak And Dagger+1","floor":18},{"not_picked":["Endless Agony+1","Dagger Spray"],"picked":"Deflect","floor":22},{"not_picked":["Well Laid Plans","Dodge and Roll"],"picked":"Noxious Fumes","floor":23},{"not_picked":["Acrobatics","All Out Attack+1"],"picked":"Deflect","floor":25},{"not_picked":["Prepared+1","Flechettes"],"picked":"Infinite Blades+1","floor":29},{"not_picked":["Adrenaline","Bullet Time"],"picked":"Envenom","floor":33},{"not_picked":["Bane+1","Concentrate+1","Prepared"],"picked":"SKIP","floor":35}],"player_experience":103329,"relics_obtained":[{"floor":6,"key":"Regal Pillow"},{"floor":8,"key":"Juzu Bracelet"},{"floor":9,"key":"Paper Crane"},{"floor":14,"key":"Whetstone"},{"floor":23,"key":"Vajra"},{"floor":26,"key":"Matryoshka"},{"floor":29,"key":"Old Coin"},{"floor":29,"key":"Mummified Hand"}],"event_choices":[{"damage_healed":0,"gold_gain":0,"player_choice":"Leave","damage_taken":0,"max_hp_gain":0,"max_hp_loss":0,"event_name":"The Cleric","floor":2,"gold_loss":0},{"damage_healed":0,"gold_gain":75,"player_choice":"Gather Gold","damage_taken":11,"max_hp_gain":0,"max_hp_loss":0,"event_name":"World of Goop","floor":4,"gold_loss":0},{"damage_healed":0,"gold_gain":175,"player_choice":"AGREE","damage_taken":0,"max_hp_gain":0,"max_hp_loss":0,"event_name":"Liars Game","floor":5,"gold_loss":0,"cards_obtained":["Doubt"]},{"damage_healed":0,"gold_gain":0,"player_choice":"Ignored","damage_taken":0,"max_hp_gain":0,"max_hp_loss":0,"event_name":"Ghosts","floor":19,"gold_loss":0},{"damage_healed":0,"gold_gain":0,"player_choice":"Rummage","damage_taken":0,"relics_obtained":["WarpedTongs"],"max_hp_gain":0,"max_hp_loss":0,"event_name":"Accursed Blacksmith","floor":20,"gold_loss":0,"cards_obtained":["Pain"]},{"cards_removed":["Pain"],"damage_healed":0,"gold_gain":0,"player_choice":"Upgrade and Remove","damage_taken":0,"max_hp_gain":0,"max_hp_loss":0,"event_name":"Designer","floor":21,"gold_loss":90,"cards_upgraded":["PiercingWail"]},{"cards_removed":["Wraith Form v2"],"damage_healed":0,"gold_gain":0,"player_choice":"Gave Gold","damage_taken":0,"max_hp_gain":0,"max_hp_loss":0,"event_name":"Beggar","floor":27,"gold_loss":75},{"damage_healed":0,"gold_gain":0,"player_choice":"Fight","damage_taken":0,"max_hp_gain":0,"max_hp_loss":0,"event_name":"Colosseum","floor":29,"gold_loss":0},{"damage_healed":0,"gold_gain":0,"player_choice":"Fought Nobs","damage_taken":0,"max_hp_gain":0,"max_hp_loss":0,"event_name":"Colosseum","floor":29,"gold_loss":0},{"damage_healed":0,"gold_gain":0,"cards_transformed":["Wraith Form v2"],"player_choice":"Transformed","damage_taken":0,"max_hp_gain":0,"max_hp_loss":0,"event_name":"Transmorgrifier","floor":30,"gold_loss":0,"cards_obtained":["Prepared"]},{"cards_removed":["Flechettes"],"damage_healed":0,"gold_gain":0,"player_choice":"Elegance","damage_taken":0,"max_hp_gain":0,"max_hp_loss":0,"event_name":"Back to Basics","floor":31,"gold_loss":0},{"damage_healed":0,"gold_gain":0,"player_choice":"Fight","damage_taken":0,"max_hp_gain":0,"max_hp_loss":0,"event_name":"Mysterious Sphere","floor":36,"gold_loss":0}],"is_beta":false,"boss_relics":[{"not_picked":["Busted Crown","WristBlade"],"picked":"Pandora\u0027s Box"},{"not_picked":["Sozu","Runic Dome"],"picked":"Empty Cage"}],"items_purged_floors":[12],"is_endless":false,"potions_floor_spawned":[8,10,23,29,35],"killed_by":"2 Orb Walkers","ascension_level":3}}