{"host":"f0gpob8hq9vgebej","time":1612246938,"event":{"mods":["AchievementEnabler","BaseMod","Minty Spire (QoL Compilation)","Quick Restart","SuperFastMode"],"gold_per_floor":[212,212,223,235,102,102,113,139,166,166,176,191,208,224,224,302,302,314,364,414,425,435,435,435,435],"floor_reached":24,"language":"KOR","playtime":618,"items_purged":["Strike_R"],"score":374,"play_id":"011cea56-5cf4-425e-b076-934c38b675c0","local_time":"20210202152218","is_ascension_mode":true,"campfire_choices":[{"data":"Blood for Blood","floor":6.0,"key":"SMITH"},{"data":"Body Slam","floor":10.0,"key":"SMITH"},{"data":"Juggernaut","floor":15.0,"key":"SMITH"},{"data":"Rupture","floor":23,"key":"SMITH"}],"circlet_count":0,"master_deck":["AscendersBane","Strike_R","Strike_R","Strike_R","Defend_R","Defend_R","Defend_R","Defend_R","Bash","Blood for Blood+1","Pommel Strike","Carnage","Shrug It Off","Body Slam+1","Juggernaut+1","Rupture+1","Brutality","Sword Boomerang","Seeing Red+1"],"relics":["Burning Blood","Anchor","Regal Pillow","Runic Cube"],"acts_visited":["Exordium","TheCity"],"potions_floor_usage":[22,24],"damage_taken":[{"damage":7.0,"enemies":"Small Slimes","floor":1.0,"turns":5.0},{"damage":1.0,"enemies":"Cultist","floor":3.0,"turns":3.0},{"damage":3.0,"enemies":"2 Louse","floor":4.0,"turns":4.0},{"damage":18.0,"enemies":"Gremlin Gang","floor":7.0,"turns":9.0},{"damage":27.0,"enemies":"Lagavulin","floor":8.0,"turns":6.0},{"damage":0.0,"enemies":"Looter","floor":11.0,"turns":2.0},{"damage":0.0,"enemies":"3 Louse","floor":12.0,"turns":3.0},{"damage":0.0,"enemies":"Gremlin Gang","floor":13.0,"turns":3.0},{"damage":1.0,"enemies":"Large Slime","floor":14.0,"turns":6.0},{"damage":56.0,"enemies":"Hexaghost","floor":16.0,"turns":10.0},{"damage":11.0,"enemies":"Chosen","floor":18.0,"turns":5.0},{"damage":33,"enemies":"3 Byrds","floor":21,"turns":5},{"damage":20,"enemies":"Snecko","floor":22,"turns":3},{"damage":4,"enemies":"3 Cultists","floor":24,"turns":3}],"seed_played":"-4436251966884628874","potions_obtained":[{"floor":7.0,"key":"SteroidPotion"},{"floor":11.0,"key":"Fruit Juice"},{"floor":12.0,"key":"Explosive Potion"},{"floor":14.0,"key":"Regen Potion"},{"floor":22,"key":"Dexterity Potion"}],"is_trial":false,"path_per_floor":["M","?","M","M","$","R","M","E","T","R","M","M","M","M","R","B",null,"M","?","?","M","M","R","M"],"character_chosen":"IRONCLAD","items_purchased":["Shrug It Off"],"campfire_rested":0,"item_purchase_floors":[5],"current_hp_per_floor":[67,60,65,68,68,68,56,35,35,35,46,52,58,63,63,13,63,58,58,58,31,22,22,18,18],"gold":435,"neow_bonus":"HUNDRED_GOLD","is_daily":false,"chose_seed":false,"campfire_upgraded":4,"win_rate":0.0,"timestamp":1612246938,"path_taken":["M","?","M","M","$","R","M","E","T","R","M","M","M","M","R","BOSS","M","?","?","M","M","R","?"],"items_purchased_type":["Card"],"build_version":"2020-12-22","purchased_purges":1,"victory":false,"max_hp_per_floor":[75,75,75,75,75,75,75,75,75,75,80,80,80,80,80,80,80,80,80,80,80,80,80,80,80],"card_choices":[{"not_picked":["Iron Wave","Clash"],"picked":"Blood for Blood","floor":1.0},{"not_picked":["Cleave","Heavy Blade"],"picked":"Pommel Strike","floor":3.0},{"not_picked":["Feel No Pain","Flame Barrier"],"picked":"Carnage","floor":4.0},{"not_picked":["Shrug It Off","Clash"],"picked":"Body Slam","floor":7.0},{"not_picked":["Second Wind","Headbutt","Searing Blow"],"picked":"SKIP","floor":8.0},{"not_picked":["Thunderclap","Sword Boomerang","Twin Strike"],"picked":"SKIP","floor":11.0},{"not_picked":["Dropkick","Clash","True Grit"],"picked":"SKIP","floor":12.0},{"not_picked":["Rage","Thunderclap"],"picked":"Juggernaut","floor":13.0},{"not_picked":["Searing Blow","Sword Boomerang"],"picked":"Rupture","floor":14.0},{"not_picked":["Fiend Fire","Exhume"],"picked":"Brutality","floor":16.0},{"not_picked":["Iron Wave","Armaments"],"picked":"Sword Boomerang","floor":18.0},{"not_picked":["Warcry","Body Slam"],"picked":"Seeing Red+1","floor":21},{"not_picked":["Flex","Entrench","Anger"],"picked":"SKIP","floor":22}],"player_experience":364874,"relics_obtained":[{"floor":8.0,"key":"Anchor"},{"floor":9.0,"key":"Regal Pillow"}],"event_choices":[{"cards_removed":["Strike_R"],"damage_healed":0.0,"max_hp_gain":0.0,"max_hp_loss":0.0,"gold_gain":0.0,"event_name":"Golden Wing","player_choice":"Card Removal","floor":2.0,"gold_loss":0.0,"damage_taken":7.0},{"damage_healed":0.0,"max_hp_gain":0.0,"max_hp_loss":0.0,"gold_gain":50.0,"event_name":"Nest","player_choice":"Stole From Cult","floor":19.0,"gold_loss":0.0,"damage_taken":0.0},{"damage_healed":0.0,"max_hp_gain":0.0,"max_hp_loss":0.0,"gold_gain":100.0,"event_name":"The Joust","player_choice":"Bet on Murderer","floor":20.0,"gold_loss":50.0,"damage_taken":0.0}],"is_beta":false,"boss_relics":[{"not_picked":["Philosopher\u0027s Stone","SlaversCollar"],"picked":"Runic Cube"}],"items_purged_floors":[5],"is_endless":false,"potions_floor_spawned":[7,11,12,14,18,22],"killed_by":"3 Cultists","ascension_level":17}}