{"host":"52m1o8iwwagurbjs","time":1612299441,"event":{"mods":["AchievementEnabler","BaseMod","Bestiary","Colored Powertips","GifTheSpireLib","Minty Spire (QoL Compilation)","Quick Restart","RNG Fix","Relic Stats","StSLib"],"gold_per_floor":[110,110,128,142,142,169,169,199,281,281,309,323,323,348,348,469,469,488,543,54,79,79,79,4,39,39,58,78,78,111,111,111,230,293,313,223,10,25,25,25,49,112,112,112,146,166,210,85,85,85],"floor_reached":51,"language":"ENG","playtime":1946,"items_purged":["Strike_B","Strike_B","Parasite"],"score":823,"play_id":"a56921d0-2076-471a-bc60-f1bc20d391b2","local_time":"20210202155721","is_ascension_mode":true,"campfire_choices":[{"data":"Flash of Steel","floor":10.0,"key":"SMITH"},{"data":"Zap","floor":15,"key":"SMITH"},{"data":"Coolheaded","floor":23,"key":"SMITH"},{"data":"Zap","floor":29,"key":"SMITH"},{"data":"Turbo","floor":32,"key":"SMITH"},{"floor":40,"key":"RECALL"},{"floor":49,"key":"REST"}],"circlet_count":0,"master_deck":["Defend_B","Defend_B","Defend_B","Defend_B","Zap+1","Dualcast","Thunder Strike+1","Leap+1","Zap+1","Flash of Steel+1","Ball Lightning","Turbo+1","Gash","All For One+1","Glacier","Gash","Biased Cognition","Coolheaded+1","Compile Driver","Steam","Steam Power","BootSequence","Echo Form+1","Beam Cell","Loop+1","Gash","Loop+1","Defragment+1","Steam+1"],"relics":["Cracked Core","Symbiotic Virus","Tiny Chest","Ornamental Fan","Shuriken","Darkstone Periapt","Eternal Feather","Golden Idol","Runic Dome","PreservedInsect","Calipers","Bronze Scales","Question Card","Anchor","Frozen Egg 2","Tiny House","Pocketwatch","Bottled Tornado","Torii","Regal Pillow","Cables"],"acts_visited":["Exordium","TheCity","TheBeyond"],"potions_floor_usage":[11,12,14,25,25,45,50],"damage_taken":[{"damage":5.0,"enemies":"Small Slimes","floor":1.0,"turns":3.0},{"damage":0.0,"enemies":"Cultist","floor":3.0,"turns":3.0},{"damage":1.0,"enemies":"2 Louse","floor":4.0,"turns":3.0},{"damage":21.0,"enemies":"Lagavulin","floor":6.0,"turns":6.0},{"damage":17.0,"enemies":"Gremlin Nob","floor":8.0,"turns":4.0},{"damage":4,"enemies":"Lagavulin","floor":11,"turns":6},{"damage":4,"enemies":"Gremlin Gang","floor":12,"turns":2},{"damage":0,"enemies":"2 Fungi Beasts","floor":14,"turns":3},{"damage":10,"enemies":"Hexaghost","floor":16,"turns":9},{"damage":3,"enemies":"3 Byrds","floor":18,"turns":4},{"damage":0,"enemies":"Shell Parasite","floor":21,"turns":4},{"damage":0,"enemies":"Gremlin Leader","floor":25,"turns":5},{"damage":0,"enemies":"Centurion and Healer","floor":27,"turns":6},{"damage":11,"enemies":"Sentry and Sphere","floor":28,"turns":3},{"damage":7,"enemies":"Slavers","floor":30,"turns":3},{"damage":42,"enemies":"Automaton","floor":33,"turns":11},{"damage":9,"enemies":"3 Shapes","floor":35,"turns":6},{"damage":2,"enemies":"Orb Walker","floor":38,"turns":3},{"damage":0,"enemies":"3 Darklings","floor":41,"turns":3},{"damage":8,"enemies":"Mind Bloom Boss Battle","floor":42,"turns":4},{"damage":1,"enemies":"Reptomancer","floor":45,"turns":3},{"damage":7,"enemies":"Writhing Mass","floor":46,"turns":5},{"damage":40,"enemies":"Nemesis","floor":47,"turns":6},{"damage":8,"enemies":"Donu and Deca","floor":50,"turns":9}],"seed_played":"2841469344284716811","potions_obtained":[{"floor":6.0,"key":"Weak Potion"},{"floor":11,"key":"Explosive Potion"},{"floor":12,"key":"SkillPotion"},{"floor":14,"key":"SteroidPotion"},{"floor":21,"key":"SkillPotion"},{"floor":28,"key":"Weak Potion"},{"floor":33,"key":"EssenceOfSteel"},{"floor":34,"key":"CultistPotion"},{"floor":38,"key":"FairyPotion"},{"floor":46,"key":"FearPotion"},{"floor":47,"key":"DuplicationPotion"}],"is_trial":false,"path_per_floor":["M","?","M","M","T","E","T","E","T","R","E","M","?","M","R","B",null,"M","T","$","M","?","R","?","E","T","M","M","R","E","T","R","B",null,"M","?","$","M","?","R","M","?","T","T","E","M","E","$","R","B",null],"character_chosen":"DEFECT","items_purchased":["Calipers","Compile Driver","Steam","Explosive Potion","Loop+1","Gash"],"campfire_rested":1,"item_purchase_floors":[20,20,20,20,37,37],"current_hp_per_floor":[70,70,70,69,69,48,48,31,31,31,27,23,23,23,35,25,69,66,66,66,66,66,69,69,69,69,69,58,69,62,62,69,27,74,65,65,65,63,63,74,74,66,66,66,65,64,24,24,77,69],"gold":85,"neow_bonus":"ONE_RANDOM_RARE_CARD","is_daily":false,"chose_seed":false,"campfire_upgraded":5,"win_rate":0.0,"timestamp":1612299441,"path_taken":["M","?","M","M","?","E","?","E","T","R","E","?","?","M","R","BOSS","M","?","$","M","?","R","?","E","T","M","?","R","E","?","R","BOSS","M","?","$","M","?","R","M","?","T","?","E","M","E","$","R","BOSS"],"items_purchased_type":["Relic","Card","Card","Potion","Card","Card"],"build_version":"2020-12-22","purchased_purges":3,"victory":true,"max_hp_per_floor":[75,75,75,75,75,75,75,75,75,75,75,75,69,69,69,69,69,69,69,69,69,69,69,69,69,69,69,69,69,69,69,69,69,74,74,74,74,74,74,74,74,74,74,74,74,80,80,77,77,77],"relic_stats":{"Darkstone Periapt":6,"Regal Pillow":15,"Torii":12,"counters":[24,113],"Golden Idol":168,"Eternal Feather":59,"PreservedInsect":195,"Question Card":12,"Cables":[8,4,4,0,0],"Ornamental Fan":[144],"Shuriken":[36],"Bronze Scales":[158],"Tiny Chest":3,"obtain_stats":[{"Darkstone Periapt":9,"Regal Pillow":45,"Calipers":20,"Tiny House":34,"Torii":44,"Golden Idol":13,"Eternal Feather":11,"PreservedInsect":19,"Frozen Egg 2":31,"Bottled Tornado":43,"Question Card":26,"Cables":47,"Runic Dome":17,"Anchor":30,"Ornamental Fan":7,"Shuriken":8,"Bronze Scales":25,"Tiny Chest":6,"Cracked Core":0,"Symbiotic Virus":5,"Pocketwatch":42},{"Darkstone Periapt":5,"Regal Pillow":21,"Calipers":10,"Tiny House":16,"Torii":20,"Golden Idol":7,"Eternal Feather":6,"PreservedInsect":10,"Frozen Egg 2":15,"Bottled Tornado":20,"Question Card":12,"Cables":23,"Runic Dome":9,"Anchor":15,"Ornamental Fan":4,"Shuriken":5,"Bronze Scales":12,"Tiny Chest":4,"Cracked Core":0,"Symbiotic Virus":3,"Pocketwatch":20},{"Darkstone Periapt":19,"Regal Pillow":94,"Calipers":43,"Tiny House":75,"Torii":91,"Golden Idol":27,"Eternal Feather":25,"PreservedInsect":43,"Frozen Egg 2":64,"Bottled Tornado":91,"Question Card":52,"Cables":104,"Runic Dome":39,"Anchor":64,"Ornamental Fan":15,"Shuriken":19,"Bronze Scales":52,"Tiny Chest":15,"Cracked Core":0,"Symbiotic Virus":9,"Pocketwatch":91}],"Pocketwatch":[9]},"card_choices":[{"not_picked":["Hello World","Sweeping Beam"],"picked":"Leap","floor":1.0},{"not_picked":["Redo","Rebound"],"picked":"Ball Lightning","floor":3.0},{"not_picked":["Melter","Barrage","Streamline"],"picked":"SKIP","floor":4.0},{"not_picked":["Ball Lightning","Sweeping Beam"],"picked":"Turbo","floor":6.0},{"not_picked":["Barrage","Buffer"],"picked":"Gash","floor":8.0},{"not_picked":["Redo","Coolheaded"],"picked":"All For One","floor":11},{"not_picked":["Aggregate","Beam Cell"],"picked":"Glacier","floor":12},{"not_picked":["Barrage","Redo"],"picked":"Gash","floor":14},{"not_picked":["Creative AI","Hyperbeam"],"picked":"Biased Cognition","floor":16},{"not_picked":["Hologram","Sweeping Beam"],"picked":"Coolheaded","floor":18},{"not_picked":["Compile Driver+1","Recycle","Barrage"],"picked":"SKIP","floor":21},{"not_picked":["Ball Lightning","Gash","Lockon"],"picked":"SKIP","floor":25},{"not_picked":["Steam Power+1","Steam+1","Gash","Meteor Strike"],"picked":"SKIP","floor":27},{"not_picked":["Redo","Aggregate+1","Hello World","Leap+1"],"picked":"SKIP","floor":28},{"not_picked":["Glacier+1","Aggregate","Stack"],"picked":"BootSequence","floor":30},{"not_picked":["Core Surge","All For One","Fission"],"picked":"Echo Form+1","floor":33},{"not_picked":["Barrage","Undo+1","Storm+1"],"picked":"Beam Cell","floor":34},{"not_picked":["Beam Cell+1","Steam+1","Leap","Sweeping Beam"],"picked":"SKIP","floor":35},{"not_picked":["Sweeping Beam+1","Conserve Battery","Rebound+1","Auto Shields"],"picked":"SKIP","floor":38},{"not_picked":["Stack","Rebound","Conserve Battery+1"],"picked":"Loop+1","floor":41},{"not_picked":["Conserve Battery","Consume","Go for the Eyes"],"picked":"Defragment+1","floor":45},{"not_picked":["Ball Lightning","Streamline+1","Reprogram","Rebound+1"],"picked":"SKIP","floor":46},{"not_picked":["Leap","Meteor Strike","Reprogram"],"picked":"Steam+1","floor":47}],"player_experience":1289652,"relics_obtained":[{"floor":5.0,"key":"Symbiotic Virus"},{"floor":6.0,"key":"Tiny Chest"},{"floor":7.0,"key":"Ornamental Fan"},{"floor":8.0,"key":"Shuriken"},{"floor":9.0,"key":"Darkstone Periapt"},{"floor":11,"key":"Eternal Feather"},{"floor":19,"key":"PreservedInsect"},{"floor":25,"key":"Bronze Scales"},{"floor":26,"key":"Question Card"},{"floor":30,"key":"Anchor"},{"floor":31,"key":"Frozen Egg 2"},{"floor":42,"key":"Pocketwatch"},{"floor":43,"key":"Bottled Tornado"},{"floor":44,"key":"Torii"},{"floor":45,"key":"Regal Pillow"},{"floor":47,"key":"Cables"}],"event_choices":[{"damage_healed":0.0,"max_hp_gain":0.0,"max_hp_loss":0.0,"gold_gain":0.0,"event_name":"Match and Keep!","player_choice":"2 cards matched","floor":2.0,"gold_loss":0.0,"damage_taken":0.0,"cards_obtained":["Zap","Flash of Steel"]},{"damage_healed":0,"gold_gain":0,"player_choice":"Lose Max HP","damage_taken":0,"relics_obtained":["Golden Idol"],"max_hp_gain":0,"max_hp_loss":6,"event_name":"Golden Idol","floor":13,"gold_loss":0},{"damage_healed":0,"gold_gain":0,"player_choice":"Read","damage_taken":0,"max_hp_gain":0,"max_hp_loss":0,"event_name":"The Library","floor":22,"gold_loss":0,"cards_obtained":["Steam Power"]},{"cards_removed":["Strike_B"],"damage_healed":0,"gold_gain":0,"player_choice":"Gave Gold","damage_taken":0,"max_hp_gain":0,"max_hp_loss":0,"event_name":"Beggar","floor":24,"gold_loss":75},{"cards_removed":["Strike_B"],"damage_healed":0,"gold_gain":0,"player_choice":"Upgrade and Remove","damage_taken":0,"max_hp_gain":0,"max_hp_loss":0,"event_name":"Designer","floor":36,"gold_loss":90,"cards_upgraded":["Leap"]},{"damage_healed":0,"gold_gain":0,"player_choice":"Upgraded","damage_taken":0,"max_hp_gain":0,"max_hp_loss":0,"event_name":"Upgrade Shrine","floor":39,"gold_loss":0,"cards_upgraded":["Thunder Strike"]},{"damage_healed":0,"gold_gain":0,"player_choice":"Fight","damage_taken":0,"max_hp_gain":0,"max_hp_loss":0,"event_name":"MindBloom","floor":42,"gold_loss":0}],"is_beta":false,"boss_relics":[{"not_picked":["Philosopher\u0027s Stone","Calling Bell"],"picked":"Runic Dome"},{"not_picked":["SacredBark","SlaversCollar"],"picked":"Tiny House"}],"items_purged_floors":[20,37,48],"is_endless":false,"potions_floor_spawned":[6,11,12,14,21,28,33,35,38,46,47],"ascension_level":1}}