{"host":"rnjhaewkefy4rz3c","time":1612303895,"event":{"mods":["2.2 Compatiblity","AchievementEnabler","BaseMod","Colored Map","Downfall","Minty Spire (QoL Compilation)","Permanent Neow","StSLib"],"gold_per_floor":[99,117,117,267,292,20,43,43,55,55,66,66,82,67,86,182,182,182,182,182,182,167,67,67,80,65,65,270,281,281,291,308,413,413,413,425,435,450,450,450,450,450],"floor_reached":40,"language":"ENG","playtime":2875,"items_purged":["downfall:Icky"],"score":418,"play_id":"bd348b26-cbad-4550-b42c-9e81a68db772","local_time":"20210202181135","is_ascension_mode":true,"campfire_choices":[{"floor":1,"key":"RECALL"},{"data":"Apotheosis","floor":8,"key":"SMITH"},{"data":"champ:IronFortress","floor":12,"key":"SMITH"},{"data":"champ:Taunt","floor":18,"key":"SMITH"},{"data":"champ:Duel","floor":23,"key":"SMITH"},{"data":"champ:FancyFootwork","floor":27,"key":"SMITH"},{"data":"champ:GladiatorForm","floor":35,"key":"SMITH"}],"circlet_count":0,"master_deck":["champ:Defend","champ:Defend","champ:Defend","champ:Defend","champ:Execute+1","champ:Taunt+1","champ:Shatter","champ:IronFortress+1","Apotheosis+1","champ:StanceDance","champ:Haymaker","champ:Backstep","champ:HeavySlash","champ:Duel+1","champ:LastStand","champ:CrownThrow+1","Bite","Bite","Bite","Bite","Bite","champ:StanceDance","champ:FancyFootwork+1","champ:CrownThrow","champ:FanOfKnives","champ:Backstep+1","champ:GladiatorStyle","champ:GladiatorForm+1","champ:FanOfKnives","champ:LastStand"],"relics":["champ:ChampionCrown","Black Star","downfall:HeartBlessingRed","Eternal Feather","HandDrill","Snecko Eye"],"acts_visited":["Exordium","TheCity","TheBeyond"],"potions_floor_usage":[13,13,16,16,28,28,31,33,40,40],"damage_taken":[{"damage":10,"enemies":"Jaw Worm","floor":2,"turns":6},{"damage":15,"enemies":"downfall:FleeingMerchant","floor":6,"turns":4},{"damage":10,"enemies":"Small Slimes","floor":9,"turns":3},{"damage":10,"enemies":"2 Louse","floor":11,"turns":3},{"damage":10,"enemies":"Gremlin Gang","floor":13,"turns":8},{"damage":0,"enemies":"downfall:FleeingMerchant","floor":14,"turns":4},{"damage":10,"enemies":"Red Slaver","floor":15,"turns":3},{"damage":36,"enemies":"WA_ARCHETYPE_RETAIN","floor":16,"turns":7},{"damage":0,"enemies":"Chosen","floor":19,"turns":1},{"damage":10,"enemies":"downfall:FleeingMerchant","floor":22,"turns":4},{"damage":0,"enemies":"Spheric Guardian","floor":25,"turns":3},{"damage":0,"enemies":"downfall:FleeingMerchant","floor":26,"turns":4},{"damage":37,"enemies":"downfall:FleeingMerchant","floor":28,"turns":4},{"damage":21,"enemies":"Snecko","floor":29,"turns":6},{"damage":7,"enemies":"Chosen and Byrds","floor":31,"turns":4},{"damage":5,"enemies":"Sentry and Sphere","floor":32,"turns":4},{"damage":36,"enemies":"SI_MIRROR_ARCHETYPE","floor":33,"turns":6},{"damage":21,"enemies":"3 Darklings","floor":36,"turns":5},{"damage":20,"enemies":"3 Shapes","floor":37,"turns":7},{"damage":43,"enemies":"Jaw Worm Horde","floor":38,"turns":5},{"damage":46,"enemies":"Nemesis","floor":40,"turns":4}],"seed_played":"7073907625878878496","potions_obtained":[{"floor":9,"key":"SpeedPotion"},{"floor":10,"key":"Weak Potion"},{"floor":10,"key":"SneckoOil"},{"floor":13,"key":"SteroidPotion"},{"floor":15,"key":"LiquidBronze"},{"floor":16,"key":"EssenceOfSteel"},{"floor":25,"key":"hexamod:SoulburnPotion"},{"floor":31,"key":"LiquidMemories"},{"floor":32,"key":"GamblersBrew"},{"floor":33,"key":"bronze:BurnAndBuffPotion"},{"floor":37,"key":"SpeedPotion"}],"is_trial":false,"path_per_floor":["R","M","?","?","T","$","T","R","M","?","M","R","M","$","M","B",null,"R","M","?","?","$","R","T","M","$","R","$","M","?","M","M","B",null,"R","M","M","M","?","E"],"character_chosen":"THE_CHAMP","items_purchased":["Apotheosis","HandDrill"],"campfire_rested":0,"item_purchase_floors":[6,28],"current_hp_per_floor":[90,90,90,90,90,85,85,85,87,87,89,89,80,82,84,60,90,90,90,90,72,83,83,83,89,95,95,86,73,73,80,83,65,95,95,79,69,36,36,0,0,0],"gold":450,"neow_bonus":"UPGRADE_CARD","is_daily":false,"chose_seed":false,"campfire_upgraded":6,"win_rate":0.0,"timestamp":1612303895,"path_taken":["R","M","?","?","?","?","T","R","M","?","M","R","?","?","M","BOSS","R","M","?","?","?","R","T","M","$","R","$","M","?","?","M","BOSS","R","M","M","M","?","E"],"items_purchased_type":["Card","Relic"],"build_version":"2020-12-22","purchased_purges":1,"victory":false,"max_hp_per_floor":[90,90,90,90,90,90,90,90,90,90,90,90,90,90,90,90,90,90,90,90,95,95,95,95,95,95,95,95,95,95,95,95,95,95,95,95,95,95,95,95,95,95],"card_choices":[{"not_picked":["champ:FancyFootwork","champ:FocusedBerserking"],"picked":"champ:Shatter","floor":2},{"not_picked":["champ:Shatter","champ:SetATrap"],"picked":"champ:IronFortress","floor":6},{"not_picked":["champ:TornadoPunch","champ:Backstep"],"picked":"champ:StanceDance","floor":9},{"not_picked":["champ:CalledShot","champ:PreciseThrust"],"picked":"champ:Haymaker","floor":11},{"not_picked":["champ:EnragedBash","champ:BladeFlurry"],"picked":"champ:Backstep","floor":13},{"not_picked":["champ:BerserkersShout","champ:MurderStrike"],"picked":"champ:HeavySlash","floor":14},{"not_picked":["champ:BringItOn","champ:ShieldSigil"],"picked":"champ:Duel","floor":15},{"not_picked":["champ:GladiatorForm","champ:Improvising"],"picked":"champ:LastStand","floor":16},{"not_picked":["champ:ShieldSigil","champ:BladeFlurry+1"],"picked":"champ:CrownThrow+1","floor":19},{"not_picked":["champ:Shatter","champ:Haymaker","champ:ShieldWall"],"picked":"SKIP","floor":22},{"not_picked":["champ:PreciseThrust","champ:ViciousMockery"],"picked":"champ:StanceDance","floor":25},{"not_picked":["champ:SwordSigil","champ:FlashCut"],"picked":"champ:FancyFootwork","floor":26},{"not_picked":["champ:DefensiveShout","champ:ShieldSlam"],"picked":"champ:CrownThrow","floor":28},{"not_picked":["champ:AdrenalArmor","champ:TornadoPunch"],"picked":"champ:FanOfKnives","floor":29},{"not_picked":["champ:SkillfulDodge+1","champ:ShieldSlam"],"picked":"champ:Backstep+1","floor":31},{"not_picked":["champ:ShieldThrow","champ:Endure"],"picked":"champ:GladiatorStyle","floor":32},{"not_picked":["champ:EnchantShield","champ:EnchantSword"],"picked":"champ:GladiatorForm","floor":33},{"not_picked":["champ:EnGarde+1","champ:DefensiveShout","champ:ViciousMockery"],"picked":"SKIP","floor":36},{"not_picked":["champ:TornadoPunch","champ:PreciseThrust+1","champ:ShieldSlam+1"],"picked":"SKIP","floor":37},{"not_picked":["champ:HeartStrike","champ:SetATrap"],"picked":"champ:FanOfKnives","floor":38}],"player_experience":702709,"relics_obtained":[{"floor":5,"key":"Blood Vial"},{"floor":24,"key":"Eternal Feather"}],"event_choices":[{"damage_healed":0,"gold_gain":0,"player_choice":"Got Potions","damage_taken":0,"max_hp_gain":0,"max_hp_loss":0,"event_name":"Lab","floor":10,"gold_loss":0},{"damage_healed":0,"gold_gain":0,"player_choice":"Became a vampire (Vial)","damage_taken":0,"max_hp_gain":0,"max_hp_loss":0,"event_name":"Vampires","floor":20,"relics_lost":["Blood Vial"],"gold_loss":0,"cards_obtained":["Bite","Bite","Bite","Bite","Bite"]}],"is_beta":false,"boss_relics":[{"not_picked":["Velvet Choker","Philosopher\u0027s Stone"],"picked":"Black Star"},{"not_picked":["Coffee Dripper","Busted Crown"],"picked":"Snecko Eye"}],"items_purged_floors":[6],"is_endless":false,"potions_floor_spawned":[9,13,15,16,25,31,32,33,37],"killed_by":"Nemesis","ascension_level":1}}