{"host":"nwd160me4iqdtr8u","time":1612264760,"event":{"mods":["AchievementEnabler","Act Like it!","BaseMod","Colored Map","DeckTracker","Keyboard Shortcuts","Minty Spire (QoL Compilation)","Quick Restart","Rare Cards Sparkle","Smile Girya","StSLib","SuperFastMode","everything is the same but u backflip on backflip"],"gold_per_floor":[111,20,39,56,56,56,91,104,131,149,166,129,129,129,129,222,222,236,121,140,82,82,82],"floor_reached":22,"language":"KOR","playtime":626,"items_purged":["Strike_G"],"score":372,"play_id":"0c90bf7b-e7be-4231-92a6-00fdbbba229f","local_time":"20210202201920","is_ascension_mode":true,"campfire_choices":[{"data":"Noxious Fumes","floor":6.0,"key":"SMITH"},{"data":"Footwork","floor":15.0,"key":"SMITH"}],"circlet_count":0,"master_deck":["AscendersBane","Strike_G","Strike_G","Strike_G","Defend_G+1","Defend_G","Defend_G+1","Defend_G","Defend_G","Survivor","Neutralize","Quick Slash","Flash of Steel","Poisoned Stab","Noxious Fumes+1","Blade Dance","Leg Sweep","Footwork+1","Malaise","Bouncing Flask","All Out Attack","Cloak And Dagger"],"relics":["Ring of the Snake","NeowsBlessing","War Paint","PreservedInsect","Golden Idol","WristBlade"],"acts_visited":["Exordium","TheCity"],"potions_floor_usage":[22],"damage_taken":[{"damage":0.0,"enemies":"Cultist","floor":1.0,"turns":1.0},{"damage":0.0,"enemies":"Small Slimes","floor":3.0,"turns":1.0},{"damage":0.0,"enemies":"Jaw Worm","floor":4.0,"turns":1.0},{"damage":13.0,"enemies":"Lagavulin","floor":7.0,"turns":6.0},{"damage":2.0,"enemies":"2 Fungi Beasts","floor":8.0,"turns":4.0},{"damage":16.0,"enemies":"Large Slime","floor":10.0,"turns":6.0},{"damage":10.0,"enemies":"Lots of Slimes","floor":11.0,"turns":4.0},{"damage":23.0,"enemies":"The Guardian","floor":16.0,"turns":11.0},{"damage":1.0,"enemies":"Shell Parasite","floor":18.0,"turns":8.0},{"damage":35.0,"enemies":"3 Byrds","floor":20.0,"turns":6.0},{"damage":19,"enemies":"Shelled Parasite and Fungi","floor":22,"turns":3}],"seed_played":"-8729040811508509351","potions_obtained":[{"floor":3.0,"key":"Dexterity Potion"},{"floor":4.0,"key":"AttackPotion"},{"floor":7.0,"key":"Weak Potion"},{"floor":16.0,"key":"SpeedPotion"}],"is_trial":false,"path_per_floor":["M","$","M","M","?","R","E","M","T","M","M","?","?","?","R","B",null,"M","$","M","$","M"],"character_chosen":"THE_SILENT","items_purchased":["Flash of Steel","Bouncing Flask","Cloak And Dagger"],"campfire_rested":0,"item_purchase_floors":[2,19,21],"current_hp_per_floor":[59,59,59,59,52,52,39,37,37,21,11,11,11,60,60,37,54,53,53,18,18,0,0],"gold":82,"neow_bonus":"THREE_ENEMY_KILL","is_daily":false,"chose_seed":false,"campfire_upgraded":2,"win_rate":0.0,"timestamp":1612264760,"path_taken":["M","$","M","?","?","R","E","M","T","M","M","?","?","?","R","BOSS","M","$","M","?","?"],"items_purchased_type":["Card","Card","Card"],"build_version":"2020-12-22","purchased_purges":1,"victory":false,"max_hp_per_floor":[66,66,66,66,66,66,66,66,66,66,66,66,60,60,60,60,60,60,60,60,60,60,60],"card_choices":[{"not_picked":["Prepared","Eviscerate"],"picked":"Quick Slash","floor":1.0},{"not_picked":["Well Laid Plans","All Out Attack"],"picked":"Poisoned Stab","floor":3.0},{"not_picked":["Dodge and Roll","Acrobatics"],"picked":"Noxious Fumes","floor":4.0},{"not_picked":["Dagger Throw","Choke","Heel Hook"],"picked":"SKIP","floor":7.0},{"not_picked":["Flechettes","Caltrops"],"picked":"Blade Dance","floor":8.0},{"not_picked":["PiercingWail","Reflex"],"picked":"Leg Sweep","floor":10.0},{"not_picked":["Deflect","Sucker Punch"],"picked":"Footwork","floor":11.0},{"not_picked":["Bullet Time","Night Terror"],"picked":"Malaise","floor":16.0},{"not_picked":["Underhanded Strike","Dodge and Roll","Prepared"],"picked":"SKIP","floor":18.0},{"not_picked":["Poisoned Stab","Setup"],"picked":"All Out Attack","floor":20.0}],"player_experience":372636,"relics_obtained":[{"floor":7.0,"key":"War Paint"},{"floor":9.0,"key":"PreservedInsect"}],"event_choices":[{"cards_removed":["Strike_G"],"damage_healed":0.0,"max_hp_gain":0.0,"max_hp_loss":0.0,"gold_gain":0.0,"event_name":"Golden Wing","player_choice":"Card Removal","floor":5.0,"gold_loss":0.0,"damage_taken":7.0},{"damage_healed":0.0,"max_hp_gain":0.0,"max_hp_loss":0.0,"gold_gain":0.0,"event_name":"World of Goop","player_choice":"Left Gold","floor":12.0,"gold_loss":37.0,"damage_taken":0.0},{"damage_healed":0.0,"max_hp_gain":0.0,"max_hp_loss":6.0,"gold_gain":0.0,"event_name":"Golden Idol","player_choice":"Lose Max HP","floor":13.0,"gold_loss":0.0,"damage_taken":0.0,"relics_obtained":["Golden Idol"]},{"damage_healed":49.0,"max_hp_gain":0.0,"max_hp_loss":0.0,"gold_gain":0.0,"event_name":"Wheel of Change","player_choice":"Full Heal","floor":14.0,"gold_loss":0.0,"damage_taken":0.0}],"is_beta":false,"boss_relics":[{"not_picked":["Coffee Dripper","Snecko Eye"],"picked":"WristBlade"}],"items_purged_floors":[19],"is_endless":false,"potions_floor_spawned":[3,4,7,16],"killed_by":"Shelled Parasite and Fungi","ascension_level":20}}