{"host":"ty2cix8xj6r3ad26","time":1612302681,"event":{"mods":["AchievementEnabler","BaseMod","BetterRewards","Infinite Spire","Minty Spire (QoL Compilation)","Quick Restart","StSLib","SuperFastMode"],"gold_per_floor":[117,135,151,101,101,101,130,130,130,147,167,186,201,201,201],"floor_reached":14,"language":"ENG","playtime":724,"items_purged":["Strike_B","Defend_B","Strike_B"],"score":130,"play_id":"d117017a-1cd6-44a3-ab8f-59ded1942d9f","local_time":"20210202235121","is_ascension_mode":true,"campfire_choices":[{"data":"Zap","floor":6,"key":"SMITH"},{"data":"Force Field","floor":8,"key":"SMITH"}],"circlet_count":0,"master_deck":["AscendersBane","Strike_B","Strike_B","Defend_B","Defend_B","Zap+1","Dualcast","Self Repair","Storm","Capacitor","Force Field+1","Machine Learning","Conserve Battery","Consume","Loop"],"relics":["Cracked Core","Incense Burner","Odd Mushroom","Pantograph"],"acts_visited":["Exordium"],"potions_floor_usage":[2,13],"damage_taken":[{"damage":1,"enemies":"Small Slimes","floor":1,"turns":3},{"damage":3,"enemies":"2 Louse","floor":2,"turns":3},{"damage":9,"enemies":"Jaw Worm","floor":3,"turns":5},{"damage":9,"enemies":"The Mushroom Lair","floor":7,"turns":4},{"damage":17,"enemies":"2 Fungi Beasts","floor":10,"turns":4},{"damage":14,"enemies":"Exordium Wildlife","floor":11,"turns":4},{"damage":2,"enemies":"Exordium Thugs","floor":12,"turns":5},{"damage":7,"enemies":"Looter","floor":13,"turns":3},{"damage":28,"enemies":"3 Sentries","floor":14,"turns":3}],"seed_played":"2196407800882206428","potions_obtained":[{"floor":1,"key":"Block Potion"},{"floor":3,"key":"Ancient Potion"},{"floor":11,"key":"GamblersBrew"}],"is_trial":false,"path_per_floor":["M","M","M","?","?","R","?","R","T","M","M","M","M","E"],"character_chosen":"DEFECT","items_purchased":["Self Repair","Storm"],"campfire_rested":0,"item_purchase_floors":[0,0],"current_hp_per_floor":[39,43,41,41,41,41,39,39,39,29,22,27,27,0,0],"gold":201,"neow_bonus":"","is_daily":false,"chose_seed":false,"campfire_upgraded":2,"win_rate":0.0,"timestamp":1612302681,"path_taken":["M","M","M","?","?","R","?","R","T","M","M","M","M","E"],"items_purchased_type":["Card","Card"],"build_version":"2020-12-22","purchased_purges":3,"victory":false,"max_hp_per_floor":[75,75,75,75,75,75,75,75,75,75,75,75,75,75,75],"card_choices":[{"not_picked":["Steam","Loop"],"picked":"Capacitor","floor":1},{"not_picked":["Hologram","Stack","Rebound"],"picked":"SKIP","floor":2},{"not_picked":["Redo","Go for the Eyes"],"picked":"Force Field","floor":3},{"not_picked":["Redo","Compile Driver"],"picked":"Machine Learning","floor":7},{"not_picked":["Go for the Eyes","Streamline","Beam Cell"],"picked":"SKIP","floor":10},{"not_picked":["Force Field","Rebound"],"picked":"Conserve Battery","floor":11},{"not_picked":["Turbo","Recycle"],"picked":"Consume","floor":12},{"not_picked":["Chill","Rebound"],"picked":"Loop","floor":13}],"player_experience":530209,"relics_obtained":[{"floor":7,"key":"Odd Mushroom"},{"floor":9,"key":"Pantograph"}],"event_choices":[{"cards_removed":["Defend_B"],"damage_healed":0,"gold_gain":0,"player_choice":"Card Removal","damage_taken":0,"max_hp_gain":0,"max_hp_loss":0,"event_name":"The Cleric","floor":4,"gold_loss":50},{"damage_healed":0,"gold_gain":0,"player_choice":"Ignored","damage_taken":0,"max_hp_gain":0,"max_hp_loss":0,"event_name":"Liars Game","floor":5,"gold_loss":0},{"damage_healed":0,"gold_gain":0,"player_choice":"Fought Mushrooms","damage_taken":0,"max_hp_gain":0,"max_hp_loss":0,"event_name":"Mushrooms","floor":7,"gold_loss":0}],"is_beta":false,"boss_relics":[],"items_purged_floors":[0,0,0],"is_endless":false,"potions_floor_spawned":[1,3,11],"killed_by":"3 Sentries","ascension_level":11}}