{"host":"5v9rfzf5qju8k9wy","time":1612234510,"event":{"mods":["Act Like it!","Arknights","BaseMod","Gensokyo","Marisa£®ÏF”Í°°ƒß¿Ì…≥£©","Minty Spire (QoL Compilation)","Reimu£®≤©¿ˆ¡È√Œ£©","Remilia£®¿Ÿ√◊¿Ú—«£©","Replay The Spire","StSLib","The Administrix","Youmu£®ªÍ∆«—˝√Œ£©"],"gold_per_floor":[218,267,32,32,51,81,81,108,108,108,108,108,108,56,56,154,154,170,270,270,220,220,254,254,272,272,53,53,53,78,90,90,191,191,204,204,204,223,240,240,259,259,259,259,259,273,308,7,19,31,43,55,17,49,49],"floor_reached":56,"language":"ZHS","playtime":4377,"items_purged":["AdministrixMod:FiendishCrimson"],"score":1492,"play_id":"113b2c11-e577-45a0-86c6-e77431fcf94c","local_time":"20210202105510","is_ascension_mode":false,"campfire_choices":[{"data":"Gensokyo:CrescentMoonSlash","floor":7.0,"key":"SMITH"},{"data":"AdministrixMod:CastOffRegrets","floor":10.0,"key":"SMITH"},{"data":"AdministrixMod:Transition","floor":12.0,"key":"SMITH"},{"data":"AdministrixMod:BlueCloak","floor":15,"key":"SMITH"},{"data":"AdministrixMod:GuanyinBlessing","floor":24,"key":"SMITH"},{"data":"AdministrixMod:Wuji","floor":29,"key":"SMITH"},{"data":"AdministrixMod:TouchOfCinnabar","floor":32,"key":"SMITH"},{"data":"AdministrixMod:CastOffRegrets","floor":40,"key":"SMITH"},{"data":"AdministrixMod:CenturiesAscent","floor":44,"key":"SMITH"},{"floor":49,"key":"RECALL"},{"data":"AdministrixMod:Convergence","floor":52,"key":"SMITH"}],"circlet_count":0,"master_deck":["AdministrixMod:RedCloak","AdministrixMod:BlueCloak+1","AdministrixMod:NewWardrobe+1","AdministrixMod:DreamsMausoleum+1","Gensokyo:CrescentMoonSlash+1","AdministrixMod:ShadowPlay+1","AdministrixMod:Transition+1","AdministrixMod:ChooseYourEnd","AdministrixMod:CastOffRegrets+1","AdministrixMod:XianArts+1","AdministrixMod:LuminaryPath+1","AdministrixMod:CenturiesAscent+1","AdministrixMod:RegentEdict","AdministrixMod:GirlsDoItBetter+1","AdministrixMod:NewbornDivinity+1","AdministrixMod:CastOffRegrets+1","AdministrixMod:GuanyinBlessing+1","AdministrixMod:RisingSunPrince+1","AdministrixMod:QuietConspiracy+1","AdministrixMod:BrewingCloister+1","AdministrixMod:TouchOfCinnabar+1","AdministrixMod:Wuji+1","AdministrixMod:Convergence+1","AdministrixMod:LifeforceNet+1","Gensokyo:Dawn+1","Pot Of Greed","Pot Of Greed","Pot Of Greed"],"relics":["AdministrixMod:ConductorRitualBaton","Letter Opener","Guide Book","Golden Egg","Ancient Tea Set","Happy Flower","Ring of Searing","Replay:Rubber Ducky","Pandora\u0027s Box","PureWhite:ReiMu","Replay:PocketPolymizer","Kunai","Darkstone Periapt","Singing Bowl","ClockworkSouvenir","Smiling Mask","Busted Crown","BranchBurnRelic","ReplayTheSpireMod:Shallot","MawBank","AdministrixMod:DragonsEyeCharm","Sling","Grinning Jar"],"acts_visited":["Gensokyo:Gensokyo","Gensokyo:Gensokyoer","Gensokyo:Gensokyoest","TheEnding"],"potions_floor_usage":[28,30,33,38,39,47,47,50,50,54,55,55],"damage_taken":[{"damage":0.0,"enemies":"Gensokyo:3_Fairies","floor":1.0,"turns":4.0},{"damage":7.0,"enemies":"Gensokyo:2_Kodama","floor":5.0,"turns":5.0},{"damage":6.0,"enemies":"Gensokyo:Aya","floor":6.0,"turns":3.0},{"damage":0.0,"enemies":"Gensokyo:Cirno","floor":8.0,"turns":4.0},{"damage":0,"enemies":"Gensokyo:Reimu","floor":16,"turns":6},{"damage":5,"enemies":"Gensokyo:2_Gloops","floor":18,"turns":2},{"damage":19,"enemies":"Gensokyo:2_Gloops","floor":19,"turns":7},{"damage":5,"enemies":"Gensokyo:Reisen","floor":23,"turns":3},{"damage":0,"enemies":"Gensokyo:Chomper","floor":25,"turns":2},{"damage":0,"enemies":"Gensokyo:Swordslinger","floor":28,"turns":1},{"damage":1,"enemies":"Gensokyo:Tenshi","floor":30,"turns":4},{"damage":0,"enemies":"Gensokyo:Chomper_and_Gloop","floor":31,"turns":2},{"damage":0,"enemies":"Gensokyo:Eiki","floor":33,"turns":6},{"damage":5,"enemies":"Gensokyo:3_Boulders","floor":35,"turns":2},{"damage":10,"enemies":"Gensokyo:AncientGuardian","floor":38,"turns":3},{"damage":0,"enemies":"Gensokyo:4_Bats","floor":39,"turns":1},{"damage":5,"enemies":"Gensokyo:3_Boulders","floor":41,"turns":2},{"damage":5,"enemies":"Gensokyo:Dusk_and_Dawn","floor":46,"turns":2},{"damage":10,"enemies":"Gensokyo:Marisa","floor":47,"turns":3},{"damage":15,"enemies":"Gensokyo:Scarlet_Devils","floor":50,"turns":5},{"damage":15,"enemies":"Shield and Spear","floor":54,"turns":4},{"damage":13,"enemies":"The Heart","floor":55,"turns":6}],"seed_played":"-3156143418891150903","potions_obtained":[{"floor":1.0,"key":"Strength Potion"},{"floor":2.0,"key":"AttackPotion"},{"floor":5.0,"key":"FearPotion"},{"floor":16,"key":"LiquidMemories"},{"floor":19,"key":"SmokeBomb"},{"floor":23,"key":"Energy Potion"},{"floor":33,"key":"Weak Potion"},{"floor":38,"key":"Swift Potion"},{"floor":47,"key":"SkillPotion"}],"is_trial":false,"path_per_floor":["M","?","COS","?","M","E","R","E","T","R","?","R","?","$","R","B",null,"M","?","?","?","?","E","R","M","T","COS","M","R","E","M","R","B",null,"M","?","?","M","M","R","M","T","T","R","?","M","E","COS","R","B",null,"R","$","E","B",null],"character_chosen":"TheAdministrix","items_purchased":["AdministrixMod:XianArts+1"],"campfire_rested":0,"item_purchase_floors":[14],"current_hp_per_floor":[65,65,65,56,49,43,43,43,43,43,43,43,43,43,43,43,65,60,45,45,52,52,47,47,47,47,47,47,47,48,48,48,48,69,66,66,66,58,64,64,66,66,66,66,66,68,60,60,60,59,81,81,81,75,62],"gold":49,"neow_bonus":"HUNDRED_GOLD","is_daily":false,"chose_seed":false,"campfire_upgraded":10,"win_rate":0.0,"timestamp":1612234510,"path_taken":["M","?","COS","?","M","E","R","E","T","R","?","R","?","$","R","BOSS","M","?","?","?","?","E","R","M","T","COS","?","R","E","M","R","BOSS","M","?","?","M","M","R","M","?","T","R","?","M","E","COS","R","BOSS","R","$","E","BOSS"],"items_purchased_type":["Card"],"build_version":"2020-12-22","purchased_purges":1,"victory":true,"max_hp_per_floor":[65,65,65,65,65,65,65,65,65,65,65,65,65,65,65,65,65,65,65,60,67,67,67,67,67,67,67,67,67,69,69,69,69,69,71,71,71,73,75,75,77,77,77,77,77,79,81,81,81,81,81,81,81,83,83],"card_choices":[{"not_picked":["AdministrixMod:NoblePath","AdministrixMod:UnstableVigor"],"picked":"AdministrixMod:NewWardrobe","floor":1.0},{"not_picked":["AdministrixMod:CrackingPangu","AdministrixMod:BishamonBlessing"],"picked":"AdministrixMod:DreamsMausoleum","floor":2.0},{"not_picked":["AdministrixMod:DiversionaryTactic+1","AdministrixMod:Katabasis+1"],"picked":"AdministrixMod:ShadowPlay+1","floor":5.0},{"not_picked":["AdministrixMod:PlateOfAntiquity","AdministrixMod:CenturiesAscent"],"picked":"AdministrixMod:Transition","floor":5.0},{"not_picked":["AdministrixMod:Transition","AdministrixMod:RegentEdict"],"picked":"AdministrixMod:ChooseYourEnd","floor":6.0},{"not_picked":["AdministrixMod:TrickOfTheLight","AdministrixMod:FaithfulFlames"],"picked":"AdministrixMod:CastOffRegrets","floor":8.0},{"not_picked":["AdministrixMod:WifeLightning","AdministrixMod:HopeInTheDark"],"picked":"AdministrixMod:LuminaryPath","floor":16},{"not_picked":["AdministrixMod:Transition","AdministrixMod:SeventeenArticleLaser"],"picked":"AdministrixMod:RisingSunPrince+1","floor":18},{"not_picked":["AdministrixMod:TouchOfCinnabar","AdministrixMod:FuneraryRites"],"picked":"AdministrixMod:QuietConspiracy+1","floor":19},{"not_picked":["AdministrixMod:TrickOfTheLight","AdministrixMod:NewWardrobe"],"picked":"AdministrixMod:BrewingCloister","floor":23},{"not_picked":["AdministrixMod:LightOfYourLife","AdministrixMod:Transition"],"picked":"AdministrixMod:TouchOfCinnabar","floor":25},{"not_picked":["AdministrixMod:LightOfYourLife","AdministrixMod:NoblePath","AdministrixMod:ExtolVirtue"],"picked":"Singing Bowl","floor":30},{"not_picked":["AdministrixMod:PassageOfAges","AdministrixMod:Transition"],"picked":"AdministrixMod:Convergence","floor":31},{"not_picked":["AdministrixMod:Schism","AdministrixMod:FearOfDeath"],"picked":"AdministrixMod:LifeforceNet","floor":33},{"not_picked":["AdministrixMod:BloodBargain"],"picked":"Singing Bowl","floor":35},{"not_picked":["Gensokyo:SalamanderShield","Gensokyo:EverlastingLife"],"picked":"Gensokyo:Dawn","floor":37},{"not_picked":["AdministrixMod:ImmortalGrace+1"],"picked":"Singing Bowl","floor":38},{"not_picked":["AdministrixMod:FiendishCrimson+1"],"picked":"Singing Bowl","floor":39},{"not_picked":["AdministrixMod:CenturiesAscent+1"],"picked":"Singing Bowl","floor":41},{"not_picked":["AdministrixMod:NoblePath"],"picked":"Singing Bowl","floor":46},{"not_picked":["AdministrixMod:SyncreticSurge+1"],"picked":"Singing Bowl","floor":47},{"not_picked":["AdministrixMod:BegetEternity+1"],"picked":"Singing Bowl","floor":54}],"player_experience":118917,"relics_obtained":[{"floor":2.0,"key":"Letter Opener"},{"floor":6.0,"key":"Golden Egg"},{"floor":8.0,"key":"Ancient Tea Set"},{"floor":9.0,"key":"Happy Flower"},{"floor":11.0,"key":"Ring of Searing"},{"floor":19,"key":"PureWhite:ReiMu"},{"floor":19,"key":"Replay:PocketPolymizer"},{"floor":23,"key":"Darkstone Periapt"},{"floor":26,"key":"Singing Bowl"},{"floor":30,"key":"Smiling Mask"},{"floor":43,"key":"ReplayTheSpireMod:Shallot"},{"floor":47,"key":"MawBank"},{"floor":54,"key":"Grinning Jar"}],"event_choices":[],"is_beta":false,"boss_relics":[{"not_picked":["Replay:Wanted Poster","Snecko Eye"],"picked":"Pandora\u0027s Box"},{"not_picked":["Astrolabe","Empty Cage"],"picked":"Busted Crown"}],"items_purged_floors":[53],"is_endless":false,"potions_floor_spawned":[1,5,16,19,23,25,33,38,41,47],"ascension_level":0}}