{"host":"am0cr9xwekqmrere","time":1612295428,"event":{"mods":["AchievementEnabler","Act Like it!","BaseMod","Better Altar","Better Match","Better Note","Better Sensory Stone","Better Skull","Better Third Choice","BetterRewards","Conspire","Downfall","Hubris","Infinite Spire","Minty Spire (QoL Compilation)","Rare Cards Sparkle","Spicy Shops","StSLib","Unceasing Turn Reminder"],"gold_per_floor":[99,110,120,140,240,240,319,219,47,65,80,109,26,37,54,54,54,54],"floor_reached":16,"language":"ENG","playtime":580,"items_purged":[],"score":129,"play_id":"e423c0fb-10a5-4312-b8c3-8621f7a62714","local_time":"20210202135028","is_ascension_mode":false,"campfire_choices":[{"data":"champ:Taunt","floor":1,"key":"SMITH"},{"floor":8,"key":"RECALL"}],"circlet_count":0,"master_deck":["champ:Strike","champ:Strike","champ:Strike","champ:Strike","champ:Defend","champ:Defend","champ:Defend","champ:Defend","champ:Execute+1","champ:Taunt+1","champ:FocusedBerserking","champ:FanOfKnives","champ:BerserkersShout","champ:BladeFlurry","champ:RisingSlash","champ:DeathBlow","champ:ShieldWall","champ:FlashCut","champ:TripleStrike","champ:StanceDance","expansioncontent:StudyTheSpire","champ:PerfectedStrike","champ:DefensiveShout"],"relics":["champ:ChampionCrown","Champion Belt","downfall:HeartBlessingBlue","Lee\u0027s Waffle","Ancient Tea Set"],"acts_visited":["Exordium"],"potions_floor_usage":[11,12,13,16],"damage_taken":[{"damage":20,"enemies":"2 Louse","floor":2,"turns":4},{"damage":10,"enemies":"Small Slimes","floor":3,"turns":3},{"damage":15,"enemies":"Cultist","floor":4,"turns":3},{"damage":88,"enemies":"Cultist","floor":5,"turns":5},{"damage":25,"enemies":"downfall:FleeingMerchant","floor":9,"turns":4},{"damage":38,"enemies":"Red Slaver","floor":10,"turns":3},{"damage":25,"enemies":"3 Louse","floor":11,"turns":3},{"damage":49,"enemies":"Gremlin Nob","floor":12,"turns":4},{"damage":23,"enemies":"downfall:FleeingMerchant","floor":13,"turns":4},{"damage":20,"enemies":"Gremlin Gang","floor":14,"turns":2},{"damage":37,"enemies":"Exordium Thugs","floor":15,"turns":3},{"damage":51,"enemies":"SI_SHIV_ARCHETYPE","floor":16,"turns":5}],"seed_played":"5429275441112787731","potions_obtained":[{"floor":10,"key":"SkillPotion"},{"floor":11,"key":"Strength Potion"},{"floor":12,"key":"Block Potion"},{"floor":14,"key":"Strength Potion"},{"floor":15,"key":"SpeedPotion"}],"is_trial":false,"path_per_floor":["R","M","M","M","?","?","T","R","$","M","M","E","$","M","M","B"],"character_chosen":"THE_CHAMP","items_purchased":["Lee\u0027s Waffle","champ:StanceDance","expansioncontent:StudyTheSpire"],"campfire_rested":0,"item_purchase_floors":[9,13,13],"current_hp_per_floor":[99,99,99,99,51,51,51,61,116,108,108,79,76,66,39,0,0,0],"gold":54,"neow_bonus":"TEN_PERCENT_HP_BONUS","is_daily":false,"chose_seed":false,"campfire_upgraded":1,"win_rate":0.0,"timestamp":1612295428,"path_taken":["R","M","M","M","?","?","T","R","$","M","M","E","$","M","M","BOSS"],"items_purchased_type":["Relic","Card","Card"],"build_version":"2020-12-22","purchased_purges":0,"victory":false,"max_hp_per_floor":[99,99,99,99,99,99,99,109,116,116,116,116,116,116,116,116,116,116],"card_choices":[{"not_picked":["champ:DefensiveShout","champ:FalseCounter"],"picked":"champ:FocusedBerserking","floor":2},{"not_picked":["champ:TornadoPunch","champ:CalledShot"],"picked":"champ:FanOfKnives","floor":3},{"not_picked":["champ:Circumvent","champ:FlashCut"],"picked":"champ:BerserkersShout","floor":4},{"not_picked":["champ:BerserkersShout","champ:EnGarde"],"picked":"champ:BladeFlurry","floor":5},{"not_picked":["champ:FanOfKnives","champ:GutPunch"],"picked":"champ:RisingSlash","floor":9},{"not_picked":["champ:AdrenalArmor","champ:GutPunch"],"picked":"champ:DeathBlow","floor":10},{"not_picked":["champ:Shatter","champ:DefensiveShout"],"picked":"champ:ShieldWall","floor":11},{"not_picked":["champ:ViciousMockery","champ:Backstep"],"picked":"champ:FlashCut","floor":12},{"not_picked":["champ:ArenaPreparation","champ:HoldFirm"],"picked":"champ:TripleStrike","floor":13},{"not_picked":["champ:BladeFlurry","champ:EnGarde"],"picked":"champ:PerfectedStrike","floor":14},{"not_picked":["champ:GladiatorStyle","champ:FlashCut"],"picked":"champ:DefensiveShout","floor":15}],"player_experience":2712636,"relics_obtained":[{"floor":5,"key":"Champion Belt"},{"floor":12,"key":"Ancient Tea Set"}],"event_choices":[{"damage_healed":0,"gold_gain":0,"player_choice":"Grow","damage_taken":0,"max_hp_gain":0,"max_hp_loss":0,"event_name":"Living Wall","floor":6,"gold_loss":0,"cards_upgraded":["champ:Execute"]}],"is_beta":false,"boss_relics":[],"items_purged_floors":[],"is_endless":false,"potions_floor_spawned":[10,11,12,14,15],"killed_by":"SI_SHIV_ARCHETYPE","ascension_level":0}}