{"host":"voggrb23g0exkywg","time":1612289910,"event":{"mods":["AchievementEnabler","BaseMod","Colored Map","Downfall","Highlight Path","Minty Spire (QoL Compilation)","Quick Restart","StSLib"],"gold_per_floor":[113,113,127,145,159,191,191,31,31,51,51,86,86,100,100,198,198,210,229,85,85,85,100,100,100],"floor_reached":24,"language":"ENG","playtime":1646,"items_purged":[],"score":208,"play_id":"19cb589c-2dab-4a52-8a62-e36c9e1965d1","local_time":"20210202181830","is_ascension_mode":false,"campfire_choices":[{"floor":11,"key":"REST"},{"floor":15,"key":"REST"}],"circlet_count":0,"master_deck":["Strike_P","Strike_P","Strike_P+1","Defend_P","Defend_P","Defend_P","Defend_P","Eruption","Vigilance","Consecrate","Wallop","Pray","EmptyFist","Mind Blast+1","Devotion+1","ConjureBlade","Worship","Ragnarok","BattleHymn+1","Collect","SignatureMove+1"],"relics":["PureWater","NeowsBlessing","GremlinMask","Regal Pillow","Frozen Egg 2","Bottled Tornado","Whetstone","Fusion Hammer","HandDrill"],"acts_visited":["Exordium","TheCity"],"potions_floor_usage":[],"damage_taken":[{"damage":0,"enemies":"Cultist","floor":1,"turns":1},{"damage":0,"enemies":"2 Louse","floor":3,"turns":1},{"damage":0,"enemies":"Jaw Worm","floor":4,"turns":1},{"damage":11,"enemies":"Large Slime","floor":5,"turns":6},{"damage":50,"enemies":"Lagavulin","floor":6,"turns":8},{"damage":2,"enemies":"Blue Slaver","floor":10,"turns":5},{"damage":19,"enemies":"Gremlin Nob","floor":12,"turns":4},{"damage":24,"enemies":"Gremlin Gang","floor":14,"turns":4},{"damage":41,"enemies":"The Guardian","floor":16,"turns":8},{"damage":39,"enemies":"Spheric Guardian","floor":18,"turns":4},{"damage":5,"enemies":"Chosen","floor":19,"turns":3},{"damage":14,"enemies":"Sentry and Sphere","floor":23,"turns":3},{"damage":14,"enemies":"Snake Plant","floor":24,"turns":1}],"seed_played":"2503432601158115701","potions_obtained":[{"floor":10,"key":"FairyPotion"},{"floor":12,"key":"Swift Potion"},{"floor":16,"key":"BottledMiracle"}],"is_trial":false,"path_per_floor":["M","?","M","M","M","E","?","$","T","M","R","E","$","M","R","B",null,"M","M","$","?","$","M","M"],"character_chosen":"WATCHER","items_purchased":["Mind Blast","Devotion+1","HandDrill"],"campfire_rested":2,"item_purchase_floors":[8,8,20],"current_hp_per_floor":[72,72,72,72,61,11,11,11,11,9,45,26,26,2,38,18,72,33,28,28,28,28,14,0,0],"gold":100,"neow_bonus":"THREE_ENEMY_KILL","is_daily":false,"chose_seed":false,"campfire_upgraded":0,"win_rate":0.0,"timestamp":1612289910,"path_taken":["M","?","?","M","M","E","?","$","T","M","R","E","$","?","R","BOSS","M","M","$","?","$","?","M"],"items_purchased_type":["Card","Card","Relic"],"build_version":"2020-12-22","purchased_purges":0,"victory":false,"max_hp_per_floor":[72,72,72,72,72,72,72,72,72,72,72,72,72,72,72,72,72,72,72,72,72,72,72,72,72],"card_choices":[{"not_picked":["Crescendo","JustLucky"],"picked":"Consecrate","floor":1},{"not_picked":["Consecrate","PathToVictory"],"picked":"Wallop","floor":3},{"not_picked":["ClearTheMind","Consecrate"],"picked":"FlurryOfBlows","floor":4},{"not_picked":["ClearTheMind","Consecrate"],"picked":"Pray","floor":5},{"not_picked":["CutThroughFate","Crescendo"],"picked":"EmptyFist","floor":6},{"not_picked":["Swivel","Crescendo"],"picked":"ConjureBlade","floor":10},{"not_picked":["Consecrate","Protect"],"picked":"Worship","floor":12},{"not_picked":["SashWhip","EmptyBody","Nirvana+1"],"picked":"SKIP","floor":14},{"not_picked":["Vault","ConjureBlade"],"picked":"Ragnarok","floor":16},{"not_picked":["JustLucky","Nirvana+1"],"picked":"BattleHymn+1","floor":18},{"not_picked":["ThirdEye+1","LikeWater+1"],"picked":"Collect","floor":19},{"not_picked":["InnerPeace","JustLucky"],"picked":"SignatureMove+1","floor":23}],"player_experience":132161,"relics_obtained":[{"floor":6,"key":"Regal Pillow"},{"floor":9,"key":"Bottled Tornado"},{"floor":12,"key":"Whetstone"}],"event_choices":[{"damage_healed":0,"gold_gain":0,"player_choice":"Trade","damage_taken":0,"relics_obtained":["GremlinMask"],"max_hp_gain":0,"max_hp_loss":0,"event_name":"FaceTrader","floor":2,"gold_loss":0},{"cards_removed":["FlurryOfBlows"],"damage_healed":0,"gold_gain":0,"player_choice":"Gave Card","damage_taken":0,"relics_obtained":["Frozen Egg 2"],"max_hp_gain":0,"max_hp_loss":0,"event_name":"WeMeetAgain","floor":7,"gold_loss":0},{"cards_removed":["Strike_P"],"damage_healed":0,"gold_gain":0,"player_choice":"Offered Basic","damage_taken":0,"max_hp_gain":0,"max_hp_loss":0,"event_name":"Bonfire Elementals","floor":21,"gold_loss":0}],"is_beta":false,"boss_relics":[{"not_picked":["Tiny House","SacredBark"],"picked":"Fusion Hammer"}],"items_purged_floors":[],"is_endless":false,"potions_floor_spawned":[10,12,16],"killed_by":"Snake Plant","ascension_level":0}}