{"host":"fdip6nj211smoxvi","time":1612265134,"event":{"mods":["BaseMod","BetterRewards","Colored Map","Hermit","Minty Spire (QoL Compilation)","Shop Mod","StSLib","The Bug Knight","The Hierophant","The Servant 0.9.4"],"gold_per_floor":[89,62,65,65,65,65,64,84,130,130,57,57,53,61,61,104,104,99,71,71,71,71,71],"floor_reached":22,"language":"ENG","playtime":1989,"items_purged":[],"score":186,"play_id":"a513fdc0-ef82-46f8-96e4-5193409ab64e","local_time":"20210202122534","is_ascension_mode":false,"campfire_choices":[{"data":"hierophant:Punish","floor":6,"key":"SMITH"},{"data":"hierophant:FlamingChariot","floor":15,"key":"SMITH"}],"circlet_count":0,"master_deck":["hierophant:Strike_Hierophant","hierophant:Strike_Hierophant","hierophant:Strike_Hierophant","hierophant:Punish+1","hierophant:Defend_Hierophant","hierophant:Defend_Hierophant","hierophant:Defend_Hierophant","hierophant:Defend_Hierophant","hierophant:ChurchCoffers","hierophant:HammerAndAnvil","hierophant:TollTheBells","hierophant:Zeal","hierophant:Upheaval","hierophant:FlamingChariot+1","hierophant:HolyVerse","hierophant:MorningPrayer","hierophant:Determination","hierophant:SealAway","hierophant:Doubloon","hierophant:Remorse","J.A.X.","Writhe"],"relics":["hierophant:PropheticMaskRelic","Centennial Puzzle","Pen Nib","Philosopher\u0027s Stone","HollowMod:PaleOreRelic"],"acts_visited":["Exordium","TheCity"],"potions_floor_usage":[14,16,16],"damage_taken":[{"damage":10,"enemies":"Jaw Worm","floor":1,"turns":4},{"damage":5,"enemies":"Small Slimes","floor":3,"turns":3},{"damage":0,"enemies":"Cultist","floor":7,"turns":4},{"damage":0,"enemies":"2 Fungi Beasts","floor":8,"turns":1},{"damage":8,"enemies":"Exordium Thugs","floor":12,"turns":3},{"damage":8,"enemies":"Red Slaver","floor":13,"turns":2},{"damage":13,"enemies":"Gremlin Nob","floor":14,"turns":3},{"damage":40,"enemies":"Hexaghost","floor":16,"turns":9},{"damage":48,"enemies":"3 Byrds","floor":18,"turns":4},{"damage":14,"enemies":"Chosen","floor":19,"turns":5},{"damage":3,"enemies":"Sentry and Sphere","floor":22,"turns":1}],"seed_played":"-8827047281040902557","potions_obtained":[{"floor":7,"key":"SpeedPotion"},{"floor":8,"key":"AttackPotion"},{"floor":13,"key":"Strength Potion"},{"floor":14,"key":"Explosive Potion"},{"floor":16,"key":"FairyPotion"},{"floor":19,"key":"Explosive Potion"}],"is_trial":false,"path_per_floor":["M","?","M","?","?","R","M","M","T","?","$","M","M","E","R","B",null,"M","M","?","?","M"],"character_chosen":"HIEROPHANT","items_purchased":["hierophant:Upheaval"],"campfire_rested":0,"item_purchase_floors":[11],"current_hp_per_floor":[72,72,67,72,72,72,72,72,72,72,72,64,56,43,43,3,87,53,50,50,50,47,47],"gold":71,"neow_bonus":"TEN_PERCENT_HP_BONUS","is_daily":false,"chose_seed":false,"campfire_upgraded":2,"win_rate":0.0,"timestamp":1612265134,"path_taken":["M","?","M","?","?","R","?","M","T","?","?","?","M","E","R","BOSS","M","M","?","?","M"],"items_purchased_type":["Card"],"build_version":"2020-12-22","purchased_purges":0,"victory":false,"max_hp_per_floor":[82,82,82,87,87,87,87,87,87,87,87,87,87,87,87,87,87,87,87,87,87,87,87],"card_choices":[{"not_picked":["hierophant:ThreeLashes","hierophant:ArchangelShield"],"picked":"hierophant:HammerAndAnvil","floor":1},{"not_picked":["hierophant:Refuge","hierophant:MirrorShield"],"picked":"hierophant:TollTheBells","floor":3},{"not_picked":["hierophant:Encroach","hierophant:Empathy","hierophant:Blessing"],"picked":"SKIP","floor":7},{"not_picked":["hierophant:Blessing","hierophant:FieryStrike"],"picked":"hierophant:Zeal","floor":8},{"not_picked":["hierophant:SealAway","hierophant:CursedGold"],"picked":"hierophant:FlamingChariot","floor":12},{"not_picked":["hierophant:ThreeLashes","hierophant:Community"],"picked":"hierophant:HolyVerse","floor":13},{"not_picked":["hierophant:Charity","hierophant:Chorus"],"picked":"hierophant:MorningPrayer","floor":14},{"not_picked":["hierophant:Cornucopia","hierophant:Anathema"],"picked":"hierophant:Determination","floor":16},{"not_picked":["hierophant:PassingBell","hierophant:OrnateBuckler+1"],"picked":"hierophant:SealAway","floor":18},{"not_picked":["hierophant:Shelter","hierophant:Embezzle"],"picked":"hierophant:Remorse","floor":19}],"player_experience":208799,"relics_obtained":[{"floor":9,"key":"Centennial Puzzle"},{"floor":14,"key":"Pen Nib"}],"event_choices":[{"damage_healed":0,"gold_gain":0,"player_choice":"Left Gold","damage_taken":0,"max_hp_gain":0,"max_hp_loss":0,"event_name":"World of Goop","floor":2,"gold_loss":27},{"damage_healed":0,"gold_gain":0,"player_choice":"Donut","damage_taken":0,"max_hp_gain":5,"max_hp_loss":0,"event_name":"Big Fish","floor":4,"gold_loss":0},{"cards_removed":["hierophant:Strike_Hierophant"],"damage_healed":0,"gold_gain":0,"player_choice":"Purged","damage_taken":0,"max_hp_gain":0,"max_hp_loss":0,"event_name":"Purifier","floor":5,"gold_loss":0},{"damage_healed":0,"gold_gain":0,"player_choice":"Ignored","damage_taken":0,"max_hp_gain":0,"max_hp_loss":0,"event_name":"Liars Game","floor":10,"gold_loss":0},{"damage_healed":0,"gold_gain":0,"player_choice":"Obtain J.A.X.","damage_taken":0,"max_hp_gain":0,"max_hp_loss":0,"event_name":"Drug Dealer","floor":20,"gold_loss":0,"cards_obtained":["J.A.X."]},{"damage_healed":0,"gold_gain":0,"player_choice":"Opened","damage_taken":0,"relics_obtained":["HollowMod:PaleOreRelic"],"max_hp_gain":0,"max_hp_loss":0,"event_name":"The Mausoleum","floor":21,"gold_loss":0,"cards_obtained":["Writhe"]}],"is_beta":false,"boss_relics":[{"not_picked":["Empty Cage","Busted Crown"],"picked":"Philosopher\u0027s Stone"}],"items_purged_floors":[],"is_endless":false,"potions_floor_spawned":[7,8,13,14,16,19],"killed_by":"Sentry and Sphere","ascension_level":0}}