{"host":"rguvlafm46vqn9ib","time":1612251475,"event":{"mods":["2.2 Compatiblity","AchievementEnabler","Act Like it!","Arknights","Aspiration","BaseMod","Beaked The Cultist","Better Match","Better Note","Better Third Choice","BetterRewards","Colored Map","Downfall","Elementarium","GifTheSpireLib","Hermit","Highlight Path","Hubris","JesterMod","Mad Scientist","Minty Spire (QoL Compilation)","RRrroohrrRGHHhhh!!","Reliquary","Reorder Act Four","Replay The Spire","Retaliation","SCP261 Mod","Small Relic Pack","Spikes Relics","StSLib","Stuff the Spire","The Blackbeard","The Bug Knight","The Construct","The Death Knight","The Disciple","The Forsaken","The Judge","The Marked","The Mystic","The Necromancer","The Problem Sleuth","The Runesmith","TheSwordswoman"],"gold_per_floor":[109,123,139,150,115,115,115,115,140,51,70,70,70,80,80,80,80],"floor_reached":16,"language":"ENG","playtime":1156,"items_purged":[],"score":142,"play_id":"d75b232d-f9c7-4723-82a4-43c3f7185575","local_time":"20210202073755","is_ascension_mode":false,"campfire_choices":[{"data":"theMarked:Static","floor":6,"key":"SMITH"},{"data":"theMarked:EmpowerWeapon","floor":12,"key":"SMITH"},{"data":"theMarked:HeightenedSenses","floor":15,"key":"SMITH"}],"circlet_count":0,"master_deck":["theMarked:Strike","theMarked:Strike","theMarked:Strike","theMarked:Strike","theMarked:Strike","theMarked:Defend","theMarked:Defend","theMarked:Defend","theMarked:Defend","theMarked:SoldierOfQuellstein","Dark Shackles","theMarked:Static+1","theMarked:EmpowerWeapon+1","theMarked:HeightenedSenses+1","theMarked:SwordAndMagic","Dramatic Entrance","theMarked:ElectricStrings"],"relics":["theMarked:ArtifactOfAir","StuffTheSpire:PointBlank","Pet Ghost","relicPack:OneForAll","hubris:Towel","Orichalcum"],"acts_visited":["Exordium"],"potions_floor_usage":[16,16,16],"damage_taken":[{"damage":1,"enemies":"Cultist","floor":1,"turns":4},{"damage":0,"enemies":"Small Slimes","floor":2,"turns":3},{"damage":1,"enemies":"Jaw Worm","floor":3,"turns":4},{"damage":0,"enemies":"2 Fungi Beasts","floor":4,"turns":3},{"damage":0,"enemies":"Lots of Slimes","floor":11,"turns":2},{"damage":0,"enemies":"Blue Slaver","floor":14,"turns":2},{"damage":42,"enemies":"Fading Forest","floor":16,"turns":11}],"seed_played":"-8738939011185162429","potions_obtained":[{"floor":2,"key":"SkillPotion"},{"floor":3,"key":"Block Potion"},{"floor":11,"key":"SCP261:DewritoBlazePotion"}],"is_trial":false,"path_per_floor":["M","M","M","M","?","R","?","?","T","$","M","R","?","M","R","B"],"character_chosen":"THE_DEFAULT","items_purchased":["StuffTheSpire:PointBlank","Pet Ghost","Dark Shackles","Dramatic Entrance"],"campfire_rested":0,"item_purchase_floors":[0,0,0,10],"current_hp_per_floor":[69,69,68,68,70,70,70,70,70,70,70,70,70,70,70,42,42],"gold":80,"neow_bonus":"","is_daily":false,"chose_seed":false,"campfire_upgraded":3,"win_rate":0.0,"timestamp":1612251475,"path_taken":["M","M","M","?","?","R","?","?","T","$","M","R","?","M","R","BOSS"],"items_purchased_type":["Relic","Relic","Card","Card"],"build_version":"2020-12-22","purchased_purges":0,"victory":false,"max_hp_per_floor":[70,70,70,70,70,70,70,70,70,70,70,70,70,70,70,70,70],"card_choices":[{"not_picked":["theMarked:TheMission","theMarked:Frustration"],"picked":"theMarked:Static","floor":1},{"not_picked":["theMarked:ResourceFulStrike","theMarked:TakeCover"],"picked":"theMarked:EmpowerWeapon","floor":2},{"not_picked":["theMarked:BanishingStrike","theMarked:Static"],"picked":"theMarked:HeightenedSenses","floor":3},{"not_picked":["theMarked:Opportunist","theMarked:Overthink"],"picked":"theMarked:SwordAndMagic","floor":4},{"not_picked":["theMarked:AttractMetal","theMarked:ResourceFulStrike"],"picked":"theMarked:Parkour","floor":11},{"not_picked":["theMarked:Frustration","theMarked:Memento"],"picked":"theMarked:ElectricStrings","floor":14}],"player_experience":988447,"relics_obtained":[{"floor":9,"key":"Orichalcum"}],"event_choices":[{"damage_healed":17,"gold_gain":0,"player_choice":"Healed","damage_taken":0,"max_hp_gain":0,"max_hp_loss":0,"event_name":"The Cleric","floor":5,"gold_loss":35},{"cards_removed":["theMarked:Parkour"],"damage_healed":0,"gold_gain":0,"player_choice":"Purged","damage_taken":0,"max_hp_gain":0,"max_hp_loss":0,"event_name":"Purifier","floor":13,"gold_loss":0}],"is_beta":false,"boss_relics":[],"items_purged_floors":[],"is_endless":false,"potions_floor_spawned":[2,3,11],"killed_by":"Fading Forest","ascension_level":0}}