{"host":"q9sqrn60n8lvmavn","time":1612249269,"event":{"mods":["AchievementEnabler","AlwaysNeverKeys","BaseMod","Better Third Choice","Better Vampires","Block Reminder","Colored Powertips","Curses Come First","DNKmod","Friendly Minions","Minty Spire (QoL Compilation)","Permanent Neow","Relic Filter Mod","StSLib","Weighted Paths"],"gold_per_floor":[1010,1010,1026,1039,964,992,992,1020,1044,698,723,743,770,770,770,866,866,866,428,428,428,428,428,428,343,343,343,343,343,343,343,343,343,343,343,343,343,343,343,343,343,343,343,343,0,0,0,0,0,0,0,0,0,0,0],"floor_reached":56,"language":"ENG","playtime":1811,"items_purged":["Strike_P","Eruption+1","Strike_P"],"score":2102,"play_id":"42a8544b-2285-48e7-ae37-3c5a4e885e68","local_time":"20210201230109","is_ascension_mode":true,"campfire_choices":[{"data":"PathToVictory","floor":7,"key":"SMITH"},{"data":"Study","floor":15,"key":"SMITH"},{"data":"InnerPeace","floor":24,"key":"SMITH"},{"data":"Vigilance","floor":32,"key":"SMITH"},{"data":"Vault","floor":40,"key":"SMITH"},{"floor":47,"key":"DIG"},{"floor":49,"key":"DIG"},{"floor":52,"key":"DIG"}],"circlet_count":0,"master_deck":["Defend_P","Defend_P+1","Defend_P+1","Defend_P","Vigilance+1","PathToVictory+1","InnerPeace+1","PathToVictory+1","PathToVictory+1","Study+1","CutThroughFate","PathToVictory+1","Vault+1","Sanctity+1","Panache","Madness","Madness","InnerPeace+1"],"relics":["PureWater","Pen Nib","Bronze Scales","HornCleat","Anchor","Happy Flower","Bag of Preparation","Omamori","Letter Opener","War Paint","Oddly Smooth Stone","Ectoplasm","Ice Cream","Centennial Puzzle","CaptainsWheel","Pantograph","Strawberry","CeramicFish","Question Card","Empty Cage","Shovel","Orichalcum","Bottled Flame","Blood Vial","Red Mask","Akabeko","MealTicket","Prayer Wheel","StoneCalendar","Eternal Feather","Lantern"],"acts_visited":["Exordium","TheCity","TheBeyond","TheEnding"],"potions_floor_usage":[55],"damage_taken":[{"damage":0,"enemies":"2 Louse","floor":1,"turns":2},{"damage":0,"enemies":"Small Slimes","floor":3,"turns":2},{"damage":0,"enemies":"Jaw Worm","floor":4,"turns":2},{"damage":1,"enemies":"3 Sentries","floor":6,"turns":6},{"damage":2,"enemies":"Lagavulin","floor":8,"turns":4},{"damage":3,"enemies":"3 Sentries","floor":11,"turns":4},{"damage":0,"enemies":"Large Slime","floor":12,"turns":2},{"damage":0,"enemies":"Gremlin Nob","floor":13,"turns":2},{"damage":0,"enemies":"The Guardian","floor":16,"turns":3},{"damage":0,"enemies":"Shell Parasite","floor":18,"turns":2},{"damage":0,"enemies":"3 Byrds","floor":21,"turns":2},{"damage":2,"enemies":"Gremlin Leader","floor":23,"turns":2},{"damage":0,"enemies":"Book of Stabbing","floor":28,"turns":3},{"damage":0,"enemies":"Centurion and Healer","floor":29,"turns":3},{"damage":0,"enemies":"Snecko","floor":30,"turns":2},{"damage":0,"enemies":"Gremlin Leader","floor":31,"turns":2},{"damage":15,"enemies":"Collector","floor":33,"turns":3},{"damage":0,"enemies":"3 Darklings","floor":35,"turns":2},{"damage":0,"enemies":"Mind Bloom Boss Battle","floor":36,"turns":3},{"damage":0,"enemies":"Orb Walker","floor":37,"turns":3},{"damage":0,"enemies":"Writhing Mass","floor":39,"turns":2},{"damage":0,"enemies":"Reptomancer","floor":42,"turns":3},{"damage":0,"enemies":"Giant Head","floor":44,"turns":3},{"damage":17,"enemies":"Nemesis","floor":48,"turns":4},{"damage":0,"enemies":"Time Eater","floor":50,"turns":3},{"damage":36,"enemies":"Shield and Spear","floor":54,"turns":4},{"damage":46,"enemies":"The Heart","floor":55,"turns":5}],"seed_played":"8286600723218981707","potions_obtained":[{"floor":3,"key":"Regen Potion"},{"floor":4,"key":"GamblersBrew"},{"floor":6,"key":"FairyPotion"},{"floor":13,"key":"BlessingOfTheForge"},{"floor":29,"key":"Swift Potion"},{"floor":48,"key":"Ancient Potion"}],"is_trial":false,"path_per_floor":["M","?","M","M","$","E","R","E","T","$","E","M","E","?","R","B",null,"M","$","?","M","?","E","R","?","T","T","E","M","M","E","R","B",null,"M","?","M","?","M","R","?","E","T","E","?","T","R","E","R","B",null,"R","$","E","B",null],"character_chosen":"WATCHER","items_purchased":["Letter Opener","Ice Cream"],"campfire_rested":0,"item_purchase_floors":[10,19],"current_hp_per_floor":[100,97,97,97,97,96,96,94,94,94,91,91,91,71,71,71,93,93,93,93,93,93,91,91,91,91,98,98,98,98,98,98,92,103,103,107,107,107,107,107,94,94,94,94,94,94,94,79,79,106,107,107,107,71,52],"gold":0,"neow_bonus":"UPGRADE_CARD","is_daily":false,"chose_seed":false,"campfire_upgraded":5,"win_rate":0.0,"timestamp":1612249269,"path_taken":["M","?","M","M","$","E","R","E","T","$","E","M","E","?","R","BOSS","M","$","?","M","?","E","R","?","T","?","E","M","M","E","R","BOSS","M","?","M","?","M","R","?","E","T","E","?","?","R","E","R","BOSS","R","$","E","BOSS"],"items_purchased_type":["Relic","Relic"],"build_version":"2020-12-22","purchased_purges":3,"victory":true,"max_hp_per_floor":[100,100,100,100,100,100,100,100,100,100,100,100,100,100,100,100,100,100,100,100,100,100,100,100,100,100,107,107,107,107,107,107,107,107,107,107,107,107,107,107,107,107,107,107,107,107,107,107,107,107,107,107,107,107,107],"card_choices":[{"not_picked":["FlyingSleeves","EmptyBody"],"picked":"PathToVictory","floor":1},{"not_picked":["BattleHymn","Nirvana"],"picked":"InnerPeace","floor":3},{"not_picked":["FlyingSleeves","ClearTheMind"],"picked":"PathToVictory","floor":4},{"not_picked":["Indignation","Protect"],"picked":"PathToVictory","floor":6},{"not_picked":["SashWhip","Worship","CrushJoints"],"picked":"SKIP","floor":8},{"not_picked":["Crescendo","FollowUp","Study"],"picked":"SKIP","floor":11},{"not_picked":["PathToVictory","JustLucky"],"picked":"Study","floor":12},{"not_picked":["BowlingBash","Meditate","Wallop"],"picked":"SKIP","floor":13},{"not_picked":["Crescendo","Swivel+1","BowlingBash"],"picked":"SKIP","floor":18},{"not_picked":["JustLucky+1","Evaluate"],"picked":"PathToVictory+1","floor":21},{"not_picked":["FlyingSleeves","FollowUp+1","CarveReality"],"picked":"SKIP","floor":23},{"not_picked":["CrushJoints","Halt","FlyingSleeves"],"picked":"SKIP","floor":28},{"not_picked":["Protect","FollowUp","EmptyBody"],"picked":"SKIP","floor":29},{"not_picked":["Evaluate","FlurryOfBlows","Prostrate+1"],"picked":"SKIP","floor":30},{"not_picked":["Wireheading","Judgement","FlurryOfBlows+1"],"picked":"SKIP","floor":31},{"not_picked":["MasterReality","DeusExMachina","Blasphemy"],"picked":"Vault","floor":33},{"not_picked":["PathToVictory+1","CutThroughFate","WreathOfFlame+1"],"picked":"Sanctity+1","floor":35},{"not_picked":["FlurryOfBlows+1","Crescendo","FlyingSleeves+1","ReachHeaven"],"picked":"SKIP","floor":37},{"not_picked":["Master of Strategy","Jack Of All Trades","Discovery"],"picked":"Panache","floor":38},{"not_picked":["Study+1","Evaluate","Worship","Consecrate+1"],"picked":"SKIP","floor":39},{"not_picked":["Adaptation+1","SignatureMove","TalkToTheHand+1","CutThroughFate+1"],"picked":"SKIP","floor":42},{"not_picked":["WaveOfTheHand+1","EmptyBody","Study","WindmillStrike"],"picked":"SKIP","floor":44},{"not_picked":["Halt+1","BowlingBash+1","CrushJoints","EmptyFist"],"picked":"SKIP","floor":48},{"not_picked":["Collect","EmptyBody","DevaForm"],"picked":"InnerPeace+1","floor":54}],"player_experience":201433,"relics_obtained":[{"floor":6,"key":"Happy Flower"},{"floor":8,"key":"Bag of Preparation"},{"floor":9,"key":"Omamori"},{"floor":11,"key":"War Paint"},{"floor":13,"key":"Oddly Smooth Stone"},{"floor":23,"key":"Centennial Puzzle"},{"floor":26,"key":"Pantograph"},{"floor":27,"key":"Strawberry"},{"floor":28,"key":"CeramicFish"},{"floor":31,"key":"Question Card"},{"floor":36,"key":"Shovel"},{"floor":42,"key":"Orichalcum"},{"floor":43,"key":"Bottled Flame"},{"floor":44,"key":"Blood Vial"},{"floor":46,"key":"Akabeko"},{"floor":47,"key":"MealTicket"},{"floor":48,"key":"Prayer Wheel"},{"floor":49,"key":"StoneCalendar"},{"floor":52,"key":"Eternal Feather"},{"floor":54,"key":"Lantern"}],"event_choices":[{"damage_healed":0,"gold_gain":0,"player_choice":"Relic ","damage_taken":3,"max_hp_gain":0,"max_hp_loss":0,"event_name":"betterThird:BetterScrap","floor":2,"gold_loss":0,"cards_obtained":["Chaos"]},{"damage_healed":91,"gold_gain":0,"player_choice":"Upgrade","damage_taken":20,"max_hp_gain":0,"max_hp_loss":100,"event_name":"betterThird:BetterShining","floor":14,"gold_loss":0,"cards_upgraded":["PathToVictory","Defend_P"]},{"damage_healed":0,"gold_gain":0,"player_choice":"Read","damage_taken":0,"max_hp_gain":0,"max_hp_loss":0,"event_name":"The Library","floor":20,"gold_loss":0,"cards_obtained":["CutThroughFate"]},{"damage_healed":0,"gold_gain":99,"player_choice":"Steal","damage_taken":0,"max_hp_gain":0,"max_hp_loss":0,"event_name":"betterThird:BetterNest","floor":22,"gold_loss":0},{"damage_healed":0,"gold_gain":0,"player_choice":"Obtained Relic","damage_taken":0,"relics_obtained":["CaptainsWheel"],"max_hp_gain":0,"max_hp_loss":0,"event_name":"Addict","floor":25,"gold_loss":85},{"damage_healed":0,"gold_gain":0,"player_choice":"Fight","damage_taken":0,"max_hp_gain":0,"max_hp_loss":0,"event_name":"MindBloom","floor":36,"gold_loss":0},{"damage_healed":0,"gold_gain":0,"player_choice":"Memory 1","damage_taken":0,"max_hp_gain":0,"max_hp_loss":0,"event_name":"SensoryStone","floor":38,"gold_loss":0},{"damage_healed":0,"gold_gain":0,"player_choice":"Embrace Madness","damage_taken":13,"max_hp_gain":0,"max_hp_loss":0,"event_name":"Winding Halls","floor":41,"gold_loss":0,"cards_obtained":["Madness","Madness"]},{"damage_healed":0,"gold_gain":0,"player_choice":"Paid","damage_taken":0,"relics_obtained":["Red Mask"],"max_hp_gain":0,"max_hp_loss":0,"event_name":"Tomb of Lord Red Mask","floor":45,"gold_loss":343}],"is_beta":false,"boss_relics":[{"not_picked":["Cursed Key","SlaversCollar"],"picked":"Ectoplasm"},{"not_picked":["Runic Dome","Runic Pyramid"],"picked":"Empty Cage"}],"items_purged_floors":[5,10,19],"is_endless":false,"potions_floor_spawned":[3,4,6,11,13,29,31,33,39,44,48,54],"ascension_level":7}}