{"host":"r9v0g0iwbsx9dzwu","time":1612279351,"event":{"mods":["ATMod(阿瑾Mod)","Aspiration","BaseMod","Minty Spire (QoL Compilation)","MostiFishMod","Reliquary","Replay The Spire","RumiaBox-露米娅的神秘盒子","StSLib","TestMod","[IsaacMod]以撒尖塔","【功能Mod】聪明的最终Boss","【遗物卡牌】REMEMod"],"gold_per_floor":[118,43,58,58,73,73,148,180,180,180,206,221,233,267,267,343,343,352,396,415,171,187,187,219,219,219,219,163,174,174,174,174,250,250,265,278,278,278,278,308,319,346,398,398,413,413,447,457,457,0,0],"floor_reached":50,"language":"ZHS","playtime":2082,"items_purged":["Strike_R","Strike_R+1","Heavy Blade"],"score":1784,"play_id":"4fc7f09e-cbcb-40fd-b2f5-917837a157f1","local_time":"20210202232231","is_ascension_mode":true,"campfire_choices":[{"data":"testmod-Dream","floor":6.0,"key":"SMITH"},{"floor":10.0,"key":"RECALL"},{"data":"MostiFishMod:KnuckleDown","floor":15.0,"key":"SMITH"},{"data":"AT_BodySlamDance","floor":23.0,"key":"SMITH"},{"data":"Shockwave","floor":25.0,"key":"SMITH"},{"data":"Corruption","floor":27.0,"key":"SMITH"},{"data":"Shrug It Off","floor":32.0,"key":"SMITH"},{"data":"MostiFishMod:CullingBlade","floor":46.0,"key":"SMITH"},{"data":"REME_TheLastStrike","floor":49,"key":"SMITH"}],"circlet_count":0,"master_deck":["Defend_R+1","testmod-Dream+1","testmod-Dream+1","Impervious","MostiFishMod:#F4004+1","Shrug It Off+1","MostiFishMod:KnuckleDown+1","AT_BodySlamDance+1","Shockwave+1","Armaments+1","MostiFishMod:DarkDeal+1","Corruption+1","Flex+1","REME_ACTH+1","MostiFishMod:ChineseTea+1","MostiFishMod:CullingBlade+1","AT_BodySlamDance+1","Shrug It Off+1","REME_TheLastStrike+1","Pain","Pain","Replay:Hysterical Blindness","REME_TheLastStrike+1","Armaments+1","Warcry+1","Limit Break+1","Juggernaut"],"relics":["Burning Blood","AT_ATBox","DaveBox","testmod-TestBox","HushsDoor","REME_ComplimentaryCards","GuppysHead","testmod-NegativeEmotionEnhancer","ShadowXiaoBlade","aspiration:Nostalgia","PureWater","Baka2","Meat on the Bone","Replay:PocketPolymizer","Simple Rune","War Paint","Replay:Bronze Core","RottenBaby","GuppysHairball","Nunchaku","reliquary:WeakTea","Toxic Egg 2","AT_BellowingDragoncrestRing","testmod-Antiphasic","Coffee Dripper","GuppysPaw","SatanicBible","testmod-BouquetWithThorns","Strawberry","BookofShadows","Replay:Wax Seal","MoneyPower"],"acts_visited":["TheCity","TheBeyond"],"potions_floor_usage":[48,50,50],"damage_taken":[{"damage":2.0,"enemies":"Small Slimes","floor":1.0,"turns":2.0},{"damage":22.0,"enemies":"Jaw Worm","floor":3.0,"turns":2.0},{"damage":11.0,"enemies":"2 Louse","floor":5.0,"turns":2.0},{"damage":40.0,"enemies":"Replay:BlueRogue","floor":8.0,"turns":3.0},{"damage":0.0,"enemies":"Lagavulin","floor":11.0,"turns":2.0},{"damage":0.0,"enemies":"Large Slime","floor":12.0,"turns":3.0},{"damage":0.0,"enemies":"Looter","floor":13.0,"turns":1.0},{"damage":11.0,"enemies":"3 Sentries","floor":14.0,"turns":4.0},{"damage":10.0,"enemies":"Fading Forest","floor":16.0,"turns":7.0},{"damage":0.0,"enemies":"Spheric Guardian","floor":18.0,"turns":1.0},{"damage":0.0,"enemies":"2 Thieves","floor":20.0,"turns":2.0},{"damage":0.0,"enemies":"Centurion and Healer","floor":22.0,"turns":3.0},{"damage":0.0,"enemies":"Slavers","floor":24.0,"turns":1.0},{"damage":26.0,"enemies":"Gremlin Leader","floor":28.0,"turns":3.0},{"damage":7.0,"enemies":"Shelled Parasite and Fungi","floor":29.0,"turns":2.0},{"damage":0.0,"enemies":"Sentry and Sphere","floor":30.0,"turns":1.0},{"damage":0.0,"enemies":"Collector","floor":33.0,"turns":2.0},{"damage":2.0,"enemies":"3 Darklings","floor":35.0,"turns":2.0},{"damage":0.0,"enemies":"3 Shapes","floor":36.0,"turns":1.0},{"damage":0.0,"enemies":"Jaw Worm Horde","floor":37.0,"turns":3.0},{"damage":9.0,"enemies":"R_Hoarder","floor":40.0,"turns":2.0},{"damage":0.0,"enemies":"3 Darklings","floor":41.0,"turns":2.0},{"damage":0.0,"enemies":"Nemesis","floor":42.0,"turns":1.0},{"damage":10.0,"enemies":"Spire Growth","floor":45.0,"turns":2.0},{"damage":14.0,"enemies":"R_Hoarder","floor":47.0,"turns":2.0},{"damage":0,"enemies":"Jaw Worm Horde","floor":48,"turns":2},{"damage":149,"enemies":"Awakened One","floor":50,"turns":6}],"seed_played":"6936393114291199183","potions_obtained":[{"floor":1.0,"key":"Elixir"},{"floor":8.0,"key":"testmod-TestPotion"},{"floor":20.0,"key":"DistilledChaos"},{"floor":28.0,"key":"Regen Potion"},{"floor":39.0,"key":"FairyPotion"},{"floor":39.0,"key":"SkillPotion"},{"floor":48,"key":"REME_GoldPotion"}],"is_trial":false,"path_per_floor":["M","?","M","?","M","R","?","E","T","R","E","M","M","E","R","B",null,"M","?","M","$","M","R","E","R","T","R","E","M","M","?","R","B",null,"M","M","M","?","?","E","M","E","T","?","M","R","E","M","R","B"],"character_chosen":"IRONCLAD","items_purchased":["RottenBaby","GuppysHairball","reliquary:WeakTea","GuppysPaw","SatanicBible","MostiFishMod:CullingBlade"],"campfire_rested":0,"item_purchase_floors":[17,17,21,34,34,34],"current_hp_per_floor":[75,75,72,77,75,75,64,32,32,32,52,61,69,69,69,81,58,59,36,46,46,58,58,62,62,62,62,45,48,58,58,58,66,36,34,38,39,39,39,39,41,49,49,49,38,38,38,54,54,0,0],"gold":0,"neow_bonus":"NOSTALGIA","is_daily":false,"chose_seed":false,"campfire_upgraded":8,"win_rate":0.0,"timestamp":1612279351,"path_taken":["M","?","M","?","M","R","?","E","T","R","E","M","M","E","R","BOSS","M","?","M","$","?","R","E","R","T","R","E","M","M","?","R","BOSS","M","M","M","?","?","E","M","E","T","?","M","R","E","M","R","BOSS"],"items_purchased_type":["Relic","Relic","Relic","Relic","Relic","Card"],"build_version":"2020-12-22","purchased_purges":3,"victory":false,"max_hp_per_floor":[76,76,77,82,83,83,83,84,84,84,85,86,87,88,88,89,58,59,59,60,60,61,61,62,62,62,62,63,64,65,65,65,66,36,37,38,39,39,39,40,41,49,49,49,55,55,56,57,57,67,67],"card_choices":[{"not_picked":["Anger","REME_SingleHolding","AT_DrawKnifeCut"],"picked":"SKIP","floor":1.0},{"not_picked":["Intimidate","Headbutt","ReplayTheSpireMod:Strike From Hell"],"picked":"SKIP","floor":3.0},{"not_picked":["Thunderclap","Blood for Blood","Replay:Undeath\u0027s Touch"],"picked":"SKIP","floor":5.0},{"not_picked":["Thunderclap","Heavy Blade"],"picked":"Impervious","floor":8.0},{"not_picked":["Fire Breathing","Havoc"],"picked":"MostiFishMod:#F4004","floor":11.0},{"not_picked":["Warcry","Infernal Blade","AT_IchimonjiDouble"],"picked":"SKIP","floor":12.0},{"not_picked":["Seeing Red","Cleave"],"picked":"Shrug It Off","floor":13.0},{"not_picked":["Combust","Cleave","Anger"],"picked":"SKIP","floor":14.0},{"not_picked":["Armaments","Havoc+1","Warcry"],"picked":"SKIP","floor":18.0},{"not_picked":["Armaments","Abandon"],"picked":"AT_BodySlamDance","floor":19.0},{"not_picked":["Perfected Strike","ReplayTheSpireMod:LeadingStrike","Flex"],"picked":"SKIP","floor":20.0},{"not_picked":["MostiFishMod:ChineseTea","Dropkick"],"picked":"Shockwave","floor":22.0},{"not_picked":["Flex+1","Heavy Blade"],"picked":"Armaments+1","floor":24.0},{"not_picked":["Thunderclap","Infernal Blade+1","REME_Cut"],"picked":"SKIP","floor":28.0},{"not_picked":["Cleave+1","Havoc+1","Anger"],"picked":"SKIP","floor":29.0},{"not_picked":["REME_Cut","True Grit+1"],"picked":"Flex+1","floor":30.0},{"not_picked":["Limit Break+1","MostiFishMod:FlyOverUtopia+1"],"picked":"MostiFishMod:ChineseTea+1","floor":33.0},{"not_picked":["Seeing Red+1","Fire Breathing"],"picked":"AT_BodySlamDance+1","floor":35.0},{"not_picked":["Wild Strike+1","Body Slam","Hemokinesis"],"picked":"SKIP","floor":36.0},{"not_picked":["Warcry+1","Wild Strike"],"picked":"Shrug It Off+1","floor":37.0},{"not_picked":["AT_ManFootWork+1","AT_DrawKnifeCut"],"picked":"REME_TheLastStrike","floor":40.0},{"not_picked":["AT_Dispersion","Fire Breathing"],"picked":"Armaments+1","floor":41.0},{"not_picked":["Run Through","AT_IchimonjiDouble","Seeing Red+1"],"picked":"SKIP","floor":41.0},{"not_picked":["MostiFishMod:BrandingRite+1","Power Through+1","Twin Strike"],"picked":"SKIP","floor":41.0},{"not_picked":["Body Slam","Shockwave+1","Iron Wave"],"picked":"SKIP","floor":41.0},{"not_picked":["ReplayTheSpireMod:Strike From Hell","REME_Cut","Ghostly Armor+1"],"picked":"SKIP","floor":42.0},{"not_picked":["True Grit+1","Replay:Undeath\u0027s Touch"],"picked":"Warcry+1","floor":45.0},{"not_picked":["Perfected Strike","AT_IchimonjiDouble","Power Through+1"],"picked":"SKIP","floor":47.0},{"not_picked":["Thunderclap","AT_DrawKnifeCut","ReplayTheSpireMod:Corrosion Curse+1"],"picked":"SKIP","floor":48}],"player_experience":47005,"relics_obtained":[{"floor":1.0,"key":"Baka"},{"floor":3.0,"key":"Baka2"},{"floor":8.0,"key":"Meat on the Bone"},{"floor":9.0,"key":"Replay:PocketPolymizer"},{"floor":11.0,"key":"Simple Rune"},{"floor":14.0,"key":"War Paint"},{"floor":19.0,"key":"Nunchaku"},{"floor":24.0,"key":"Toxic Egg 2"},{"floor":26.0,"key":"AT_BellowingDragoncrestRing"},{"floor":28.0,"key":"testmod-Antiphasic"},{"floor":40.0,"key":"testmod-BouquetWithThorns"},{"floor":42.0,"key":"Strawberry"},{"floor":42.0,"key":"BookofShadows"},{"floor":43.0,"key":"Replay:Wax Seal"},{"floor":47.0,"key":"MoneyPower"}],"event_choices":[{"cards_removed":["Strike_R"],"damage_healed":0.0,"max_hp_gain":0.0,"max_hp_loss":0.0,"gold_gain":0.0,"event_name":"The Cleric","player_choice":"Card Removal","floor":2.0,"gold_loss":75.0,"damage_taken":0.0},{"damage_healed":0.0,"max_hp_gain":5.0,"max_hp_loss":0.0,"gold_gain":0.0,"event_name":"Big Fish","player_choice":"Donut","floor":4.0,"gold_loss":0.0,"damage_taken":0.0},{"damage_healed":0.0,"max_hp_gain":0.0,"max_hp_loss":0.0,"gold_gain":75.0,"event_name":"World of Goop","player_choice":"Gather Gold","floor":7.0,"gold_loss":0.0,"damage_taken":11.0},{"damage_healed":0.0,"max_hp_gain":0.0,"max_hp_loss":0.0,"gold_gain":0.0,"event_name":"The Library","player_choice":"Read","floor":31.0,"gold_loss":0.0,"damage_taken":0.0,"cards_obtained":["REME_ACTH"]},{"damage_healed":0.0,"max_hp_gain":0.0,"max_hp_loss":0.0,"gold_gain":0.0,"event_name":"Tomb of Lord Red Mask","player_choice":"Ignored","floor":38.0,"gold_loss":0.0,"damage_taken":0.0},{"damage_healed":0.0,"max_hp_gain":0.0,"max_hp_loss":0.0,"gold_gain":0.0,"event_name":"Lab","player_choice":"Got Potions","floor":39.0,"gold_loss":0.0,"damage_taken":0.0}],"is_beta":false,"boss_relics":[{"not_picked":["AT_TrinityForce","SlaversCollar"],"picked":"Replay:Bronze Core"},{"not_picked":[]},{"not_picked":["testmod-IncinerationGenerator","testmod-SaigiyounoYou"],"picked":"Coffee Dripper"},{"not_picked":[]}],"items_purged_floors":[17,21,34],"is_endless":false,"potions_floor_spawned":[1,8,12,13,20,28,30,35,41,42,47,48],"killed_by":"Awakened One","ascension_level":20}}