{"host":"4e3fxqp5hzyqu39k","time":1612247603,"event":{"mods":["BaseMod","Minty Spire (QoL Compilation)"],"gold_per_floor":[115,131,150,163,163,163,173,173,197,217,217,246,258,268,268,366,366,383,383,383,127,52,79,79,79,79,79,97,114,132,142,142,142,142],"floor_reached":33,"language":"ENG","playtime":2576,"items_purged":["Strike_P"],"score":271,"play_id":"0c62ec25-b127-4894-bfe0-46849b52c8c6","local_time":"20210202013323","is_ascension_mode":false,"campfire_choices":[{"data":"LessonLearned","floor":6,"key":"SMITH"},{"data":"Crescendo","floor":8,"key":"SMITH"},{"data":"ClearTheMind","floor":15,"key":"SMITH"},{"floor":25,"key":"REST"},{"floor":32,"key":"REST"}],"circlet_count":0,"master_deck":["Strike_P+1","Strike_P","Strike_P","Defend_P","Defend_P","Defend_P+1","Defend_P","Eruption+1","Vigilance+1","Crescendo+1","EmptyBody+1","Consecrate+1","LessonLearned+1","ClearTheMind+1","BowlingBash+1","Indignation","DevaForm","Evaluate+1","RitualDagger+1","Shame","Violence","InnerPeace","Halt","DeceiveReality","EmptyBody","Adaptation"],"relics":["PureWater","Whetstone","Bag of Preparation","Sozu","MawBank","Mercury Hourglass","Shovel","Gremlin Horn"],"acts_visited":["Exordium","TheCity"],"potions_floor_usage":[23,23],"damage_taken":[{"damage":2,"enemies":"Jaw Worm","floor":1,"turns":5},{"damage":0,"enemies":"Small Slimes","floor":2,"turns":3},{"damage":0,"enemies":"2 Louse","floor":3,"turns":2},{"damage":17,"enemies":"Exordium Wildlife","floor":4,"turns":5},{"damage":6,"enemies":"Blue Slaver","floor":7,"turns":7},{"damage":0,"enemies":"2 Fungi Beasts","floor":10,"turns":2},{"damage":8,"enemies":"3 Sentries","floor":12,"turns":6},{"damage":0,"enemies":"Exordium Wildlife","floor":13,"turns":2},{"damage":0,"enemies":"Blue Slaver","floor":14,"turns":1},{"damage":17,"enemies":"Slime Boss","floor":16,"turns":8},{"damage":14,"enemies":"Shell Parasite","floor":18,"turns":6},{"damage":30,"enemies":"Slavers","floor":23,"turns":4},{"damage":36,"enemies":"Chosen","floor":28,"turns":7},{"damage":0,"enemies":"Centurion and Healer","floor":29,"turns":2},{"damage":0,"enemies":"Sentry and Sphere","floor":30,"turns":1},{"damage":5,"enemies":"Snecko","floor":31,"turns":8},{"damage":42,"enemies":"Collector","floor":33,"turns":7}],"seed_played":"-1239762634714835152","potions_obtained":[{"floor":7,"key":"Swift Potion"},{"floor":10,"key":"DuplicationPotion"},{"floor":13,"key":"ColorlessPotion"}],"is_trial":false,"path_per_floor":["M","M","M","M","?","R","M","R","T","M","?","E","M","M","R","B",null,"M","?","?","$","$","E","T","R","T","?","M","M","M","M","R","B"],"character_chosen":"WATCHER","items_purchased":["Violence","InnerPeace"],"campfire_rested":2,"item_purchase_floors":[21,21],"current_hp_per_floor":[77,77,77,60,60,60,54,54,54,54,54,46,46,46,46,29,79,65,59,59,59,59,29,29,52,52,52,16,16,16,11,34,0,0],"gold":142,"neow_bonus":"TEN_PERCENT_HP_BONUS","is_daily":false,"chose_seed":false,"campfire_upgraded":3,"win_rate":0.0,"timestamp":1612247603,"path_taken":["M","M","M","M","?","R","M","R","T","M","?","E","M","M","R","BOSS","M","?","?","?","$","E","?","R","T","?","M","?","M","M","R","BOSS"],"items_purchased_type":["Card","Card"],"build_version":"2020-12-22","purchased_purges":1,"victory":false,"max_hp_per_floor":[79,79,79,79,79,79,79,79,79,79,79,79,79,79,79,79,79,79,79,79,79,79,79,79,79,79,79,79,79,79,79,79,79,79],"card_choices":[{"not_picked":["FollowUp","SashWhip"],"picked":"Crescendo","floor":1},{"not_picked":["Crescendo","BowlingBash"],"picked":"EmptyBody","floor":2},{"not_picked":["Worship","Vengeance"],"picked":"Consecrate","floor":3},{"not_picked":["Indignation","FearNoEvil"],"picked":"LessonLearned","floor":4},{"not_picked":["Tantrum","FollowUp"],"picked":"ClearTheMind","floor":7},{"not_picked":["Prostrate","Evaluate"],"picked":"BowlingBash","floor":10},{"not_picked":["LessonLearned","Halt"],"picked":"Indignation","floor":12},{"not_picked":["ThirdEye","JustLucky","SandsOfTime"],"picked":"SKIP","floor":13},{"not_picked":["CutThroughFate","DeceiveReality","Consecrate"],"picked":"SKIP","floor":14},{"not_picked":["Devotion","MasterReality"],"picked":"DevaForm","floor":16},{"not_picked":["JustLucky","LikeWater"],"picked":"Evaluate","floor":18},{"not_picked":["FollowUp+1","WreathOfFlame+1"],"picked":"Halt","floor":23},{"not_picked":["FlurryOfBlows","CarveReality+1","WaveOfTheHand"],"picked":"SKIP","floor":28},{"not_picked":["BowlingBash","FollowUp"],"picked":"DeceiveReality","floor":29},{"not_picked":["BowlingBash","WaveOfTheHand"],"picked":"EmptyBody","floor":30},{"not_picked":["LikeWater","ForeignInfluence+1"],"picked":"Adaptation","floor":31}],"player_experience":266083,"relics_obtained":[{"floor":9,"key":"Whetstone"},{"floor":12,"key":"Bag of Preparation"},{"floor":23,"key":"Mercury Hourglass"},{"floor":24,"key":"Shovel"},{"floor":26,"key":"Gremlin Horn"}],"event_choices":[{"damage_healed":0,"gold_gain":0,"player_choice":"Ignored","damage_taken":0,"max_hp_gain":0,"max_hp_loss":0,"event_name":"Liars Game","floor":5,"gold_loss":0},{"damage_healed":0,"gold_gain":0,"player_choice":"Grow","damage_taken":0,"max_hp_gain":0,"max_hp_loss":0,"event_name":"Living Wall","floor":11,"gold_loss":0,"cards_upgraded":["BowlingBash"]},{"damage_healed":0,"gold_gain":0,"player_choice":"Joined the Cult","damage_taken":6,"max_hp_gain":0,"max_hp_loss":0,"event_name":"Nest","floor":19,"gold_loss":0,"cards_obtained":["RitualDagger"]},{"damage_healed":0,"gold_gain":0,"player_choice":"Stole Relic","damage_taken":0,"relics_obtained":["MawBank"],"max_hp_gain":0,"max_hp_loss":0,"event_name":"Addict","floor":20,"gold_loss":0,"cards_obtained":["Shame"]},{"damage_healed":0,"gold_gain":0,"player_choice":"Ignored","damage_taken":0,"max_hp_gain":0,"max_hp_loss":0,"event_name":"Vampires","floor":27,"gold_loss":0}],"is_beta":false,"boss_relics":[{"not_picked":["Cursed Key","SlaversCollar"],"picked":"Sozu"}],"items_purged_floors":[22],"is_endless":false,"potions_floor_spawned":[7,10,13,18,29],"killed_by":"Collector","ascension_level":0}}