{"host":"tyeg9214rgutn7tb","time":1612305724,"event":{"mods":["BaseMod","Colored Map","Custom Start","Downfall","Minty Spire (QoL Compilation)","StSLib"],"gold_per_floor":[99,119,119,119,15,30,30,46,56,85,150,185,85,85,102,204,204,204,217,217,237,337,337,337,355,162,62,73,158,184,203,217,313,313,313,332,332,123,134,184,208,223,248,148,148,148,148,165,180,180,180,210,110,110,110,110],"floor_reached":57,"language":"ENG","playtime":3111,"items_purged":["bronze:Strike","bronze:Strike+1","bronze:WhirlingStrike"],"score":1731,"play_id":"183a9994-6b09-4603-9334-660e500ffcfc","local_time":"20210202234204","is_ascension_mode":true,"campfire_choices":[{"data":"bronze:Goto","floor":1,"key":"SMITH"},{"floor":13,"key":"REST"},{"data":"bronze:HardenedForm","floor":18,"key":"SMITH"},{"data":"bronze:Deprecate","floor":27,"key":"SMITH"},{"floor":35,"key":"RECALL"},{"data":"1","floor":44,"key":"LIFT"},{"data":"2","floor":47,"key":"LIFT"},{"data":"3","floor":54,"key":"LIFT"}],"circlet_count":0,"master_deck":["bronze:Defend+1","bronze:Defend","bronze:Defend","bronze:Defend","bronze:Replicate+1","bronze:MaxOutput+1","bronze:Repair+1","bronze:MaxOutput","bronze:FineTuning+1","bronze:FunctionCard","bronze:Invalidate+1","bronze:Verify","bronze:FunctionCard","bronze:ItsAFeature"],"relics":["bronze:BronzeCore","The Courier","Orichalcum","Toxic Egg 2","War Paint","downfall:HeartBlessingGreen","Sozu","TungstenRod","Question Card","Blue Candle","Oddly Smooth Stone","downfall:HeartBlessingBlue","Turnip","Busted Crown","Shuriken","Mummified Hand","Girya","PreservedInsect","Happy Flower","downfall:HeartBlessingRed","White Beast Statue"],"acts_visited":["Exordium","TheCity","TheBeyond","TheEnding"],"potions_floor_usage":[12,56,56,56],"damage_taken":[{"damage":3,"enemies":"Jaw Worm","floor":2,"turns":5},{"damage":0,"enemies":"downfall:FleeingMerchant","floor":5,"turns":4},{"damage":2,"enemies":"Small Slimes","floor":6,"turns":2},{"damage":0,"enemies":"Cultist","floor":8,"turns":2},{"damage":1,"enemies":"Large Slime","floor":9,"turns":2},{"damage":16,"enemies":"Gremlin Nob","floor":10,"turns":3},{"damage":15,"enemies":"3 Sentries","floor":11,"turns":5},{"damage":0,"enemies":"3 Sentries","floor":12,"turns":4},{"damage":1,"enemies":"Red Slaver","floor":15,"turns":2},{"damage":14,"enemies":"IC_STATUS_ARCHETYPE","floor":16,"turns":4},{"damage":2,"enemies":"Shell Parasite","floor":19,"turns":3},{"damage":0,"enemies":"3 Byrds","floor":21,"turns":3},{"damage":0,"enemies":"Colosseum Nobs","floor":22,"turns":3},{"damage":6,"enemies":"Shelled Parasite and Fungi","floor":25,"turns":5},{"damage":2,"enemies":"downfall:FleeingMerchant","floor":26,"turns":4},{"damage":0,"enemies":"Snake Plant","floor":28,"turns":3},{"damage":5,"enemies":"Book of Stabbing","floor":30,"turns":3},{"damage":5,"enemies":"Sentry and Sphere","floor":31,"turns":5},{"damage":8,"enemies":"Cultist and Chosen","floor":32,"turns":5},{"damage":0,"enemies":"WA_ARCHETYPE_CALM","floor":33,"turns":4},{"damage":15,"enemies":"3 Shapes","floor":36,"turns":3},{"damage":0,"enemies":"downfall:FleeingMerchant","floor":38,"turns":4},{"damage":5,"enemies":"Orb Walker","floor":39,"turns":4},{"damage":3,"enemies":"Orb Walker","floor":40,"turns":4},{"damage":0,"enemies":"Sphere and 2 Shapes","floor":42,"turns":3},{"damage":0,"enemies":"Reptomancer","floor":43,"turns":3},{"damage":0,"enemies":"3 Darklings","floor":48,"turns":3},{"damage":0,"enemies":"Maw","floor":49,"turns":4},{"damage":10,"enemies":"DF_ARCHETYPE_ORBS","floor":50,"turns":5},{"damage":0,"enemies":"downfall:CharBossMerchant","floor":52,"turns":3},{"damage":0,"enemies":"downfall:NeowBoss","floor":55,"turns":12},{"damage":0,"enemies":"downfall:NeowBossFinal","floor":56,"turns":5}],"seed_played":"6905574053999090623","potions_obtained":[{"floor":2,"key":"SkillPotion"},{"floor":6,"key":"ColorlessPotion"},{"floor":8,"key":"BlessingOfTheForge"},{"floor":16,"key":"Ancient Potion"}],"is_trial":false,"path_per_floor":["R","M","?","?","$","M","T","M","M","E","?","E","R","?","M","B",null,"R","M","?","M","?","?","T","M","$","R","M","?","E","M","M","B",null,"R","M","?","$","M","?","T","M","E","R","?","?","R","M","M","B",null,"E","$","R","B","B",null],"character_chosen":"THE_AUTOMATON","items_purchased":["bronze:MaxOutput","bronze:WhirlingStrike","Oddly Smooth Stone","Shuriken","bronze:Verify","Mummified Hand"],"campfire_rested":1,"item_purchase_floors":[5,5,26,38,38,38],"current_hp_per_floor":[45,42,42,42,42,40,40,40,39,30,22,32,53,53,62,48,65,65,70,70,70,70,66,66,70,68,78,80,67,72,75,67,77,79,79,65,65,75,80,80,80,80,80,80,90,90,90,90,90,80,88,90,90,90,90,90],"gold":110,"neow_bonus":"REMOVE_TWO","is_daily":false,"chose_seed":false,"campfire_upgraded":3,"win_rate":0.0,"timestamp":1612305724,"path_taken":["R","M","?","?","?","M","T","M","M","E","?","E","R","?","M","BOSS","R","?","?","?","?","?","T","M","$","R","M","?","E","M","M","BOSS","R","M","?","$","M","?","T","M","E","R","?","?","R","M","M","BOSS","E","$","R","BOSS","BOSS"],"items_purchased_type":["Card","Card","Relic","Relic","Card","Relic"],"build_version":"2020-12-22","purchased_purges":3,"victory":true,"max_hp_per_floor":[70,70,70,70,70,70,70,70,70,70,70,70,70,70,70,70,70,70,70,70,70,70,70,70,70,70,80,80,80,80,80,80,80,80,80,80,80,80,80,80,80,80,80,80,90,90,90,90,90,90,90,90,90,90,90,90],"card_choices":[{"not_picked":["bronze:GetLatest","bronze:BugBarrage","bronze:Branch"],"picked":"SKIP","floor":2},{"not_picked":["bronze:Branch","bronze:Allocate"],"picked":"bronze:Virus","floor":5},{"not_picked":["bronze:Separator","bronze:BitShift"],"picked":"bronze:Philosophize","floor":6},{"not_picked":["bronze:BugBarrage","bronze:DarkDash"],"picked":"bronze:Deprecate","floor":8},{"not_picked":["bronze:Repulsor","bronze:ChildClass"],"picked":"bronze:Repair","floor":9},{"not_picked":["bronze:FollowUp","bronze:Safeguard"],"picked":"bronze:Iterate","floor":10},{"not_picked":["bronze:Iterate","bronze:BugBarrage","bronze:Overload+1"],"picked":"SKIP","floor":12},{"not_picked":["bronze:Library","bronze:WildBeam","bronze:OilSpill"],"picked":"SKIP","floor":15},{"not_picked":["bronze:ShipIt","bronze:Break"],"picked":"bronze:HardenedForm","floor":16},{"not_picked":["bronze:Optimize+1","bronze:Refactor+1"],"picked":"bronze:Constructor+1","floor":19},{"not_picked":["bronze:BuggyMess+1","bronze:Turbo+1"],"picked":"bronze:BronzeArmor+1","floor":21},{"not_picked":["bronze:OilSpill","bronze:ChosenStrike","bronze:ChildClass+1"],"picked":"bronze:MaxOutput","floor":25},{"not_picked":["bronze:CutThrough","bronze:Shell+1","bronze:Mutator","bronze:DelayedGuard+1"],"picked":"SKIP","floor":26},{"not_picked":["bronze:Invalidate+1","bronze:Branch+1","bronze:Flail"],"picked":"bronze:FineTuning+1","floor":28},{"not_picked":["bronze:Separator+1","bronze:Fortify","bronze:BuggyMess+1","bronze:BugBarrage"],"picked":"SKIP","floor":30},{"not_picked":["bronze:FollowUp+1","bronze:InfiniteBeams","bronze:Separator"],"picked":"bronze:Hardcode","floor":31},{"not_picked":["bronze:DelayedGuard+1","bronze:Deprecate+1","bronze:Separator+1","bronze:CleanCode"],"picked":"SKIP","floor":32},{"not_picked":["bronze:BurnOut","bronze:Virus","bronze:Mutator"],"picked":"bronze:Hardcode","floor":33},{"not_picked":["bronze:Shield+1","bronze:BuggyMess+1"],"picked":"SKIP","floor":36},{"not_picked":["bronze:Overheat+1"],"picked":"bronze:Invalidate+1","floor":38},{"not_picked":["bronze:DelayedGuard+1","bronze:NullPointer"],"picked":"SKIP","floor":39},{"not_picked":["bronze:Frontload+1","bronze:NullPointer"],"picked":"SKIP","floor":42},{"not_picked":["bronze:Iterate"],"picked":"bronze:ItsAFeature","floor":43},{"not_picked":["bronze:Virus","bronze:GetLatest+1"],"picked":"SKIP","floor":48},{"not_picked":["bronze:ChosenStrike+1","bronze:Boost+1"],"picked":"SKIP","floor":49},{"not_picked":["bronze:OilSpill+1","bronze:ChildClass+1"],"picked":"SKIP","floor":52}],"player_experience":720678,"relics_obtained":[{"floor":7,"key":"The Courier"},{"floor":10,"key":"Orichalcum"},{"floor":11,"key":"Toxic Egg 2"},{"floor":12,"key":"War Paint"},{"floor":22,"key":"TungstenRod"},{"floor":22,"key":"Question Card"},{"floor":30,"key":"Turnip"},{"floor":40,"key":"Girya"},{"floor":41,"key":"PreservedInsect"},{"floor":43,"key":"Happy Flower"},{"floor":52,"key":"White Beast Statue"}],"event_choices":[{"cards_removed":["downfall:Malfunctioning"],"damage_healed":0,"gold_gain":0,"player_choice":"Card Removal","damage_taken":0,"max_hp_gain":0,"max_hp_loss":0,"event_name":"The Cleric","floor":4,"gold_loss":0},{"cards_removed":["bronze:HardenedForm"],"damage_healed":0,"gold_gain":0,"player_choice":"Removed Power","damage_taken":0,"max_hp_gain":0,"max_hp_loss":0,"event_name":"Falling","floor":46,"gold_loss":0}],"is_beta":false,"boss_relics":[{"not_picked":["Coffee Dripper","Philosopher\u0027s Stone"],"picked":"Sozu"},{"not_picked":["SacredBark","bronze:MakeshiftBattery"],"picked":"Busted Crown"}],"items_purged_floors":[26,38,53],"is_endless":false,"potions_floor_spawned":[2,6,8,10,16,19,28,30,32,33,36,39,40,43],"ascension_level":6}}