{"host":"Jedit","time":1612305119,"event":{"mods":["BaseMod","Downfall","Minty Spire (QoL Compilation)","Relic Stats","StSLib"],"gold_per_floor":[114,131,131,131,96,96,130,130,203,21,48,58,58,76,76,172,172,190,207,207,56,56,56,56,56],"floor_reached":23,"language":"ENG","playtime":978,"items_purged":[],"score":274,"play_id":"83b24b81-a22e-4fae-9ed5-38b55029400c","local_time":"20210202223159","is_ascension_mode":true,"campfire_choices":[{"data":"bronze:Repulsor","floor":6,"key":"SMITH"},{"floor":8,"key":"REST"},{"floor":13,"key":"REST"},{"data":"bronze:Constructor","floor":15,"key":"SMITH"}],"circlet_count":0,"master_deck":["bronze:Strike","bronze:Strike","bronze:Strike","bronze:Strike","bronze:Defend","bronze:Defend","bronze:Defend","bronze:Defend","bronze:Replicate","bronze:Goto","Clumsy","bronze:Iterate","bronze:Iterate","bronze:Spike","bronze:DazingPulse","bronze:Repulsor+1","bronze:Refactor","bronze:Assembly","bronze:OilSpill","bronze:Invalidate","bronze:OilSpill","bronze:BronzeArmor","bronze:Constructor+1","bronze:HardenedForm","bronze:Philosophize+1","bronze:Separator","bronze:ItsAFeature","bronze:DelayedSlice","bronze:Constructor","Ghostly","Ghostly","Ghostly","Ghostly","Ghostly"],"relics":["bronze:BronzeCore","hexamod:Sixitude","Bag of Preparation","Bottled Lightning","Guardian:PocketSentry","Black Star"],"acts_visited":["Exordium","TheCity"],"potions_floor_usage":[20],"damage_taken":[{"damage":1,"enemies":"Cultist","floor":1,"turns":4},{"damage":3,"enemies":"2 Louse","floor":2,"turns":3},{"damage":55,"enemies":"2 Louse","floor":3,"turns":5},{"damage":44,"enemies":"Lagavulin","floor":7,"turns":10},{"damage":8,"enemies":"Gremlin Nob","floor":11,"turns":3},{"damage":2,"enemies":"Small Slimes","floor":12,"turns":2},{"damage":4,"enemies":"Blue Slaver","floor":14,"turns":2},{"damage":9,"enemies":"Slime Boss","floor":16,"turns":6},{"damage":15,"enemies":"Chosen","floor":18,"turns":5},{"damage":12,"enemies":"Spheric Guardian","floor":19,"turns":3},{"damage":0,"enemies":"Snake Plant","floor":20,"turns":1},{"damage":25,"enemies":"Book of Stabbing","floor":23,"turns":5}],"seed_played":"-4975758519625974406","potions_obtained":[{"floor":2,"key":"SmokeBomb"},{"floor":11,"key":"Guardian:BlockOnCardUsePotion"},{"floor":12,"key":"FearPotion"}],"is_trial":false,"path_per_floor":["M","M","?","?","?","R","E","R","T","$","E","M","R","M","R","B",null,"M","M","M","$","?","E"],"character_chosen":"THE_AUTOMATON","items_purchased":["bronze:Assembly","bronze:OilSpill","bronze:Invalidate","bronze:ItsAFeature","bronze:DelayedSlice","bronze:Constructor"],"campfire_rested":2,"item_purchase_floors":[10,10,10,21,21,21],"current_hp_per_floor":[69,66,11,34,51,51,7,28,28,28,20,18,39,35,35,26,59,44,32,32,32,32,7,7,7],"gold":56,"neow_bonus":"ONE_RARE_RELIC","is_daily":false,"chose_seed":false,"campfire_upgraded":2,"win_rate":0.0,"timestamp":1612305119,"path_taken":["M","M","?","?","?","R","E","R","T","?","E","M","R","M","R","BOSS","M","M","M","$","?","E"],"items_purchased_type":["Card","Card","Card","Card","Card","Card"],"build_version":"2020-12-18","purchased_purges":0,"victory":false,"max_hp_per_floor":[70,70,70,70,70,70,70,70,70,70,70,70,70,70,70,70,70,70,70,70,70,35,35,35,35],"relic_stats":{"counters":[12,49],"Bag of Preparation":[16],"Black Star":0,"obtain_stats":[{"bronze:BronzeCore":0,"hexamod:Sixitude":0,"Bag of Preparation":7,"Guardian:PocketSentry":11,"Black Star":17,"Bottled Lightning":9},{"bronze:BronzeCore":0,"hexamod:Sixitude":0,"Bag of Preparation":4,"Guardian:PocketSentry":5,"Black Star":8,"Bottled Lightning":4},{"bronze:BronzeCore":0,"hexamod:Sixitude":0,"Bag of Preparation":22,"Guardian:PocketSentry":25,"Black Star":35,"Bottled Lightning":22}]},"card_choices":[{"not_picked":["bronze:Frontload","bronze:Allocate"],"picked":"bronze:Iterate","floor":1},{"not_picked":["bronze:Shield","bronze:Overload"],"picked":"bronze:Iterate","floor":2},{"not_picked":[],"picked":"bronze:Spike","floor":3},{"not_picked":[],"picked":"bronze:DazingPulse","floor":3},{"not_picked":["bronze:BitShift","bronze:CutThrough"],"picked":"bronze:Repulsor","floor":3},{"not_picked":["bronze:Turbo","bronze:Shield"],"picked":"bronze:Refactor","floor":7},{"not_picked":["bronze:CloningBeam","bronze:Shield"],"picked":"bronze:OilSpill","floor":11},{"not_picked":["bronze:DelayedGuard","bronze:Refactor"],"picked":"bronze:BronzeArmor","floor":12},{"not_picked":["bronze:BitShift","bronze:Optimize"],"picked":"bronze:Constructor","floor":14},{"not_picked":["bronze:Format","bronze:FindAndReplace"],"picked":"bronze:HardenedForm","floor":16},{"not_picked":["bronze:Turbo","bronze:Iterate"],"picked":"bronze:Philosophize+1","floor":18},{"not_picked":["bronze:BugBarrage","bronze:WildBeam"],"picked":"bronze:Separator","floor":19}],"player_experience":3723805,"relics_obtained":[{"floor":7,"key":"Bag of Preparation"},{"floor":9,"key":"Bottled Lightning"},{"floor":11,"key":"Guardian:PocketSentry"}],"event_choices":[{"damage_healed":23,"gold_gain":0,"player_choice":"Banana","damage_taken":0,"max_hp_gain":0,"max_hp_loss":0,"event_name":"Big Fish","floor":4,"gold_loss":0},{"damage_healed":17,"gold_gain":0,"player_choice":"Healed","damage_taken":0,"max_hp_gain":0,"max_hp_loss":0,"event_name":"The Cleric","floor":5,"gold_loss":35},{"damage_healed":0,"gold_gain":0,"player_choice":"Became a Ghost","damage_taken":0,"max_hp_gain":0,"max_hp_loss":35,"event_name":"Ghosts","floor":22,"gold_loss":0,"cards_obtained":["Ghostly","Ghostly","Ghostly","Ghostly","Ghostly"]}],"is_beta":true,"boss_relics":[{"not_picked":["SlaversCollar","Philosopher\u0027s Stone"],"picked":"Black Star"}],"items_purged_floors":[],"is_endless":false,"potions_floor_spawned":[2,11,12,16,18],"killed_by":"Book of Stabbing","ascension_level":5}}