{"host":"edndssuekvzbh3is","time":1612245437,"event":{"mods":["BaseMod","Colored Map","Colored Powertips","Minty Spire (QoL Compilation)","SuperFastMode"],"gold_per_floor":[117,136,149,163,183,227,254,281,281,281,300,300,319,363,363,477,477,499,71,45,45,64,103,103,131,131,157,157,157],"floor_reached":28,"language":"ENG","playtime":1012,"items_purged":["Slice"],"score":315,"play_id":"dc3175f9-cc82-4f76-aa58-fa396dc0bd55","local_time":"20210202005717","is_ascension_mode":true,"campfire_choices":[{"data":"Burst","floor":10,"key":"SMITH"},{"data":"Noxious Fumes","floor":12,"key":"SMITH"},{"floor":15,"key":"REST"}],"circlet_count":0,"master_deck":["Survivor","Neutralize","Leg Sweep","Blur","Endless Agony","Malaise+1","Dash","Cloak And Dagger","Blur","Flechettes","Burst+1","Acrobatics","Outmaneuver","Poisoned Stab","Backflip+1","Cloak And Dagger","Envenom","Deflect","Bane","Noxious Fumes+1","All Out Attack","Blade Dance","Adrenaline","Tactician","Bouncing Flask","Outmaneuver+1","Footwork+1","Footwork"],"relics":["Pandora\u0027s Box","CeramicFish","Blue Candle","Turnip","WristBlade","Membership Card","Mummified Hand","War Paint","Question Card","Girya","Smiling Mask","The Courier"],"acts_visited":["Exordium","TheCity"],"potions_floor_usage":[14,14,16,22,23,25,28],"damage_taken":[{"damage":0,"enemies":"Cultist","floor":1,"turns":3},{"damage":0,"enemies":"Small Slimes","floor":2,"turns":3},{"damage":0,"enemies":"Jaw Worm","floor":3,"turns":5},{"damage":3,"enemies":"Blue Slaver","floor":4,"turns":4},{"damage":1,"enemies":"2 Fungi Beasts","floor":5,"turns":5},{"damage":11,"enemies":"Gremlin Nob","floor":6,"turns":6},{"damage":0,"enemies":"Large Slime","floor":7,"turns":6},{"damage":1,"enemies":"Looter","floor":8,"turns":3},{"damage":11,"enemies":"Blue Slaver","floor":11,"turns":4},{"damage":0,"enemies":"Exordium Wildlife","floor":13,"turns":4},{"damage":15,"enemies":"Lagavulin","floor":14,"turns":6},{"damage":25,"enemies":"The Guardian","floor":16,"turns":10},{"damage":2,"enemies":"Shell Parasite","floor":18,"turns":4},{"damage":12,"enemies":"3 Byrds","floor":22,"turns":3},{"damage":21,"enemies":"Gremlin Leader","floor":23,"turns":6},{"damage":23,"enemies":"Book of Stabbing","floor":25,"turns":4},{"damage":3,"enemies":"Centurion and Healer","floor":27,"turns":7},{"damage":14,"enemies":"Colosseum Slavers","floor":28,"turns":3}],"seed_played":"5563214728478409394","potions_obtained":[{"floor":3,"key":"Weak Potion"},{"floor":6,"key":"CultistPotion"},{"floor":11,"key":"GamblersBrew"},{"floor":13,"key":"Weak Potion"},{"floor":14,"key":"FearPotion"},{"floor":18,"key":"CultistPotion"},{"floor":25,"key":"Swift Potion"}],"is_trial":false,"path_per_floor":["M","M","M","M","M","E","M","M","T","R","M","R","M","E","R","B",null,"M","$","$","T","M","E","?","E","T","M","?"],"character_chosen":"THE_SILENT","items_purchased":["Membership Card","Mummified Hand","War Paint","LiquidBronze","Bouncing Flask"],"campfire_rested":1,"item_purchase_floors":[19,19,19,19,20],"current_hp_per_floor":[70,70,70,67,66,55,55,54,54,54,43,43,43,28,49,24,70,68,68,68,68,56,35,35,12,12,9,0,0],"gold":157,"neow_bonus":"BOSS_RELIC","is_daily":false,"chose_seed":false,"campfire_upgraded":2,"win_rate":0.0,"timestamp":1612245437,"path_taken":["M","M","M","M","M","E","M","M","T","R","M","R","M","E","R","BOSS","M","?","$","?","M","E","?","E","T","?","?"],"items_purchased_type":["Relic","Relic","Relic","Potion","Card"],"build_version":"2020-12-22","purchased_purges":1,"victory":false,"max_hp_per_floor":[70,70,70,70,70,70,70,70,70,70,70,70,70,70,70,70,70,70,70,70,70,70,70,70,70,70,70,70,70],"card_choices":[{"not_picked":["Flying Knee","Riddle With Holes"],"picked":"Acrobatics","floor":1},{"not_picked":["Sucker Punch","Riddle With Holes"],"picked":"Outmaneuver","floor":2},{"not_picked":["Acrobatics","Flying Knee"],"picked":"Poisoned Stab","floor":3},{"not_picked":["Sucker Punch","Flying Knee"],"picked":"Backflip","floor":4},{"not_picked":["Sucker Punch","Flying Knee"],"picked":"Cloak And Dagger","floor":5},{"not_picked":["Dodge and Roll","Escape Plan"],"picked":"Envenom","floor":6},{"not_picked":["Expertise","Backflip"],"picked":"Deflect","floor":7},{"not_picked":["Flying Knee","Eviscerate"],"picked":"Bane","floor":8},{"not_picked":["Slice","Quick Slash"],"picked":"Noxious Fumes","floor":11},{"not_picked":["Unload","Dodge and Roll"],"picked":"All Out Attack","floor":13},{"not_picked":["Leg Sweep","Backflip"],"picked":"Blade Dance","floor":14},{"not_picked":["Doppelganger","Venomology"],"picked":"Adrenaline","floor":16},{"not_picked":["Poisoned Stab","Underhanded Strike+1"],"picked":"Tactician","floor":18},{"not_picked":["Slice","Caltrops","Dash"],"picked":"Outmaneuver+1","floor":22},{"not_picked":["Quick Slash","Slice","Dagger Throw"],"picked":"Footwork+1","floor":23},{"not_picked":["Acrobatics","Riddle With Holes","Skewer+1","All Out Attack"],"picked":"SKIP","floor":25},{"not_picked":["Cloak And Dagger","Acrobatics","Noxious Fumes"],"picked":"Footwork","floor":27}],"player_experience":347960,"relics_obtained":[{"floor":6,"key":"CeramicFish"},{"floor":9,"key":"Blue Candle"},{"floor":14,"key":"Turnip"},{"floor":21,"key":"Question Card"},{"floor":23,"key":"Girya"},{"floor":25,"key":"Smiling Mask"},{"floor":26,"key":"The Courier"}],"event_choices":[{"damage_healed":0,"gold_gain":0,"player_choice":"Ignored","damage_taken":0,"max_hp_gain":0,"max_hp_loss":0,"event_name":"Vampires","floor":24,"gold_loss":0},{"damage_healed":0,"gold_gain":0,"player_choice":"Fight","damage_taken":0,"max_hp_gain":0,"max_hp_loss":0,"event_name":"Colosseum","floor":28,"gold_loss":0}],"is_beta":false,"boss_relics":[{"not_picked":["Astrolabe","Tiny House"],"picked":"WristBlade"}],"items_purged_floors":[19],"is_endless":false,"potions_floor_spawned":[3,6,11,13,14,18,25],"killed_by":"Colosseum Slavers","ascension_level":3}}