{"host":"8xzc7f3sd104n9ql","time":1612306921,"event":{"mods":["Ascension Reborn","Aspiration","BaseMod","Better Altar","Better Match","Better Note","Better Sensory Stone","Better Skull","Better Third Choice","Better Vampires","Colored Map","Colored Powertips","Colorless Booster Pack","Conspire","DeckTracker","Downfall","Energized Spire","Halation","Highlight Path","Hubris","Infinite Spire","Minty Spire (QoL Compilation)","Rare Cards Sparkle","RatMod","Reliquary","Replay The Spire","Spicy Shops","Spikes Relics","StSLib","The Blue Laboratory","Transform Curses","Unceasing Turn Reminder","UnlockEverythingMod"],"gold_per_floor":[109,129,83,98,110,110,110,120,201,201,219,219,239,249,249,249,249],"floor_reached":16,"language":"ENG","playtime":1177,"items_purged":[],"score":96,"play_id":"c46b7e93-27fe-4417-b150-adf0978fe073","local_time":"20210202170201","is_ascension_mode":false,"campfire_choices":[{"data":"Uppercut","floor":6,"key":"SMITH"},{"data":"Bash","floor":10,"key":"SMITH"},{"floor":15,"key":"REST"}],"circlet_count":0,"master_deck":["Strike_R","Strike_R","Strike_R","Strike_R","Strike_R","Defend_R","Defend_R","Defend_R","Defend_R","Bash+1","Flex","Uppercut+1","Shrug It Off","Dropkick","ReplayTheSpireMod:Stacked","rat:Decimate","Pommel Strike"],"relics":["Burning Blood","RetroEgg","GremlinMask"],"acts_visited":["Exordium"],"potions_floor_usage":[16,16,16],"damage_taken":[{"damage":11,"enemies":"Jaw Worm","floor":1,"turns":2},{"damage":24,"enemies":"infinitespire:Voidling","floor":2,"turns":4},{"damage":15,"enemies":"Small Slimes","floor":4,"turns":3},{"damage":13,"enemies":"Exordium Wildlife","floor":5,"turns":4},{"damage":6,"enemies":"conspire:2 RoseBushes","floor":8,"turns":6},{"damage":13,"enemies":"2 Fungi Beasts","floor":11,"turns":4},{"damage":17,"enemies":"3 Louse","floor":13,"turns":3},{"damage":13,"enemies":"conspire:2 RoseBushes","floor":14,"turns":4},{"damage":56,"enemies":"Fading Forest","floor":16,"turns":11}],"seed_played":"2769612703917319899","potions_obtained":[{"floor":1,"key":"Adrenaline Potion"},{"floor":8,"key":"Explosive Potion"},{"floor":11,"key":"blueLaboratory:ArtificerPotion"}],"is_trial":false,"path_per_floor":["M","M","$","M","M","R","$","M","T","R","M","?","M","M","R","B"],"character_chosen":"IRONCLAD","items_purchased":["Shrug It Off"],"campfire_rested":1,"item_purchase_floors":[3],"current_hp_per_floor":[83,65,65,56,49,49,49,49,49,49,42,42,31,24,50,0,0],"gold":249,"neow_bonus":"TEN_PERCENT_HP_BONUS","is_daily":false,"chose_seed":false,"campfire_upgraded":2,"win_rate":0.0,"timestamp":1612306921,"path_taken":["M","M","$","M","M","R","$","M","T","R","M","?","M","?","R","BOSS"],"items_purchased_type":["Card"],"build_version":"2020-12-22","purchased_purges":0,"victory":false,"max_hp_per_floor":[88,88,88,88,88,88,88,88,88,88,88,88,88,88,88,88,88],"card_choices":[{"not_picked":["Headbutt","ReplayTheSpireMod:Strike From Hell"],"picked":"Flex","floor":1},{"not_picked":["Replay:Undeath\u0027s Touch","Anger"],"picked":"Uppercut","floor":2},{"not_picked":["Clothesline","Rampage"],"picked":"Dropkick","floor":4},{"not_picked":["hubris:ReadiedAction","Wild Strike"],"picked":"ReplayTheSpireMod:Stacked","floor":5},{"not_picked":["Evolve","Replay:Undeath\u0027s Touch","Whirlwind"],"picked":"SKIP","floor":8},{"not_picked":["Whirlwind","conspire:Charge"],"picked":"rat:Decimate","floor":11},{"not_picked":["Headbutt","ReplayTheSpireMod:Strike From Hell","Twin Strike"],"picked":"SKIP","floor":13},{"not_picked":["Headbutt","Iron Wave"],"picked":"Pommel Strike","floor":14}],"player_experience":436766,"relics_obtained":[{"floor":9,"key":"RetroEgg"}],"event_choices":[{"damage_healed":0,"gold_gain":0,"player_choice":"Trade","damage_taken":0,"relics_obtained":["GremlinMask"],"max_hp_gain":0,"max_hp_loss":0,"event_name":"FaceTrader","floor":12,"gold_loss":0}],"is_beta":false,"boss_relics":[],"items_purged_floors":[],"is_endless":false,"potions_floor_spawned":[1,8,11,14],"killed_by":"Fading Forest","ascension_level":0}}