{"host":"fhwr1fuluf6086fh","time":1612281446,"event":{"mods":["2.2 Compatiblity","Act Like it!","BaseMod","Colored Map","Elementarium","Hermit","Minty Spire (QoL Compilation)","Robot Space Explorer","StSLib","The Blue Laboratory","The Caster","The Dragon Tamer","The Hierophant","TheSurvivalist"],"gold_per_floor":[15,28,28,53,69,107,130,130,130,149,149,149],"floor_reached":11,"language":"ENG","playtime":1431,"items_purged":[],"score":81,"play_id":"a565be7f-7b64-4fd6-a796-02d0f228b70f","local_time":"20210202105726","is_ascension_mode":true,"campfire_choices":[{"floor":8,"key":"REST"}],"circlet_count":0,"master_deck":["survmod:Strike","survmod:Strike","survmod:Defend","survmod:Defend","survmod:Defend","survmod:Defend","survmod:VersatileOffense","survmod:Sprint","survmod:Adaptability","survmod:FenceTrap","Injury","survmod:HailOfArrows","survmod:FlashbangTrap","survmod:Camouflage","survmod:RejectWeakness","survmod:AcidTrap"],"relics":["survmod:InnateMutation","Golden Idol","Peace Pipe","Ancient Tea Set"],"acts_visited":["Exordium"],"potions_floor_usage":[6],"damage_taken":[{"damage":0,"enemies":"Jaw Worm","floor":1,"turns":4},{"damage":2,"enemies":"Cultist","floor":2,"turns":4},{"damage":0,"enemies":"Small Slimes","floor":4,"turns":5},{"damage":0,"enemies":"3 Louse","floor":5,"turns":5},{"damage":21,"enemies":"Lagavulin","floor":6,"turns":10},{"damage":9,"enemies":"Exordium Wildlife","floor":7,"turns":4},{"damage":8,"enemies":"Lots of Slimes","floor":10,"turns":5},{"damage":32,"enemies":"Gremlin Nob","floor":11,"turns":4}],"seed_played":"-2448344332564290720","potions_obtained":[{"floor":2,"key":"blueLaboratory:HorrorPotion"},{"floor":4,"key":"LiquidBronze"}],"is_trial":false,"path_per_floor":["M","M","?","M","M","E","M","R","T","M","E"],"character_chosen":"THE_SURVIVOR","items_purchased":[],"campfire_rested":1,"item_purchase_floors":[],"current_hp_per_floor":[50,48,48,48,48,27,18,33,33,25,0,0],"gold":149,"neow_bonus":"REMOVE_TWO","is_daily":false,"chose_seed":false,"campfire_upgraded":0,"win_rate":0.0,"timestamp":1612281446,"path_taken":["M","M","?","M","M","E","M","R","T","M","E"],"items_purchased_type":[],"build_version":"2020-12-22","purchased_purges":0,"victory":false,"max_hp_per_floor":[50,50,50,50,50,50,50,50,50,50,50,50],"card_choices":[{"not_picked":["survmod:MarkTrap","survmod:FlashbangTrap"],"picked":"survmod:Adaptability","floor":1},{"not_picked":["survmod:FindCover","survmod:PinningSnipe"],"picked":"survmod:FenceTrap","floor":2},{"not_picked":["survmod:PenetratingShot","survmod:LongShot"],"picked":"survmod:HailOfArrows","floor":4},{"not_picked":["survmod:ComplexMutation","survmod:FindCover"],"picked":"survmod:FlashbangTrap","floor":5},{"not_picked":["survmod:GoForFace","survmod:Marksmanship"],"picked":"survmod:Camouflage","floor":6},{"not_picked":["survmod:ComplexMutation","survmod:TwinShot"],"picked":"survmod:RejectWeakness","floor":7},{"not_picked":["survmod:FlashbangTrap","survmod:PinningSnipe"],"picked":"survmod:AcidTrap","floor":10}],"player_experience":1127864,"relics_obtained":[{"floor":6,"key":"Peace Pipe"},{"floor":9,"key":"Ancient Tea Set"}],"event_choices":[{"damage_healed":0,"gold_gain":0,"player_choice":"Take Wound","damage_taken":0,"relics_obtained":["Golden Idol"],"max_hp_gain":0,"max_hp_loss":0,"event_name":"Golden Idol","floor":3,"gold_loss":0,"cards_obtained":["Injury"]}],"is_beta":false,"boss_relics":[],"items_purged_floors":[],"is_endless":false,"potions_floor_spawned":[2,4],"killed_by":"Gremlin Nob","ascension_level":1}}