{"host":"d52brwsy6af8zvaq","time":1612297793,"event":{"mods":["AchievementEnabler","BaseMod","Bestiary","Highlight Path","Minty Spire (QoL Compilation)","Quick Restart","Relic Stats","ojb\u0027s Better Paths Mod"],"gold_per_floor":[115,126,139,189,207,237,237,266,266,279,293,293,84,7,7,86,86,98,109,109,126,139,139,139],"floor_reached":23,"language":"ENG","playtime":1346,"items_purged":["Strike_G"],"score":410,"play_id":"354ab3c1-d110-4785-906b-870ef5324893","local_time":"20210202132953","is_ascension_mode":true,"campfire_choices":[{"data":"Noxious Fumes","floor":7.0,"key":"SMITH"},{"floor":12.0,"key":"REST"},{"data":"Bouncing Flask","floor":15.0,"key":"SMITH"}],"circlet_count":0,"master_deck":["AscendersBane","Strike_G","Strike_G","Defend_G","Defend_G","Defend_G","Defend_G","Defend_G","Survivor","Neutralize","After Image","Sucker Punch","Noxious Fumes+1","Dagger Throw","Poisoned Stab","Dagger Spray","Deadly Poison","Bouncing Flask+1","Cloak And Dagger","Footwork","Backflip","Envenom","PiercingWail","Backstab","Calculated Gamble"],"relics":["Ring of the Serpent","HornCleat","FossilizedHelix","CaptainsWheel","Ornamental Fan"],"acts_visited":["Exordium","TheCity"],"potions_floor_usage":[21],"damage_taken":[{"damage":7.0,"enemies":"Small Slimes","floor":1.0,"turns":6.0},{"damage":0.0,"enemies":"Cultist","floor":2.0,"turns":6.0},{"damage":1.0,"enemies":"2 Louse","floor":3.0,"turns":4.0},{"damage":7.0,"enemies":"2 Fungi Beasts","floor":5.0,"turns":5.0},{"damage":10.0,"enemies":"Lagavulin","floor":6.0,"turns":8.0},{"damage":14.0,"enemies":"3 Sentries","floor":8.0,"turns":7.0},{"damage":0.0,"enemies":"Exordium Wildlife","floor":10.0,"turns":4.0},{"damage":0.0,"enemies":"Large Slime","floor":11.0,"turns":5.0},{"damage":17.0,"enemies":"Slime Boss","floor":16.0,"turns":8.0},{"damage":0.0,"enemies":"Spheric Guardian","floor":18.0,"turns":4.0},{"damage":0.0,"enemies":"Shell Parasite","floor":19.0,"turns":5.0},{"damage":2,"enemies":"Shelled Parasite and Fungi","floor":21,"turns":6},{"damage":16,"enemies":"3 Cultists","floor":22,"turns":6},{"damage":42,"enemies":"Book of Stabbing","floor":23,"turns":6}],"seed_played":"-176124560903234594","potions_obtained":[{"floor":3.0,"key":"SteroidPotion"},{"floor":10.0,"key":"DistilledChaos"},{"floor":11.0,"key":"Energy Potion"}],"is_trial":false,"path_per_floor":["M","M","M","?","M","E","R","E","T","M","M","R","$","?","R","B",null,"M","M","?","M","M","E"],"character_chosen":"THE_SILENT","items_purchased":["Footwork","Backflip"],"campfire_rested":1,"item_purchase_floors":[13,13],"current_hp_per_floor":[52,52,51,51,44,34,34,20,20,20,20,39,39,39,39,22,55,55,55,55,53,37,0,0],"gold":139,"neow_bonus":"TRANSFORM_CARD","is_daily":false,"chose_seed":false,"campfire_upgraded":2,"win_rate":0.0,"timestamp":1612297793,"path_taken":["M","M","M","?","M","E","R","E","T","?","M","R","$","?","R","BOSS","M","M","?","M","M","E"],"items_purchased_type":["Card","Card"],"build_version":"2020-12-22","purchased_purges":1,"victory":false,"max_hp_per_floor":[66,66,66,66,66,66,66,66,66,66,66,66,66,66,66,66,66,66,66,66,66,66,66,66],"relic_stats":{"counters":[14,80],"Ornamental Fan":[24],"obtain_stats":[{"CaptainsWheel":9,"HornCleat":6,"Ornamental Fan":14,"FossilizedHelix":8,"Ring of the Serpent":17,"Ring of the Snake":0},{"CaptainsWheel":6,"HornCleat":5,"Ornamental Fan":8,"FossilizedHelix":6,"Ring of the Serpent":9,"Ring of the Snake":0},{"CaptainsWheel":36,"HornCleat":29,"Ornamental Fan":45,"FossilizedHelix":36,"Ring of the Serpent":53,"Ring of the Snake":0}]},"card_choices":[{"not_picked":["Quick Slash","Underhanded Strike"],"picked":"Sucker Punch","floor":1.0},{"not_picked":["PiercingWail","Poisoned Stab"],"picked":"Noxious Fumes","floor":2.0},{"not_picked":["Quick Slash","Backflip"],"picked":"Dagger Throw","floor":3.0},{"not_picked":["Underhanded Strike","Prepared"],"picked":"Poisoned Stab","floor":5.0},{"not_picked":["Envenom","Slice"],"picked":"Dagger Spray","floor":6.0},{"not_picked":["Heel Hook","Caltrops"],"picked":"Deadly Poison","floor":8.0},{"not_picked":["Tactician","Sucker Punch"],"picked":"Bouncing Flask","floor":10.0},{"not_picked":["Expertise","Finisher"],"picked":"Cloak And Dagger","floor":11.0},{"not_picked":["Tools of the Trade","Glass Knife"],"picked":"Envenom","floor":16.0},{"not_picked":["Underhanded Strike","Slice","Acrobatics"],"picked":"SKIP","floor":18.0},{"not_picked":["Deflect","Dodge and Roll"],"picked":"PiercingWail","floor":19.0},{"not_picked":["Finisher+1","Bouncing Flask"],"picked":"Backstab","floor":21},{"not_picked":["Deadly Poison","Distraction"],"picked":"Calculated Gamble","floor":22}],"player_experience":2130476,"relics_obtained":[{"floor":6.0,"key":"HornCleat"},{"floor":8.0,"key":"FossilizedHelix"},{"floor":9.0,"key":"CaptainsWheel"}],"event_choices":[{"damage_healed":0.0,"max_hp_gain":0.0,"max_hp_loss":0.0,"gold_gain":50.0,"event_name":"Golden Shrine","player_choice":"Pray","floor":4.0,"gold_loss":0.0,"damage_taken":0.0},{"damage_healed":0.0,"max_hp_gain":0.0,"max_hp_loss":0.0,"gold_gain":0.0,"event_name":"WeMeetAgain","player_choice":"Paid Gold","floor":14.0,"gold_loss":77.0,"damage_taken":0.0,"relics_obtained":["Ornamental Fan"]},{"cards_removed":["Strike_G"],"damage_healed":0.0,"max_hp_gain":0.0,"max_hp_loss":0.0,"gold_gain":0.0,"event_name":"Bonfire Elementals","player_choice":"Offered Basic","floor":20.0,"gold_loss":0.0,"damage_taken":0.0}],"is_beta":false,"boss_relics":[{"not_picked":["Sozu","Fusion Hammer"],"picked":"Ring of the Serpent"}],"items_purged_floors":[13],"is_endless":false,"potions_floor_spawned":[3,10,11],"killed_by":"Book of Stabbing","ascension_level":20}}