{"host":"bgyhjzqafgkxdxsh","time":1612251843,"event":{"mods":["BaseMod","Colored Map","Downfall","Minty Spire (QoL Compilation)","Relic Stats","StSLib","everything is the same but u backflip on backflip"],"gold_per_floor":[99,110,130,130,140,40,93,126,143,174,174,187,87,116,134,232,232,232,243,1,15,115,115,140,166,66,96,37,47,60,73,88,192,192,192,211,225,235,235,235,235,268,268,286,286,318,155,165,165,165,200,4,4,4,4],"floor_reached":56,"language":"ENG","playtime":3386,"items_purged":["Guardian:Defend_Guardian","Guardian:Strike_Guardian","Guardian:Strike_Guardian"],"score":1701,"play_id":"55c7c4f8-3235-4560-8272-4f91978b9030","local_time":"20210202174403","is_ascension_mode":true,"campfire_choices":[{"floor":1,"key":"RECALL"},{"data":"Guardian:PiercingHide","floor":6,"key":"SMITH"},{"data":"Guardian:PrimingBeam","floor":13,"key":"SMITH"},{"data":"Guardian:BaubleBeam","floor":18,"key":"SMITH"},{"data":"J.A.X.","floor":26,"key":"SMITH"},{"data":"Guardian:MultiBeam","floor":35,"key":"SMITH"},{"data":"Guardian:PolyBeam","floor":45,"key":"SMITH"},{"floor":53,"key":"REST"}],"circlet_count":0,"master_deck":["Guardian:Strike_Guardian","Guardian:Defend_Guardian","Guardian:Defend_Guardian","Guardian:CurlUp","Guardian:TwinSlam","Guardian:RollAttack+1","Guardian:PiercingHide+1","Guardian:ShieldCharger","Guardian:PrimingBeam+1","Guardian:BaubleBeam+1","J.A.X.+1","Guardian:VentSteam","Guardian:BronzeOrb+1","Guardian:GuardianWhirl","Guardian:MultiBeam+1","Guardian:PolyBeam+1","Guardian:Repulse+1"],"relics":["Guardian:StasisSlotReductionRelic","downfall:HeartBlessingRed","Bag of Marbles","Singing Bowl","Kunai","downfall:ShatteredFragment","downfall:HeartBlessingGreen","Letter Opener","Runic Pyramid","ClockworkSouvenir","MutagenicStrength","Orichalcum","The Courier","downfall:HeartBlessingBlue","Akabeko","Chemical X","Anchor","Black Star","Du-Vu Doll","Pear","Frozen Egg 2","Omamori","downfall:TeleportStone","Mummified Hand","Whetstone","Blood Vial","Gremlin Horn","Shuriken"],"acts_visited":["Exordium","TheCity","TheBeyond","TheEnding"],"potions_floor_usage":[22,33,54,55,55],"damage_taken":[{"damage":0,"enemies":"Cultist","floor":2,"turns":4},{"damage":0,"enemies":"2 Louse","floor":3,"turns":2},{"damage":6,"enemies":"Jaw Worm","floor":5,"turns":2},{"damage":0,"enemies":"Gremlin Nob","floor":8,"turns":4},{"damage":0,"enemies":"Blue Slaver","floor":9,"turns":2},{"damage":17,"enemies":"3 Sentries","floor":10,"turns":6},{"damage":0,"enemies":"3 Louse","floor":12,"turns":2},{"damage":0,"enemies":"Gremlin Nob","floor":14,"turns":3},{"damage":0,"enemies":"2 Fungi Beasts","floor":15,"turns":2},{"damage":0,"enemies":"WA_ARCHETYPE_RETAIN","floor":16,"turns":6},{"damage":0,"enemies":"3 Byrds","floor":19,"turns":3},{"damage":0,"enemies":"downfall:FleeingMerchant","floor":20,"turns":4},{"damage":0,"enemies":"Chosen","floor":21,"turns":4},{"damage":9,"enemies":"downfall:Augmenter","floor":22,"turns":5},{"damage":3,"enemies":"Book of Stabbing","floor":25,"turns":2},{"damage":5,"enemies":"Slavers","floor":27,"turns":3},{"damage":0,"enemies":"downfall:FleeingMerchant","floor":28,"turns":4},{"damage":0,"enemies":"Shelled Parasite and Fungi","floor":29,"turns":1},{"damage":0,"enemies":"Snecko","floor":30,"turns":2},{"damage":0,"enemies":"Sentry and Sphere","floor":31,"turns":2},{"damage":3,"enemies":"Snake Plant","floor":32,"turns":1},{"damage":16,"enemies":"IC_MUSHROOM_ARCHETYPE","floor":33,"turns":2},{"damage":0,"enemies":"Orb Walker","floor":36,"turns":1},{"damage":3,"enemies":"3 Darklings","floor":37,"turns":2},{"damage":0,"enemies":"Spire Growth","floor":38,"turns":2},{"damage":0,"enemies":"Giant Head","floor":42,"turns":5},{"damage":0,"enemies":"4 Shapes","floor":44,"turns":2},{"damage":16,"enemies":"Nemesis","floor":46,"turns":5},{"damage":3,"enemies":"Writhing Mass","floor":48,"turns":1},{"damage":22,"enemies":"SI_POISON_ARCHETYPE","floor":49,"turns":7},{"damage":47,"enemies":"downfall:CharBossMerchant","floor":51,"turns":6},{"damage":32,"enemies":"downfall:NeowBoss","floor":54,"turns":8},{"damage":47,"enemies":"downfall:NeowBossFinal","floor":55,"turns":5}],"seed_played":"-6902571414801566844","potions_obtained":[{"floor":5,"key":"bronze:BurnAndBuffPotion"},{"floor":8,"key":"ColorlessPotion"},{"floor":10,"key":"GamblersBrew"},{"floor":15,"key":"FearPotion"},{"floor":16,"key":"AttackPotion"},{"floor":22,"key":"SteroidPotion"},{"floor":27,"key":"Block Potion"},{"floor":33,"key":"Ancient Potion"},{"floor":37,"key":"Strength Potion"},{"floor":38,"key":"SteroidPotion"}],"is_trial":false,"path_per_floor":["R","M","M","?","M","R","T","E","M","E","?","M","R","E","M","B",null,"R","M","$","M","?","?","T","E","R","E","$","M","M","M","M","B",null,"R","M","M","M","?","?","T","E","?","M","R","E","$","M","B",null,"E","$","R","B","B",null],"character_chosen":"GUARDIAN","items_purchased":["ClockworkSouvenir","Guardian:MultiBeam","Chemical X","Anchor","Guardian:Repulse+1","Shuriken"],"campfire_rested":1,"item_purchase_floors":[20,28,28,28,47,52],"current_hp_per_floor":[80,80,80,85,79,79,79,79,79,64,40,40,40,40,40,40,87,87,89,91,91,82,82,82,81,91,86,88,90,92,94,91,75,111,111,113,110,112,112,112,122,122,122,124,124,110,110,109,87,131,86,86,125,95,50],"gold":4,"neow_bonus":"BOSS_RELIC","is_daily":false,"chose_seed":false,"campfire_upgraded":6,"win_rate":0.0,"timestamp":1612251843,"path_taken":["R","M","M","?","M","R","T","E","M","E","?","M","R","E","M","BOSS","R","M","$","M","?","?","T","E","R","E","?","M","M","M","M","BOSS","R","M","M","M","?","?","T","E","?","?","R","E","?","M","BOSS","E","$","R","BOSS","BOSS"],"items_purchased_type":["Relic","Card","Relic","Relic","Card","Relic"],"build_version":"2020-12-22","purchased_purges":3,"victory":true,"max_hp_per_floor":[80,80,80,85,85,85,85,85,85,87,87,87,87,87,87,87,87,87,89,91,91,91,91,91,93,103,103,105,107,109,111,111,111,111,111,113,113,115,115,115,125,125,125,127,127,129,129,131,131,131,133,133,133,133,133],"relic_stats":{"Singing Bowl":28,"Gremlin Horn":[4,4],"counters":[33,110],"Letter Opener":[100],"Whetstone":["Guardian:BronzeOrb","Guardian:RollAttack"],"Orichalcum":[24],"Blood Vial":4,"Mummified Hand":[4],"Shuriken":[7],"Black Star":3,"Kunai":[59],"Chemical X":[21],"obtain_stats":[{"Guardian:StasisSlotReductionRelic":0,"Singing Bowl":8,"Gremlin Horn":51,"downfall:HeartBlessingGreen":13,"downfall:TeleportStone":43,"Whetstone":46,"ClockworkSouvenir":20,"Blood Vial":51,"downfall:HeartBlessingBlue":26,"Mummified Hand":46,"Kunai":10,"Chemical X":28,"Runic Pyramid":17,"downfall:ShatteredFragment":11,"Pear":41,"downfall:HeartBlessingRed":6,"Guardian:ModeShifter":0,"The Courier":25,"Omamori":42,"Letter Opener":14,"Orichalcum":23,"Frozen Egg 2":42,"Akabeko":27,"Du-Vu Doll":39,"Anchor":28,"Shuriken":52,"MutagenicStrength":22,"Bag of Marbles":7,"Black Star":34},{"Guardian:StasisSlotReductionRelic":0,"Singing Bowl":4,"Gremlin Horn":31,"downfall:HeartBlessingGreen":7,"downfall:TeleportStone":26,"Whetstone":28,"ClockworkSouvenir":12,"Blood Vial":31,"downfall:HeartBlessingBlue":15,"Mummified Hand":28,"Kunai":6,"Chemical X":17,"Runic Pyramid":10,"downfall:ShatteredFragment":6,"Pear":25,"downfall:HeartBlessingRed":3,"Guardian:ModeShifter":0,"The Courier":15,"Omamori":26,"Letter Opener":8,"Orichalcum":14,"Frozen Egg 2":26,"Akabeko":16,"Du-Vu Doll":25,"Anchor":17,"Shuriken":31,"MutagenicStrength":14,"Bag of Marbles":3,"Black Star":22},{"Guardian:StasisSlotReductionRelic":0,"Singing Bowl":12,"Gremlin Horn":97,"downfall:HeartBlessingGreen":22,"downfall:TeleportStone":76,"Whetstone":83,"ClockworkSouvenir":40,"Blood Vial":97,"downfall:HeartBlessingBlue":51,"Mummified Hand":83,"Kunai":20,"Chemical X":58,"Runic Pyramid":33,"downfall:ShatteredFragment":20,"Pear":71,"downfall:HeartBlessingRed":8,"Guardian:ModeShifter":0,"The Courier":51,"Omamori":76,"Letter Opener":25,"Orichalcum":49,"Frozen Egg 2":76,"Akabeko":54,"Du-Vu Doll":71,"Anchor":58,"Shuriken":97,"MutagenicStrength":49,"Bag of Marbles":8,"Black Star":66}]},"card_choices":[{"not_picked":["Guardian:Incinerate","Guardian:ArmoredProtocol"],"picked":"Guardian:RollAttack","floor":2},{"not_picked":["Guardian:Incinerate","Guardian:TemporalStrike"],"picked":"Guardian:PiercingHide","floor":3},{"not_picked":["Guardian:CrystalBeam","Guardian:DecasProtection"],"picked":"Guardian:ShieldCharger","floor":5},{"not_picked":["Guardian:TemporalStrike","Guardian:PrismaticBarrier"],"picked":"Guardian:PrimingBeam","floor":8},{"not_picked":["Guardian:MultiBeam","Guardian:HyperBeam_Guardian"],"picked":"Guardian:Gem_Red","floor":9},{"not_picked":["Guardian:Harden","Guardian:Emergency","Guardian:TimeBomb"],"picked":"Singing Bowl","floor":10},{"not_picked":["Guardian:VentSteam","Guardian:SpikerProtocol"],"picked":"Guardian:Gem_Purple","floor":12},{"not_picked":["Guardian:BronzeArmor","Guardian:Harden"],"picked":"Guardian:Gem_Purple","floor":14},{"not_picked":["Guardian:Reroute","Guardian:DonusPower"],"picked":"Guardian:Gem_White","floor":15},{"not_picked":["Guardian:StasisStrike","Guardian:GemFinder"],"picked":"Guardian:BaubleBeam","floor":16},{"not_picked":["Guardian:CrystalBeam","Guardian:Harden","Guardian:Clone"],"picked":"Singing Bowl","floor":19},{"not_picked":["Guardian:Reroute+1","Guardian:Suspension","Guardian:Harden"],"picked":"Singing Bowl","floor":20},{"not_picked":["Guardian:VentSteam+1","Guardian:Gem_Red"],"picked":"Guardian:Gem_White","floor":21},{"not_picked":[],"picked":"J.A.X.","floor":22},{"not_picked":["Guardian:Gem_Green","Guardian:Suspension+1"],"picked":"Guardian:VentSteam","floor":22},{"not_picked":["Guardian:GemFire","Guardian:EvasiveProtocol+1","Guardian:Gem_Lightblue"],"picked":"Singing Bowl","floor":25},{"not_picked":["Guardian:ChargeCore+1","Guardian:PiercingHide+1"],"picked":"Guardian:GuardianWhirl","floor":27},{"not_picked":["Guardian:CrystalBeam","Guardian:Suspension","Guardian:TemporalStrike"],"picked":"Singing Bowl","floor":28},{"not_picked":["Guardian:PrimingBeam+1","Guardian:Reroute","Guardian:Recover"],"picked":"Singing Bowl","floor":29},{"not_picked":["Guardian:Suspension","Guardian:Gem_Green","Guardian:TemporalStrike+1"],"picked":"Singing Bowl","floor":30},{"not_picked":["Guardian:TimeBomb","Guardian:VentSteam","Guardian:BronzeArmor"],"picked":"Singing Bowl","floor":31},{"not_picked":["Guardian:Gem_Lightblue","Guardian:Gem_Crimson"],"picked":"Guardian:PolyBeam","floor":32},{"not_picked":["Guardian:RevengeProtocol","Guardian:StasisStrike"],"picked":"Guardian:GemFinder","floor":33},{"not_picked":["Guardian:Gem_Lightblue","Guardian:CrystalBeam+1","Guardian:VentSteam"],"picked":"Singing Bowl","floor":36},{"not_picked":["Guardian:PolyBeam+1","Guardian:TemporalStrike"],"picked":"Guardian:Gem_Yellow","floor":37},{"not_picked":["Guardian:ShieldCharger+1","Guardian:CrystalBeam","Guardian:Incinerate+1"],"picked":"Singing Bowl","floor":38},{"not_picked":["Guardian:RollAttack","Guardian:WalkerClaw"],"picked":"Guardian:Gem_Red","floor":42},{"not_picked":["Guardian:Reroute","Guardian:Harden","Guardian:BodySlam"],"picked":"Singing Bowl","floor":44},{"not_picked":["Guardian:FierceBash","Guardian:ShieldCharger+1","Guardian:Gem_Blue"],"picked":"Singing Bowl","floor":46},{"not_picked":["Guardian:Reroute+1","Guardian:PrimingBeam+1","Guardian:Gem_Purple"],"picked":"Singing Bowl","floor":48},{"not_picked":["Guardian:Gem_Green","Guardian:TemporalShield","Guardian:CrystalBeam"],"picked":"Singing Bowl","floor":51}],"player_experience":502077,"relics_obtained":[{"floor":7,"key":"Bag of Marbles"},{"floor":8,"key":"Singing Bowl"},{"floor":10,"key":"Kunai"},{"floor":14,"key":"Letter Opener"},{"floor":22,"key":"MutagenicStrength"},{"floor":25,"key":"The Courier"},{"floor":27,"key":"Akabeko"},{"floor":39,"key":"Du-Vu Doll"},{"floor":41,"key":"Pear"},{"floor":42,"key":"Frozen Egg 2"},{"floor":42,"key":"Omamori"},{"floor":46,"key":"Mummified Hand"},{"floor":46,"key":"Whetstone"},{"floor":51,"key":"Blood Vial"},{"floor":51,"key":"Gremlin Horn"}],"event_choices":[{"damage_healed":0,"gold_gain":0,"player_choice":"Donut","damage_taken":0,"max_hp_gain":5,"max_hp_loss":0,"event_name":"Big Fish","floor":4,"gold_loss":0},{"cards_removed":["Guardian:GemFinder"],"damage_healed":0,"gold_gain":0,"player_choice":"Removed Power","damage_taken":0,"max_hp_gain":0,"max_hp_loss":0,"event_name":"Falling","floor":40,"gold_loss":0}],"is_beta":false,"boss_relics":[{"not_picked":["Velvet Choker","SacredBark"],"picked":"Runic Pyramid"},{"not_picked":["Pandora\u0027s Box","Tiny House"],"picked":"Black Star"}],"items_purged_floors":[20,28,47],"is_endless":false,"potions_floor_spawned":[5,8,10,14,15,16,19,22,27,30,33,37,38,51],"ascension_level":1}}