{"host":"hcg2wesxzfo46upw","time":1612304815,"event":{"mods":["2.2 Compatiblity","AchievementEnabler","Act Like it!","Aspiration","BaseMod","Beaked The Cultist","Better Altar","Better Match","Better Note","Better Sensory Stone","Better Skull","Better Third Choice","ChefMod","Clockwork Mod","Conspire","Downfall","Elementarium","Gensokyo","GifTheSpireLib","Glutton Mod","Hubris","Infinite Spire","Jedi Mod","Mad Scientist","Minty Spire (QoL Compilation)","Pale of the Ancients","Reliquary","Replay The Spire","Shade Mod","Spicy Shops","Spikes Relics","StSLib","Stuff the Spire","The Blackbeard","The Bug Knight","The Construct","The Cursed","The Death Knight","The Disciple","The Edgeheg","The Jungle","The Necromancer","The Runesmith","Wandering Minibosses"],"gold_per_floor":[112,125,38,38,49,49,80,92,92,104,10,10,0,13,13,13,13],"floor_reached":16,"language":"ENG","playtime":852,"items_purged":[],"score":102,"play_id":"bcdf07e6-f076-4d43-954d-bf4492978799","local_time":"20210202232655","is_ascension_mode":false,"campfire_choices":[{"data":"Iron Wave","floor":6,"key":"SMITH"},{"data":"Hemogenesis","floor":12,"key":"SMITH"}],"circlet_count":0,"master_deck":["Strike_R","Strike_R","Strike_R","Strike_R","Strike_R","Defend_R","Defend_R","Defend_R","Defend_R","StuffTheSpire:BloodClot","StuffTheSpire:Incineration","Flex","Thunderclap+1","Seeing Red+1","Iron Wave+1","Hemogenesis+1","Rage","Havoc","Havoc","Whirlwind"],"relics":["Burning Blood","hubris:DeckOfHolding","construct:BoolHorns","Vajra"],"acts_visited":["Exordium"],"potions_floor_usage":[7,16,16,16],"damage_taken":[{"damage":4,"enemies":"Gensokyo:Python","floor":1,"turns":4},{"damage":2,"enemies":"Gensokyo:Gryphon","floor":2,"turns":4},{"damage":15,"enemies":"Gensokyo:2_Kodama","floor":5,"turns":3},{"damage":35,"enemies":"Gensokyo:Aya","floor":7,"turns":9},{"damage":15,"enemies":"Gensokyo:Kitsune","floor":8,"turns":4},{"damage":0,"enemies":"Gensokyo:5_Fairies","floor":10,"turns":5},{"damage":8,"enemies":"Gensokyo:CorruptedTreant","floor":14,"turns":3},{"damage":84,"enemies":"Gensokyo:Reimu","floor":16,"turns":11}],"seed_played":"7099820078458608975","potions_obtained":[{"floor":5,"key":"Slimebound:ThreeZeroPotion"},{"floor":7,"key":"Swift Potion"},{"floor":15,"key":"Languid Potion"}],"is_trial":false,"path_per_floor":["M","M","COS","?","M","R","E","M","T","M","$","R","?","M","R","B"],"character_chosen":"IRONCLAD","items_purchased":["Havoc","ColorlessPotion"],"campfire_rested":0,"item_purchase_floors":[11,11],"current_hp_per_floor":[80,80,80,80,71,71,42,38,38,49,49,49,54,60,60,0,0],"gold":13,"neow_bonus":"TRANSFORM_CARD","is_daily":false,"chose_seed":false,"campfire_upgraded":2,"win_rate":0.0,"timestamp":1612304815,"path_taken":["M","M","COS","?","M","R","E","M","T","M","$","R","?","M","R","BOSS"],"items_purchased_type":["Card","Potion"],"build_version":"2020-12-22","purchased_purges":0,"victory":false,"max_hp_per_floor":[80,80,80,80,80,80,80,80,80,80,80,80,80,80,80,80,80],"card_choices":[{"not_picked":["Intimidate","Flex"],"picked":"StuffTheSpire:Incineration","floor":1},{"not_picked":["StuffTheSpire:Slingshot","Second Wind"],"picked":"Flex","floor":2},{"not_picked":["StuffTheSpire:Incineration+1","Wild Strike+1"],"picked":"Seeing Red+1","floor":5},{"not_picked":["Searing Blow","Entrench"],"picked":"Iron Wave","floor":5},{"not_picked":["Burning Pact","Invigoration"],"picked":"Hemogenesis","floor":7},{"not_picked":["Seeing Red","Armaments"],"picked":"Rage","floor":8},{"not_picked":["StuffTheSpire:BloodClot","jedi:suffering"],"picked":"Havoc","floor":10},{"not_picked":["Intimidate","Life Link"],"picked":"Whirlwind","floor":14}],"player_experience":251003,"relics_obtained":[{"floor":7,"key":"hubris:DeckOfHolding"},{"floor":9,"key":"Vajra"}],"event_choices":[],"is_beta":false,"boss_relics":[],"items_purged_floors":[],"is_endless":false,"potions_floor_spawned":[5,7],"killed_by":"Gensokyo:Reimu","ascension_level":0}}