{"host":"ynimr9ugvc6f046i","time":1612301570,"event":{"mods":["2.2 Compatiblity","BaseMod","Colored Map","DeckTracker","Highlight Path","Keyboard Shortcuts","Minty Spire (QoL Compilation)","Permanent Neow","Quick Restart","StSLib","SuperFastMode"],"gold_per_floor":[13,13,13,31,31,31,74,74,152,188,209,232,257,27,27,123,123,136,151,151,151,172,172,196,196,196,196,196],"floor_reached":27,"language":"KOR","playtime":564,"items_purged":["Strike_R"],"score":446,"play_id":"0e626bd5-0128-47ab-83cb-dfc98daafb53","local_time":"20210203063250","is_ascension_mode":true,"campfire_choices":[{"data":"Carnage","floor":6.0,"key":"SMITH"},{"floor":8.0,"key":"REST"},{"data":"Immolate","floor":15.0,"key":"SMITH"},{"data":"Armaments","floor":23.0,"key":"SMITH"},{"data":"Offering","floor":25.0,"key":"SMITH"}],"circlet_count":0,"master_deck":["AscendersBane","Defend_R","Defend_R+1","Defend_R+1","Defend_R","Bash","Carnage+1","Armaments+1","Feel No Pain","Offering+1","Immolate+1","Impervious","Evolve","Pommel Strike+1"],"relics":["Burning Blood","Golden Idol","Nunchaku","InkBottle","Question Card","War Paint","Empty Cage","HornCleat"],"acts_visited":["Exordium","TheCity"],"potions_floor_usage":[27],"damage_taken":[{"damage":7.0,"enemies":"Cultist","floor":1.0,"turns":4.0},{"damage":3.0,"enemies":"2 Louse","floor":4.0,"turns":4.0},{"damage":25.0,"enemies":"3 Sentries","floor":7.0,"turns":12.0},{"damage":20.0,"enemies":"Lagavulin","floor":10.0,"turns":6.0},{"damage":3.0,"enemies":"Small Slimes","floor":11.0,"turns":3.0},{"damage":6.0,"enemies":"Looter","floor":12.0,"turns":3.0},{"damage":0.0,"enemies":"Large Slime","floor":13.0,"turns":8.0},{"damage":17.0,"enemies":"Slime Boss","floor":16.0,"turns":6.0},{"damage":15.0,"enemies":"Chosen","floor":18.0,"turns":3.0},{"damage":23.0,"enemies":"3 Byrds","floor":19.0,"turns":4.0},{"damage":6.0,"enemies":"Centurion and Healer","floor":22.0,"turns":5.0},{"damage":10.0,"enemies":"Chosen and Byrds","floor":24.0,"turns":8.0},{"damage":48,"enemies":"Gremlin Leader","floor":27,"turns":7}],"seed_played":"-5817416133626694676","potions_obtained":[{"floor":4.0,"key":"Weak Potion"},{"floor":7.0,"key":"Dexterity Potion"},{"floor":10.0,"key":"Weak Potion"}],"is_trial":false,"path_per_floor":["M","?","?","M","?","R","E","R","T","E","M","M","M","$","R","B",null,"M","M","?","?","M","R","M","R","T","E"],"character_chosen":"IRONCLAD","items_purchased":["Immolate"],"campfire_rested":1,"item_purchase_floors":[14],"current_hp_per_floor":[67,41,41,44,49,49,30,54,54,40,43,43,49,49,49,38,70,61,44,44,38,38,38,34,34,34,0,0],"gold":196,"neow_bonus":"REMOVE_TWO","is_daily":false,"chose_seed":false,"campfire_upgraded":4,"win_rate":0.0,"timestamp":1612301570,"path_taken":["M","?","?","?","?","R","E","R","T","E","M","M","M","$","R","BOSS","M","M","?","?","M","R","?","R","T","E"],"items_purchased_type":["Card"],"build_version":"2020-12-22","purchased_purges":1,"victory":false,"max_hp_per_floor":[75,75,75,75,80,80,80,80,80,80,80,80,80,80,80,80,80,80,80,80,80,80,80,80,80,80,80,80],"card_choices":[{"not_picked":["Havoc","Intimidate"],"picked":"Uppercut","floor":1.0},{"not_picked":["Armaments","Flex"],"picked":"Carnage","floor":4.0},{"not_picked":["Whirlwind","True Grit","Clothesline"],"picked":"SKIP","floor":7.0},{"not_picked":["Body Slam","Thunderclap","Iron Wave"],"picked":"Armaments","floor":10.0},{"not_picked":["True Grit","Headbutt","Iron Wave"],"picked":"Feel No Pain","floor":11.0},{"not_picked":["Twin Strike","Carnage","Rampage","Infernal Blade"],"picked":"SKIP","floor":12.0},{"not_picked":["Seeing Red","Twin Strike","Clothesline"],"picked":"Offering","floor":13.0},{"not_picked":["Bludgeon","Limit Break","Immolate"],"picked":"Impervious","floor":16.0},{"not_picked":["Headbutt","Flex+1","Inflame","Sword Boomerang"],"picked":"SKIP","floor":18.0},{"not_picked":["Sword Boomerang","Heavy Blade","Shockwave"],"picked":"Evolve","floor":19.0},{"not_picked":["Heavy Blade","Anger","Sword Boomerang","Metallicize"],"picked":"SKIP","floor":22.0},{"not_picked":["Spot Weakness","Seeing Red","Twin Strike"],"picked":"Pommel Strike+1","floor":24.0}],"player_experience":548940,"relics_obtained":[{"floor":7.0,"key":"InkBottle"},{"floor":9.0,"key":"Question Card"},{"floor":10.0,"key":"War Paint"},{"floor":26.0,"key":"HornCleat"}],"event_choices":[{"damage_healed":0.0,"max_hp_gain":0.0,"max_hp_loss":0.0,"gold_gain":0.0,"event_name":"Golden Idol","player_choice":"Take Damage","floor":2.0,"gold_loss":0.0,"damage_taken":26.0,"relics_obtained":["Golden Idol"]},{"cards_removed":["Uppercut"],"damage_healed":0.0,"max_hp_gain":0.0,"max_hp_loss":0.0,"gold_gain":0.0,"event_name":"WeMeetAgain","player_choice":"Gave Card","floor":3.0,"gold_loss":0.0,"damage_taken":0.0,"relics_obtained":["Nunchaku"]},{"damage_healed":0.0,"max_hp_gain":5.0,"max_hp_loss":0.0,"gold_gain":0.0,"event_name":"Big Fish","player_choice":"Donut","floor":5.0,"gold_loss":0.0,"damage_taken":0.0},{"damage_healed":0.0,"max_hp_gain":0.0,"max_hp_loss":0.0,"gold_gain":0.0,"event_name":"The Mausoleum","player_choice":"Ignored","floor":20.0,"gold_loss":0.0,"damage_taken":0.0},{"damage_healed":0.0,"max_hp_gain":0.0,"max_hp_loss":0.0,"gold_gain":0.0,"event_name":"Knowing Skull","player_choice":"","floor":21.0,"potions_obtained":[],"gold_loss":0.0,"damage_taken":6.0,"cards_obtained":[]}],"is_beta":false,"boss_relics":[{"not_picked":["SlaversCollar","Ectoplasm"],"picked":"Empty Cage"}],"items_purged_floors":[14],"is_endless":false,"potions_floor_spawned":[4,7,10],"killed_by":"Gremlin Leader","ascension_level":20}}