{"host":"rb2p2z6v6vieend5","time":1612281725,"event":{"mods":["BaseMod","Block Reminder","Colored Map","DeckTracker","Highlight Path","Minty Spire (QoL Compilation)","Random Character Button","Relic Stats"],"gold_per_floor":[111,12,12,28,28,28,54,54,80,80,99,126,126,126,126,231,231,251,262,262,262],"floor_reached":20,"language":"ENG","playtime":587,"items_purged":[],"score":344,"play_id":"11ea43a3-5fe7-4ee7-8ab3-8cf7cf559dc4","local_time":"20210202170205","is_ascension_mode":true,"campfire_choices":[{"data":"Zap","floor":6,"key":"SMITH"},{"data":"Loop","floor":8,"key":"SMITH"},{"data":"Streamline","floor":10,"key":"SMITH"},{"data":"Coolheaded","floor":15,"key":"SMITH"}],"circlet_count":0,"master_deck":["Strike_B+1","Strike_B","Defend_B","Defend_B","Defend_B","Defend_B","Zap+1","Dualcast+1","Leap","Coolheaded+1","Loop+1","Streamline+1","Seek","Cold Snap","Cold Snap","Echo Form","Consume","Leap+1"],"relics":["Cracked Core","NeowsBlessing","Mercury Hourglass","Ancient Tea Set","Eternal Feather","Inserter"],"acts_visited":["Exordium","TheCity"],"potions_floor_usage":[16,20,20],"damage_taken":[{"damage":0,"enemies":"Cultist","floor":1,"turns":1},{"damage":0,"enemies":"Jaw Worm","floor":4,"turns":1},{"damage":0,"enemies":"Gremlin Nob","floor":7,"turns":1},{"damage":0,"enemies":"2 Louse","floor":11,"turns":1},{"damage":14,"enemies":"3 Sentries","floor":12,"turns":5},{"damage":0,"enemies":"Slime Boss","floor":16,"turns":7},{"damage":21,"enemies":"2 Thieves","floor":18,"turns":4},{"damage":24,"enemies":"Shell Parasite","floor":19,"turns":5},{"damage":24,"enemies":"Chosen and Byrds","floor":20,"turns":4}],"seed_played":"5027193241220245555","potions_obtained":[{"floor":4,"key":"FearPotion"},{"floor":7,"key":"Swift Potion"},{"floor":11,"key":"Dexterity Potion"},{"floor":16,"key":"AttackPotion"},{"floor":18,"key":"PowerPotion"}],"is_trial":false,"path_per_floor":["M","$","?","M","?","R","E","R","T","R","M","E","?","?","R","B",null,"M","M","M"],"character_chosen":"DEFECT","items_purchased":["Coolheaded","Loop"],"campfire_rested":0,"item_purchase_floors":[2,2],"current_hp_per_floor":[68,68,61,61,61,61,61,61,61,61,61,47,47,32,41,41,67,46,22,0,0],"gold":262,"neow_bonus":"THREE_ENEMY_KILL","is_daily":false,"chose_seed":false,"campfire_upgraded":4,"win_rate":0.0,"timestamp":1612281725,"path_taken":["M","$","?","M","?","R","E","R","T","R","M","E","?","?","R","BOSS","M","M","M"],"items_purchased_type":["Card","Card"],"build_version":"2020-12-22","purchased_purges":0,"victory":false,"max_hp_per_floor":[75,75,75,75,75,75,75,75,75,75,75,75,75,75,75,75,75,75,75,75,75],"relic_stats":{"Inserter":[6],"counters":[9,29],"Eternal Feather":9,"obtain_stats":[{"Inserter":17,"NeowsBlessing":0,"Eternal Feather":12,"Cracked Core":0,"Ancient Tea Set":9,"Mercury Hourglass":7},{"Inserter":6,"NeowsBlessing":0,"Eternal Feather":5,"Cracked Core":0,"Ancient Tea Set":3,"Mercury Hourglass":3},{"Inserter":16,"NeowsBlessing":0,"Eternal Feather":9,"Cracked Core":0,"Ancient Tea Set":3,"Mercury Hourglass":3}],"Mercury Hourglass":[110]},"card_choices":[{"not_picked":["Go for the Eyes","Hello World"],"picked":"Leap","floor":1},{"not_picked":["Consume","Fusion"],"picked":"Streamline","floor":4},{"not_picked":["Sweeping Beam","Melter"],"picked":"Seek","floor":7},{"not_picked":["Heatsinks","Conserve Battery"],"picked":"Cold Snap","floor":11},{"not_picked":["Leap","Sweeping Beam"],"picked":"Cold Snap","floor":12},{"not_picked":["Seek","Meteor Strike"],"picked":"Echo Form","floor":16},{"not_picked":["Streamline","Beam Cell"],"picked":"Consume","floor":18},{"not_picked":["Rebound","Consume+1"],"picked":"Leap+1","floor":19}],"player_experience":673859,"relics_obtained":[{"floor":7,"key":"Mercury Hourglass"},{"floor":9,"key":"Ancient Tea Set"},{"floor":12,"key":"Eternal Feather"}],"event_choices":[{"cards_removed":["Strike_B"],"damage_healed":0,"gold_gain":0,"player_choice":"Card Removal","damage_taken":7,"max_hp_gain":0,"max_hp_loss":0,"event_name":"Golden Wing","floor":3,"gold_loss":0},{"damage_healed":0,"gold_gain":0,"player_choice":"Ignored","damage_taken":0,"max_hp_gain":0,"max_hp_loss":0,"event_name":"Liars Game","floor":5,"gold_loss":0},{"cards_removed":["Strike_B"],"damage_healed":0,"gold_gain":0,"player_choice":"Forget","damage_taken":0,"max_hp_gain":0,"max_hp_loss":0,"event_name":"Living Wall","floor":13,"gold_loss":0},{"damage_healed":0,"gold_gain":0,"player_choice":"Entered Light","damage_taken":15,"max_hp_gain":0,"max_hp_loss":0,"event_name":"Shining Light","floor":14,"gold_loss":0,"cards_upgraded":["Strike_B","Dualcast"]}],"is_beta":false,"boss_relics":[{"not_picked":["Velvet Choker","Coffee Dripper"],"picked":"Inserter"}],"items_purged_floors":[],"is_endless":false,"potions_floor_spawned":[4,7,11,16,18],"killed_by":"Chosen and Byrds","ascension_level":7}}