{"host":"xp5rvh2jwe2ejyfm","time":1612293765,"event":{"mods":["Aspiration","BaseMod","BetterRewards","Colored Powertips","Conspire","Downfall","Duelist Mod","GifTheSpireLib","Gremlin Mod","Hermit","Hubris","Minty Spire (QoL Compilation)","Robot Space Explorer","StSLib","The Blackbeard","The Clintock","The Construct","The Cursed","The Disciple","The Forsaken","The Hierophant","The Necromancer","The Runesmith","The Servant 0.9.4"],"gold_per_floor":[111,124,144,157,157,191,206,223,223,41,41,57,57,77,77,173,173,189,209,7,7,20,48,60,71,94,94,111,111,129,147,147,249,249,262,85,103,117,129,157,170,170,170,170,204,214,233,233,233],"floor_reached":48,"language":"ENG","playtime":2263,"items_purged":[],"score":551,"play_id":"133bacf6-1bda-4142-912e-65eee75c10a0","local_time":"20210202142245","is_ascension_mode":false,"campfire_choices":[{"floor":11,"key":"RECALL"},{"floor":13,"key":"REST"},{"floor":15,"key":"REST"},{"floor":27,"key":"REST"},{"floor":29,"key":"REST"},{"floor":32,"key":"REST"},{"floor":42,"key":"REST"},{"floor":44,"key":"REST"}],"circlet_count":0,"master_deck":["TheCursedMod:Strike_TheCursed","TheCursedMod:Strike_TheCursed","TheCursedMod:Strike_TheCursed","TheCursedMod:Strike_TheCursed","TheCursedMod:Defend_TheCursed","TheCursedMod:Defend_TheCursed","TheCursedMod:Defend_TheCursed","TheCursedMod:Defend_TheCursed","TheCursedMod:CursedWand","TheCursedMod:CleanUpWorkshop","TheCursedMod:Dregs","TheCursedMod:AbyssShockwave","TheCursedMod:SmokeScreen","TheCursedMod:CursedBlade","TheCursedMod:SurpriseAttack","TheCursedMod:CircleOfAbyss","TheCursedMod:CursedWand","TheCursedMod:SpitefulPray","TheCursedMod:EmpowerCircles","TheCursedMod:ReleasedStrength","TheCursedMod:Mangle","Transmutation","TheCursedMod:LuckyCharm","TheCursedMod:RapidMovement","TheCursedMod:StunningStrike","CurseOfTheBell","TheCursedMod:HellsGateOpen+1","TheCursedMod:AbyssShockwave","TheCursedMod:CircleOfAbyss","TheCursedMod:VitalStrike","Transmutation","TheCursedMod:UltimatePain","TheCursedMod:HellsGateOpen","TheCursedMod:CircleOfFlame+1","TheCursedMod:CircleOfFlame","TheCursedMod:VitalStrike","TheCursedMod:Hemoplague+1","TheCursedMod:HellfireBreathing","TheCursedMod:CircleOfFlame+1","TheCursedMod:Hemoplague","Dramatic Entrance","TheCursedMod:VitalStrike","TheCursedMod:SpitefulStrike+1","TheCursedMod:Stigma+1","TheCursedMod:Stigma+1","TheCursedMod:Stretching+1"],"relics":["TheCursedMod:BlackMagic101","aspiration:Nostalgia","Burning Blood","conspire:Dentures","Calling Bell","TheCursedMod:Tack","TheCursedMod:BloodyHarpoon","hubris:CuriousFeather","Bag of Marbles","Toy Ornithopter","Busted Crown","Dream Catcher","Molten Egg 2","Runesmith:Locket"],"acts_visited":["Exordium","TheCity","TheBeyond"],"potions_floor_usage":[6,23,24,31,33,33,39,41,46],"damage_taken":[{"damage":0,"enemies":"Small Slimes","floor":1,"turns":4},{"damage":0,"enemies":"Cultist","floor":2,"turns":3},{"damage":6,"enemies":"Jaw Worm","floor":3,"turns":2},{"damage":8,"enemies":"Exordium Wildlife","floor":4,"turns":4},{"damage":46,"enemies":"Lagavulin","floor":6,"turns":9},{"damage":0,"enemies":"Looter","floor":7,"turns":4},{"damage":0,"enemies":"3 Louse","floor":8,"turns":1},{"damage":16,"enemies":"Red Slaver","floor":12,"turns":3},{"damage":4,"enemies":"Looter","floor":14,"turns":3},{"damage":49,"enemies":"Hexaghost","floor":16,"turns":15},{"damage":10,"enemies":"3 Byrds","floor":18,"turns":2},{"damage":15,"enemies":"2 Thieves","floor":19,"turns":4},{"damage":23,"enemies":"Centurion and Healer","floor":22,"turns":7},{"damage":18,"enemies":"Slavers","floor":23,"turns":2},{"damage":5,"enemies":"Snake Plant","floor":24,"turns":2},{"damage":17,"enemies":"Shelled Parasite and Fungi","floor":25,"turns":8},{"damage":7,"enemies":"Snecko","floor":28,"turns":4},{"damage":21,"enemies":"Snake Plant","floor":30,"turns":2},{"damage":10,"enemies":"Sentry and Sphere","floor":31,"turns":3},{"damage":77,"enemies":"hubris:MusketHawk","floor":33,"turns":8},{"damage":28,"enemies":"3 Darklings","floor":35,"turns":5},{"damage":13,"enemies":"Orb Walker","floor":37,"turns":3},{"damage":0,"enemies":"Maw","floor":38,"turns":6},{"damage":32,"enemies":"3 Darklings","floor":39,"turns":4},{"damage":53,"enemies":"Nemesis","floor":40,"turns":5},{"damage":0,"enemies":"Transient","floor":41,"turns":5},{"damage":60,"enemies":"Reptomancer","floor":45,"turns":5},{"damage":16,"enemies":"Spire Growth","floor":46,"turns":3},{"damage":10,"enemies":"Jaw Worm Horde","floor":47,"turns":2},{"damage":39,"enemies":"Giant Head","floor":48,"turns":6}],"seed_played":"3519704706213843706","potions_obtained":[{"floor":1,"key":"Swift Potion"},{"floor":6,"key":"SpeedPotion"},{"floor":8,"key":"FairyPotion"},{"floor":16,"key":"DuplicationPotion"},{"floor":23,"key":"champ:CounterPotion"},{"floor":25,"key":"LiquidMemories"},{"floor":28,"key":"CultistPotion"},{"floor":31,"key":"Strength Potion"},{"floor":38,"key":"PowerPotion"},{"floor":40,"key":"Strength Potion"},{"floor":45,"key":"Regen Potion"}],"is_trial":false,"path_per_floor":["M","M","M","M","?","E","M","M","T","$","R","M","R","M","R","B",null,"M","M","$","?","M","E","M","M","T","R","M","R","M","M","R","B",null,"M","$","M","M","M","E","M","R","T","R","E","M","M","E"],"character_chosen":"THE_CURSED","items_purchased":["Transmutation","TheCursedMod:CircleOfAbyss","TheCursedMod:VitalStrike","TheCursedMod:Hemoplague","Dramatic Entrance"],"campfire_rested":7,"item_purchase_floors":[10,20,20,36,36],"current_hp_per_floor":[75,75,75,73,73,33,39,45,45,45,45,35,57,59,75,32,75,71,62,62,62,45,33,34,23,23,45,44,66,51,52,74,9,75,53,53,46,52,31,10,21,43,43,65,11,15,11,0,0],"gold":233,"neow_bonus":"NOSTALGIA","is_daily":false,"chose_seed":false,"campfire_upgraded":0,"win_rate":0.0,"timestamp":1612293765,"path_taken":["M","M","M","M","?","E","M","M","T","$","R","M","R","M","R","BOSS","M","M","$","?","M","E","M","M","T","R","M","R","?","M","R","BOSS","M","$","M","M","M","E","M","R","T","R","E","M","?","E"],"items_purchased_type":["Card","Card","Card","Card","Card"],"build_version":"2020-12-22","purchased_purges":0,"victory":false,"max_hp_per_floor":[75,75,75,75,75,75,75,75,75,75,75,75,75,75,75,75,75,75,75,75,75,75,75,75,75,75,75,75,75,75,75,75,75,75,75,75,75,75,75,75,75,75,75,75,75,75,75,75,75],"card_choices":[{"not_picked":["TheCursedMod:Grudge","TheCursedMod:FleshFromBone"],"picked":"TheCursedMod:AbyssShockwave","floor":1},{"not_picked":["TheCursedMod:RapidMovement","TheCursedMod:Torture"],"picked":"TheCursedMod:SmokeScreen","floor":2},{"not_picked":["TheCursedMod:StingEye","TheCursedMod:SmokeScreen"],"picked":"TheCursedMod:CursedBlade","floor":3},{"not_picked":["TheCursedMod:Wield","TheCursedMod:Stretching"],"picked":"TheCursedMod:SurpriseAttack","floor":4},{"not_picked":["TheCursedMod:SpreadPlague","TheCursedMod:CursedShiv"],"picked":"TheCursedMod:EmpowerCircles","floor":6},{"not_picked":["TheCursedMod:Stigma","TheCursedMod:CursedMace"],"picked":"TheCursedMod:ReleasedStrength","floor":7},{"not_picked":["TheCursedMod:SmokeScreen","TheCursedMod:CollectTribute"],"picked":"TheCursedMod:Mangle","floor":8},{"not_picked":["TheCursedMod:VitalStrike","TheCursedMod:RavingStaff"],"picked":"TheCursedMod:LuckyCharm","floor":12},{"not_picked":["TheCursedMod:VitalStrike","TheCursedMod:CursedMace"],"picked":"TheCursedMod:RapidMovement","floor":14},{"not_picked":["TheCursedMod:CollectTribute","TheCursedMod:ForbiddenAlchemy"],"picked":"TheCursedMod:StunningStrike","floor":16},{"not_picked":["TheCursedMod:Torture","TheCursedMod:CursedAmulet"],"picked":"TheCursedMod:HellsGateOpen+1","floor":18},{"not_picked":["TheCursedMod:Stigma+1","TheCursedMod:SpitefulPlan+1"],"picked":"TheCursedMod:AbyssShockwave","floor":19},{"not_picked":["TheCursedMod:FleshFromBone","TheCursedMod:TacticalStrike"],"picked":"TheCursedMod:UltimatePain","floor":22},{"not_picked":["TheCursedMod:AshesToAshes","TheCursedMod:RapidMovement"],"picked":"TheCursedMod:HellsGateOpen","floor":23},{"not_picked":["TheCursedMod:VitalStrike+1","TheCursedMod:Hemoplague+1"],"picked":"TheCursedMod:CircleOfFlame+1","floor":24},{"not_picked":["TheCursedMod:FleshFromBone","TheCursedMod:Stigma"],"picked":"TheCursedMod:CircleOfFlame","floor":25},{"not_picked":["TheCursedMod:CursedMace","TheCursedMod:SaltUponWound"],"picked":"TheCursedMod:VitalStrike","floor":28},{"not_picked":["TheCursedMod:Stretching","TheCursedMod:Mangle"],"picked":"TheCursedMod:Hemoplague+1","floor":30},{"not_picked":["TheCursedMod:CircleOfFlame","TheCursedMod:Obscuration"],"picked":"TheCursedMod:HellfireBreathing","floor":31},{"not_picked":[],"picked":"TheCursedMod:CircleOfFlame+1","floor":35},{"not_picked":["TheCursedMod:Evocation+1"],"picked":"SKIP","floor":37},{"not_picked":[],"picked":"TheCursedMod:VitalStrike","floor":38},{"not_picked":[],"picked":"TheCursedMod:SpitefulStrike+1","floor":39},{"not_picked":["TheCursedMod:CircleOfFocus"],"picked":"SKIP","floor":40},{"not_picked":[],"picked":"TheCursedMod:Stigma+1","floor":41},{"not_picked":[],"picked":"TheCursedMod:Stigma+1","floor":42},{"not_picked":["TheCursedMod:SpitefulStrike+1"],"picked":"SKIP","floor":45},{"not_picked":[],"picked":"TheCursedMod:Stretching+1","floor":46},{"not_picked":["TheCursedMod:BlessingInDisguise+1"],"picked":"SKIP","floor":47}],"player_experience":387533,"relics_obtained":[{"floor":6,"key":"conspire:Dentures"},{"floor":17,"key":"TheCursedMod:Tack"},{"floor":17,"key":"TheCursedMod:BloodyHarpoon"},{"floor":17,"key":"hubris:CuriousFeather"},{"floor":23,"key":"Bag of Marbles"},{"floor":26,"key":"Toy Ornithopter"},{"floor":40,"key":"Dream Catcher"},{"floor":43,"key":"Molten Egg 2"},{"floor":45,"key":"Runesmith:Locket"}],"event_choices":[{"damage_healed":0,"gold_gain":0,"player_choice":"3 cards matched","damage_taken":0,"max_hp_gain":0,"max_hp_loss":0,"event_name":"Match and Keep!","floor":5,"gold_loss":0,"cards_obtained":["TheCursedMod:CircleOfAbyss","TheCursedMod:CursedWand","TheCursedMod:SpitefulPray"]},{"damage_healed":0,"gold_gain":0,"player_choice":"Copied","damage_taken":0,"max_hp_gain":0,"max_hp_loss":0,"event_name":"Duplicator","floor":21,"gold_loss":0,"cards_obtained":["Transmutation"]}],"is_beta":false,"boss_relics":[{"not_picked":["Black Star","conspire:RoyalGoblet"],"picked":"Calling Bell"},{"not_picked":["aspiration:RitualDagger","aspiration:PoetsPen_weak"],"picked":"Busted Crown"}],"items_purged_floors":[],"is_endless":false,"potions_floor_spawned":[1,6,8,16,19,23,25,28,31,38,40,45],"killed_by":"Giant Head","ascension_level":0}}