{"host":"2htk0ftrajbcnypf","time":1612243469,"event":{"mods":["AchievementEnabler","BaseMod","Better Note","Custom Start","Minty Spire (QoL Compilation)","Rare Cards Sparkle","Relic Filter Mod","Remove Card Discount Mod","Replay The Spire","StSLib","SuperFastMode"],"gold_per_floor":[141,37,63,132,57,144,546,582,582,657,747,831,936,972,972,1257,1257,1302,1302,1302,1302,1380,1470,1470,1554,1600,1440,1148,1235,1235,1319,1319,1607,1607,1643,1371,1371,1404,1404,1479,1572,1572,1572,1191,1287,1389,1189,1249,1249,1249,1249,1249,991,1096,1096],"floor_reached":56,"language":"ZHS","playtime":2498,"items_purged":["Strike_R","Strike_R","Defend_R","Defend_R","Defend_R","Defend_R","Strike_R","Bash","Strike_R+1","Swift Strike+1","Feed+1"],"score":2174,"play_id":"5a7a1b94-e642-4966-b139-5d1487cffc1b","local_time":"20210202132429","daily_mods":["Flight","DeadlyEvents","Elite Swarm","Lethality","Midas"],"is_ascension_mode":false,"campfire_choices":[{"floor":15,"key":"RECALL"},{"floor":24,"key":"REST"},{"floor":30,"key":"REST"},{"floor":32,"key":"REST"},{"floor":49,"key":"REST"},{"floor":52,"key":"REST"}],"circlet_count":0,"master_deck":["Strike_R+8","Clash+1","Flex+1","Exhume+1","Brutality+1","Offering+1","Rage+1","ReplayTheSpireMod:Private Reserves+1","Thinking Ahead+1","Poisoned Strike+1","Replay:Many Hands+1","AbeCurse","Burning Pact+1","Intimidate+1","Trip+1"],"relics":["Burning Blood","Membership Card","Frozen Egg 2","Toxic Egg 2","Molten Egg 2","Quantum Egg","Black Star","HandDrill","Ancient Tea Set","Replay:WaspNest","ReplayTheSpireMod:Spearhead","Old Coin","Eternal Feather","Blue Candle","Magic Flower","Calipers","Simple Rune","King of Hearts","Snack Pack","HornCleat","Prayer Wheel","Sundial","Runic Cube","Replay:Accelerometer","Orichalcum","Durian","Gremlin Food","Replay:PocketPolymizer","Bronze Scales","TungstenRod","Toy Ornithopter","Oddly Smooth Stone","ReplayTheSpireMod:Lightbulb","Meat on the Bone","ReplayTheSpireMod:ShopPack","InkBottle","BranchBurnRelic","Golden Egg","Another Sword","Abe\u0027s Treasure","Shuriken","ReplayFunnel","Toolbox","PreservedInsect","Art of War","StoneCalendar","White Beast Statue","Mummified Hand","Replay:Towering Pillar of Hats","Du-Vu Doll","Sling","Blue Doll","Dream Catcher","Charon\u0027s Ashes","Replay:Multitool","Boot","Replay:Ringing Soul","Akabeko","Bag of Preparation","Medical Kit","Gambling Chip"],"acts_visited":["Exordium","TheCity","TheBeyond","TheEnding"],"potions_floor_usage":[33,55],"damage_taken":[{"damage":9,"enemies":"Cultist","floor":1,"turns":3},{"damage":36,"enemies":"3 Sentries","floor":6,"turns":5},{"damage":11,"enemies":"Gremlin Nob","floor":7,"turns":3},{"damage":0,"enemies":"Jaw Worm","floor":8,"turns":1},{"damage":0,"enemies":"Lagavulin","floor":10,"turns":2},{"damage":11,"enemies":"Gremlin Nob","floor":11,"turns":3},{"damage":25,"enemies":"3 Sentries","floor":12,"turns":4},{"damage":1,"enemies":"Gremlin Nob","floor":13,"turns":2},{"damage":0,"enemies":"2 Louse","floor":14,"turns":1},{"damage":52,"enemies":"Hexaghost","floor":16,"turns":3},{"damage":6,"enemies":"Shell Parasite","floor":18,"turns":1},{"damage":22,"enemies":"Slavers","floor":22,"turns":3},{"damage":6,"enemies":"Gremlin Leader","floor":23,"turns":2},{"damage":7,"enemies":"Slavers","floor":25,"turns":2},{"damage":5,"enemies":"Replay:Snechameleon","floor":29,"turns":2},{"damage":5,"enemies":"Gremlin Leader","floor":31,"turns":1},{"damage":2,"enemies":"Collector","floor":33,"turns":2},{"damage":0,"enemies":"Orb Walker","floor":35,"turns":1},{"damage":3,"enemies":"3 Shapes","floor":38,"turns":2},{"damage":0,"enemies":"Reptomancer","floor":40,"turns":2},{"damage":3,"enemies":"R_Hoarder","floor":41,"turns":2},{"damage":5,"enemies":"Nemesis","floor":45,"turns":1},{"damage":5,"enemies":"R_Hoarder","floor":46,"turns":2},{"damage":0,"enemies":"Spire Growth","floor":48,"turns":1},{"damage":2,"enemies":"Time Eater","floor":50,"turns":2},{"damage":5,"enemies":"Shield and Spear","floor":54,"turns":1},{"damage":5,"enemies":"The Heart","floor":55,"turns":3}],"seed_played":"-6967591965871454285","potions_obtained":[{"floor":6,"key":"Milkshake"},{"floor":11,"key":"Elixir"},{"floor":13,"key":"Explosive Potion"},{"floor":22,"key":"FearPotion"},{"floor":31,"key":"Toxic Potion"},{"floor":33,"key":"Ancient Potion"},{"floor":35,"key":"LiquidMemories"},{"floor":45,"key":"Energy Potion"}],"is_trial":true,"path_per_floor":["M","$","T","?","$","E","E","M","T","E","E","E","E","M","R","B",null,"M","?","?","T","E","E","R","E","T","$","$","E","R","E","R","B",null,"M","$","?","M","?","E","E","?","T","$","E","E","$","M","R","B",null,"R","$","E","B",null],"character_chosen":"IRONCLAD","items_purchased":["Flex+1","HandDrill","Ancient Tea Set","Rage+1","ReplayTheSpireMod:Private Reserves+1","Oddly Smooth Stone","ReplayTheSpireMod:Lightbulb","Meat on the Bone","ReplayTheSpireMod:ShopPack","Shuriken","ReplayFunnel","Toolbox","Replay:Towering Pillar of Hats","Du-Vu Doll","Sling","Boot","Replay:Ringing Soul","Trip+1","Akabeko","Bag of Preparation","Medical Kit"],"campfire_rested":5,"item_purchase_floors":[2,2,5,27,27,27,28,28,28,36,36,36,44,44,44,47,47,53,53,53,53],"current_hp_per_floor":[77,77,77,77,77,47,42,48,48,54,58,54,71,86,89,55,104,108,108,108,108,118,125,125,133,133,133,133,137,137,141,141,145,145,145,145,145,145,145,145,149,149,149,149,149,149,149,156,156,156,156,156,159,159,159],"gold":1096,"neow_bonus":"","is_daily":false,"chose_seed":false,"campfire_upgraded":0,"win_rate":0.0,"timestamp":1612243469,"path_taken":["M","$","?","?","?","E","E","?","T","E","E","E","E","M","R","BOSS","M","?","?","?","?","E","R","?","T","$","$","E","R","?","R","BOSS","M","$","?","M","?","E","?","?","T","$","E","E","$","?","R","BOSS","R","$","E","BOSS"],"items_purchased_type":["Card","Relic","Relic","Card","Card","Relic","Relic","Relic","Relic","Relic","Relic","Relic","Relic","Relic","Relic","Relic","Relic","Card","Relic","Relic","Relic"],"build_version":"2020-12-22","purchased_purges":11,"victory":true,"max_hp_per_floor":[80,80,80,80,80,80,80,80,80,80,84,92,96,100,100,104,104,108,108,108,108,121,125,125,133,133,133,133,137,137,141,141,145,145,145,145,145,145,145,145,149,149,149,149,149,149,149,156,156,156,156,156,159,159,159],"card_choices":[{"not_picked":["Evolve+1","Headbutt+1"],"picked":"Clash+1","floor":1},{"not_picked":["Demon Form+1","Bludgeon+1"],"picked":"Exhume+1","floor":6},{"not_picked":["Impervious+1","Reaper+1","Hemogenesis+1"],"picked":"SKIP","floor":7},{"not_picked":["Clothesline+1","Perfected Strike+1","Disarm+1"],"picked":"SKIP","floor":8},{"not_picked":["Demonic Infusion+1","Reaper+1"],"picked":"Feed+1","floor":10},{"not_picked":["Offering+1","Demon Form+1"],"picked":"Brutality+1","floor":11},{"not_picked":["Juggernaut+1","Barricade+1","Exhume+1"],"picked":"SKIP","floor":12},{"not_picked":["Demonic Infusion+1","Bludgeon+1","Immolate+1"],"picked":"SKIP","floor":13},{"not_picked":["Disarm+1","Shrug It Off+1"],"picked":"Life Link+1","floor":14},{"not_picked":["Rupture+1","Flame Barrier+1","Headbutt+1"],"picked":"SKIP","floor":14},{"not_picked":["Corruption+1","Berserk+1"],"picked":"Offering+1","floor":16},{"not_picked":["Armaments+1","Replay:Undeath\u0027s Touch+1","Dual Wield+1"],"picked":"SKIP","floor":18},{"not_picked":["Evolve+1","Uppercut+1","Pummel+1"],"picked":"SKIP","floor":18},{"not_picked":["Brutality+1","Exhume+1","Eclipse+1"],"picked":"SKIP","floor":22},{"not_picked":["Demon Form+1","Brutality+1","Limit Break+1"],"picked":"SKIP","floor":23},{"not_picked":["Demon Form+1","Brutality+1","Limit Break+1"],"picked":"SKIP","floor":23},{"not_picked":["Offering+1","Berserk+1","Impervious+1"],"picked":"SKIP","floor":25},{"not_picked":["The Bomb","Chrysalis"],"picked":"Thinking Ahead","floor":28},{"not_picked":["Master of Strategy","Replay:Sssssssssstrike"],"picked":"Poisoned Strike","floor":28},{"not_picked":["Specialist","Dramatic Entrance"],"picked":"Swift Strike","floor":28},{"not_picked":["Impervious+1","Hemogenesis+1"],"picked":"Replay:Many Hands+1","floor":29},{"not_picked":["Berserk+1","Impervious+1","Corruption+1"],"picked":"SKIP","floor":31},{"not_picked":["Cleave+1","Iron Wave+1"],"picked":"Burning Pact+1","floor":35},{"not_picked":["ReplayTheSpireMod:Strike From Hell+1","Heavy Blade+1","Feel No Pain+1"],"picked":"SKIP","floor":35},{"not_picked":["Anger+1","Headbutt+1","ReplayTheSpireMod:Strike From Hell+1"],"picked":"SKIP","floor":38},{"not_picked":["Body Slam+1","Spot Weakness+1","Thunderclap+1"],"picked":"SKIP","floor":38},{"not_picked":["Impervious+1","Feed+1","Offering+1"],"picked":"SKIP","floor":40},{"not_picked":["Impervious+1","Feed+1","Offering+1"],"picked":"SKIP","floor":40},{"not_picked":["Corruption+1","Demonic Infusion+1","Eclipse+1"],"picked":"SKIP","floor":41},{"not_picked":["Fiend Fire+1","Replay:Many Hands+1","Reaper+1"],"picked":"SKIP","floor":45},{"not_picked":["Immolate+1","Offering+1","Demon Form+1"],"picked":"SKIP","floor":46},{"not_picked":["Cleave+1","Rampage+1"],"picked":"Intimidate+1","floor":48},{"not_picked":["True Grit+1","Havoc+1","Run Through+1"],"picked":"SKIP","floor":48},{"not_picked":["Barricade+1","Fiend Fire+1","Bludgeon+1"],"picked":"SKIP","floor":54}],"player_experience":23077,"relics_obtained":[{"floor":6,"key":"Replay:WaspNest"},{"floor":6,"key":"ReplayTheSpireMod:Spearhead"},{"floor":7,"key":"Old Coin"},{"floor":7,"key":"Eternal Feather"},{"floor":9,"key":"Blue Candle"},{"floor":10,"key":"Magic Flower"},{"floor":10,"key":"Calipers"},{"floor":11,"key":"Simple Rune"},{"floor":11,"key":"King of Hearts"},{"floor":12,"key":"Snack Pack"},{"floor":12,"key":"HornCleat"},{"floor":13,"key":"Prayer Wheel"},{"floor":13,"key":"Sundial"},{"floor":21,"key":"Replay:Accelerometer"},{"floor":22,"key":"Orichalcum"},{"floor":22,"key":"Durian"},{"floor":23,"key":"Gremlin Food"},{"floor":23,"key":"Replay:PocketPolymizer"},{"floor":25,"key":"Bronze Scales"},{"floor":25,"key":"TungstenRod"},{"floor":26,"key":"Toy Ornithopter"},{"floor":29,"key":"InkBottle"},{"floor":29,"key":"Dead Branch"},{"floor":31,"key":"Golden Egg"},{"floor":31,"key":"Another Sword"},{"floor":40,"key":"PreservedInsect"},{"floor":40,"key":"Art of War"},{"floor":41,"key":"StoneCalendar"},{"floor":41,"key":"White Beast Statue"},{"floor":43,"key":"Mummified Hand"},{"floor":45,"key":"Blue Doll"},{"floor":45,"key":"Dream Catcher"},{"floor":46,"key":"Charon\u0027s Ashes"},{"floor":46,"key":"Replay:Multitool"},{"floor":54,"key":"Gambling Chip"}],"event_choices":[{"damage_healed":0,"gold_gain":69,"player_choice":"Gained Gold","damage_taken":0,"max_hp_gain":0,"max_hp_loss":0,"event_name":"Golden Wing","floor":4,"gold_loss":0},{"damage_healed":0,"gold_gain":0,"player_choice":"Upgraded","damage_taken":0,"max_hp_gain":0,"max_hp_loss":0,"event_name":"Upgrade Shrine","floor":19,"gold_loss":0,"cards_upgraded":["Strike_R"]},{"damage_healed":0,"gold_gain":0,"player_choice":"Leave","damage_taken":0,"max_hp_gain":0,"max_hp_loss":0,"event_name":"FaceTrader","floor":20,"gold_loss":0},{"cards_removed":["Life Link"],"damage_healed":0,"gold_gain":0,"player_choice":"Removed Power","damage_taken":0,"max_hp_gain":0,"max_hp_loss":0,"event_name":"Falling","floor":37,"gold_loss":0},{"damage_healed":0,"gold_gain":0,"player_choice":"Upgraded","damage_taken":0,"max_hp_gain":0,"max_hp_loss":0,"event_name":"Upgrade Shrine","floor":39,"gold_loss":0,"cards_upgraded":["Strike_R"]}],"is_beta":false,"boss_relics":[{"not_picked":["Tiny House","Sozu"],"picked":"Runic Cube"},{"not_picked":["Astrolabe","Replay:Bronze Core"],"picked":"Abe\u0027s Treasure"}],"items_purged_floors":[2,2,2,2,2,2,2,27,27,44,53],"is_endless":false,"potions_floor_spawned":[6,11,13,16,22,25,31,33,35,45,46,48,54],"ascension_level":0}}