{"host":"98tf0o44tbkozlsr","time":1612269207,"event":{"mods":["BaseMod","Bestiary","Minty Spire (QoL Compilation)","Relic Stats","ojb\u0027s Info Mod"],"gold_per_floor":[117,117,117,137,154,488,504,504,504,504,103,131,171,222,222,324,324,337,337,337,395,320,355,382,382,382,406,244,271,350,380,380,459,459,505,522,39,131,255,255,79,138,189,221,294,350,189,292,292,292,322,322,322,72,100,100],"floor_reached":57,"language":"ENG","playtime":9719,"items_purged":["Defend_P","BattleHymn+1"],"score":3772,"play_id":"7c953b1e-1aff-404a-a3c7-4cbcf3db322e","local_time":"20210202043327","is_ascension_mode":true,"campfire_choices":[{"data":"BattleHymn","floor":8.0,"key":"SMITH"},{"floor":10.0,"key":"RECALL"},{"data":"Wish","floor":15.0,"key":"SMITH"},{"data":"BowlingBash","floor":32.0,"key":"SMITH"},{"data":"Wish","floor":40,"key":"SMITH"},{"data":"TalkToTheHand","floor":49,"key":"SMITH"},{"data":"WheelKick","floor":53,"key":"SMITH"}],"circlet_count":0,"master_deck":["AscendersBane","Defend_P","Defend_P","Eruption","Vigilance+1","ReachHeaven","Meditate+1","CutThroughFate","Wish+1","WheelKick+1","BowlingBash+1","WheelKick+1","Omniscience+1","Wallop+1","Bite+1","Bite","Bite+1","Bite","Bite+1","LessonLearned+1","ThirdEye+1","Meditate+1","DeusExMachina+1","TalkToTheHand+1","WaveOfTheHand+1","Omniscience+1","Wish+1","Vault","WheelKick+1","DeusExMachina","TalkToTheHand+1","Vault","Adaptation","DevaForm","MentalFortress+1","Adaptation","WheelKick"],"relics":["Sozu","Old Coin","Thread and Needle","Toolbox","Mango","WingedGreaves","Snecko Eye","Red Mask","Letter Opener","Anchor","Shuriken","Vajra","White Beast Statue","Prayer Wheel","Black Star","DollysMirror","Lantern","Calipers","Meat on the Bone","Pen Nib","Nunchaku","War Paint","Omamori","Dream Catcher","Orrery","Orichalcum","Happy Flower"],"acts_visited":["TheCity","TheBeyond","TheEnding"],"potions_floor_usage":[],"damage_taken":[{"damage":0.0,"enemies":"Small Slimes","floor":1.0,"turns":3.0},{"damage":0.0,"enemies":"Cultist","floor":4.0,"turns":2.0},{"damage":0.0,"enemies":"2 Louse","floor":5.0,"turns":3.0},{"damage":0.0,"enemies":"Lagavulin","floor":6.0,"turns":4.0},{"damage":0.0,"enemies":"2 Fungi Beasts","floor":7.0,"turns":2.0},{"damage":14.0,"enemies":"3 Sentries","floor":12.0,"turns":4.0},{"damage":3.0,"enemies":"3 Louse","floor":13.0,"turns":4.0},{"damage":12.0,"enemies":"Gremlin Nob","floor":14.0,"turns":3.0},{"damage":0.0,"enemies":"Slime Boss","floor":16.0,"turns":6.0},{"damage":2.0,"enemies":"3 Byrds","floor":18.0,"turns":3.0},{"damage":0.0,"enemies":"Masked Bandits","floor":21.0,"turns":2.0},{"damage":0.0,"enemies":"Gremlin Leader","floor":23.0,"turns":5.0},{"damage":0.0,"enemies":"Book of Stabbing","floor":24.0,"turns":4.0},{"damage":0.0,"enemies":"Slavers","floor":29.0,"turns":3.0},{"damage":7.0,"enemies":"Shell Parasite","floor":30.0,"turns":3.0},{"damage":0.0,"enemies":"Book of Stabbing","floor":31.0,"turns":3.0},{"damage":33.0,"enemies":"Collector","floor":33.0,"turns":8.0},{"damage":14.0,"enemies":"3 Darklings","floor":35.0,"turns":6.0},{"damage":0.0,"enemies":"3 Shapes","floor":36.0,"turns":2.0},{"damage":9,"enemies":"Maw","floor":38,"turns":7},{"damage":0,"enemies":"Transient","floor":39,"turns":6},{"damage":30,"enemies":"Nemesis","floor":42,"turns":4},{"damage":0,"enemies":"Giant Head","floor":44,"turns":5},{"damage":0,"enemies":"Spire Growth","floor":45,"turns":2},{"damage":0,"enemies":"Nemesis","floor":46,"turns":9},{"damage":0,"enemies":"3 Darklings","floor":48,"turns":2},{"damage":0,"enemies":"Time Eater","floor":50,"turns":5},{"damage":0,"enemies":"Awakened One","floor":51,"turns":10},{"damage":0,"enemies":"Shield and Spear","floor":55,"turns":6},{"damage":0,"enemies":"The Heart","floor":56,"turns":7}],"seed_played":"-7869885081380531277","potions_obtained":[],"is_trial":false,"path_per_floor":["M","?","?","M","M","E","M","R","T","R","$","E","M","E","R","B",null,"M","?","?","?","?","E","E","$","T","T","$","E","M","E","R","B",null,"M","M","$","M","M","R","$","E","T","E","M","E","$","M","R","B","B",null,"R","$","E","B",null],"character_chosen":"WATCHER","items_purchased":["Wish","Toolbox","Vajra","DollysMirror","Wish","Lantern","WheelKick","Vault","Orrery","Adaptation"],"campfire_rested":0,"item_purchase_floors":[11,11,28,37,37,37,41,47,54,54],"current_hp_per_floor":[61,61,57,57,57,57,57,57,57,57,57,57,54,42,42,42,72,70,57,42,44,44,54,62,62,62,62,62,62,57,59,59,31,54,56,56,56,60,62,62,62,35,35,49,49,62,62,62,62,62,62,62,62,62,62,62],"gold":100,"neow_bonus":"BOSS_RELIC","is_daily":false,"chose_seed":false,"campfire_upgraded":6,"win_rate":0.0,"timestamp":1612269207,"path_taken":["M","?","?","M","M","E","M","R","T","R","$","E","?","E","R","BOSS","M","?","?","?","?","E","E","?","T","?","$","E","?","E","R","BOSS","M","?","$","M","M","R","$","E","T","E","M","E","$","M","R","BOSS","BOSS","R","$","E","BOSS"],"items_purchased_type":["Card","Relic","Relic","Relic","Card","Relic","Card","Card","Relic","Card"],"build_version":"2020-12-22","purchased_purges":2,"victory":true,"max_hp_per_floor":[68,68,68,68,68,68,68,68,68,68,68,82,82,82,82,82,82,82,57,62,62,62,62,62,62,62,62,62,62,62,62,62,62,62,62,62,62,62,62,62,62,62,62,62,62,62,62,62,62,62,62,62,62,62,62,62],"relic_stats":{"Happy Flower":[2],"counters":[21,102],"Pen Nib":[15],"Letter Opener":[280],"War Paint":["Meditate","DeusExMachina"],"Orichalcum":[0],"Sozu":16,"Nunchaku":[13],"Dream Catcher":0,"Shuriken":[64],"Snecko Eye":[190,205,234,164],"Prayer Wheel":7,"Black Star":4,"obtain_stats":[{"Lantern":37,"Calipers":42,"Vajra":28,"Mango":0,"Old Coin":0,"Sozu":0,"Nunchaku":44,"Dream Catcher":46,"DollysMirror":37,"Toolbox":0,"Prayer Wheel":31,"WingedGreaves":0,"Red Mask":21,"Happy Flower":55,"Thread and Needle":0,"Pen Nib":43,"Omamori":46,"Letter Opener":23,"War Paint":44,"Orichalcum":55,"White Beast Statue":29,"Anchor":24,"Shuriken":26,"Snecko Eye":17,"Orrery":54,"Black Star":34,"Meat on the Bone":42},{"Lantern":10,"Calipers":13,"Vajra":4,"Mango":0,"Old Coin":0,"Sozu":0,"Nunchaku":14,"Dream Catcher":16,"DollysMirror":10,"Toolbox":0,"Prayer Wheel":7,"WingedGreaves":0,"Red Mask":2,"Happy Flower":20,"Thread and Needle":0,"Pen Nib":13,"Omamori":16,"Letter Opener":3,"War Paint":14,"Orichalcum":20,"White Beast Statue":5,"Anchor":4,"Shuriken":4,"Snecko Eye":0,"Orrery":19,"Black Star":8,"Meat on the Bone":13},{"Lantern":39,"Calipers":56,"Vajra":14,"Mango":0,"Old Coin":0,"Sozu":0,"Nunchaku":61,"Dream Catcher":72,"DollysMirror":39,"Toolbox":0,"Prayer Wheel":23,"WingedGreaves":0,"Red Mask":5,"Happy Flower":95,"Thread and Needle":0,"Pen Nib":56,"Omamori":72,"Letter Opener":10,"War Paint":61,"Orichalcum":95,"White Beast Statue":17,"Anchor":14,"Shuriken":14,"Snecko Eye":0,"Orrery":89,"Black Star":31,"Meat on the Bone":56}],"Meat on the Bone":0},"card_choices":[{"not_picked":["Indignation","FollowUp"],"picked":"ReachHeaven","floor":1.0},{"not_picked":["EmptyBody","Evaluate","SashWhip"],"picked":"SKIP","floor":4.0},{"not_picked":["SashWhip","CarveReality"],"picked":"BattleHymn","floor":5.0},{"not_picked":["FearNoEvil","Prostrate"],"picked":"Meditate","floor":6.0},{"not_picked":["CarveReality","SashWhip"],"picked":"CutThroughFate","floor":7.0},{"not_picked":["Wireheading","CutThroughFate"],"picked":"WheelKick","floor":12.0},{"not_picked":["ThirdEye","Vengeance"],"picked":"BowlingBash","floor":13.0},{"not_picked":["EmptyFist","Devotion"],"picked":"WheelKick","floor":14.0},{"not_picked":["Judgement","Establishment"],"picked":"Omniscience","floor":16.0},{"not_picked":["Pray","CutThroughFate"],"picked":"Wallop","floor":18.0},{"not_picked":["SignatureMove","Prostrate","Wireheading"],"picked":"SKIP","floor":23.0},{"not_picked":["ForeignInfluence","CrushJoints+1"],"picked":"LessonLearned","floor":24.0},{"not_picked":["WreathOfFlame","Halt"],"picked":"ThirdEye+1","floor":29.0},{"not_picked":["Sanctity","EmptyFist"],"picked":"Meditate","floor":30.0},{"not_picked":["MentalFortress","EmptyMind","FlurryOfBlows+1"],"picked":"SKIP","floor":31.0},{"not_picked":["Judgement","Blasphemy"],"picked":"DeusExMachina","floor":33.0},{"not_picked":["WindmillStrike","SignatureMove+1"],"picked":"TalkToTheHand","floor":35.0},{"not_picked":["EmptyMind","ClearTheMind+1"],"picked":"WaveOfTheHand+1","floor":35.0},{"not_picked":["Conclude","WaveOfTheHand+1","CrushJoints"],"picked":"SKIP","floor":36},{"not_picked":["EmptyFist","Evaluate","Halt"],"picked":"SKIP","floor":36},{"not_picked":["CutThroughFate+1","EmptyFist"],"picked":"Vault","floor":38},{"not_picked":["EmptyFist","CarveReality","FlyingSleeves"],"picked":"SKIP","floor":38},{"not_picked":["EmptyFist","CarveReality","FlyingSleeves"],"picked":"SKIP","floor":38},{"not_picked":["ClearTheMind+1","JustLucky","BowlingBash+1"],"picked":"SKIP","floor":39},{"not_picked":["CrushJoints","CutThroughFate","Evaluate"],"picked":"SKIP","floor":39},{"not_picked":["PathToVictory","ThirdEye","JustLucky"],"picked":"SKIP","floor":42},{"not_picked":["FlyingSleeves+1","BowlingBash"],"picked":"DeusExMachina","floor":44},{"not_picked":["Vengeance+1","Protect"],"picked":"TalkToTheHand","floor":45},{"not_picked":["Halt+1","WreathOfFlame+1","ClearTheMind+1"],"picked":"SKIP","floor":45},{"not_picked":["Conclude+1","Crescendo","WreathOfFlame"],"picked":"SKIP","floor":46},{"not_picked":["SashWhip+1","Worship","FlurryOfBlows"],"picked":"SKIP","floor":48},{"not_picked":["WindmillStrike","Pray","EmptyFist"],"picked":"SKIP","floor":48},{"not_picked":["LessonLearned","Consecrate+1"],"picked":"Adaptation","floor":54},{"not_picked":["Sanctity","EmptyBody"],"picked":"DevaForm","floor":54},{"not_picked":["Indignation","ThirdEye"],"picked":"MentalFortress+1","floor":54},{"not_picked":["ReachHeaven+1","Meditate"],"picked":"WheelKick","floor":55}],"player_experience":911972,"relics_obtained":[{"floor":6.0,"key":"Old Coin"},{"floor":9.0,"key":"Thread and Needle"},{"floor":12.0,"key":"Mango"},{"floor":14.0,"key":"WingedGreaves"},{"floor":21.0,"key":"Red Mask"},{"floor":23.0,"key":"Letter Opener"},{"floor":24.0,"key":"Anchor"},{"floor":26.0,"key":"Shuriken"},{"floor":29.0,"key":"White Beast Statue"},{"floor":31.0,"key":"Prayer Wheel"},{"floor":42,"key":"Calipers"},{"floor":42,"key":"Meat on the Bone"},{"floor":43,"key":"Pen Nib"},{"floor":44,"key":"Nunchaku"},{"floor":44,"key":"War Paint"},{"floor":46,"key":"Omamori"},{"floor":46,"key":"Dream Catcher"},{"floor":55,"key":"Orichalcum"},{"floor":55,"key":"Happy Flower"}],"event_choices":[{"damage_healed":0.0,"max_hp_gain":0.0,"max_hp_loss":0.0,"gold_gain":0.0,"cards_transformed":["Defend_P"],"event_name":"Living Wall","player_choice":"Change","floor":2.0,"gold_loss":0.0,"damage_taken":0.0,"cards_obtained":["Prostrate"]},{"damage_healed":0.0,"max_hp_gain":0.0,"max_hp_loss":0.0,"gold_gain":0.0,"event_name":"The Woman in Blue","player_choice":"Bought 0 Potions","floor":3.0,"gold_loss":0.0,"damage_taken":0.0},{"damage_healed":0.0,"max_hp_gain":0.0,"max_hp_loss":25.0,"gold_gain":0.0,"event_name":"Vampires","player_choice":"Became a vampire","floor":19.0,"gold_loss":0.0,"damage_taken":0.0,"cards_obtained":["Bite","Bite","Bite","Bite","Bite"]},{"damage_healed":0.0,"max_hp_gain":5.0,"max_hp_loss":0.0,"gold_gain":0.0,"event_name":"Forgotten Altar","player_choice":"Shed Blood","floor":20.0,"gold_loss":0.0,"damage_taken":20.0},{"damage_healed":0.0,"max_hp_gain":0.0,"max_hp_loss":0.0,"gold_gain":0.0,"event_name":"Masked Bandits","player_choice":"Fought Bandits","floor":21.0,"gold_loss":0.0,"damage_taken":0.0},{"cards_removed":["Prostrate"],"damage_healed":0.0,"max_hp_gain":0.0,"max_hp_loss":0.0,"gold_gain":0.0,"event_name":"Beggar","player_choice":"Gave Gold","floor":22.0,"gold_loss":75.0,"damage_taken":0.0}],"is_beta":false,"boss_relics":[{"not_picked":["Ectoplasm","VioletLotus"],"picked":"Snecko Eye"},{"not_picked":["Runic Dome","Busted Crown"],"picked":"Black Star"}],"items_purged_floors":[11,41],"is_endless":false,"potions_floor_spawned":[1,12,14,16,18,23,24,30,31,33,35,36,38,39,42,44,45,46,48,55],"ascension_level":20}}