{"host":"gsef4mntx4mq50d0","time":1612253916,"event":{"mods":["Act Like it!","Arknights","Aspiration","BaseMod","Colored Map","Downfall","GifTheSpireLib","Hallownest","HololiveMod","Hubris","Infinite Spire","MarisaÅiñ∂âJÅ@ñÇóùçπÅj","Minty Spire (QoL Compilation)","SIMod","StSLib","The Alterego","The Animator","The Bug Knight","The Exalted","The Forsaken","The Servant 0.9.4","TheSwordswoman"],"gold_per_floor":[109,109,126,126,126,159,172,183,183,197,213,213,65,83,83,179,179,189,189,189,189,189,189,171,171,197,216,226,260,260,278,278,376,376,389,389,404,404,417,417,417,173,173,183,183,12,12,12],"floor_reached":47,"language":"ENG","playtime":2440,"items_purged":[],"score":472,"play_id":"52e93251-4f46-42d8-bc5b-015dfcdd7c69","local_time":"20210202181836","is_ascension_mode":false,"campfire_choices":[{"data":"Armaments","floor":12,"key":"SMITH"},{"data":"infinitespire:OneForAll","floor":15,"key":"SMITH"},{"data":"Flex","floor":23,"key":"SMITH"},{"data":"Anger","floor":25,"key":"SMITH"},{"floor":30,"key":"REST"},{"floor":32,"key":"REST"},{"floor":40,"key":"REST"}],"circlet_count":0,"master_deck":["Strike_R","Strike_R","Strike_R","Strike_R","Defend_R","Defend_R","Defend_R","Defend_R","Bash","Pommel Strike","Armaments+1","infinitespire:OneForAll+1","Cleave","Power Through","Cleave","Clothesline","Perfected Strike","hubris:StunningStrike","Flex+1","Anger+1","Flex+1","Power Through+1","Twin Strike+1","Shockwave","Bludgeon","Perfected Strike","Armaments+1","infinitespire:FinalStrike","infinitespire:FutureSight","infinitespire:SevenWalls","Shrug It Off","Shrug It Off+1","Searing Blow","Anger"],"relics":["Burning Blood","NeowsBlessing","Lantern","theForsaken:ScaryMask","Lee\u0027s Waffle","Runic Pyramid","hubris:Towel","hubris:Icosahedron","Smiling Mask","Bromod:ArcaneConsequence","hubris:SlimyHat","aspiration:SecretTechniqueScroll","theForsaken:PlagueMask","Incense Burner","infinitespire:ShieldingShard","hubris:GlazedTorus","Regal Pillow"],"acts_visited":["Exordium","TheCity","TheBeyond"],"potions_floor_usage":[16,33],"damage_taken":[{"damage":0,"enemies":"Jaw Worm","floor":1,"turns":1},{"damage":0,"enemies":"Cultist","floor":3,"turns":1},{"damage":0,"enemies":"3 Sentries","floor":6,"turns":2},{"damage":12,"enemies":"Small Slimes","floor":7,"turns":4},{"damage":13,"enemies":"2 Fungi Beasts","floor":8,"turns":3},{"damage":0,"enemies":"3 Louse","floor":10,"turns":1},{"damage":18,"enemies":"Large Slime","floor":11,"turns":8},{"damage":8,"enemies":"2 Fungi Beasts","floor":14,"turns":3},{"damage":41,"enemies":"Hexaghost","floor":16,"turns":11},{"damage":10,"enemies":"Shell Parasite","floor":18,"turns":8},{"damage":10,"enemies":"2 Thieves","floor":24,"turns":4},{"damage":32,"enemies":"Chosen and Byrds","floor":27,"turns":6},{"damage":0,"enemies":"Snake Plant","floor":28,"turns":2},{"damage":52,"enemies":"Gremlin Leader","floor":29,"turns":10},{"damage":1,"enemies":"Sentry and Sphere","floor":31,"turns":4},{"damage":80,"enemies":"hubris:MusketHawk","floor":33,"turns":14},{"damage":0,"enemies":"Orb Walker","floor":35,"turns":3},{"damage":38,"enemies":"3 Shapes","floor":37,"turns":4},{"damage":15,"enemies":"3 Darklings","floor":39,"turns":9},{"damage":31,"enemies":"Maw","floor":44,"turns":7},{"damage":55,"enemies":"Nightmare","floor":47,"turns":6}],"seed_played":"5865250712977538710","potions_obtained":[{"floor":6,"key":"sneckomod:MuddlingPotion"},{"floor":7,"key":"PowerPotion"},{"floor":14,"key":"bronze:BurnAndBuffPotion"},{"floor":16,"key":"Strength Potion"},{"floor":18,"key":"Dexterity Potion"},{"floor":33,"key":"bronze:BurnAndBuffPotion"},{"floor":35,"key":"Energy Potion"}],"is_trial":false,"path_per_floor":["M","?","M","$","?","E","M","M","T","M","M","R","$","M","R","B",null,"M","?","?","?","?","R","M","R","T","M","M","E","R","M","R","B",null,"M","?","M","AVR","M","R","?","$","T","M","?","$","NM"],"character_chosen":"IRONCLAD","items_purchased":["Lee\u0027s Waffle","infinitespire:ShieldingShard","Regal Pillow","Anger"],"campfire_rested":3,"item_purchase_floors":[13,42,46,46],"current_hp_per_floor":[80,80,80,80,80,80,74,67,67,73,61,61,87,85,85,50,87,83,83,83,83,83,83,79,79,79,53,59,13,39,44,70,80,87,87,87,55,55,46,72,72,72,72,47,47,47,0,0],"gold":12,"neow_bonus":"THREE_ENEMY_KILL","is_daily":false,"chose_seed":false,"campfire_upgraded":4,"win_rate":0.0,"timestamp":1612253916,"path_taken":["M","?","M","?","?","E","M","M","T","M","M","R","$","M","R","BOSS","M","?","?","?","?","R","M","R","T","M","M","E","R","?","R","BOSS","M","?","M","AVR","M","R","?","?","T","M","?","$","NM"],"items_purchased_type":["Relic","Relic","Relic","Card"],"build_version":"2020-12-22","purchased_purges":0,"victory":false,"max_hp_per_floor":[80,80,80,80,80,80,80,80,80,80,80,80,87,87,87,87,87,87,87,87,87,87,87,87,87,87,87,87,87,87,87,87,87,87,87,87,87,87,87,87,87,87,87,87,87,87,87,87],"card_choices":[{"not_picked":["Reckless Charge","Rage"],"picked":"Pommel Strike","floor":1},{"not_picked":["hubris:ReadiedAction","Clash"],"picked":"Armaments","floor":3},{"not_picked":["Pummel","Offering"],"picked":"infinitespire:OneForAll","floor":6},{"not_picked":["Pommel Strike","Power Through"],"picked":"Cleave","floor":7},{"not_picked":["Rampage","Clash"],"picked":"Power Through","floor":8},{"not_picked":["Uppercut","hubris:ReadiedAction"],"picked":"Cleave","floor":10},{"not_picked":["Headbutt","Reckless Charge"],"picked":"Clothesline","floor":11},{"not_picked":["hubris:ReadiedAction","Headbutt"],"picked":"Perfected Strike","floor":14},{"not_picked":["Brutality","Offering"],"picked":"hubris:StunningStrike","floor":16},{"not_picked":["Inflame+1","Perfected Strike+1"],"picked":"Flex","floor":18},{"not_picked":["Thunderclap","Iron Wave"],"picked":"Anger","floor":24},{"not_picked":["Rupture","Twin Strike"],"picked":"Flex+1","floor":27},{"not_picked":["True Grit","Uppercut"],"picked":"Power Through+1","floor":28},{"not_picked":["True Grit","Clothesline"],"picked":"Twin Strike+1","floor":29},{"not_picked":["Twin Strike","Pommel Strike"],"picked":"Shockwave","floor":31},{"not_picked":["Feed","hubris:StunningStrike"],"picked":"Bludgeon","floor":33},{"not_picked":["Iron Wave","Rupture"],"picked":"Perfected Strike","floor":35},{"not_picked":["Entrench+1","Reaper"],"picked":"Armaments+1","floor":37},{"not_picked":["Fire Breathing+1","Reckless Charge+1"],"picked":"Shrug It Off","floor":39},{"not_picked":["Power Through","infinitespire:OneForAll"],"picked":"Shrug It Off+1","floor":44}],"player_experience":181264,"relics_obtained":[{"floor":6,"key":"Lantern"},{"floor":9,"key":"theForsaken:ScaryMask"},{"floor":22,"key":"Smiling Mask"},{"floor":26,"key":"Bromod:ArcaneConsequence"},{"floor":29,"key":"hubris:SlimyHat"},{"floor":43,"key":"hubris:GlazedTorus"}],"event_choices":[{"cards_removed":["Strike_R"],"damage_healed":0,"gold_gain":0,"player_choice":"Card Removal","damage_taken":0,"max_hp_gain":0,"max_hp_loss":0,"event_name":"Wheel of Change","floor":2,"gold_loss":0},{"damage_healed":0,"gold_gain":0,"player_choice":"Leave","damage_taken":0,"max_hp_gain":0,"max_hp_loss":0,"event_name":"The Cleric","floor":5,"gold_loss":0},{"damage_healed":0,"gold_gain":0,"player_choice":"Ignored","damage_taken":0,"max_hp_gain":0,"max_hp_loss":0,"event_name":"Ghosts","floor":21,"gold_loss":0},{"damage_healed":0,"gold_gain":0,"player_choice":"Relic","damage_taken":0,"max_hp_gain":0,"max_hp_loss":0,"event_name":"Wheel of Change","floor":22,"gold_loss":0},{"damage_healed":0,"gold_gain":0,"player_choice":"Obtain Plague Curse","damage_taken":0,"max_hp_gain":0,"max_hp_loss":0,"event_name":"Plague Doctor","floor":36,"gold_loss":0,"cards_obtained":["theForsaken:PlagueCurse"]}],"is_beta":false,"boss_relics":[{"not_picked":["Hololive_ChaosS","Hololive_TopUpMoneyS"],"picked":"Runic Pyramid"},{"not_picked":["Astrolabe","Empty Cage"],"picked":"aspiration:SecretTechniqueScroll"}],"items_purged_floors":[],"is_endless":false,"potions_floor_spawned":[6,7,14,16,18,29,31,33,35,39],"killed_by":"Nightmare","ascension_level":0}}