{"host":"eaiphzh066bwqdh7","time":1612226278,"event":{"mods":["BaseMod","Better Note","Halation","Hubris","Minty Spire (QoL Compilation)","Reliquary","Replay The Spire","StSLib"],"gold_per_floor":[109,303,303,29,29,29,29,49,49,49,82,82,103,181,181,302,302,315,298,298,311,311,311,351,351,351,351,276,276,44,44,44,44,44],"floor_reached":33,"language":"ENG","playtime":1345,"items_purged":["ReplayTheSpireMod:Reroute Power"],"score":346,"play_id":"ba40fe26-603c-42ab-b603-2f5233bb135f","local_time":"20210201193758","is_ascension_mode":true,"campfire_choices":[{"data":"Buffer","floor":6,"key":"SMITH"},{"floor":10,"key":"REST"},{"floor":12,"key":"REST"},{"data":"Buffer","floor":15,"key":"SMITH"},{"floor":23,"key":"REST"},{"floor":25,"key":"REST"},{"floor":27,"key":"REST"},{"data":"Fission","floor":32,"key":"SMITH"}],"circlet_count":0,"master_deck":["Zap","Dualcast","All For One","Redo","Defragment","Buffer+1","Buffer+1","Steam","Conserve Battery","Fusion","Fission+1","Meteor Strike","Hyperbeam","Steam Power","Rebound","Glacier","Streamline","Redo","Cold Snap","Loop","Static Discharge"],"relics":["Cracked Core","Oddly Smooth Stone","halation:EternalFortune","Golden Idol","Replay:Ringing Soul","hubris:BallOfYels","reliquary:PurpleTingedLeaf","Pandora\u0027s Box","DataDisk","TungstenRod","reliquary:RosewoodLute","Strange Spoon","Durian"],"acts_visited":["Exordium","TheCity"],"potions_floor_usage":[11,16,16,21,24],"damage_taken":[{"damage":0,"enemies":"Small Slimes","floor":1,"turns":2},{"damage":0,"enemies":"Jaw Worm","floor":8,"turns":4},{"damage":30,"enemies":"3 Sentries","floor":11,"turns":6},{"damage":0,"enemies":"2 Louse","floor":13,"turns":1},{"damage":28,"enemies":"The Guardian","floor":16,"turns":11},{"damage":32,"enemies":"3 Byrds","floor":18,"turns":5},{"damage":22,"enemies":"2 Thieves","floor":19,"turns":4},{"damage":4,"enemies":"Cultist and Chosen","floor":21,"turns":8},{"damage":34,"enemies":"Gremlin Leader","floor":24,"turns":11},{"damage":132,"enemies":"Collector","floor":33,"turns":18}],"seed_played":"-1834116386553454463","potions_obtained":[{"floor":1,"key":"PowerPotion"},{"floor":8,"key":"PotionOfCapacity"},{"floor":13,"key":"Death Potion"},{"floor":19,"key":"Adrenaline Potion"},{"floor":21,"key":"Fire Potion"},{"floor":24,"key":"SteroidPotion"}],"is_trial":false,"path_per_floor":["M","?","?","$","?","R","?","M","T","R","E","R","M","T","R","B",null,"M","M","?","M","?","R","E","R","T","R","?","?","$","T","R","B"],"character_chosen":"DEFECT","items_purchased":["Oddly Smooth Stone","Buffer","Strange Spoon"],"campfire_rested":5,"item_purchase_floors":[4,4,30],"current_hp_per_floor":[75,45,70,70,73,73,54,54,54,77,50,74,77,77,77,55,90,63,44,47,48,48,78,50,81,81,105,105,105,105,110,110,0,0],"gold":44,"neow_bonus":"ONE_RANDOM_RARE_CARD","is_daily":false,"chose_seed":false,"campfire_upgraded":3,"win_rate":0.0,"timestamp":1612226278,"path_taken":["M","?","?","$","?","R","?","M","T","R","E","R","M","?","R","BOSS","M","M","?","?","?","R","E","R","T","R","?","?","$","?","R","BOSS"],"items_purchased_type":["Relic","Card","Relic"],"build_version":"2020-12-22","purchased_purges":1,"victory":false,"max_hp_per_floor":[75,75,75,75,78,78,78,78,78,78,81,81,84,84,84,87,90,93,96,99,102,102,102,105,105,105,105,105,105,105,110,110,110,110],"card_choices":[{"not_picked":["Compile Driver","Scrape"],"picked":"Redo","floor":1},{"not_picked":["BasicCrystalCard","Compile Driver"],"picked":"Defragment","floor":2},{"not_picked":["Rebound","Sweeping Beam"],"picked":"Steam","floor":8},{"not_picked":["Genetic Algorithm","Barrage"],"picked":"Conserve Battery","floor":11},{"not_picked":["Time Bomb","Conserve Battery"],"picked":"Fusion","floor":13},{"not_picked":["hubris:SpecializedCircuitry","Seek"],"picked":"Fission","floor":16},{"not_picked":["Sweeping Beam","Compile Driver"],"picked":"Streamline","floor":18},{"not_picked":["Conserve Battery","Sweeping Beam"],"picked":"Redo","floor":19},{"not_picked":["Genetic Algorithm","Conserve Battery+1"],"picked":"Loop","floor":21},{"not_picked":["BasicCrystalCard","ReplayTheSpireMod:Repulse"],"picked":"Static Discharge","floor":24}],"player_experience":227080,"relics_obtained":[{"floor":9,"key":"Replay:Ringing Soul"},{"floor":11,"key":"hubris:BallOfYels"},{"floor":14,"key":"reliquary:PurpleTingedLeaf"},{"floor":24,"key":"TungstenRod"},{"floor":26,"key":"reliquary:RosewoodLute"},{"floor":31,"key":"Durian"}],"event_choices":[{"damage_healed":25,"gold_gain":0,"player_choice":"Banana","damage_taken":0,"max_hp_gain":0,"max_hp_loss":0,"event_name":"Big Fish","floor":3,"gold_loss":0},{"damage_healed":0,"gold_gain":0,"player_choice":"Take Damage","damage_taken":19,"relics_obtained":["Golden Idol"],"max_hp_gain":0,"max_hp_loss":0,"event_name":"Golden Idol","floor":7,"gold_loss":0},{"damage_healed":0,"gold_gain":0,"cards_transformed":["ReplayTheSpireMod:GoodbyeWorld"],"player_choice":"Transformed","damage_taken":0,"max_hp_gain":0,"max_hp_loss":0,"event_name":"Transmorgrifier","floor":20,"gold_loss":0,"cards_obtained":["Cold Snap"]},{"cards_removed":["hubris:Ukulele"],"damage_healed":0,"gold_gain":0,"player_choice":"Gave Gold","damage_taken":0,"max_hp_gain":0,"max_hp_loss":0,"event_name":"Beggar","floor":28,"gold_loss":75},{"damage_healed":0,"gold_gain":0,"player_choice":"Ignored","damage_taken":0,"max_hp_gain":0,"max_hp_loss":0,"event_name":"Cursed Tome","floor":29,"gold_loss":0}],"is_beta":false,"boss_relics":[{"not_picked":["halation:ForbiddenBikini","reliquary:KinkedSpring"],"picked":"Pandora\u0027s Box"}],"items_purged_floors":[30],"is_endless":false,"potions_floor_spawned":[1,8,13,19,21,24],"killed_by":"Collector","ascension_level":3}}