{"host":"bakf0s4odzu8z5xt","time":1612300502,"event":{"mods":["2.2 Compatiblity","BaseMod","Downfall","Friendly Minions","Minty Spire (QoL Compilation)","StSLib"],"gold_per_floor":[99,109,125,125,142,142,142,162,174,193,220,233,233,2,19,122,122,122,141,158,178,195,195,195,206,206,206,206,7,7,37,52,52,52,52],"floor_reached":33,"language":"ENG","playtime":2991,"items_purged":["champ:GutPunch"],"score":298,"play_id":"ad706057-3913-4b9b-807e-b6bf3a6f037d","local_time":"20210202151502","is_ascension_mode":false,"campfire_choices":[{"data":"champ:Taunt","floor":1,"key":"SMITH"},{"data":"champ:FlashCut","floor":6,"key":"SMITH"},{"data":"champ:Haymaker","floor":13,"key":"SMITH"},{"data":"champ:BladeFlurry","floor":18,"key":"SMITH"},{"data":"champ:DefensiveShout","floor":23,"key":"SMITH"},{"data":"champ:ShieldWall","floor":28,"key":"SMITH"},{"data":"champ:ShieldWall","floor":30,"key":"SMITH"}],"circlet_count":0,"master_deck":["champ:Strike","champ:Strike","champ:Strike","champ:Strike","champ:Defend","champ:Defend","champ:Defend","champ:Defend","champ:Execute","champ:Taunt+1","champ:BladeFlurry+1","champ:FlashCut+1","champ:Haymaker+1","champ:PreemptiveStrike","champ:ShieldWall+1","champ:ShieldWall+1","champ:StanceDance","champ:EnchantSword","champ:DefensiveShout+1","champ:CalledShot","champ:DefensiveStyle+1","champ:SetATrap","champ:ShieldWall+1","champ:Parry","champ:FlashCut"],"relics":["Snecko Eye","HornCleat","hexamod:CandleOfCauterizing","Membership Card","Philosopher\u0027s Stone","Pantograph","Nilry\u0027s Codex","DollysMirror","Bag of Preparation","Ornamental Fan"],"acts_visited":["Exordium","TheCity"],"potions_floor_usage":[11,12,19,20,33,33,33],"damage_taken":[{"damage":10,"enemies":"Jaw Worm","floor":2,"turns":3},{"damage":10,"enemies":"Small Slimes","floor":3,"turns":3},{"damage":10,"enemies":"2 Louse","floor":5,"turns":1},{"damage":13,"enemies":"Red Slaver","floor":8,"turns":3},{"damage":10,"enemies":"Gremlin Gang","floor":9,"turns":3},{"damage":6,"enemies":"Red Slaver","floor":10,"turns":4},{"damage":20,"enemies":"Gremlin Nob","floor":11,"turns":3},{"damage":0,"enemies":"Exordium Wildlife","floor":12,"turns":4},{"damage":0,"enemies":"downfall:FleeingMerchant","floor":14,"turns":4},{"damage":0,"enemies":"Red Slaver","floor":15,"turns":2},{"damage":24,"enemies":"SI_SHIV_ARCHETYPE","floor":16,"turns":6},{"damage":20,"enemies":"Spheric Guardian","floor":19,"turns":3},{"damage":32,"enemies":"3 Byrds","floor":20,"turns":5},{"damage":15,"enemies":"Snake Plant","floor":21,"turns":3},{"damage":10,"enemies":"Snecko","floor":22,"turns":3},{"damage":20,"enemies":"3 Cultists","floor":25,"turns":3},{"damage":5,"enemies":"downfall:FleeingMerchant","floor":29,"turns":4},{"damage":47,"enemies":"Slavers","floor":31,"turns":5},{"damage":0,"enemies":"Shelled Parasite and Fungi","floor":32,"turns":3},{"damage":60,"enemies":"DF_ARCHETYPE_CLAW","floor":33,"turns":6}],"seed_played":"6907741351084534435","potions_obtained":[{"floor":2,"key":"FearPotion"},{"floor":11,"key":"SteroidPotion"},{"floor":12,"key":"bronze:BurnAndBuffPotion"},{"floor":15,"key":"SteroidPotion"},{"floor":25,"key":"SpeedPotion"},{"floor":31,"key":"ColorlessPotion"}],"is_trial":false,"path_per_floor":["R","M","M","?","M","R","T","M","M","M","E","M","R","$","M","B",null,"R","M","M","M","M","R","T","M","?","?","R","$","R","E","M","B"],"character_chosen":"THE_CHAMP","items_purchased":["Membership Card","champ:ShieldWall","Dexterity Potion","DollysMirror","Bag of Preparation"],"campfire_rested":0,"item_purchase_floors":[14,14,14,29,29],"current_hp_per_floor":[90,90,90,90,90,90,90,87,87,81,81,81,81,81,81,62,90,90,90,83,83,83,83,83,83,83,67,67,67,67,30,30,0,0,0],"gold":52,"neow_bonus":"BOSS_RELIC","is_daily":false,"chose_seed":false,"campfire_upgraded":7,"win_rate":0.0,"timestamp":1612300502,"path_taken":["R","M","M","?","M","R","T","M","M","M","E","M","R","$","M","BOSS","R","M","M","M","M","R","T","M","?","?","R","$","R","E","M","BOSS"],"items_purchased_type":["Relic","Card","Potion","Relic","Relic"],"build_version":"2020-12-22","purchased_purges":1,"victory":false,"max_hp_per_floor":[90,90,90,90,90,90,90,90,90,90,90,90,90,90,90,90,90,90,90,90,90,90,90,90,90,90,90,90,90,90,90,90,90,90,90],"card_choices":[{"not_picked":["champ:SkillfulDodge","champ:CrownThrow"],"picked":"champ:BladeFlurry","floor":2},{"not_picked":["champ:BerserkerStyle","champ:GutPunch"],"picked":"champ:FlashCut","floor":3},{"not_picked":["champ:SwordSigil","champ:EnragedBash","champ:FanOfKnives"],"picked":"SKIP","floor":5},{"not_picked":["champ:Encircle","champ:AdrenalArmor","champ:ViciousMockery"],"picked":"SKIP","floor":8},{"not_picked":["champ:AdrenalArmor","champ:IronFortress"],"picked":"champ:GutPunch","floor":9},{"not_picked":["champ:Parry","champ:DancingMaster","champ:Shatter"],"picked":"SKIP","floor":10},{"not_picked":["champ:Parry","champ:DancingMaster","champ:Shatter"],"picked":"SKIP","floor":10},{"not_picked":["champ:PreemptiveStrike","champ:BerserkersShout"],"picked":"champ:Haymaker","floor":11},{"not_picked":["champ:DeathBlow","champ:ArenaPreparation"],"picked":"champ:PreemptiveStrike","floor":12},{"not_picked":["champ:DancingMaster","champ:TornadoPunch"],"picked":"champ:ShieldWall","floor":14},{"not_picked":["champ:ViciousMockery","champ:PreciseThrust"],"picked":"champ:StanceDance","floor":15},{"not_picked":["champ:EnchantCrown","champ:DancingMaster"],"picked":"champ:EnchantSword","floor":16},{"not_picked":["champ:FocusedBerserking","champ:AdrenalArmor+1","champ:Shatter+1"],"picked":"SKIP","floor":19},{"not_picked":["champ:Shatter","champ:BerserkersShout"],"picked":"champ:DefensiveShout","floor":20},{"not_picked":["champ:GutPunch+1","champ:Backstep"],"picked":"champ:CalledShot","floor":21},{"not_picked":["champ:HeartStrike","champ:BringItOn","champ:SwordSigil"],"picked":"SKIP","floor":22},{"not_picked":["champ:CrookedStrike","champ:SwordSigil"],"picked":"champ:DefensiveStyle+1","floor":25},{"not_picked":["champ:PerfectedStrike","champ:HeavySlash"],"picked":"champ:SetATrap","floor":29},{"not_picked":["champ:BerserkerStyle","champ:PerfectedStrike"],"picked":"champ:Parry","floor":31},{"not_picked":["champ:CrownThrow","champ:FancyFootwork+1"],"picked":"champ:FlashCut","floor":32}],"player_experience":2060140,"relics_obtained":[{"floor":7,"key":"HornCleat"},{"floor":11,"key":"hexamod:CandleOfCauterizing"},{"floor":24,"key":"Pantograph"},{"floor":27,"key":"Nilry\u0027s Codex"},{"floor":31,"key":"Ornamental Fan"}],"event_choices":[{"damage_healed":0,"gold_gain":0,"player_choice":"Ignored","damage_taken":0,"max_hp_gain":0,"max_hp_loss":0,"event_name":"Ghosts","floor":26,"gold_loss":0}],"is_beta":false,"boss_relics":[{"not_picked":["Velvet Choker","bronze:MakeshiftBattery"],"picked":"Philosopher\u0027s Stone"}],"items_purged_floors":[29],"is_endless":false,"potions_floor_spawned":[2,11,12,15,25,31,32],"killed_by":"DF_ARCHETYPE_CLAW","ascension_level":0}}