{"host":"sbes2ysx244eovb1","time":1612267740,"event":{"mods":["Act Like it!","Aspiration","BaseMod","BetterRewards","Colored Map","Colored Powertips","Hallownest","Hubris","KomeijiMod","Minty Spire (QoL Compilation)","Quick Restart","StSLib","SuperFastMode","The Bug Knight"],"gold_per_floor":[119,44,244,144,174,306,12,12,37,200,232,232,232,246,246,351,351,368,368,203,203,203,234,234,265,311,323,335,360,372,410,422,537,549,574,586,612,624,636,676,688,713,725,737,807,819,831,878,890,902],"floor_reached":51,"language":"ENG","playtime":2188,"items_purged":["Pride"],"score":1324,"play_id":"760735e4-644c-4440-b53b-b0d9ab10a5ba","local_time":"20210202190900","is_ascension_mode":true,"campfire_choices":[{"data":"HollowMod:FocusHealStart","floor":8.0,"key":"SMITH"},{"data":"HollowMod:PogoStrike","floor":15,"key":"SMITH"},{"data":"HollowMod:NailStrikeStart","floor":24,"key":"SMITH"},{"data":"HollowMod:NailStrikeStart","floor":28,"key":"SMITH"},{"data":"HollowMod:NailStrikeStart","floor":32,"key":"SMITH"},{"data":"HollowMod:NailStrikeStart","floor":41,"key":"SMITH"},{"floor":49,"key":"DIG"}],"circlet_count":1,"master_deck":["HollowMod:NailStrikeStart+1","HollowMod:NailStrikeStart+1","HollowMod:NailStrikeStart+1","HollowMod:NailStrikeStart+1","HollowMod:QuickDashStart","HollowMod:QuickDashStart","HollowMod:QuickDashStart","HollowMod:FocusHealStart+1","HollowMod:PogoStrike+1","HollowMod:Grubsong+1","HollowMod:MawleksShell+1","Panache+1","HollowMod:SoulSplash+1","Hallownest:skillGreenpathMap+1","HollowMod:NewLastStag+1","HollowMod:RecoilStrike+1","HollowMod:ShapeofUnn+1","HollowMod:CloakDash+1","CurseOfTheBell","HollowMod:Grubsong+1","HollowMod:InfectedAttack+1","Hallownest:attackPureNailEdge+1","HollowMod:NewInfectedGuardian+1","HollowMod:SharpenedNail+1","hubris:DuctTapeCard","HollowMod:DashSlash+1","hubris:NaturalOne","HollowMod:MantisMark+1","HollowMod:SoulEater+1","HollowMod:QuickDashStart+1","HollowMod:QuickDashStart+1","HollowMod:HerrahsAnger+1","HollowMod:BrokenVessel+1","HollowMod:SiblingsSouls+1","HollowMod:MothsMistake+1","HollowMod:FastStrike+1","HollowMod:VengefulSpirit+1","hubris:DuctTapeCard"],"relics":["HollowMod:VesselMask","Juzu Bracelet","Mummified Hand","Toxic Egg 2","Molten Egg 2","Frozen Egg 2","aspiration:StickyExplosives_weak","aspiration:Nostalgia","PureWater","Lantern","hubris:MedicalManual","HollowMod:PaleOreRelic","hubris:CuriousFeather","Akabeko","JyouHari","hubris:Icosahedron","Regal Pillow","Kunai","HoshigumaDish","Chemical X","PreservedInsect","Anchor","Bag of Preparation","Hallownest:DreamNailRelic","Circlet","Calling Bell","hubris:TenFootPole","hubris:SphereOfDissonance","Turnip","hubris:Towel","Boot","Potion Belt","MawBank","hubris:DuctTape","Vajra","Runic Dome","Hallownest:KingsIdolRelic","hubris:Potato","hubris:DeckOfHolding","Shovel","hubris:EvacipatedBox","hubris:FruitBowl","Shuriken","Ginger","hubris:MysteriousPyramids","hubris:DuctTape"],"acts_visited":["Exordium","Hallownest:Greenpath","Hallownest:CityofTears"],"potions_floor_usage":[],"damage_taken":[{"damage":1.0,"enemies":"Hallownest:2_Baldur","floor":1.0,"turns":2.0},{"damage":17.0,"enemies":"Hallownest:eliteCrystalGuardian","floor":5.0,"turns":3.0},{"damage":0.0,"enemies":"Hallownest:eliteMossKnight","floor":6.0,"turns":2.0},{"damage":0,"enemies":"Hallownest:eliteCrystalGuardian","floor":11,"turns":2},{"damage":0,"enemies":"Hallownest:monsterHuskGuard","floor":14,"turns":1},{"damage":27,"enemies":"Hallownest:BossFalseKnight","floor":16,"turns":4},{"damage":0,"enemies":"Hallownest:Guard_and_Sentry","floor":18,"turns":2},{"damage":0,"enemies":"Hallownest:eliteSoulWarrior","floor":23,"turns":2},{"damage":24,"enemies":"Hallownest:eliteWatcherKnight","floor":25,"turns":7},{"damage":2,"enemies":"Hallownest:Flukemon_and_Top","floor":29,"turns":3},{"damage":4,"enemies":"Hallownest:Nosk","floor":31,"turns":3},{"damage":27,"enemies":"Hallownest:BossGrimm","floor":33,"turns":4},{"damage":28,"enemies":"Hallownest:2_Littles","floor":35,"turns":4},{"damage":0,"enemies":"Hallownest:Shield_Heavy","floor":37,"turns":2},{"damage":13,"enemies":"Hallownest:StalkingDevout","floor":40,"turns":3},{"damage":0,"enemies":"Hallownest:monsterPrimalAspid","floor":42,"turns":2},{"damage":130,"enemies":"Hallownest:2_Primals","floor":45,"turns":4},{"damage":1,"enemies":"Hallownest:eliteHiveKnight","floor":48,"turns":3},{"damage":72,"enemies":"Hallownest:Radiance","floor":50,"turns":5}],"seed_played":"-1358947939672039185","potions_obtained":[{"floor":1.0,"key":"Weak Potion"},{"floor":11,"key":"Dexterity Potion"},{"floor":16,"key":"SkillPotion"},{"floor":18,"key":"DistilledChaos"},{"floor":40,"key":"CalmPotion"}],"is_trial":false,"path_per_floor":["M","?","?","?","?","E","$","R","T","?","E","?","?","M","R","B",null,"M","?","$","?","?","E","R","E","T","?","R","M","?","E","R","B",null,"M","?","M","?","?","E","R","M","T","?","?","?","$","E","R","B",null],"character_chosen":"THE_BUGKNIGHT","items_purchased":["aspiration:StickyExplosives_weak","aspiration:Nostalgia","Lantern","HollowMod:PaleOreRelic","Akabeko","HoshigumaDish","Chemical X","HollowMod:MantisMark+1","HollowMod:Grubsong+1","HollowMod:InfectedAttack+1","hubris:EvacipatedBox","hubris:FruitBowl","Shuriken","Ginger"],"campfire_rested":0,"item_purchase_floors":[0,0,0,0,0,7,7,20,20,20,47,47,47,47],"current_hp_per_floor":[74,74,74,74,75,75,75,75,75,75,75,75,75,75,75,64,75,75,75,75,75,75,75,75,75,75,75,75,73,75,71,71,44,75,75,75,75,75,75,62,62,68,68,71,75,75,1,74,74,75],"gold":914,"neow_bonus":"","is_daily":false,"chose_seed":false,"campfire_upgraded":6,"win_rate":0.0,"timestamp":1612267740,"path_taken":["M","?","?","?","?","E","?","R","T","?","E","?","?","M","R","BOSS","M","?","?","?","?","E","R","E","T","?","R","M","?","E","R","BOSS","M","?","M","?","?","E","R","M","T","?","?","?","?","E","R","BOSS"],"items_purchased_type":["Relic","Relic","Relic","Relic","Relic","Relic","Relic","Card","Card","Card","Relic","Relic","Relic","Relic"],"build_version":"2020-12-22","purchased_purges":1,"victory":true,"max_hp_per_floor":[75,75,75,75,75,75,75,75,75,75,75,75,75,75,75,75,75,75,75,75,75,75,75,75,75,75,75,75,75,75,75,75,75,75,75,75,75,75,75,75,75,75,75,75,75,75,75,75,75,75],"card_choices":[{"not_picked":["HollowMod:CrystalDash+1","HollowMod:HowlingWraiths+1"],"picked":"HollowMod:SoulSplash+1","floor":1.0},{"not_picked":["HollowMod:DesolateDive+1","HollowMod:DashSlash+1"],"picked":"HollowMod:RecoilStrike+1","floor":5.0},{"not_picked":["HollowMod:SoulStrike+1","HollowMod:FastStrike+1"],"picked":"HollowMod:ShapeofUnn+1","floor":6.0},{"not_picked":["HollowMod:SoulStrike+1","HollowMod:theNailsmith+1"],"picked":"HollowMod:AwokenDreamNail+1","floor":11},{"not_picked":["HollowMod:WraithStrike+1","HollowMod:VengefulVoid+1"],"picked":"HollowMod:CloakDash+1","floor":14},{"not_picked":["HollowMod:Hiveblood+1","HollowMod:ZotesMagnificence+1"],"picked":"HollowMod:SlysStrikes+1","floor":16},{"not_picked":["HollowMod:CornifersMapStart+1","HollowMod:DashSlash+1"],"picked":"HollowMod:HuntersJournal+1","floor":18},{"not_picked":["HollowMod:DoubleDash+1","HollowMod:SharpenedNail+1"],"picked":"HollowMod:NewInfectedGuardian+1","floor":23},{"not_picked":["HollowMod:DungDefenderAura+1","HollowMod:HeavyBlow+1"],"picked":"HollowMod:SharpenedNail+1","floor":25},{"not_picked":["HollowMod:CloakDash+1","HollowMod:DoubleDash+1"],"picked":"HollowMod:DashSlash+1","floor":29},{"not_picked":["HollowMod:SharpenedNail+1","HollowMod:FallenFury+1"],"picked":"HollowMod:MantisMark+1","floor":31},{"not_picked":["HollowMod:ElderbugsWisdom+1","HollowMod:Hiveblood+1"],"picked":"HollowMod:SlysStrikes+1","floor":33},{"not_picked":["HollowMod:GoodIntentions+1","HollowMod:MonarchWings+1"],"picked":"HollowMod:SoulEater+1","floor":35},{"not_picked":["HollowMod:GoodIntentions+1","HollowMod:DungDefenderAura+1"],"picked":"HollowMod:HerrahsAnger+1","floor":37},{"not_picked":["HollowMod:CycloneSlash+1","HollowMod:FallenFury+1"],"picked":"HollowMod:BrokenVessel+1","floor":40},{"not_picked":["HollowMod:SharpenedNail+1","HollowMod:DoubleDash+1"],"picked":"HollowMod:SiblingsSouls+1","floor":42},{"not_picked":["HollowMod:SoulStrike+1","HollowMod:WraithStrike+1"],"picked":"HollowMod:FastStrike+1","floor":45},{"not_picked":["HollowMod:QuirrelsAssistance+1","HollowMod:BlackTendrils+1"],"picked":"HollowMod:VengefulSpirit+1","floor":48}],"player_experience":223505,"relics_obtained":[{"floor":5.0,"key":"Regal Pillow"},{"floor":6.0,"key":"Kunai"},{"floor":9.0,"key":"PreservedInsect"},{"floor":11,"key":"Bag of Preparation"},{"floor":17,"key":"hubris:TenFootPole"},{"floor":17,"key":"hubris:SphereOfDissonance"},{"floor":17,"key":"Turnip"},{"floor":23,"key":"Boot"},{"floor":25,"key":"Potion Belt"},{"floor":26,"key":"MawBank"},{"floor":31,"key":"Vajra"},{"floor":40,"key":"hubris:Potato"},{"floor":43,"key":"hubris:DeckOfHolding"},{"floor":45,"key":"Shovel"},{"floor":48,"key":"hubris:MysteriousPyramids"},{"floor":49,"key":"hubris:DuctTape"}],"event_choices":[],"is_beta":false,"boss_relics":[{"not_picked":["Tiny House","Cursed Key"],"picked":"Calling Bell"},{"not_picked":["Busted Crown","aspiration:PoetsPen_weak"],"picked":"Runic Dome"}],"items_purged_floors":[47],"is_endless":false,"potions_floor_spawned":[1,11,16,18,23,40,45],"ascension_level":3}}