{"host":"ow66nzv2xecjoor3","time":1612234026,"event":{"mods":["BaseMod","Bestiary","Block Reminder","Colored Powertips","Curses Come First","Highlight Path","Keyboard Shortcuts","Minty Spire (QoL Compilation)","Permanent Neow","Relic Stats","StSLib","UnlockEverythingMod"],"gold_per_floor":[110,124,136,154,154,154,186,186,256,256,256],"floor_reached":10,"language":"ENG","playtime":269,"items_purged":[],"score":136,"play_id":"71c317d3-389a-420c-9a68-b7196b0f2184","local_time":"20210201204706","is_ascension_mode":true,"campfire_choices":[{"floor":6,"key":"REST"},{"data":"Strike_B","floor":8,"key":"PURGE"}],"circlet_count":0,"master_deck":["AscendersBane","Strike_B","Strike_B","Strike_B","Defend_B","Defend_B","Defend_B","Defend_B","Zap","Dualcast","Reinforced Body","Sweeping Beam","Rip and Tear","Defragment","Chaos"],"relics":["Fusion Hammer","Peace Pipe","Letter Opener"],"acts_visited":["Exordium"],"potions_floor_usage":[7],"damage_taken":[{"damage":9,"enemies":"Jaw Worm","floor":1,"turns":4},{"damage":0,"enemies":"2 Louse","floor":2,"turns":2},{"damage":1,"enemies":"Cultist","floor":3,"turns":4},{"damage":4,"enemies":"Exordium Wildlife","floor":4,"turns":4},{"damage":13,"enemies":"3 Sentries","floor":7,"turns":7},{"damage":71,"enemies":"Gremlin Nob","floor":10,"turns":5}],"seed_played":"6815861684811212578","potions_obtained":[{"floor":1,"key":"Fire Potion"},{"floor":3,"key":"PotionOfCapacity"}],"is_trial":false,"path_per_floor":["M","M","M","M","?","R","E","R","T","E"],"character_chosen":"DEFECT","items_purchased":[],"campfire_rested":1,"item_purchase_floors":[],"current_hp_per_floor":[55,55,54,50,50,71,58,58,58,0,0],"gold":256,"neow_bonus":"BOSS_RELIC","is_daily":false,"chose_seed":false,"campfire_upgraded":0,"win_rate":0.0,"timestamp":1612234026,"path_taken":["M","M","M","M","?","R","E","R","T","E"],"items_purchased_type":[],"build_version":"2020-12-22","purchased_purges":0,"victory":false,"max_hp_per_floor":[71,71,71,71,71,71,71,71,71,71,71],"relic_stats":{"Peace Pipe":1,"counters":[6,26],"Letter Opener":[0],"obtain_stats":[{"Peace Pipe":7,"Fusion Hammer":0,"Letter Opener":9,"Cracked Core":0},{"Peace Pipe":5,"Fusion Hammer":0,"Letter Opener":5,"Cracked Core":0},{"Peace Pipe":21,"Fusion Hammer":0,"Letter Opener":21,"Cracked Core":0}]},"card_choices":[{"not_picked":["Stack","Leap"],"picked":"Reinforced Body","floor":1},{"not_picked":["Ball Lightning","Rebound"],"picked":"Sweeping Beam","floor":2},{"not_picked":["Heatsinks","Self Repair"],"picked":"Rip and Tear","floor":3},{"not_picked":["Beam Cell","Lockon"],"picked":"Defragment","floor":4},{"not_picked":["Undo","Conserve Battery"],"picked":"Chaos","floor":7}],"player_experience":2811455,"relics_obtained":[{"floor":7,"key":"Peace Pipe"},{"floor":9,"key":"Letter Opener"}],"event_choices":[{"damage_healed":0,"gold_gain":0,"player_choice":"Ignored","damage_taken":0,"max_hp_gain":0,"max_hp_loss":0,"event_name":"Liars Game","floor":5,"gold_loss":0}],"is_beta":false,"boss_relics":[],"items_purged_floors":[],"is_endless":false,"potions_floor_spawned":[1,3],"killed_by":"Gremlin Nob","ascension_level":20}}