{"host":"bq4pt811tk9yrmjl","time":1612281512,"event":{"mods":["AchievementEnabler","BaseMod","Colored Map","Colored Powertips","Defuse TimeMaze Blight","Hermit","Minty Spire (QoL Compilation)","Smile Girya","StSLib","SuperFastMode"],"gold_per_floor":[113,388,406,425,501,501,517,552,629,629,629,644,658,357,357,460,460,479,479,479,91,91,126,126,145,145,145,164,196,45,45,45,143,143,154,154,80,0,11,11,41,41,86,86,102,112,112,123,123,123,123,123,71,71,71],"floor_reached":54,"language":"ENG","playtime":1038,"items_purged":[],"score":737,"play_id":"a3cbb81a-bea3-471e-b7fb-aaf561918bd9","local_time":"20210202135832","is_ascension_mode":true,"campfire_choices":[{"data":"hermit:Shortfuse","floor":6.0,"key":"SMITH"},{"data":"hermit:Snapshot","floor":10.0,"key":"SMITH"},{"data":"hermit:Covet","floor":15.0,"key":"SMITH"},{"floor":24.0,"key":"RECALL"},{"floor":27.0,"key":"REST"},{"floor":32.0,"key":"REST"},{"data":"hermit:Maintenance","floor":40.0,"key":"SMITH"},{"floor":42.0,"key":"REST"},{"data":"Madness","floor":44.0,"key":"SMITH"},{"floor":49.0,"key":"REST"},{"data":"Madness","floor":52.0,"key":"SMITH"}],"circlet_count":0,"master_deck":["hermit:Strike_Hermit","hermit:Strike_Hermit","hermit:Strike_Hermit+1","hermit:Strike_Hermit","hermit:Defend_Hermit","hermit:Defend_Hermit","hermit:Defend_Hermit","hermit:Defend_Hermit","hermit:Snapshot+1","hermit:Covet+1","hermit:Shortfuse+1","hermit:BodyArmor+1","hermit:Maintenance+1","hermit:CalledShot+1","hermit:RoundhouseKick+1","hermit:Dive+1","Madness+1","Madness+1","hermit:Maintenance+1","hermit:HighCaliber+1","Pain","hermit:Glare+1","Normality","hermit:Showdown"],"relics":["hermit:Momento","NeowsBlessing","Incense Burner","Orichalcum","Lee\u0027s Waffle","Bronze Scales","Empty Cage","Medical Kit","Kunai","Question Card","Bag of Marbles","MealTicket","Mercury Hourglass","OrangePellets","MutagenicStrength","Cursed Key","Red Mask","Whetstone","Oddly Smooth Stone","hermit:Horseshoe"],"acts_visited":["Exordium","TheCity","TheBeyond","TheEnding"],"potions_floor_usage":[54],"damage_taken":[{"damage":0.0,"enemies":"Small Slimes","floor":1.0,"turns":1.0},{"damage":0.0,"enemies":"Cultist","floor":3.0,"turns":1.0},{"damage":0.0,"enemies":"2 Louse","floor":4.0,"turns":1.0},{"damage":0.0,"enemies":"Blue Slaver","floor":7.0,"turns":1.0},{"damage":16.0,"enemies":"3 Sentries","floor":8.0,"turns":6.0},{"damage":11.0,"enemies":"Red Slaver","floor":12.0,"turns":4.0},{"damage":0.0,"enemies":"Looter","floor":13.0,"turns":2.0},{"damage":56.0,"enemies":"Hexaghost","floor":16.0,"turns":9.0},{"damage":8.0,"enemies":"Shell Parasite","floor":18.0,"turns":4.0},{"damage":36.0,"enemies":"Slavers","floor":23.0,"turns":6.0},{"damage":5.0,"enemies":"2 Thieves","floor":25.0,"turns":4.0},{"damage":9.0,"enemies":"Cultist and Chosen","floor":28.0,"turns":5.0},{"damage":12.0,"enemies":"Gremlin Leader","floor":29.0,"turns":10.0},{"damage":39.0,"enemies":"Collector","floor":33.0,"turns":14.0},{"damage":0.0,"enemies":"3 Darklings","floor":35.0,"turns":7.0},{"damage":0.0,"enemies":"Orb Walker","floor":39.0,"turns":3.0},{"damage":20.0,"enemies":"Giant Head","floor":41.0,"turns":10.0},{"damage":34.0,"enemies":"Maw","floor":45.0,"turns":8.0},{"damage":0.0,"enemies":"3 Darklings","floor":46.0,"turns":4.0},{"damage":0.0,"enemies":"4 Shapes","floor":48.0,"turns":8.0},{"damage":49.0,"enemies":"Awakened One","floor":50.0,"turns":16.0},{"damage":0,"enemies":"Shield and Spear","floor":54,"turns":1}],"seed_played":"-1683040211835542659","potions_obtained":[{"floor":1.0,"key":"SteroidPotion"},{"floor":8.0,"key":"Dexterity Potion"},{"floor":23.0,"key":"SneckoOil"},{"floor":28.0,"key":"SpeedPotion"},{"floor":41.0,"key":"Ancient Potion"},{"floor":45.0,"key":"DistilledChaos"}],"is_trial":false,"path_per_floor":["M","?","M","M","?","R","M","E","T","R","T","M","M","$","R","B",null,"M","?","?","$","T","E","R","M","T","R","M","E","$","?","R","B",null,"M","?","$","?","M","R","E","R","T","R","M","M","T","M","R","B",null,"R","$","E"],"character_chosen":"HERMIT","items_purchased":["Lee\u0027s Waffle","Bronze Scales","Medical Kit","Kunai","OrangePellets","hermit:Maintenance","PowerPotion"],"campfire_rested":4,"item_purchase_floors":[14,14,21,21,30,37,53],"current_hp_per_floor":[75,75,75,75,75,75,75,59,59,59,59,48,48,82,82,26,82,74,74,74,74,74,38,38,33,33,57,48,36,51,51,75,36,82,82,72,82,82,82,82,62,82,82,82,48,48,48,48,72,23,82,82,82,82,82],"gold":71,"neow_bonus":"THREE_ENEMY_KILL","is_daily":false,"chose_seed":false,"campfire_upgraded":6,"win_rate":0.0,"timestamp":1612281512,"path_taken":["M","?","?","?","?","R","M","E","T","R","?","?","M","$","R","BOSS","M","?","?","$","?","E","R","M","T","R","M","E","$","?","R","BOSS","M","?","$","?","M","R","E","R","T","R","M","M","?","M","R","BOSS","R","$","E"],"items_purchased_type":["Relic","Relic","Relic","Relic","Relic","Card","Potion"],"build_version":"2020-12-22","purchased_purges":0,"victory":false,"max_hp_per_floor":[75,75,75,75,75,75,75,75,75,75,75,75,75,82,82,82,82,82,82,82,82,82,82,82,82,82,82,82,82,82,82,82,82,82,82,82,82,82,82,82,82,82,82,82,82,82,82,82,82,82,82,82,82,82,82],"card_choices":[{"not_picked":["hermit:LoneWolf","hermit:Grudge","hermit:Vantage"],"picked":"SKIP","floor":1.0},{"not_picked":["hermit:BodyArmor","hermit:ItchyTrigger"],"picked":"hermit:Shortfuse","floor":3.0},{"not_picked":["hermit:Snipe","hermit:LowProfile","hermit:Desperado"],"picked":"SKIP","floor":4.0},{"not_picked":["hermit:Feint","hermit:LowProfile","hermit:Quickdraw"],"picked":"SKIP","floor":7.0},{"not_picked":["hermit:Brawl","hermit:Magnum","hermit:Dive"],"picked":"SKIP","floor":8.0},{"not_picked":["hermit:Glare","hermit:Horror","hermit:Malice"],"picked":"SKIP","floor":12.0},{"not_picked":["hermit:Quickdraw","hermit:Snipe","hermit:BodyArmor"],"picked":"SKIP","floor":13.0},{"not_picked":["hermit:Roughhouse","hermit:Magnum"],"picked":"hermit:RoundhouseKick","floor":16.0},{"not_picked":["hermit:Determination","hermit:DeadMansHand","hermit:LowProfile"],"picked":"SKIP","floor":18.0},{"not_picked":["hermit:PistolWhip+1","hermit:LowProfile","hermit:Desperado"],"picked":"hermit:BodyArmor+1","floor":23.0},{"not_picked":["hermit:Glare+1","hermit:FlashPowder","hermit:Cheat"],"picked":"hermit:Maintenance+1","floor":25.0},{"not_picked":["hermit:Virtue+1","hermit:Brawl+1","hermit:Scavenge","hermit:LuckOfTheDraw"],"picked":"SKIP","floor":28.0},{"not_picked":["hermit:BodyArmor","hermit:FinalCanter","hermit:Combo"],"picked":"hermit:CalledShot+1","floor":29.0},{"not_picked":["hermit:Purgatory","hermit:DeadOrAlive","hermit:Adapt"],"picked":"hermit:RoundhouseKick","floor":33.0},{"not_picked":["hermit:Enervate+1","hermit:LuckOfTheDraw","hermit:Showdown"],"picked":"hermit:Dive+1","floor":35.0},{"not_picked":["hermit:Cheat+1","hermit:TrackingShot+1","hermit:EternalForm"],"picked":"hermit:HighCaliber+1","floor":39.0},{"not_picked":["hermit:SprayPray+1","hermit:TakeCover","hermit:Vantage","hermit:TakeAim+1"],"picked":"SKIP","floor":41.0},{"not_picked":["hermit:Desperado","hermit:TrackingShot","hermit:Roulette"],"picked":"hermit:Glare+1","floor":45.0},{"not_picked":["hermit:CalledShot","hermit:Misfire+1","hermit:BigShot+1","hermit:LowProfile"],"picked":"SKIP","floor":46.0},{"not_picked":["hermit:Feint+1","hermit:Headshot+1","hermit:TakeAim+1"],"picked":"hermit:Showdown","floor":48.0}],"player_experience":298758,"relics_obtained":[{"floor":8.0,"key":"Incense Burner"},{"floor":11.0,"key":"Orichalcum"},{"floor":22.0,"key":"Question Card"},{"floor":23.0,"key":"Bag of Marbles"},{"floor":26.0,"key":"MealTicket"},{"floor":29.0,"key":"Mercury Hourglass"},{"floor":41.0,"key":"Whetstone"},{"floor":43.0,"key":"Oddly Smooth Stone"},{"floor":47.0,"key":"hermit:Horseshoe"}],"event_choices":[{"damage_healed":0.0,"max_hp_gain":0.0,"max_hp_loss":0.0,"gold_gain":275.0,"event_name":"Golden Shrine","player_choice":"Desecrate","floor":2.0,"gold_loss":0.0,"damage_taken":0.0,"cards_obtained":["Regret"]},{"damage_healed":0.0,"max_hp_gain":0.0,"max_hp_loss":0.0,"gold_gain":76.0,"event_name":"Golden Wing","player_choice":"Gained Gold","floor":5.0,"gold_loss":0.0,"damage_taken":0.0},{"damage_healed":0.0,"max_hp_gain":0.0,"max_hp_loss":0.0,"gold_gain":0.0,"event_name":"Ghosts","player_choice":"Ignored","floor":19.0,"gold_loss":0.0,"damage_taken":0.0},{"damage_healed":0.0,"max_hp_gain":0.0,"max_hp_loss":0.0,"gold_gain":0.0,"event_name":"Beggar","player_choice":"Ignored","floor":20.0,"gold_loss":0.0,"damage_taken":0.0},{"damage_healed":0.0,"max_hp_gain":0.0,"max_hp_loss":0.0,"gold_gain":0.0,"event_name":"Drug Dealer","player_choice":"Inject Mutagens","floor":31.0,"gold_loss":0.0,"damage_taken":0.0,"relics_obtained":["MutagenicStrength"]},{"damage_healed":0.0,"max_hp_gain":0.0,"max_hp_loss":0.0,"gold_gain":0.0,"event_name":"Winding Halls","player_choice":"Embrace Madness","floor":36.0,"gold_loss":0.0,"damage_taken":10.0,"cards_obtained":["Madness","Madness"]},{"damage_healed":0.0,"max_hp_gain":0.0,"max_hp_loss":0.0,"gold_gain":0.0,"event_name":"Tomb of Lord Red Mask","player_choice":"Paid","floor":38.0,"gold_loss":80.0,"damage_taken":0.0,"relics_obtained":["Red Mask"]}],"is_beta":false,"boss_relics":[{"not_picked":["hermit:ClaspedLocket","Snecko Eye"],"picked":"Empty Cage"},{"not_picked":["Runic Pyramid","Philosopher\u0027s Stone"],"picked":"Cursed Key"}],"items_purged_floors":[],"is_endless":false,"potions_floor_spawned":[1,8,23,28,41,45],"killed_by":"Shield and Spear","ascension_level":1}}