{"host":"jhy70w0yh8dayqay","time":1612257617,"event":{"mods":["AchievementEnabler","BaseMod","Colored Map","Colored Powertips","DeckTracker","Minty Spire (QoL Compilation)","Permanent Neow","SuperFastMode"],"gold_per_floor":[110,121,137,153,8,8,35,51,51,51,151,171,171,186,186,288,288,304,319,319,319],"floor_reached":20,"language":"KOR","playtime":759,"items_purged":[],"score":276,"play_id":"78eda74c-798c-4fcb-a248-9841d2605d17","local_time":"20210202182017","is_ascension_mode":true,"campfire_choices":[{"floor":6,"key":"REST"},{"data":"White Noise","floor":13,"key":"SMITH"},{"floor":15,"key":"REST"}],"circlet_count":0,"master_deck":["AscendersBane","Strike_B","Strike_B","Strike_B","Strike_B","Defend_B","Defend_B","Defend_B","Defend_B","Zap","Dualcast","Seek","Hologram","White Noise+1","Barrage","Cold Snap","Rebound","Gash","Gash","Gash","Electrodynamics","White Noise"],"relics":["Cracked Core","ClockworkSouvenir","Singing Bowl","The Courier","Sozu"],"acts_visited":["Exordium","TheCity"],"potions_floor_usage":[7,16,20],"damage_taken":[{"damage":1.0,"enemies":"Cultist","floor":1.0,"turns":3.0},{"damage":14.0,"enemies":"2 Louse","floor":2.0,"turns":2.0},{"damage":4.0,"enemies":"Small Slimes","floor":3.0,"turns":3.0},{"damage":30,"enemies":"Exordium Thugs","floor":4,"turns":5},{"damage":6,"enemies":"3 Sentries","floor":7,"turns":7},{"damage":11,"enemies":"Large Slime","floor":8,"turns":6},{"damage":1,"enemies":"Looter","floor":12,"turns":3},{"damage":1,"enemies":"2 Fungi Beasts","floor":14,"turns":3},{"damage":23,"enemies":"Hexaghost","floor":16,"turns":8},{"damage":27,"enemies":"Shell Parasite","floor":18,"turns":4},{"damage":1,"enemies":"3 Byrds","floor":19,"turns":3},{"damage":43,"enemies":"Snake Plant","floor":20,"turns":4}],"seed_played":"1373219121803704016","potions_obtained":[{"floor":2.0,"key":"Explosive Potion"},{"floor":12,"key":"PowerPotion"},{"floor":14,"key":"AttackPotion"}],"is_trial":false,"path_per_floor":["M","M","M","M","$","R","E","M","T","?","?","M","R","M","R","B",null,"M","M","M"],"character_chosen":"DEFECT","items_purchased":["ClockworkSouvenir"],"campfire_rested":2,"item_purchase_floors":[5],"current_hp_per_floor":[67,53,49,19,19,41,35,24,24,24,24,23,23,22,44,21,62,37,36,0,0],"gold":319,"neow_bonus":"ONE_RANDOM_RARE_CARD","is_daily":false,"chose_seed":false,"campfire_upgraded":1,"win_rate":0.0,"timestamp":1612257617,"path_taken":["M","M","M","M","$","R","E","M","T","?","?","M","R","M","R","BOSS","M","M","M"],"items_purchased_type":["Relic"],"build_version":"2020-12-22","purchased_purges":0,"victory":false,"max_hp_per_floor":[75,75,75,75,75,75,75,75,75,75,75,75,75,75,75,75,75,77,77,77,77],"card_choices":[{"not_picked":["Loop","Stack"],"picked":"Hologram","floor":1.0},{"not_picked":["Gash","Coolheaded"],"picked":"White Noise","floor":2.0},{"not_picked":["Force Field","Heatsinks"],"picked":"Barrage","floor":3.0},{"not_picked":["Barrage","Redo"],"picked":"Cold Snap","floor":4},{"not_picked":["Rip and Tear","Recycle"],"picked":"Rebound","floor":7},{"not_picked":["Steam","Redo"],"picked":"Gash","floor":8},{"not_picked":["Go for the Eyes","Turbo"],"picked":"Gash","floor":12},{"not_picked":["Static Discharge","Steam Power"],"picked":"Gash","floor":14},{"not_picked":["Thunder Strike","Machine Learning"],"picked":"Electrodynamics","floor":16},{"not_picked":["Redo+1","Recycle","Barrage+1"],"picked":"Singing Bowl","floor":18},{"not_picked":["Heatsinks+1","Gash"],"picked":"White Noise","floor":19}],"player_experience":476300,"relics_obtained":[{"floor":7,"key":"Singing Bowl"},{"floor":9,"key":"The Courier"}],"event_choices":[{"damage_healed":0,"gold_gain":0,"player_choice":"Ignored","damage_taken":0,"max_hp_gain":0,"max_hp_loss":0,"event_name":"Liars Game","floor":10,"gold_loss":0},{"damage_healed":0,"gold_gain":100,"player_choice":"Pray","damage_taken":0,"max_hp_gain":0,"max_hp_loss":0,"event_name":"Golden Shrine","floor":11,"gold_loss":0}],"is_beta":false,"boss_relics":[{"not_picked":["Calling Bell","SacredBark"],"picked":"Sozu"}],"items_purged_floors":[],"is_endless":false,"potions_floor_spawned":[2,12,14],"killed_by":"Snake Plant","ascension_level":11}}