{"host":"nugqxfgozafdbmsu","time":1612308691,"event":{"mods":["BaseMod","Block Reminder","Highlight Path","Minty Spire (QoL Compilation)","Quick Restart","Relic Stats","Unceasing Turn Reminder","everything is the same but u backflip on backflip"],"gold_per_floor":[117,117,117,117,117,161,161,336,363,378,394,394,319,190,190,311,311,330,373,473,489,507,548,402,426,450,471,495,495,495,511,511,631,631,655,988,1007,1229,1240,1240,1240],"floor_reached":40,"language":"ENG","playtime":2849,"items_purged":["Doubt","Strike_B"],"score":456,"play_id":"71ac00e2-aa9e-47f9-a6f9-7fc639f84bf6","local_time":"20210202173131","is_ascension_mode":false,"campfire_choices":[{"data":"Chill","floor":7,"key":"SMITH"},{"data":"Dualcast","floor":12,"key":"SMITH"},{"data":"Blizzard","floor":15,"key":"SMITH"},{"data":"Chill","floor":29,"key":"SMITH"},{"floor":32,"key":"REST"}],"circlet_count":0,"master_deck":["Strike_B","Strike_B","Defend_B","Defend_B","Defend_B","Defend_B","Zap","Dualcast+1","Chill+1","Cold Snap","Coolheaded","Blizzard+1","Conserve Battery","Seek","Chill+1","Cold Snap+1","White Noise+1","Rebound","Heatsinks+1","Fission","Hologram"],"relics":["FrozenCore","NeowsBlessing","Blood Vial","Lizard Tail","Oddly Smooth Stone","Sozu","Red Mask","Kunai","Happy Flower"],"acts_visited":["Exordium","TheCity","TheBeyond"],"potions_floor_usage":[33],"damage_taken":[{"damage":0,"enemies":"Jaw Worm","floor":1,"turns":1},{"damage":0,"enemies":"3 Sentries","floor":6,"turns":1},{"damage":0,"enemies":"Small Slimes","floor":10,"turns":1},{"damage":0,"enemies":"2 Louse","floor":11,"turns":2},{"damage":15,"enemies":"Hexaghost","floor":16,"turns":14},{"damage":11,"enemies":"Shell Parasite","floor":18,"turns":8},{"damage":23,"enemies":"Masked Bandits","floor":19,"turns":7},{"damage":0,"enemies":"Spheric Guardian","floor":21,"turns":4},{"damage":0,"enemies":"Centurion and Healer","floor":22,"turns":8},{"damage":29,"enemies":"Gremlin Leader","floor":23,"turns":8},{"damage":10,"enemies":"Snake Plant","floor":25,"turns":6},{"damage":0,"enemies":"3 Cultists","floor":27,"turns":4},{"damage":0,"enemies":"Shelled Parasite and Fungi","floor":28,"turns":6},{"damage":0,"enemies":"Snake Plant","floor":31,"turns":5},{"damage":47,"enemies":"Automaton","floor":33,"turns":12},{"damage":0,"enemies":"3 Darklings","floor":35,"turns":6},{"damage":27,"enemies":"Orb Walker","floor":37,"turns":6},{"damage":85,"enemies":"Maw","floor":39,"turns":11},{"damage":23,"enemies":"Sphere and 2 Shapes","floor":40,"turns":3}],"seed_played":"-1796661268779702087","potions_obtained":[{"floor":1,"key":"FearPotion"}],"is_trial":false,"path_per_floor":["M","?","?","?","?","E","R","?","T","M","M","R","$","$","R","B",null,"M","?","?","M","M","E","$","M","T","M","M","R","?","M","R","B",null,"M","?","M","?","M","M"],"character_chosen":"DEFECT","items_purchased":["Blizzard","Conserve Battery","Rebound"],"campfire_rested":1,"item_purchase_floors":[14,14,24],"current_hp_per_floor":[75,57,50,55,37,39,39,39,39,41,43,43,43,43,43,30,80,69,48,48,50,52,25,25,17,17,19,21,21,21,23,47,2,80,80,80,53,53,12,0,0],"gold":1240,"neow_bonus":"THREE_ENEMY_KILL","is_daily":false,"chose_seed":false,"campfire_upgraded":4,"win_rate":0.0,"timestamp":1612308691,"path_taken":["M","?","?","?","?","E","R","?","T","?","M","R","?","$","R","BOSS","M","?","?","?","M","E","$","M","T","M","M","R","?","?","R","BOSS","M","?","M","?","M","M"],"items_purchased_type":["Card","Card","Card"],"build_version":"2020-12-22","purchased_purges":2,"victory":false,"max_hp_per_floor":[75,75,75,80,80,80,80,80,80,80,80,80,80,80,80,80,80,80,80,80,80,80,80,80,80,80,80,80,80,80,80,80,80,80,80,80,80,80,80,80,80],"relic_stats":{"Blood Vial":30,"Sozu":7,"Lizard Tail":40,"Happy Flower":[17],"counters":[19,113],"Kunai":[10],"obtain_stats":[{"Blood Vial":5,"Sozu":17,"Lizard Tail":6,"NeowsBlessing":0,"Happy Flower":26,"Golden Idol":2,"Oddly Smooth Stone":9,"Red Mask":19,"Kunai":23,"Cracked Core":0,"FrozenCore":34},{"Blood Vial":1,"Sozu":5,"Lizard Tail":2,"NeowsBlessing":0,"Happy Flower":11,"Golden Idol":1,"Oddly Smooth Stone":2,"Red Mask":7,"Kunai":10,"Cracked Core":0,"FrozenCore":15},{"Blood Vial":1,"Sozu":19,"Lizard Tail":2,"NeowsBlessing":0,"Happy Flower":60,"Golden Idol":1,"Oddly Smooth Stone":2,"Red Mask":34,"Kunai":54,"Cracked Core":0,"FrozenCore":87}],"FrozenCore":[5]},"card_choices":[{"not_picked":["Doom and Gloom","Reinforced Body","Gash"],"picked":"SKIP","floor":1},{"not_picked":["Reprogram","Lockon"],"picked":"Chill","floor":6},{"not_picked":["Doom and Gloom","Compile Driver"],"picked":"Cold Snap","floor":10},{"not_picked":["Beam Cell","Go for the Eyes"],"picked":"Coolheaded","floor":11},{"not_picked":["Reboot","Creative AI"],"picked":"Seek","floor":16},{"not_picked":["Loop","Leap","Ball Lightning"],"picked":"SKIP","floor":18},{"not_picked":["Reprogram","Skim"],"picked":"Chill","floor":19},{"not_picked":["Gash+1","Go for the Eyes"],"picked":"Cold Snap+1","floor":21},{"not_picked":["Beam Cell","Gash","Compile Driver"],"picked":"SKIP","floor":22},{"not_picked":["Tempest","Barrage"],"picked":"White Noise+1","floor":23},{"not_picked":["Steam","Go for the Eyes","Leap+1"],"picked":"SKIP","floor":25},{"not_picked":["Blizzard","Cold Snap"],"picked":"Heatsinks+1","floor":27},{"not_picked":["Biased Cognition","Gash","Compile Driver"],"picked":"SKIP","floor":28},{"not_picked":["Aggregate","Ball Lightning","Sweeping Beam"],"picked":"SKIP","floor":31},{"not_picked":["Rainbow","Thunder Strike"],"picked":"Fission","floor":33},{"not_picked":["Gash","Tempest","Consume"],"picked":"SKIP","floor":35},{"not_picked":["Static Discharge","Rebound","BootSequence"],"picked":"SKIP","floor":37},{"not_picked":["Barrage","Reinforced Body"],"picked":"Hologram","floor":39}],"player_experience":36306,"relics_obtained":[{"floor":6,"key":"Lizard Tail"},{"floor":9,"key":"Oddly Smooth Stone"},{"floor":19,"key":"Red Mask"},{"floor":23,"key":"Kunai"},{"floor":26,"key":"Happy Flower"}],"event_choices":[{"damage_healed":0,"gold_gain":0,"player_choice":"Take Damage","damage_taken":18,"relics_obtained":["Golden Idol"],"max_hp_gain":0,"max_hp_loss":0,"event_name":"Golden Idol","floor":2,"gold_loss":0},{"cards_removed":["Strike_B"],"damage_healed":0,"gold_gain":0,"player_choice":"Card Removal","damage_taken":7,"max_hp_gain":0,"max_hp_loss":0,"event_name":"Golden Wing","floor":3,"gold_loss":0},{"damage_healed":0,"gold_gain":0,"player_choice":"Donut","damage_taken":0,"max_hp_gain":5,"max_hp_loss":0,"event_name":"Big Fish","floor":4,"gold_loss":0},{"damage_healed":0,"gold_gain":0,"player_choice":"Success","damage_taken":18,"relics_obtained":["Blood Vial"],"max_hp_gain":0,"max_hp_loss":0,"event_name":"Scrap Ooze","floor":5,"gold_loss":0},{"damage_healed":0,"gold_gain":175,"player_choice":"AGREE","damage_taken":0,"max_hp_gain":0,"max_hp_loss":0,"event_name":"Liars Game","floor":8,"gold_loss":0,"cards_obtained":["Doubt"]},{"damage_healed":0,"gold_gain":0,"player_choice":"Fought Bandits","damage_taken":0,"max_hp_gain":0,"max_hp_loss":0,"event_name":"Masked Bandits","floor":19,"gold_loss":0},{"damage_healed":0,"gold_gain":100,"player_choice":"Pray","damage_taken":0,"max_hp_gain":0,"max_hp_loss":0,"event_name":"Golden Shrine","floor":20,"gold_loss":0},{"damage_healed":0,"gold_gain":0,"player_choice":"Ignored","damage_taken":0,"max_hp_gain":0,"max_hp_loss":0,"event_name":"NoteForYourself","floor":30,"gold_loss":0},{"damage_healed":0,"gold_gain":333,"player_choice":"Gave Idol","damage_taken":0,"max_hp_gain":0,"max_hp_loss":0,"event_name":"The Moai Head","floor":36,"relics_lost":["Golden Idol"],"gold_loss":0},{"damage_healed":0,"gold_gain":222,"player_choice":"Wore Mask","damage_taken":0,"max_hp_gain":0,"max_hp_loss":0,"event_name":"Tomb of Lord Red Mask","floor":38,"gold_loss":0}],"is_beta":false,"boss_relics":[{"not_picked":["Runic Dome","Philosopher\u0027s Stone"],"picked":"Sozu"},{"not_picked":["Nuclear Battery","Cursed Key"],"picked":"FrozenCore"}],"items_purged_floors":[13,24],"is_endless":false,"potions_floor_spawned":[1,18,23,25,28,31,33,37],"killed_by":"Sphere and 2 Shapes","ascension_level":0}}