{"host":"7nm1ow5v9mg4ehcw","time":1612284081,"event":{"mods":["BaseMod","Minty Spire (QoL Compilation)","Relic Stats","StSLib"],"gold_per_floor":[119,119,119,138,138,138,138,138],"floor_reached":7,"language":"ENG","playtime":229,"items_purged":[],"score":78,"play_id":"aae4c435-f4b2-4622-86eb-d68d82de96af","local_time":"20210202174121","is_ascension_mode":true,"campfire_choices":[{"data":"True Grit","floor":6,"key":"SMITH"}],"circlet_count":0,"master_deck":["AscendersBane","Strike_R","Strike_R","Strike_R","Strike_R","Defend_R","Defend_R","Defend_R","Defend_R","Bash","True Grit+1","Spot Weakness","Shrug It Off","Bash"],"relics":["Burning Blood","Toy Ornithopter","Golden Idol"],"acts_visited":["Exordium"],"potions_floor_usage":[],"damage_taken":[{"damage":8,"enemies":"Small Slimes","floor":1,"turns":4},{"damage":4,"enemies":"Jaw Worm","floor":4,"turns":5},{"damage":59,"enemies":"Lagavulin","floor":7,"turns":9}],"seed_played":"-1083581472123221281","potions_obtained":[],"is_trial":false,"path_per_floor":["M","?","?","M","?","R","E"],"character_chosen":"IRONCLAD","items_purchased":[],"campfire_rested":0,"item_purchase_floors":[],"current_hp_per_floor":[66,66,40,42,42,42,0,0],"gold":138,"neow_bonus":"RANDOM_COMMON_RELIC","is_daily":false,"chose_seed":false,"campfire_upgraded":1,"win_rate":0.0,"timestamp":1612284081,"path_taken":["M","?","?","M","?","R","E"],"items_purchased_type":[],"build_version":"2020-12-22","purchased_purges":0,"victory":false,"max_hp_per_floor":[75,75,75,75,75,75,75,75],"relic_stats":{"counters":[3,18],"Golden Idol":4,"obtain_stats":[{"Golden Idol":3,"Burning Blood":0,"Toy Ornithopter":0},{"Golden Idol":1,"Burning Blood":0,"Toy Ornithopter":0},{"Golden Idol":4,"Burning Blood":0,"Toy Ornithopter":0}],"Burning Blood":12,"Toy Ornithopter":0},"card_choices":[{"not_picked":["Clash","Sword Boomerang"],"picked":"True Grit","floor":1},{"not_picked":["Pummel","Body Slam"],"picked":"Shrug It Off","floor":4}],"player_experience":373493,"relics_obtained":[],"event_choices":[{"damage_healed":0,"gold_gain":0,"cards_transformed":["Strike_R"],"player_choice":"Change","damage_taken":0,"max_hp_gain":0,"max_hp_loss":0,"event_name":"Living Wall","floor":2,"gold_loss":0,"cards_obtained":["Spot Weakness"]},{"damage_healed":0,"gold_gain":0,"player_choice":"Take Damage","damage_taken":26,"relics_obtained":["Golden Idol"],"max_hp_gain":0,"max_hp_loss":0,"event_name":"Golden Idol","floor":3,"gold_loss":0},{"damage_healed":0,"gold_gain":0,"player_choice":"1 cards matched","damage_taken":0,"max_hp_gain":0,"max_hp_loss":0,"event_name":"Match and Keep!","floor":5,"gold_loss":0,"cards_obtained":["Bash"]}],"is_beta":false,"boss_relics":[],"items_purged_floors":[],"is_endless":false,"potions_floor_spawned":[],"killed_by":"Lagavulin","ascension_level":20}}