{"host":"clgpak7dimivr1r3","time":1612296040,"event":{"mods":["BaseMod","Colored Map","Colored Powertips","Curses Come First","Minty Spire (QoL Compilation)","Relic Stats","Say the Spire","StSLib"],"gold_per_floor":[117,132,142,14,33,63,63,98,98,112,64,64,64,64],"floor_reached":13,"language":"ENG","playtime":406,"items_purged":[],"score":192,"play_id":"c2cb7fdb-86d7-4871-a9c9-a2fcae0da9c8","local_time":"20210202230040","is_ascension_mode":true,"campfire_choices":[{"data":"Fiend Fire","floor":7,"key":"SMITH"},{"data":"Bludgeon","floor":12,"key":"SMITH"}],"circlet_count":0,"master_deck":["AscendersBane","Strike_R","Strike_R","Strike_R","Strike_R","Strike_R","Defend_R","Defend_R","Defend_R","Defend_R","Bash","Shrug It Off","Spot Weakness","Sword Boomerang","Fiend Fire+1","True Grit","Bludgeon+1","Ghostly Armor"],"relics":["Coffee Dripper","Blue Candle","Potion Belt","Shuriken","Regal Pillow"],"acts_visited":["Exordium"],"potions_floor_usage":[],"damage_taken":[{"damage":1,"enemies":"2 Louse","floor":1,"turns":3},{"damage":0,"enemies":"Cultist","floor":2,"turns":3},{"damage":8,"enemies":"Jaw Worm","floor":3,"turns":4},{"damage":9,"enemies":"3 Louse","floor":5,"turns":3},{"damage":37,"enemies":"3 Sentries","floor":6,"turns":8},{"damage":0,"enemies":"Gremlin Nob","floor":8,"turns":3},{"damage":0,"enemies":"Large Slime","floor":10,"turns":2},{"damage":28,"enemies":"Lagavulin","floor":13,"turns":3}],"seed_played":"-1788915852949534428","potions_obtained":[{"floor":8,"key":"Dexterity Potion"}],"is_trial":false,"path_per_floor":["M","M","M","?","M","E","R","E","T","M","?","R","E"],"character_chosen":"IRONCLAD","items_purchased":[],"campfire_rested":0,"item_purchase_floors":[],"current_hp_per_floor":[71,71,63,63,54,17,17,17,17,17,17,17,0,0],"gold":64,"neow_bonus":"BOSS_RELIC","is_daily":false,"chose_seed":false,"campfire_upgraded":2,"win_rate":0.0,"timestamp":1612296040,"path_taken":["M","M","M","?","?","E","R","E","T","M","?","R","E"],"items_purchased_type":[],"build_version":"2020-12-22","purchased_purges":0,"victory":false,"max_hp_per_floor":[80,80,80,80,80,80,80,80,80,80,80,80,80,80],"relic_stats":{"Regal Pillow":0,"counters":[8,29],"Shuriken":[1],"Blue Candle":[0],"obtain_stats":[{"Potion Belt":6,"Regal Pillow":9,"Shuriken":8,"Blue Candle":4,"Coffee Dripper":0,"Burning Blood":0},{"Potion Belt":5,"Regal Pillow":6,"Shuriken":6,"Blue Candle":3,"Coffee Dripper":0,"Burning Blood":0},{"Potion Belt":21,"Regal Pillow":24,"Shuriken":24,"Blue Candle":10,"Coffee Dripper":0,"Burning Blood":0}]},"card_choices":[{"not_picked":["Sword Boomerang","Havoc"],"picked":"Shrug It Off","floor":1},{"not_picked":["Headbutt","Wild Strike"],"picked":"Spot Weakness","floor":2},{"not_picked":["Spot Weakness","Anger"],"picked":"Sword Boomerang","floor":3},{"not_picked":["Armaments","Body Slam"],"picked":"Fiend Fire","floor":5},{"not_picked":["Blood for Blood","Spot Weakness"],"picked":"True Grit","floor":6},{"not_picked":["Blood for Blood","Headbutt"],"picked":"Bludgeon","floor":8},{"not_picked":["Armaments","Flex"],"picked":"Ghostly Armor","floor":10}],"player_experience":118077,"relics_obtained":[{"floor":6,"key":"Potion Belt"},{"floor":8,"key":"Shuriken"},{"floor":9,"key":"Regal Pillow"}],"event_choices":[{"damage_healed":0,"gold_gain":0,"player_choice":"Paid Gold","damage_taken":0,"relics_obtained":["Blue Candle"],"max_hp_gain":0,"max_hp_loss":0,"event_name":"WeMeetAgain","floor":4,"gold_loss":128},{"damage_healed":0,"gold_gain":0,"player_choice":"Left Gold","damage_taken":0,"max_hp_gain":0,"max_hp_loss":0,"event_name":"World of Goop","floor":11,"gold_loss":48}],"is_beta":false,"boss_relics":[],"items_purged_floors":[],"is_endless":false,"potions_floor_spawned":[8],"killed_by":"Lagavulin","ascension_level":12}}