{"host":"50per11302020","time":1612249740,"event":{"mods":["AchievementEnabler","BaseMod","Colored Map","Minty Spire (QoL Compilation)","Relic Stats","StSLib"],"gold_per_floor":[111,111,111,36,186,186,219,219,242,270,282,299,309,96,96,167,167,144,144,157,5,15,15,49,49,49,64,64,80,80,440,440,440,440],"floor_reached":33,"language":"ENG","playtime":1645,"items_purged":["Regret","Doubt"],"score":646,"play_id":"816b8c1b-3015-4a18-a8a3-6a9f15987fac","local_time":"20210201230900","is_ascension_mode":true,"campfire_choices":[{"data":"Darkness","floor":6.0,"key":"SMITH"},{"data":"Leap","floor":8.0,"key":"SMITH"},{"data":"Self Repair","floor":15.0,"key":"SMITH"},{"data":"Fission","floor":23.0,"key":"SMITH"},{"data":"Loop","floor":25.0,"key":"SMITH"},{"floor":30.0,"key":"REST"},{"floor":32.0,"key":"REST"}],"circlet_count":0,"master_deck":["AscendersBane","Strike_B","Strike_B","Strike_B","Strike_B","Defend_B","Defend_B","Defend_B","Defend_B","Zap","Dualcast","Darkness+1","Leap+1","Capacitor","BootSequence","Self Repair+1","Sweeping Beam","Darkness+1","Fission+1","Glacier","Apotheosis","Loop+1","Creative AI","Pain"],"relics":["Cracked Core","NeowsBlessing","Symbiotic Virus","The Courier","Bronze Scales","MealTicket","DollysMirror","Cursed Key","Singing Bowl","Incense Burner"],"acts_visited":["Exordium","TheCity"],"potions_floor_usage":[33,33],"damage_taken":[{"damage":0.0,"enemies":"Cultist","floor":1.0,"turns":1.0},{"damage":0.0,"enemies":"3 Sentries","floor":7.0,"turns":1.0},{"damage":0.0,"enemies":"Gremlin Nob","floor":10.0,"turns":1.0},{"damage":2.0,"enemies":"Small Slimes","floor":11.0,"turns":3.0},{"damage":5.0,"enemies":"2 Louse","floor":12.0,"turns":2.0},{"damage":12.0,"enemies":"Blue Slaver","floor":13.0,"turns":3.0},{"damage":49.0,"enemies":"Hexaghost","floor":16.0,"turns":8.0},{"damage":25.0,"enemies":"2 Thieves","floor":18.0,"turns":5.0},{"damage":10.0,"enemies":"Chosen","floor":20.0,"turns":5.0},{"damage":29.0,"enemies":"Shelled Parasite and Fungi","floor":22.0,"turns":4.0},{"damage":40.0,"enemies":"Book of Stabbing","floor":24.0,"turns":6.0},{"damage":19.0,"enemies":"Snake Plant","floor":27.0,"turns":3.0},{"damage":10.0,"enemies":"Chosen and Byrds","floor":29.0,"turns":5.0},{"damage":49,"enemies":"Collector","floor":33,"turns":6}],"seed_played":"-3045199350500514594","potions_obtained":[{"floor":1.0,"key":"SteroidPotion"},{"floor":13.0,"key":"BlessingOfTheForge"},{"floor":18.0,"key":"Fruit Juice"},{"floor":20.0,"key":"LiquidMemories"},{"floor":24.0,"key":"ColorlessPotion"},{"floor":29.0,"key":"FearPotion"}],"is_trial":false,"path_per_floor":["M","?","?","$","?","R","E","R","T","E","M","M","M","$","R","B",null,"M","$","M","$","M","R","E","R","T","M","$","M","R","?","R","B"],"character_chosen":"DEFECT","items_purchased":["DollysMirror","Apotheosis"],"campfire_rested":2,"item_purchase_floors":[14,21],"current_hp_per_floor":[64,64,64,64,64,64,64,64,64,64,62,57,52,67,67,28,60,45,60,60,71,57,57,27,27,27,20,35,37,61,25,49,0,0],"gold":440,"neow_bonus":"THREE_ENEMY_KILL","is_daily":false,"chose_seed":false,"campfire_upgraded":5,"win_rate":0.0,"timestamp":1612249740,"path_taken":["M","?","?","$","?","R","E","R","T","E","M","M","M","?","R","BOSS","M","$","M","$","M","R","E","R","T","M","$","M","R","?","R","BOSS"],"items_purchased_type":["Relic","Card"],"build_version":"2020-12-18","purchased_purges":2,"victory":false,"max_hp_per_floor":[71,71,71,71,71,71,71,71,71,71,71,71,71,71,71,71,71,71,71,71,71,76,76,76,76,76,78,78,80,80,80,80,80,80],"relic_stats":{"Singing Bowl":4,"counters":[14,53],"Bronze Scales":[204],"MealTicket":56,"Cursed Key":1,"obtain_stats":[{"NeowsBlessing":0,"Singing Bowl":24,"DollysMirror":14,"Bronze Scales":9,"MealTicket":10,"The Courier":7,"Incense Burner":26,"Cracked Core":0,"Symbiotic Virus":3,"Cursed Key":17},{"NeowsBlessing":0,"Singing Bowl":11,"DollysMirror":6,"Bronze Scales":2,"MealTicket":3,"The Courier":2,"Incense Burner":11,"Cracked Core":0,"Symbiotic Virus":1,"Cursed Key":7},{"NeowsBlessing":0,"Singing Bowl":39,"DollysMirror":11,"Bronze Scales":2,"MealTicket":3,"The Courier":2,"Incense Burner":39,"Cracked Core":0,"Symbiotic Virus":1,"Cursed Key":19}]},"card_choices":[{"not_picked":["Cold Snap","Redo"],"picked":"Darkness","floor":1.0},{"not_picked":["Stack","All For One"],"picked":"Leap","floor":7.0},{"not_picked":["Coolheaded","Static Discharge"],"picked":"Capacitor","floor":10.0},{"not_picked":["Capacitor","Reinforced Body"],"picked":"BootSequence","floor":11.0},{"not_picked":["Doom and Gloom","Gash"],"picked":"Self Repair","floor":12.0},{"not_picked":["Storm","Barrage"],"picked":"Sweeping Beam","floor":13.0},{"not_picked":["Amplify","Rainbow"],"picked":"Fission","floor":16.0},{"not_picked":["Blizzard","Go for the Eyes","Streamline"],"picked":"SKIP","floor":18.0},{"not_picked":["Gash","Compile Driver+1"],"picked":"Glacier","floor":20.0},{"not_picked":["Cold Snap","Stack"],"picked":"Loop","floor":22.0},{"not_picked":["Stack","Leap"],"picked":"Creative AI","floor":24.0},{"not_picked":["Coolheaded","Cold Snap","Barrage"],"picked":"Singing Bowl","floor":27.0},{"not_picked":["Steam Power","Steam","BootSequence"],"picked":"Singing Bowl","floor":29.0}],"player_experience":406723,"relics_obtained":[{"floor":7.0,"key":"The Courier"},{"floor":9.0,"key":"Bronze Scales"},{"floor":10.0,"key":"MealTicket"},{"floor":24.0,"key":"Singing Bowl"},{"floor":26.0,"key":"Incense Burner"}],"event_choices":[{"damage_healed":0.0,"max_hp_gain":0.0,"max_hp_loss":0.0,"gold_gain":0.0,"event_name":"The Cleric","player_choice":"Leave","floor":2.0,"gold_loss":0.0,"damage_taken":0.0},{"damage_healed":0.0,"max_hp_gain":0.0,"max_hp_loss":0.0,"gold_gain":0.0,"event_name":"Big Fish","player_choice":"Box","floor":3.0,"gold_loss":0.0,"damage_taken":0.0,"relics_obtained":["Symbiotic Virus"],"cards_obtained":["Regret"]},{"damage_healed":0.0,"max_hp_gain":0.0,"max_hp_loss":0.0,"gold_gain":150.0,"event_name":"Liars Game","player_choice":"AGREE","floor":5.0,"gold_loss":0.0,"damage_taken":0.0,"cards_obtained":["Doubt"]},{"damage_healed":0.0,"max_hp_gain":0.0,"max_hp_loss":0.0,"gold_gain":360.0,"event_name":"Knowing Skull","player_choice":"GOLD GOLD GOLD GOLD ","floor":31.0,"potions_obtained":[],"gold_loss":0.0,"damage_taken":36.0,"cards_obtained":[]}],"is_beta":true,"boss_relics":[{"not_picked":["Sozu","Black Star"],"picked":"Cursed Key"}],"items_purged_floors":[4,14],"is_endless":false,"potions_floor_spawned":[1,13,18,20,24,29],"killed_by":"Collector","ascension_level":20}}