{"host":"bblztp7ruiqxsdbh","time":1612276392,"event":{"mods":["BaseMod","Minty Spire (QoL Compilation)"],"gold_per_floor":[109,129,146,158,178,195,195,195,218,218,183,196,229,105,105,201,201,216,196,196,210,210,210,221,221,221,221,237,255,255,255,255],"floor_reached":31,"language":"ENG","playtime":5225,"items_purged":["Strike_P"],"score":289,"play_id":"5f333bdb-d76a-43a2-b305-a3eb87d67844","local_time":"20210202153312","is_ascension_mode":false,"campfire_choices":[{"data":"PathToVictory","floor":7.0,"key":"SMITH"},{"data":"WindmillStrike","floor":10.0,"key":"SMITH"},{"floor":15.0,"key":"REST"},{"data":"PathToVictory","floor":23.0,"key":"SMITH"},{"data":"ConjureBlade","floor":27.0,"key":"SMITH"},{"floor":30.0,"key":"REST"}],"circlet_count":0,"master_deck":["Strike_P","Strike_P","Strike_P","Defend_P","Defend_P","Defend_P","Defend_P","Eruption+1","Vigilance","Crescendo","PathToVictory+1","WindmillStrike+1","FollowUp","Vault","PathToVictory+1","ConjureBlade+1","PathToVictory+1","Consecrate","Judgement+1","ClearTheMind","Sanctity","SandsOfTime","DeceiveReality+1","BowlingBash"],"relics":["PureWater","Juzu Bracelet","Dream Catcher","SlaversCollar","Toxic Egg 2"],"acts_visited":[],"potions_floor_usage":[],"damage_taken":[{"damage":1.0,"enemies":"Jaw Worm","floor":1.0,"turns":5.0},{"damage":0.0,"enemies":"2 Louse","floor":2.0,"turns":2.0},{"damage":7.0,"enemies":"Cultist","floor":3.0,"turns":3.0},{"damage":5.0,"enemies":"Looter","floor":4.0,"turns":3.0},{"damage":8.0,"enemies":"Red Slaver","floor":5.0,"turns":2.0},{"damage":2.0,"enemies":"Exordium Thugs","floor":6.0,"turns":4.0},{"damage":2.0,"enemies":"Exordium Wildlife","floor":12.0,"turns":3.0},{"damage":47.0,"enemies":"3 Sentries","floor":13.0,"turns":5.0},{"damage":0.0,"enemies":"Slime Boss","floor":16.0,"turns":3.0},{"damage":5.0,"enemies":"3 Byrds","floor":18.0,"turns":4.0},{"damage":0.0,"enemies":"Spheric Guardian","floor":21.0,"turns":1.0},{"damage":12.0,"enemies":"Cultist and Chosen","floor":24.0,"turns":3.0},{"damage":14.0,"enemies":"Shelled Parasite and Fungi","floor":28.0,"turns":3.0},{"damage":12.0,"enemies":"Centurion and Healer","floor":29.0,"turns":4.0},{"damage":65,"enemies":"Slavers","floor":31,"turns":4}],"seed_played":"-3628965170851352980","potions_obtained":[{"floor":2.0,"key":"Energy Potion"},{"floor":4.0,"key":"AttackPotion"},{"floor":13.0,"key":"ColorlessPotion"},{"floor":16.0,"key":"StancePotion"},{"floor":19.0,"key":"Energy Potion"},{"floor":29.0,"key":"FairyPotion"}],"is_trial":false,"path_per_floor":["M","M","M","M","M","M","R","?","T","R","?","M","E","$","R","B",null,"M","?","?","M","?","R","M","?","T","R","M","M","R","E"],"character_chosen":"WATCHER","items_purchased":["PathToVictory"],"campfire_rested":2,"item_purchase_floors":[14],"current_hp_per_floor":[71,71,64,59,51,49,49,49,49,49,67,65,18,18,39,39,72,67,67,54,54,54,54,42,42,42,42,28,16,39,0,0],"gold":255,"neow_bonus":"UPGRADE_CARD","is_daily":false,"chose_seed":false,"campfire_upgraded":4,"win_rate":0.0,"timestamp":1612276392,"path_taken":["M","M","M","M","M","M","R","?","T","R","?","M","E","$","R","BOSS","M","?","?","M","?","R","M","?","T","R","M","M","R","E"],"items_purchased_type":["Card"],"build_version":"2020-12-22","purchased_purges":1,"victory":false,"max_hp_per_floor":[72,72,72,72,72,72,72,72,72,72,72,72,72,72,72,72,72,72,72,77,77,77,77,77,77,77,77,77,77,77,77,77],"card_choices":[{"not_picked":["CutThroughFate","ForeignInfluence"],"picked":"Crescendo","floor":1.0},{"not_picked":["Prostrate","EmptyBody"],"picked":"PathToVictory","floor":2.0},{"not_picked":["Consecrate","ThirdEye"],"picked":"WindmillStrike","floor":3.0},{"not_picked":["Consecrate","CrushJoints"],"picked":"FollowUp","floor":4.0},{"not_picked":["FlyingSleeves","FlurryOfBlows"],"picked":"Vault","floor":5.0},{"not_picked":["CrushJoints","Swivel"],"picked":"PathToVictory","floor":6.0},{"not_picked":["CrushJoints","Adaptation"],"picked":"ConjureBlade","floor":12.0},{"not_picked":["FlyingSleeves","CrushJoints","Nirvana"],"picked":"SKIP","floor":13.0},{"not_picked":["Pray","Protect"],"picked":"Consecrate","floor":15.0},{"not_picked":["DevaForm","Vault"],"picked":"Judgement","floor":16.0},{"not_picked":["Worship","Evaluate"],"picked":"ClearTheMind","floor":18.0},{"not_picked":["EmptyFist","Worship"],"picked":"Sanctity","floor":21.0},{"not_picked":["EmptyBody","Wallop"],"picked":"SandsOfTime","floor":24.0},{"not_picked":["CutThroughFate+1","Weave"],"picked":"DeceiveReality+1","floor":28.0},{"not_picked":["Weave","Meditate+1","Conclude"],"picked":"SKIP","floor":29.0},{"not_picked":["WaveOfTheHand+1","CutThroughFate"],"picked":"BowlingBash","floor":30.0}],"player_experience":302227,"relics_obtained":[{"floor":9.0,"key":"Juzu Bracelet"},{"floor":13.0,"key":"Dream Catcher"},{"floor":26.0,"key":"Toxic Egg 2"}],"event_choices":[{"damage_healed":0.0,"max_hp_gain":0.0,"max_hp_loss":0.0,"gold_gain":0.0,"event_name":"Living Wall","player_choice":"Grow","floor":8.0,"gold_loss":0.0,"damage_taken":0.0,"cards_upgraded":["PathToVictory"]},{"damage_healed":18.0,"max_hp_gain":0.0,"max_hp_loss":0.0,"gold_gain":0.0,"event_name":"The Cleric","player_choice":"Healed","floor":11.0,"gold_loss":35.0,"damage_taken":0.0},{"damage_healed":0.0,"max_hp_gain":0.0,"max_hp_loss":0.0,"gold_gain":0.0,"event_name":"The Woman in Blue","player_choice":"Bought 1 Potion","floor":19.0,"gold_loss":0.0,"damage_taken":0.0},{"damage_healed":0.0,"max_hp_gain":5.0,"max_hp_loss":0.0,"gold_gain":0.0,"event_name":"Forgotten Altar","player_choice":"Shed Blood","floor":20.0,"gold_loss":0.0,"damage_taken":18.0},{"damage_healed":0.0,"max_hp_gain":0.0,"max_hp_loss":0.0,"gold_gain":0.0,"event_name":"Upgrade Shrine","player_choice":"Upgraded","floor":22.0,"gold_loss":0.0,"damage_taken":0.0,"cards_upgraded":["Judgement"]},{"damage_healed":0.0,"max_hp_gain":0.0,"max_hp_loss":0.0,"gold_gain":0.0,"event_name":"Ghosts","player_choice":"Ignored","floor":25.0,"gold_loss":0.0,"damage_taken":0.0}],"is_beta":false,"boss_relics":[{"not_picked":["Ectoplasm","Snecko Eye"],"picked":"SlaversCollar"}],"items_purged_floors":[14],"is_endless":false,"potions_floor_spawned":[2,4,13,16,21,29],"killed_by":"Slavers","ascension_level":0}}