{"host":"l84l8xigz5v5foa2","time":1612277177,"event":{"mods":["2.2 Compatiblity","AchievementEnabler","BaseMod","Better Note","Better Vampires","Card Filter","Colored Map","DeckTracker","Gremlin Skip","Highlight Path","Keyboard Shortcuts","Minty Spire (QoL Compilation)","Permanent Neow","Quick Restart","Relic Filter","Relic Stats","Shop Mod","StSLib","SuperFastMode","Transform Curses","Unknown Chances"],"gold_per_floor":[14,29,29,29,39,39,73,84,84,84,97,97,121,134,134,232,232,245,123,139,59,59,59,75,75,100,123,123,123],"floor_reached":28,"language":"ENG","playtime":1009,"items_purged":["Strike_G","Strike_G"],"score":476,"play_id":"979801d0-f9e2-4267-840e-65eb650a35a3","local_time":"20210202234617","is_ascension_mode":true,"campfire_choices":[{"data":"Setup","floor":6.0,"key":"SMITH"},{"data":"Well Laid Plans","floor":12.0,"key":"SMITH"},{"data":"Deadly Poison","floor":15.0,"key":"SMITH"},{"floor":25,"key":"REST"}],"circlet_count":0,"master_deck":["AscendersBane","Strike_G","Strike_G","Defend_G","Defend_G","Defend_G","Defend_G","Defend_G","Survivor","Neutralize","Blade Dance","Tactician","Setup+1","Backstab","Well Laid Plans+1","Blur","Deflect","Deadly Poison+1","After Image","Noxious Fumes","Footwork+1","Leg Sweep","Dagger Throw+1"],"relics":["Ring of the Snake","Tough Bandages","The Courier","Paper Crane","Golden Idol","HoveringKite","Blood Vial"],"acts_visited":["Exordium","TheCity"],"potions_floor_usage":[16,16,24],"damage_taken":[{"damage":0.0,"enemies":"2 Louse","floor":1.0,"turns":4.0},{"damage":4.0,"enemies":"Cultist","floor":2.0,"turns":3.0},{"damage":2.0,"enemies":"Small Slimes","floor":5.0,"turns":3.0},{"damage":15.0,"enemies":"3 Sentries","floor":7.0,"turns":7.0},{"damage":1.0,"enemies":"Looter","floor":8.0,"turns":3.0},{"damage":8.0,"enemies":"Blue Slaver","floor":11.0,"turns":5.0},{"damage":0.0,"enemies":"Exordium Thugs","floor":13.0,"turns":6.0},{"damage":4.0,"enemies":"Red Slaver","floor":14.0,"turns":4.0},{"damage":0,"enemies":"The Guardian","floor":16,"turns":15},{"damage":9,"enemies":"Chosen","floor":18,"turns":7},{"damage":27,"enemies":"Shell Parasite","floor":20,"turns":7},{"damage":14,"enemies":"Shelled Parasite and Fungi","floor":24,"turns":8},{"damage":10,"enemies":"Centurion and Healer","floor":27,"turns":11},{"damage":13,"enemies":"Snecko","floor":28,"turns":2}],"seed_played":"-4325768736073817846","potions_obtained":[{"floor":4.0,"key":"FearPotion"},{"floor":4.0,"key":"Ancient Potion"},{"floor":5.0,"key":"Strength Potion"},{"floor":13.0,"key":"Block Potion"},{"floor":14.0,"key":"Energy Potion"},{"floor":16,"key":"Explosive Potion"},{"floor":20,"key":"Strength Potion"}],"is_trial":false,"path_per_floor":["M","M","?","?","M","R","E","M","T","?","M","R","M","M","R","B",null,"M","$","M","$","?","?","M","R","T","M","M"],"character_chosen":"THE_SILENT","items_purchased":["Noxious Fumes"],"campfire_rested":1,"item_purchase_floors":[19],"current_hp_per_floor":[59,55,55,55,53,53,38,37,37,37,29,29,29,25,25,25,51,42,42,15,15,15,15,1,19,19,11,0,0],"gold":123,"neow_bonus":"ONE_RARE_RELIC","is_daily":false,"chose_seed":false,"campfire_upgraded":3,"win_rate":0.0,"timestamp":1612277177,"path_taken":["M","M","?","?","?","R","E","?","T","?","M","R","M","M","R","BOSS","M","$","M","$","?","?","M","R","T","?","?"],"items_purchased_type":["Card"],"build_version":"2020-12-22","purchased_purges":2,"victory":false,"max_hp_per_floor":[66,66,66,66,66,66,66,66,66,60,60,60,60,60,60,60,60,60,60,60,60,60,60,60,60,60,60,60,60],"relic_stats":{"Blood Vial":4,"Tough Bandages":[60],"counters":[14,85],"Golden Idol":45,"HoveringKite":[6],"obtain_stats":[{"Blood Vial":26,"Tough Bandages":0,"Golden Idol":10,"HoveringKite":17,"The Courier":7,"Paper Crane":9,"Ring of the Snake":0},{"Blood Vial":12,"Tough Bandages":0,"Golden Idol":5,"HoveringKite":9,"The Courier":4,"Paper Crane":5,"Ring of the Snake":0},{"Blood Vial":72,"Tough Bandages":0,"Golden Idol":20,"HoveringKite":50,"The Courier":17,"Paper Crane":20,"Ring of the Snake":0}],"Ring of the Snake":[28]},"card_choices":[{"not_picked":["Cloak And Dagger","Quick Slash"],"picked":"Blade Dance","floor":1.0},{"not_picked":["Underhanded Strike","Bane"],"picked":"Tactician","floor":2.0},{"not_picked":["Endless Agony","Backflip"],"picked":"Backstab","floor":5.0},{"not_picked":["Blade Dance","Deflect"],"picked":"Well Laid Plans","floor":7.0},{"not_picked":["Outmaneuver","Deflect"],"picked":"Blur","floor":8.0},{"not_picked":["Choke","Wraith Form v2"],"picked":"Deflect","floor":11.0},{"not_picked":["All Out Attack","Dagger Throw"],"picked":"Deadly Poison","floor":13.0},{"not_picked":["Sucker Punch","Deadly Poison","Outmaneuver"],"picked":"SKIP","floor":14.0},{"not_picked":["Night Terror","Envenom"],"picked":"After Image","floor":16},{"not_picked":["Underhanded Strike","Blade Dance","Backstab"],"picked":"SKIP","floor":18},{"not_picked":["Bane","Dodge and Roll"],"picked":"Footwork+1","floor":20},{"not_picked":["Underhanded Strike","Terror"],"picked":"Leg Sweep","floor":24},{"not_picked":["Backflip+1","Expertise"],"picked":"Dagger Throw+1","floor":27}],"player_experience":1481477,"relics_obtained":[{"floor":7.0,"key":"The Courier"},{"floor":9.0,"key":"Paper Crane"},{"floor":26,"key":"Blood Vial"}],"event_choices":[{"damage_healed":0.0,"max_hp_gain":0.0,"max_hp_loss":0.0,"gold_gain":0.0,"cards_transformed":["Strike_G"],"event_name":"Living Wall","player_choice":"Change","floor":3.0,"gold_loss":0.0,"damage_taken":0.0,"cards_obtained":["Setup"]},{"damage_healed":0.0,"max_hp_gain":0.0,"max_hp_loss":0.0,"gold_gain":0.0,"event_name":"Lab","player_choice":"Got Potions","floor":4.0,"gold_loss":0.0,"damage_taken":0.0},{"damage_healed":0.0,"max_hp_gain":0.0,"max_hp_loss":6.0,"gold_gain":0.0,"event_name":"Golden Idol","player_choice":"Lose Max HP","floor":10.0,"gold_loss":0.0,"damage_taken":0.0,"relics_obtained":["Golden Idol"]},{"damage_healed":0,"gold_gain":0,"player_choice":"Ignored","damage_taken":0,"max_hp_gain":0,"max_hp_loss":0,"event_name":"N\u0027loth","floor":23,"gold_loss":0}],"is_beta":false,"boss_relics":[{"not_picked":["Philosopher\u0027s Stone","Fusion Hammer"],"picked":"HoveringKite"}],"items_purged_floors":[19,21],"is_endless":false,"potions_floor_spawned":[5,13,14,16,20],"killed_by":"Snecko","ascension_level":15}}