{"host":"iirf6tm60n5v4e3j","time":1612254037,"event":{"mods":["Act Like it!","BaseMod","Gensokyo","Marisa????????","Minty Spire (QoL Compilation)","StSLib","The Marked"],"gold_per_floor":[112,139,155,170,189,189,219,219,288,288,3,13,13,13,13,117,117,135,154,166,166,186,220,220,252,252,277,293,311,311,330,330,429,429,440,440,460,460,475,475,507,531,617,137,162,15,41,54,54,54,54,54,19,47,47],"floor_reached":56,"language":"ENG","playtime":4634,"items_purged":["WitchLeyline+1"],"score":1806,"play_id":"5655166d-b1bf-437e-b7c3-ca2a9d31699a","local_time":"20210202002037","is_ascension_mode":true,"campfire_choices":[{"data":"OneTimeOff","floor":6.0,"key":"SMITH"},{"data":"MagicChant","floor":8.0,"key":"SMITH"},{"data":"Occultation","floor":10.0,"key":"SMITH"},{"data":"Singularity","floor":15.0,"key":"SMITH"},{"data":"Singularity","floor":24.0,"key":"SMITH"},{"data":"EarthLightRay","floor":30.0,"key":"SMITH"},{"data":"OortCloud","floor":32.0,"key":"SMITH"},{"floor":40.0,"key":"RECALL"},{"data":"MillisecondPulsars","floor":49,"key":"SMITH"},{"data":"Singularity","floor":52,"key":"SMITH"}],"circlet_count":0,"master_deck":["Strike_MRS","Strike_MRS","Strike_MRS","Strike_MRS","Defend_MRS","Defend_MRS","Defend_MRS","Defend_MRS","MasterSpark","UpSweep","DoubleSpark","AsteroidBelt","OneTimeOff+1","Occultation+1","MagicChant+1","OortCloud+1","Parasite","Parasite","Singularity+1","TreasureHunter","LuminesStrike","Singularity","Gensokyo:AllTheWorldsEvil","Singularity+1","GravityBeat+1","AlicesGift","PulseMagic+1","MilkyWay+1","EarthLightRay+1","OrrerysSun+1","MillisecondPulsars+1","MysteriousBeam+1","EnergyRecoil+1","6A+1","PowerUp+1","MilkyWay+1","Singularity+1","6A","Thinking Ahead","OortCloud+1","AlicesGift","SporeBomb","MagicAbsorber","GravityBeat+1"],"relics":["MiniHakkero","NeowsBlessing","Orichalcum","SproutingBranch","Question Card","ShroomBag","Gensokyo:OccultBall","RampagingMagicTools","Eternal Feather","Vajra","Bag of Preparation","Unceasing Top","Toy Ornithopter","Mercury Hourglass","Du-Vu Doll","Runic Dome","Smiling Mask","MawBank","Sling","Happy Flower","Incense Burner","Oddly Smooth Stone","Bag of Marbles","Turnip","Lantern"],"acts_visited":["Exordium","Gensokyo:Gensokyo","Gensokyo:Gensokyoer","TheEnding"],"potions_floor_usage":[55,55,55],"damage_taken":[{"damage":0.0,"enemies":"Gensokyo:Python","floor":1.0,"turns":1.0},{"damage":0.0,"enemies":"Gensokyo:Cirno","floor":2.0,"turns":2.0},{"damage":0.0,"enemies":"Gensokyo:Gryphon","floor":3.0,"turns":1.0},{"damage":0.0,"enemies":"Gensokyo:3_Fairies","floor":4.0,"turns":4.0},{"damage":6.0,"enemies":"Gensokyo:CorruptedTreant","floor":5.0,"turns":5.0},{"damage":27.0,"enemies":"Gensokyo:Cirno","floor":7.0,"turns":14.0},{"damage":0.0,"enemies":"Gensokyo:Python_and_Kodama","floor":12.0,"turns":6.0},{"damage":32.0,"enemies":"Gensokyo:Kokoro","floor":16.0,"turns":14.0},{"damage":0.0,"enemies":"Gensokyo:AngelMirror","floor":18.0,"turns":6.0},{"damage":20.0,"enemies":"Gensokyo:2_Gloops","floor":19.0,"turns":5.0},{"damage":9.0,"enemies":"Gensokyo:Wraith","floor":20.0,"turns":3.0},{"damage":18.0,"enemies":"Gensokyo:3_Gloops","floor":22.0,"turns":5.0},{"damage":59.0,"enemies":"Gensokyo:Tenshi","floor":23.0,"turns":5.0},{"damage":12.0,"enemies":"Gensokyo:Koishi","floor":25.0,"turns":6.0},{"damage":39.0,"enemies":"Gensokyo:Tenshi","floor":27.0,"turns":4.0},{"damage":10.0,"enemies":"Gensokyo:Monolith_and_Dog","floor":28.0,"turns":5.0},{"damage":12.0,"enemies":"Gensokyo:Mirror_and_Dog","floor":29.0,"turns":2.0},{"damage":13.0,"enemies":"Gensokyo:Slime_Group","floor":31.0,"turns":3.0},{"damage":0.0,"enemies":"Gensokyo:Eiki","floor":33.0,"turns":10.0},{"damage":4.0,"enemies":"Gensokyo:AncientGuardian","floor":35.0,"turns":3.0},{"damage":5.0,"enemies":"Gensokyo:3_Boulders","floor":37.0,"turns":3.0},{"damage":10.0,"enemies":"Gensokyo:Rafflesia","floor":39.0,"turns":4.0},{"damage":29.0,"enemies":"Gensokyo:Doremy","floor":41.0,"turns":5.0},{"damage":16.0,"enemies":"Gensokyo:Sharpion","floor":42.0,"turns":2.0},{"damage":0.0,"enemies":"Gensokyo:Marisa","floor":45.0,"turns":4.0},{"damage":18.0,"enemies":"Gensokyo:Kasen","floor":47.0,"turns":5.0},{"damage":0,"enemies":"Gensokyo:3_Boulders","floor":48,"turns":1},{"damage":2,"enemies":"Gensokyo:Shinki","floor":50,"turns":7},{"damage":8,"enemies":"Shield and Spear","floor":54,"turns":3},{"damage":44,"enemies":"The Heart","floor":55,"turns":6}],"seed_played":"4494442402725430854","potions_obtained":[{"floor":2.0,"key":"EssenceOfSteel"},{"floor":3.0,"key":"SneckoOil"},{"floor":7.0,"key":"SteroidPotion"},{"floor":12.0,"key":"Energy Potion"},{"floor":16.0,"key":"Block Potion"},{"floor":18.0,"key":"Explosive Potion"},{"floor":19.0,"key":"SmokeBomb"},{"floor":20.0,"key":"Dexterity Potion"},{"floor":27.0,"key":"Block Potion"},{"floor":31.0,"key":"Dexterity Potion"},{"floor":35.0,"key":"LiquidMemories"},{"floor":39.0,"key":"BlessingOfTheForge"},{"floor":42.0,"key":"AttackPotion"},{"floor":47.0,"key":"SteroidPotion"}],"is_trial":false,"path_per_floor":["M","?","M","M","M","R","E","R","T","R","$","M","?","$","R","B",null,"M","M","M","?","M","E","R","E","T","E","M","M","R","M","R","B",null,"M","?","M","?","M","R","E","M","T","$","E","$","E","M","R","B",null,"R","$","E","B",null],"character_chosen":"MARISA","items_purchased":["FinalSpark","ShroomBag","Sling","Singularity","6A","Thinking Ahead","Oddly Smooth Stone","MagicAbsorber"],"campfire_rested":0,"item_purchase_floors":[11,11,44,44,44,44,46,53],"current_hp_per_floor":[68,68,68,68,62,62,35,35,35,35,35,52,52,52,52,39,66,75,59,61,61,61,18,33,38,38,15,28,23,41,39,57,75,75,73,73,75,75,70,75,53,42,42,42,56,56,56,56,75,73,75,75,75,70,60],"gold":47,"neow_bonus":"THREE_ENEMY_KILL","is_daily":false,"chose_seed":false,"campfire_upgraded":9,"win_rate":0.0,"timestamp":1612254037,"path_taken":["M","?","?","M","M","R","E","R","T","R","$","M","?","?","R","BOSS","M","M","M","?","M","E","R","E","T","E","M","?","R","M","R","BOSS","M","?","M","?","M","R","E","?","T","$","E","?","E","M","R","BOSS","R","$","E","BOSS"],"items_purchased_type":["Card","Relic","Relic","Card","Card","Card","Relic","Card"],"build_version":"2020-12-22","purchased_purges":1,"victory":true,"max_hp_per_floor":[75,75,75,75,75,75,75,75,75,75,75,75,75,75,75,75,75,75,75,75,75,75,75,75,75,75,75,75,75,75,75,75,75,75,75,75,75,75,75,75,75,75,75,75,75,75,75,75,75,75,75,75,75,75,75],"card_choices":[{"not_picked":["6A","DC"],"picked":"DoubleSpark","floor":1.0},{"not_picked":["RefractionSpark","OrrerysSun"],"picked":"AsteroidBelt","floor":2.0},{"not_picked":["IllusionStar","Orbital"],"picked":"OneTimeOff","floor":3.0},{"not_picked":["UnstableBomb","SporeBomb"],"picked":"Occultation","floor":4.0},{"not_picked":["StarlightTyphoon","GrandCross"],"picked":"MagicChant","floor":5.0},{"not_picked":["IllusionStar","Acceleration"],"picked":"OortCloud","floor":7.0},{"not_picked":["Acceleration","DoubleSpark","6A"],"picked":"Singularity","floor":12.0},{"not_picked":["EscapeVelocity","BlazingStar","AbsoluteMagnitude"],"picked":"TreasureHunter","floor":16.0},{"not_picked":["UnstableBomb+1","EnergyFlow+1","6A"],"picked":"LuminesStrike","floor":18.0},{"not_picked":["ShootingEcho","GalacticHalo","UnstableBomb"],"picked":"Singularity","floor":19.0},{"not_picked":["Acceleration+1","SporeBomb","SuperPerseids+1"],"picked":"WitchLeyline+1","floor":20.0},{"not_picked":["PowerUp+1","EnergyRecoil","ShootingEcho"],"picked":"Singularity","floor":22.0},{"not_picked":["6A+1","OneTimeOff","AbsoluteMagnitude"],"picked":"GravityBeat+1","floor":23.0},{"not_picked":["DarkSpark+1","Occultation","AsteroidBelt"],"picked":"AlicesGift","floor":25.0},{"not_picked":["GrandCross","PowerUp","OpenUniverse"],"picked":"PulseMagic+1","floor":27.0},{"not_picked":["GalacticHalo","SporeBomb","Robbery"],"picked":"MilkyWay+1","floor":28.0},{"not_picked":["StarlightTyphoon","ShootTheMoon+1","LuminesStrike"],"picked":"EarthLightRay","floor":29.0},{"not_picked":["OpenUniverse","MeteoricShower","DragonMeteor"],"picked":"OrrerysSun+1","floor":31.0},{"not_picked":["TreasureHunter","AbsoluteMagnitude","BinaryStars"],"picked":"MillisecondPulsars","floor":33.0},{"not_picked":["EventHorizon","MilkyWay","GrandCross+1"],"picked":"MysteriousBeam+1","floor":35.0},{"not_picked":["DarkMatter","RefractionSpark","MagicAbsorber+1"],"picked":"EnergyRecoil+1","floor":37.0},{"not_picked":["DoubleSpark","JA","SporeBomb"],"picked":"6A+1","floor":39.0},{"not_picked":["WitchOfGreed+1","OpenUniverse+1","DoubleSpark+1"],"picked":"PowerUp+1","floor":41.0},{"not_picked":["6A+1","ChargingUp","UnstableBomb"],"picked":"MilkyWay+1","floor":42.0},{"not_picked":["IllusionStar","NonDirectionalLaser+1","MagicAbsorber+1"],"picked":"OortCloud+1","floor":45.0},{"not_picked":["OrrerysSun+1","ShootingEcho","SprinkleStarSeal+1"],"picked":"AlicesGift","floor":47.0},{"not_picked":["ManaConvection+1","DeepEcoloBomb","WitchOfGreed"],"picked":"SporeBomb","floor":48},{"not_picked":["ShootTheMoon+1","WitchOfGreed+1","DeepEcoloBomb"],"picked":"GravityBeat+1","floor":54}],"player_experience":191829,"relics_obtained":[{"floor":2.0,"key":"Orichalcum"},{"floor":7.0,"key":"SproutingBranch"},{"floor":9.0,"key":"Question Card"},{"floor":16.0,"key":"Gensokyo:OccultBall"},{"floor":23.0,"key":"Eternal Feather"},{"floor":23.0,"key":"Vajra"},{"floor":25.0,"key":"Bag of Preparation"},{"floor":26.0,"key":"Unceasing Top"},{"floor":27.0,"key":"Toy Ornithopter"},{"floor":27.0,"key":"Mercury Hourglass"},{"floor":33.0,"key":"Du-Vu Doll"},{"floor":33.0,"key":"Gensokyo:OccultBall"},{"floor":39.0,"key":"Gensokyo:OccultBall"},{"floor":41.0,"key":"Smiling Mask"},{"floor":41.0,"key":"Gensokyo:OccultBall"},{"floor":41.0,"key":"MawBank"},{"floor":45.0,"key":"Happy Flower"},{"floor":45.0,"key":"Incense Burner"},{"floor":47.0,"key":"Bag of Marbles"},{"floor":47.0,"key":"Turnip"},{"floor":54,"key":"Lantern"}],"event_choices":[],"is_beta":false,"boss_relics":[{"not_picked":["Fusion Hammer","Velvet Choker"],"picked":"RampagingMagicTools"},{"not_picked":["Snecko Eye","Sozu"],"picked":"Runic Dome"}],"items_purged_floors":[44],"is_endless":false,"potions_floor_spawned":[2,3,7,12,16,18,19,20,27,31,35,39,42,47,48],"ascension_level":6}}