{"host":"eswokialmqjd9jwx","time":1612265992,"event":{"mods":["AchievementEnabler","BaseMod","Colored Map","DeckTracker","KOR Keyword Fix","Minty Spire (QoL Compilation)","StSLib","SuperFastMode"],"gold_per_floor":[19,19,19,38,58,58,81,81,81,81,6,26,60,75,75,164,227,251,270,283,119,119,119,44,44,70,82,82],"floor_reached":27,"language":"KOR","playtime":538,"items_purged":["Strike_R"],"score":426,"play_id":"38cd87c5-b2d8-4131-a0af-ad83b65756c4","local_time":"20210202203952","is_ascension_mode":true,"campfire_choices":[{"data":"Apotheosis","floor":6.0,"key":"SMITH"},{"floor":10.0,"key":"REST"},{"floor":15,"key":"REST"},{"data":"Strike_R","floor":23,"key":"PURGE"},{"floor":25,"key":"REST"}],"circlet_count":0,"master_deck":["AscendersBane","Strike_R","Strike_R","Defend_R","Defend_R","Defend_R","Apotheosis+1","Perfected Strike","Seeing Red","Twin Strike","Headbutt","Clash+1","Offering","Seeing Red","Clash","Pommel Strike+1","Shrug It Off","Twin Strike","Warcry"],"relics":["Burning Blood","Golden Idol","Unceasing Top","Peace Pipe","Regal Pillow","Tiny House","MawBank"],"acts_visited":["Exordium","TheCity"],"potions_floor_usage":[14,27,27],"damage_taken":[{"damage":11.0,"enemies":"Small Slimes","floor":1.0,"turns":4.0},{"damage":11.0,"enemies":"Jaw Worm","floor":4.0,"turns":4.0},{"damage":3.0,"enemies":"2 Louse","floor":5.0,"turns":3.0},{"damage":13.0,"enemies":"Looter","floor":7.0,"turns":4.0},{"damage":0.0,"enemies":"Exordium Wildlife","floor":12.0,"turns":3.0},{"damage":32.0,"enemies":"Gremlin Nob","floor":13.0,"turns":4.0},{"damage":23,"enemies":"Exordium Thugs","floor":14,"turns":5},{"damage":18,"enemies":"Slime Boss","floor":16,"turns":8},{"damage":6,"enemies":"Spheric Guardian","floor":18,"turns":2},{"damage":15,"enemies":"2 Thieves","floor":19,"turns":3},{"damage":28,"enemies":"Centurion and Healer","floor":20,"turns":5},{"damage":76,"enemies":"Slavers","floor":27,"turns":3}],"seed_played":"-8574733136472227175","potions_obtained":[{"floor":5.0,"key":"Explosive Potion"},{"floor":13.0,"key":"GamblersBrew"},{"floor":14,"key":"BlessingOfTheForge"},{"floor":17,"key":"EntropicBrew"}],"is_trial":false,"path_per_floor":["M","?","?","M","M","R","M","?","T","R","?","M","E","M","R","B",null,"M","M","M","$","?","R","?","R","T","E"],"character_chosen":"IRONCLAD","items_purchased":["Shrug It Off","Twin Strike"],"campfire_rested":3,"item_purchase_floors":[21,21],"current_hp_per_floor":[63,63,56,51,54,54,47,29,29,49,49,55,29,12,47,35,65,65,56,34,34,34,34,34,70,70,0,0],"gold":82,"neow_bonus":"RANDOM_COLORLESS_2","is_daily":false,"chose_seed":false,"campfire_upgraded":1,"win_rate":0.0,"timestamp":1612265992,"path_taken":["M","?","?","M","M","R","M","?","T","R","?","M","E","M","R","BOSS","M","M","M","$","?","R","?","R","T","E"],"items_purchased_type":["Card","Card"],"build_version":"2020-12-22","purchased_purges":1,"victory":false,"max_hp_per_floor":[75,68,68,68,68,68,68,68,68,68,68,68,68,68,68,68,73,73,73,73,73,73,73,73,73,73,73,73],"card_choices":[{"not_picked":["Secret Technique","Violence"],"picked":"Apotheosis","floor":0.0},{"not_picked":["Battle Trance","Body Slam"],"picked":"Perfected Strike","floor":1.0},{"not_picked":["Intimidate","Metallicize"],"picked":"Seeing Red","floor":4.0},{"not_picked":["Warcry","Dark Embrace"],"picked":"Twin Strike","floor":5.0},{"not_picked":["Clothesline","Havoc"],"picked":"Headbutt","floor":7.0},{"not_picked":["Armaments","Heavy Blade","Berserk"],"picked":"SKIP","floor":12.0},{"not_picked":["Body Slam","Feed","Rampage"],"picked":"SKIP","floor":13.0},{"not_picked":["Havoc","Rampage"],"picked":"Clash","floor":14},{"not_picked":["Barricade","Immolate"],"picked":"Offering","floor":16},{"not_picked":["Intimidate","Reckless Charge"],"picked":"Seeing Red","floor":17},{"not_picked":["Inflame","Thunderclap"],"picked":"Clash","floor":18},{"not_picked":["Seeing Red","Iron Wave","Flex"],"picked":"SKIP","floor":19},{"not_picked":["Combust","Twin Strike+1"],"picked":"Pommel Strike+1","floor":20}],"player_experience":1177363,"relics_obtained":[{"floor":9.0,"key":"Peace Pipe"},{"floor":13.0,"key":"Regal Pillow"},{"floor":26,"key":"MawBank"}],"event_choices":[{"damage_healed":0.0,"max_hp_gain":0.0,"max_hp_loss":7.0,"gold_gain":0.0,"event_name":"Golden Idol","player_choice":"Lose Max HP","floor":2.0,"gold_loss":0.0,"damage_taken":0.0,"relics_obtained":["Golden Idol"]},{"cards_removed":["Bash"],"damage_healed":0.0,"max_hp_gain":0.0,"max_hp_loss":0.0,"gold_gain":0.0,"event_name":"Golden Wing","player_choice":"Card Removal","floor":3.0,"gold_loss":0.0,"damage_taken":7.0},{"damage_healed":0.0,"max_hp_gain":0.0,"max_hp_loss":0.0,"gold_gain":0.0,"event_name":"Scrap Ooze","player_choice":"Success","floor":8.0,"gold_loss":0.0,"damage_taken":18.0,"relics_obtained":["Unceasing Top"]},{"cards_removed":["Defend_R"],"damage_healed":0.0,"max_hp_gain":0.0,"max_hp_loss":0.0,"gold_gain":0.0,"event_name":"The Cleric","player_choice":"Card Removal","floor":11.0,"gold_loss":75.0,"damage_taken":0.0},{"damage_healed":0,"gold_gain":0,"player_choice":"Read","damage_taken":0,"max_hp_gain":0,"max_hp_loss":0,"event_name":"The Library","floor":22,"gold_loss":0,"cards_obtained":["Warcry"]},{"cards_removed":["Strike_R"],"damage_healed":0,"gold_gain":0,"player_choice":"Gave Gold","damage_taken":0,"max_hp_gain":0,"max_hp_loss":0,"event_name":"Beggar","floor":24,"gold_loss":75}],"is_beta":false,"boss_relics":[{"not_picked":["Velvet Choker","Empty Cage"],"picked":"Tiny House"}],"items_purged_floors":[21],"is_endless":false,"potions_floor_spawned":[5,13,14,18,20],"killed_by":"Slavers","ascension_level":20}}