{"host":"ye7dkdlypz0ka1od","time":1612240162,"event":{"mods":["Act Like it!","Aspiration","BaseMod","Better Third Choice","Downfall","Gensokyo","Hallownest","Hubris","Infinite Spire","Minty Spire (QoL Compilation)","Replay The Spire","StSLib","The Marked"],"gold_per_floor":[199,213,226,240,240,98,98,115,115,436,465,365,465,481,499,597,597,597,615,615,349,364,364,390,400,400,400,400],"floor_reached":26,"language":"ENG","playtime":1637,"items_purged":["hubris:Lust","champ:Defend"],"score":208,"play_id":"b39578ab-345b-4e70-90dc-4458d9f37907","local_time":"20210201232922","is_ascension_mode":false,"campfire_choices":[{"data":"champ:Taunt","floor":1,"key":"SMITH"},{"floor":9,"key":"REST"},{"data":"champ:GladiatorForm","floor":9,"key":"SMITH"},{"floor":12,"key":"REST"},{"data":"champ:Circumvent","floor":12,"key":"SMITH"},{"data":"champ:FlashCut","floor":18,"key":"SMITH"}],"circlet_count":0,"master_deck":["champ:Strike","champ:Defend","champ:Execute","champ:Taunt+1","champ:Circumvent+1","champ:GladiatorForm+1","champ:PreemptiveStrike","champ:ArenaPreparation","champ:StanceDance+1","champ:FlashCut+1","champ:HeavySlash","hubris:Counter","Hidden Blade","Doppelganger","champ:SwordSigil"],"relics":["champ:ChampionCrown","infinitespire:Magic Flask","ReplayTheSpireMod:CursedCoin","Replay:Wax Seal","Bag of Preparation","downfall:HeartBlessingGreen","Thread and Needle","Empty Cage","Gensokyo:DirgeOfMelancholy","Tiny Chest","infinitespire:PuzzleCube"],"acts_visited":["Exordium","Gensokyo:Gensokyo"],"potions_floor_usage":[15],"damage_taken":[{"damage":20,"enemies":"Gensokyo:Python","floor":2,"turns":3},{"damage":5,"enemies":"Gensokyo:Gryphon","floor":3,"turns":5},{"damage":18,"enemies":"Gensokyo:3_Fairies","floor":4,"turns":5},{"damage":59,"enemies":"Gensokyo:LivingMonolith","floor":8,"turns":7},{"damage":14,"enemies":"downfall:FleeingMerchant","floor":10,"turns":4},{"damage":19,"enemies":"Gensokyo:Aya","floor":11,"turns":6},{"damage":15,"enemies":"Gensokyo:VengefulSpirit","floor":14,"turns":4},{"damage":54,"enemies":"Gensokyo:2_Rabbits","floor":15,"turns":5},{"damage":15,"enemies":"DF_ARCHETYPE_STREAMLINE","floor":16,"turns":11},{"damage":0,"enemies":"Gensokyo:AngelMirror","floor":19,"turns":3},{"damage":16,"enemies":"downfall:FleeingMerchant","floor":21,"turns":4},{"damage":10,"enemies":"Gensokyo:Chomper","floor":22,"turns":4},{"damage":51,"enemies":"Gensokyo:Slime_Group","floor":25,"turns":5},{"damage":68,"enemies":"Gensokyo:3_Gloops","floor":26,"turns":4}],"seed_played":"5646711155710412721","potions_obtained":[{"floor":3,"key":"EssenceOfSteel"},{"floor":11,"key":"Weak Potion"},{"floor":14,"key":"champ:OpenerPotion"},{"floor":15,"key":"Fruit Juice"},{"floor":16,"key":"FearPotion"},{"floor":22,"key":"Fire Potion"}],"is_trial":false,"path_per_floor":["R","M","M","M","?","COS","T","M","R","$","E","R","?","M","M","B",null,"R","M","?","$","M","?","T","M","M"],"character_chosen":"THE_CHAMP","items_purchased":["ReplayTheSpireMod:CursedCoin","champ:StanceDance+1","Tiny Chest"],"campfire_rested":2,"item_purchase_floors":[10,10,21],"current_hp_per_floor":[90,90,85,77,72,72,72,33,60,56,47,74,74,74,60,55,95,95,95,95,94,94,94,94,58,0,0,0],"gold":400,"neow_bonus":"HUNDRED_GOLD","is_daily":false,"chose_seed":false,"campfire_upgraded":4,"win_rate":0.0,"timestamp":1612240162,"path_taken":["R","M","?","M","?","COS","T","?","R","$","E","R","?","M","M","BOSS","R","M","?","$","M","?","T","?","M"],"items_purchased_type":["Relic","Card","Relic"],"build_version":"2020-12-22","purchased_purges":2,"victory":false,"max_hp_per_floor":[90,90,90,90,90,90,90,90,90,90,90,90,90,90,95,95,95,95,95,95,95,95,95,95,95,95,95,95],"card_choices":[{"not_picked":["champ:Haymaker","champ:PerfectedStrike"],"picked":"champ:Circumvent","floor":2},{"not_picked":["champ:PreciseThrust","champ:BladeFlurry","champ:CrownThrow"],"picked":"SKIP","floor":3},{"not_picked":["champ:IronFortress","champ:FanOfKnives"],"picked":"champ:GladiatorForm","floor":4},{"not_picked":["champ:FocusedDefense","champ:FalseCounter"],"picked":"champ:PreemptiveStrike","floor":8},{"not_picked":["champ:CrookedStrike","champ:BerserkersShout"],"picked":"champ:ArenaPreparation","floor":10},{"not_picked":["champ:FalseCounter","champ:StanceDance"],"picked":"champ:FlashCut","floor":11},{"not_picked":["champ:DefensiveShout","champ:BringItOn","champ:RapidStrikes"],"picked":"SKIP","floor":14},{"not_picked":["champ:FanOfKnives","champ:BerserkersShout","champ:TornadoPunch"],"picked":"SKIP","floor":15},{"not_picked":["champ:IgnorePain","champ:CheapShot"],"picked":"champ:HeavySlash","floor":16},{"not_picked":["champ:EnragedBash+1","champ:DefensiveShout","champ:ArenaPreparation"],"picked":"SKIP","floor":19},{"not_picked":["champ:GutPunch","champ:EnragedBash","champ:Haymaker"],"picked":"SKIP","floor":21},{"not_picked":["champ:Backstep","champ:Shatter","champ:EnragedBash"],"picked":"SKIP","floor":22},{"not_picked":["champ:StanceDance","champ:ArenaPreparation"],"picked":"champ:SwordSigil","floor":25}],"player_experience":1367158,"relics_obtained":[{"floor":7,"key":"infinitespire:Magic Flask"},{"floor":11,"key":"Bag of Preparation"},{"floor":24,"key":"infinitespire:PuzzleCube"}],"event_choices":[],"is_beta":false,"boss_relics":[{"not_picked":["Coffee Dripper","hubris:GrandSneckoEye"],"picked":"Empty Cage"}],"items_purged_floors":[10,21],"is_endless":false,"potions_floor_spawned":[3,11,14,15,16,22],"killed_by":"Gensokyo:3_Gloops","ascension_level":0}}