{"host":"8is2j71l4wmybkoi","time":1612267793,"event":{"mods":["AchievementEnabler","BaseMod","Colored Map","Minty Spire (QoL Compilation)","Rare Cards Sparkle","StSLib","SuperFastMode"],"gold_per_floor":[111,111,122,137,154,154,173,173,199,216,249,249,249,268,268,340,340,352,352,367,367,367,367,367],"floor_reached":23,"language":"KOR","playtime":796,"items_purged":[],"score":338,"play_id":"93fd6341-2d4b-4de3-b38d-943e16ff8d97","local_time":"20210202210953","is_ascension_mode":true,"campfire_choices":[{"data":"Searing Blow","floor":6.0,"key":"SMITH"},{"data":"Armaments","floor":12.0,"key":"SMITH"},{"data":"Combust","floor":15.0,"key":"SMITH"}],"circlet_count":0,"master_deck":["AscendersBane","Strike_R","Strike_R","Strike_R","Strike_R","Defend_R","Defend_R","Defend_R","Defend_R","Bash","Jack Of All Trades","Combust+1","Searing Blow+1","Dual Wield","Second Wind","Armaments+1","Evolve","Offering","Feel No Pain"],"relics":["Burning Blood","Tiny Chest","Dream Catcher","Sozu","Gremlin Horn"],"acts_visited":["Exordium","TheCity"],"potions_floor_usage":[],"damage_taken":[{"damage":7.0,"enemies":"Jaw Worm","floor":1.0,"turns":3.0},{"damage":4.0,"enemies":"Cultist","floor":3.0,"turns":3.0},{"damage":3.0,"enemies":"2 Louse","floor":4.0,"turns":4.0},{"damage":24.0,"enemies":"Large Slime","floor":5.0,"turns":7.0},{"damage":9.0,"enemies":"3 Louse","floor":7.0,"turns":3.0},{"damage":3.0,"enemies":"2 Fungi Beasts","floor":10.0,"turns":4.0},{"damage":32.0,"enemies":"3 Sentries","floor":11.0,"turns":7.0},{"damage":18.0,"enemies":"Large Slime","floor":14.0,"turns":7.0},{"damage":12.0,"enemies":"Slime Boss","floor":16.0,"turns":9.0},{"damage":28.0,"enemies":"2 Thieves","floor":18.0,"turns":5.0},{"damage":9.0,"enemies":"Spheric Guardian","floor":20.0,"turns":3.0},{"damage":13,"enemies":"Gremlin Leader","floor":23,"turns":4}],"seed_played":"7728091573299549155","potions_obtained":[{"floor":3.0,"key":"Fire Potion"},{"floor":4.0,"key":"Swift Potion"},{"floor":10.0,"key":"SteroidPotion"},{"floor":11.0,"key":"ElixirPotion"},{"floor":14.0,"key":"Dexterity Potion"}],"is_trial":false,"path_per_floor":["M","?","M","M","M","R","M","?","T","M","E","R","?","M","R","B",null,"M","?","M","?","T","E"],"character_chosen":"IRONCLAD","items_purchased":[],"campfire_rested":0,"item_purchase_floors":[],"current_hp_per_floor":[67,67,69,72,54,54,51,51,51,54,28,28,28,16,16,10,59,37,16,13,13,13,0,0],"gold":367,"neow_bonus":"RANDOM_COLORLESS","is_daily":false,"chose_seed":false,"campfire_upgraded":3,"win_rate":0.0,"timestamp":1612267793,"path_taken":["M","?","M","M","M","R","?","?","T","M","E","R","?","M","R","BOSS","M","?","M","?","?","E"],"items_purchased_type":[],"build_version":"2020-12-22","purchased_purges":0,"victory":false,"max_hp_per_floor":[75,75,75,75,75,75,75,75,75,75,75,75,75,75,75,75,75,75,80,80,80,80,80,80],"card_choices":[{"not_picked":["Impatience","Deep Breath"],"picked":"Jack Of All Trades","floor":0.0},{"not_picked":["Sentinel","Warcry"],"picked":"Combust","floor":1.0},{"not_picked":["Headbutt","Flex"],"picked":"Searing Blow","floor":3.0},{"not_picked":["Flex","Dropkick"],"picked":"Dual Wield","floor":4.0},{"not_picked":["Disarm","Perfected Strike"],"picked":"Second Wind","floor":5.0},{"not_picked":["Pommel Strike","Entrench"],"picked":"Armaments","floor":7.0},{"not_picked":["Twin Strike","Iron Wave"],"picked":"Evolve","floor":10.0},{"not_picked":["Anger","Bludgeon","Body Slam"],"picked":"SKIP","floor":11.0},{"not_picked":["Wild Strike","Iron Wave","Warcry"],"picked":"SKIP","floor":14.0},{"not_picked":["Impervious","Juggernaut"],"picked":"Offering","floor":16.0},{"not_picked":["Iron Wave","Bloodletting","Evolve"],"picked":"SKIP","floor":18.0},{"not_picked":["Ghostly Armor","Rampage"],"picked":"Feel No Pain","floor":20.0}],"player_experience":936586,"relics_obtained":[{"floor":9.0,"key":"Tiny Chest"},{"floor":11.0,"key":"Dream Catcher"},{"floor":22.0,"key":"Gremlin Horn"}],"event_choices":[{"cards_removed":["Strike_R"],"damage_healed":0.0,"max_hp_gain":0.0,"max_hp_loss":0.0,"gold_gain":0.0,"event_name":"Purifier","player_choice":"Purged","floor":2.0,"gold_loss":0.0,"damage_taken":0.0},{"damage_healed":0.0,"max_hp_gain":0.0,"max_hp_loss":0.0,"gold_gain":0.0,"event_name":"Scrap Ooze","player_choice":"Fled","floor":8.0,"gold_loss":0.0,"damage_taken":0.0},{"damage_healed":0.0,"max_hp_gain":0.0,"max_hp_loss":0.0,"gold_gain":0.0,"event_name":"Dead Adventurer","player_choice":"Searched \u00270\u0027 times","floor":13.0,"gold_loss":0.0,"damage_taken":0.0},{"damage_healed":0.0,"max_hp_gain":5.0,"max_hp_loss":0.0,"gold_gain":0.0,"event_name":"Forgotten Altar","player_choice":"Shed Blood","floor":19.0,"gold_loss":0.0,"damage_taken":26.0},{"damage_healed":0.0,"max_hp_gain":0.0,"max_hp_loss":0.0,"gold_gain":0.0,"event_name":"The Mausoleum","player_choice":"Ignored","floor":21.0,"gold_loss":0.0,"damage_taken":0.0}],"is_beta":false,"boss_relics":[{"not_picked":["Astrolabe","Philosopher\u0027s Stone"],"picked":"Sozu"}],"items_purged_floors":[],"is_endless":false,"potions_floor_spawned":[3,4,10,11,14,18,20],"killed_by":"Gremlin Leader","ascension_level":15}}