{"host":"1a8vswsp13vmqqwt","time":1612289675,"event":{"mods":["AchievementEnabler","BaseMod","Minty Spire (QoL Compilation)","Replay The Spire","StSLib"],"gold_per_floor":[212,212,212,225,239,239,267,278,278,278,288,102,137,157,157,256,256,271,281,281,292,312,312,337,337,337],"floor_reached":25,"language":"ENG","playtime":819,"items_purged":[],"score":294,"play_id":"cd693287-4387-4f9c-be7f-640d18b779d5","local_time":"20210202211435","is_ascension_mode":true,"campfire_choices":[{"data":"Armaments","floor":6.0,"key":"SMITH"},{"floor":15.0,"key":"REST"},{"floor":23,"key":"REST"}],"circlet_count":0,"master_deck":["Bash","Inflame+1","Sword Boomerang","Armaments+1","Headbutt","Uppercut","Reaper","Cleave","Warcry","Clash","Headbutt","Iron Wave","Dropkick","Disarm","Warcry","Whirlwind","Immolate","Armaments","Havoc+1"],"relics":["Burning Blood","Singing Bowl","Sling","PreservedInsect","Pandora\u0027s Box","Ancient Tea Set"],"acts_visited":["Exordium","TheCity"],"potions_floor_usage":[22],"damage_taken":[{"damage":6.0,"enemies":"Jaw Worm","floor":1.0,"turns":4.0},{"damage":12.0,"enemies":"Small Slimes","floor":4.0,"turns":3.0},{"damage":3.0,"enemies":"2 Louse","floor":5.0,"turns":3.0},{"damage":39.0,"enemies":"3 Sentries","floor":7.0,"turns":10.0},{"damage":4.0,"enemies":"2 Fungi Beasts","floor":8.0,"turns":4.0},{"damage":17.0,"enemies":"3 Louse","floor":11.0,"turns":2.0},{"damage":4.0,"enemies":"Gremlin Nob","floor":13.0,"turns":3.0},{"damage":17.0,"enemies":"Exordium Wildlife","floor":14.0,"turns":3.0},{"damage":74.0,"enemies":"Fading Forest","floor":16.0,"turns":11.0},{"damage":20.0,"enemies":"2 Thieves","floor":18.0,"turns":3.0},{"damage":23,"enemies":"Shell Parasite","floor":19,"turns":3},{"damage":30,"enemies":"Snake Plant","floor":21,"turns":4},{"damage":0,"enemies":"3 Cultists","floor":22,"turns":2},{"damage":57,"enemies":"Book of Stabbing","floor":24,"turns":5},{"damage":26,"enemies":"Snecko","floor":25,"turns":3}],"seed_played":"8585937597571565000","potions_obtained":[{"floor":5.0,"key":"FearPotion"},{"floor":7.0,"key":"Block Potion"},{"floor":8.0,"key":"Explosive Potion"},{"floor":16.0,"key":"Strength Potion"},{"floor":18.0,"key":"AttackPotion"},{"floor":19,"key":"Strength Potion"}],"is_trial":false,"path_per_floor":["M","?","?","M","M","R","E","M","T","?","M","$","E","M","R","B",null,"M","M","?","M","M","R","E","M"],"character_chosen":"IRONCLAD","items_purchased":["Sling","Uppercut"],"campfire_rested":2,"item_purchase_floors":[12,12],"current_hp_per_floor":[80,80,80,74,77,77,44,48,48,32,23,23,25,24,49,15,68,63,48,48,26,34,61,20,0,0],"gold":337,"neow_bonus":"HUNDRED_GOLD","is_daily":false,"chose_seed":false,"campfire_upgraded":1,"win_rate":0.0,"timestamp":1612289675,"path_taken":["M","?","?","M","M","R","E","M","T","?","M","$","E","M","R","BOSS","M","M","?","M","M","R","E","M"],"items_purchased_type":["Relic","Card"],"build_version":"2020-12-22","purchased_purges":0,"victory":false,"max_hp_per_floor":[80,80,80,80,80,80,80,82,82,82,84,84,84,84,84,86,86,86,88,88,90,92,92,92,92,92],"card_choices":[{"not_picked":["Anger","ReplayTheSpireMod:LeadingStrike"],"picked":"Inflame","floor":1.0},{"not_picked":["Bloodletting","Carnage"],"picked":"Sword Boomerang","floor":4.0},{"not_picked":["Clash","Body Slam"],"picked":"Armaments","floor":5.0},{"not_picked":["Thunderclap","Double Tap"],"picked":"Headbutt","floor":7.0},{"not_picked":["Armaments","Ghostly Armor","Anger"],"picked":"Singing Bowl","floor":8.0},{"not_picked":["Warcry","Rage","Life Link"],"picked":"Singing Bowl","floor":11.0},{"not_picked":["Warcry","Shrug It Off"],"picked":"Reaper","floor":13.0},{"not_picked":["Warcry","Run Through"],"picked":"Cleave","floor":14.0},{"not_picked":["Brutality","Double Tap","Bludgeon"],"picked":"Singing Bowl","floor":16.0},{"not_picked":["Combust","Pommel Strike"],"picked":"Armaments","floor":18.0},{"not_picked":["Warcry+1","Sword Boomerang","Body Slam"],"picked":"Singing Bowl","floor":19},{"not_picked":["Carnage+1","Flex","Clothesline"],"picked":"Singing Bowl","floor":21},{"not_picked":["Dual Wield","Wild Strike","Headbutt"],"picked":"Singing Bowl","floor":22},{"not_picked":["ReplayReversal","Run Through"],"picked":"Havoc+1","floor":24}],"player_experience":197545,"relics_obtained":[{"floor":7.0,"key":"Singing Bowl"},{"floor":13.0,"key":"PreservedInsect"},{"floor":24,"key":"Ancient Tea Set"}],"event_choices":[{"damage_healed":0.0,"max_hp_gain":0.0,"max_hp_loss":0.0,"gold_gain":0.0,"event_name":"Golden Wing","player_choice":"Ignored","floor":2.0,"gold_loss":0.0,"damage_taken":0.0},{"damage_healed":0.0,"max_hp_gain":0.0,"max_hp_loss":0.0,"gold_gain":0.0,"event_name":"Living Wall","player_choice":"Grow","floor":3.0,"gold_loss":0.0,"damage_taken":0.0,"cards_upgraded":["Inflame"]},{"damage_healed":0.0,"max_hp_gain":0.0,"max_hp_loss":0.0,"gold_gain":0.0,"event_name":"Shining Light","player_choice":"Entered Light","floor":10.0,"gold_loss":0.0,"damage_taken":16.0,"cards_upgraded":["Strike_R","Defend_R"]},{"damage_healed":0,"gold_gain":0,"player_choice":"Ignored","damage_taken":0,"max_hp_gain":0,"max_hp_loss":0,"event_name":"Ghosts","floor":20,"gold_loss":0}],"is_beta":false,"boss_relics":[{"not_picked":["Sozu","Busted Crown"],"picked":"Pandora\u0027s Box"}],"items_purged_floors":[],"is_endless":false,"potions_floor_spawned":[5,7,8,16,18,19],"killed_by":"Snecko","ascension_level":5}}