{"host":"Jay","time":1612235520,"event":{"mods":["BaseMod","Colored Map","Googly Eyes","Hermit","Hubris","Minty Spire (QoL Compilation)","Replay The Spire","Shop Mod","StSLib","The Jungle"],"gold_per_floor":[119,131,131,56,56,56,56,56,131,142,158,158,173,38,38,138,138,157,174,190,208,227,227,246,260,305,322,322,272,282,282,282,377,377,396,406,422,422,433,433,458,458,534,544,544,558,61,75,75,75],"floor_reached":51,"language":"ENG","playtime":2749,"items_purged":["Regret","Parasite"],"score":672,"play_id":"fe759430-5731-44f7-a58a-b5e907b84bb0","local_time":"20210201221200","is_ascension_mode":false,"campfire_choices":[{"data":"Bash","floor":6.0,"key":"SMITH"},{"data":"Wild Strike","floor":8.0,"key":"SMITH"},{"data":"Anger","floor":12.0,"key":"SMITH"},{"data":"Spot Weakness","floor":15.0,"key":"SMITH"},{"floor":23.0,"key":"REST"},{"floor":28.0,"key":"REST"},{"floor":32,"key":"REST"},{"floor":40,"key":"REST"},{"data":"Demon Form","floor":42,"key":"SMITH"},{"data":"Demon Form","floor":45,"key":"SMITH"},{"data":"Shockwave","floor":49,"key":"SMITH"}],"circlet_count":0,"master_deck":["Strike_R","Strike_R","Strike_R","Strike_R","Strike_R","Defend_R","Defend_R","Defend_R","Defend_R","Bash+1","Anger+1","Wild Strike+1","Spot Weakness+1","Anger","Bloodletting","Demon Form+1","hermit:Ricochet","Evolve","Shrug It Off+1","Life Link+1","hermit:Headshot","Twin Strike","Shockwave+1","hermit:Determination","ReplayTheSpireMod:Limb From Limb+1","Demon Form+1","hubris:ReadiedAction+1","ReplayTheSpireMod:Stacked+1","Anger+1","Rage+1","Cleave+1","Second Wind+1"],"relics":["Burning Blood","NeowsBlessing","hubris:DisguiseKit","Replay:Bottled Steam","Replay:Ringing Soul","hubris:GrandSneckoEye","Replay:Rubber Ducky","Replay:Accelerometer","hubris:ScarierMask","Vajra","Eternal Feather","hubris:CrystalStatue","Strange Spoon"],"acts_visited":["Exordium","Exordium","TheBeyond"],"potions_floor_usage":[48,50,50],"damage_taken":[{"damage":0.0,"enemies":"Small Slimes","floor":1.0,"turns":1.0},{"damage":0.0,"enemies":"2 Louse","floor":2.0,"turns":1.0},{"damage":0.0,"enemies":"Cultist","floor":10.0,"turns":1.0},{"damage":5.0,"enemies":"Looter","floor":11.0,"turns":3.0},{"damage":13.0,"enemies":"Lots of Slimes","floor":13.0,"turns":4.0},{"damage":61.0,"enemies":"Hexaghost","floor":16.0,"turns":8.0},{"damage":26.0,"enemies":"theJungle:GiantWrat","floor":18.0,"turns":4.0},{"damage":7.0,"enemies":"Shell Parasite","floor":19.0,"turns":3.0},{"damage":53.0,"enemies":"theJungle:2_Flameangoes","floor":20.0,"turns":5.0},{"damage":21.0,"enemies":"theJungle:Lyon","floor":21.0,"turns":4.0},{"damage":15.0,"enemies":"theJungle:JungleHuntersEncounter","floor":22.0,"turns":5.0},{"damage":9.0,"enemies":"theJungle:Snecko_Cultist_And_Trap","floor":24.0,"turns":4.0},{"damage":37.0,"enemies":"theJungle:2_Flameangoes","floor":25.0,"turns":4.0},{"damage":21.0,"enemies":"Snake Plant","floor":27.0,"turns":3.0},{"damage":9,"enemies":"theJungle:Snecko_Cultist_And_Trap","floor":30,"turns":5},{"damage":10,"enemies":"theJungle:FunGuy","floor":33,"turns":7},{"damage":10,"enemies":"Orb Walker","floor":35,"turns":2},{"damage":23,"enemies":"3 Darklings","floor":36,"turns":4},{"damage":10,"enemies":"Transient","floor":37,"turns":5},{"damage":15,"enemies":"4 Shapes","floor":39,"turns":3},{"damage":26,"enemies":"Writhing Mass","floor":44,"turns":5},{"damage":5,"enemies":"Jaw Worm Horde","floor":46,"turns":4},{"damage":8,"enemies":"Transient","floor":48,"turns":5},{"damage":59,"enemies":"Donu and Deca","floor":50,"turns":7}],"seed_played":"2707686698633145039","potions_obtained":[{"floor":1.0,"key":"BlessingOfTheForge"},{"floor":10.0,"key":"LiquidBronze"},{"floor":11.0,"key":"Dexterity Potion"},{"floor":13.0,"key":"Cursed Concoction"},{"floor":18.0,"key":"Elixir"},{"floor":19.0,"key":"Milkshake"},{"floor":21.0,"key":"BloodPotion"},{"floor":24.0,"key":"Weak Potion"},{"floor":25.0,"key":"BloodPotion"},{"floor":36,"key":"Flashbang"}],"is_trial":false,"path_per_floor":["M","M","?","$","?","R","?","R","T","M","M","R","M","?","R","B",null,"M","M","M","M","M","R","M","M","T","M","R","?","M","T","R","B",null,"M","M","M","?","M","R","T","R","T","M","R","M","$","M","R","B",null],"character_chosen":"IRONCLAD","items_purchased":["hubris:CrystalStatue","Strange Spoon"],"campfire_rested":4,"item_purchase_floors":[47,47],"current_hp_per_floor":[80,80,80,80,80,80,80,80,80,80,80,80,73,73,73,21,83,66,68,24,12,25,54,54,26,26,34,66,66,66,66,99,98,113,112,98,94,94,88,122,122,122,122,105,123,127,125,126,128,75],"gold":75,"neow_bonus":"THREE_ENEMY_KILL","is_daily":false,"chose_seed":false,"campfire_upgraded":7,"win_rate":0.0,"timestamp":1612235520,"path_taken":["M","M","?","$","?","R","?","R","T","M","M","R","?","?","R","BOSS","M","?","M","M","M","R","M","M","T","M","R","?","M","?","R","BOSS","M","M","?","?","?","R","?","R","T","?","R","M","$","M","R","BOSS"],"items_purchased_type":["Relic","Relic"],"build_version":"2020-12-18","purchased_purges":2,"victory":true,"max_hp_per_floor":[80,80,80,80,80,80,80,80,80,80,80,80,80,80,80,83,83,86,89,92,95,98,98,101,104,104,107,107,107,110,110,110,113,113,116,119,119,119,122,122,122,122,122,125,125,128,125,128,128,128],"card_choices":[{"not_picked":["ReplayTheSpireMod:Strike From Hell","hubris:CleavingFinish"],"picked":"Anger","floor":1.0},{"not_picked":["Headbutt","ReplayTheSpireMod:Strike From Hell"],"picked":"Wild Strike","floor":2.0},{"not_picked":["Life Link","Whirlwind","hermit:Manifest"],"picked":"Spot Weakness","floor":10.0},{"not_picked":["Bloodletting","Carnage","hermit:Misfire"],"picked":"Anger","floor":11.0},{"not_picked":["Feel No Pain","Havoc","hermit:Desperado"],"picked":"Bloodletting","floor":13.0},{"not_picked":["Hemogenesis","Juggernaut","hermit:FatalDesire"],"picked":"Demon Form","floor":16.0},{"not_picked":["Clash","Sever Soul+1","Clothesline"],"picked":"hermit:Ricochet","floor":18.0},{"not_picked":["Clash","ReplayTheSpireMod:Strike From Hell","hermit:Feint"],"picked":"Evolve","floor":19.0},{"not_picked":["Eclipse","Clothesline","hermit:Feint"],"picked":"Shrug It Off+1","floor":20.0},{"not_picked":["Headbutt","Wild Strike","hermit:Midnight"],"picked":"Life Link+1","floor":21.0},{"not_picked":["Defy Death","Sword Boomerang","Replay:Undeath\u0027s Touch"],"picked":"hermit:Headshot","floor":22.0},{"not_picked":["Clash+1","Corruption","hermit:CalledShot"],"picked":"Twin Strike","floor":24.0},{"not_picked":["Sever Soul","Headbutt","hermit:Headshot"],"picked":"Shockwave","floor":25.0},{"not_picked":["Havoc","ReplayTheSpireMod:LeadingStrike","Intimidate"],"picked":"hermit:Determination","floor":27.0},{"not_picked":["hubris:ReadiedAction","Body Slam","hermit:Manifest"],"picked":"ReplayTheSpireMod:Limb From Limb+1","floor":30},{"not_picked":["Fiend Fire","Juggernaut","hermit:BlackWind"],"picked":"Demon Form","floor":33},{"not_picked":["Entrench","Replay:Undeath\u0027s Touch+1","hermit:Dive"],"picked":"hubris:ReadiedAction+1","floor":35},{"not_picked":["Rupture","Headbutt","hermit:Headshot"],"picked":"ReplayTheSpireMod:Stacked+1","floor":36},{"not_picked":["Intimidate","Dark Embrace","Body Slam","hermit:Misfire"],"picked":"SKIP","floor":37},{"not_picked":["Body Slam+1","Sword Boomerang+1","hermit:HoleUp"],"picked":"Anger+1","floor":39},{"not_picked":["Sentinel+1","Sword Boomerang","hermit:Deadeye"],"picked":"Rage+1","floor":44},{"not_picked":["Sword Boomerang","Metallicize+1","hermit:Determination"],"picked":"Cleave+1","floor":46},{"not_picked":["Reaper","Havoc","hermit:HighCaliber"],"picked":"Second Wind+1","floor":48}],"player_experience":624120,"relics_obtained":[{"floor":9.0,"key":"Replay:Bottled Steam"},{"floor":26.0,"key":"Replay:Rubber Ducky"},{"floor":31,"key":"Replay:Accelerometer"},{"floor":41,"key":"Vajra"},{"floor":43,"key":"Eternal Feather"}],"event_choices":[{"damage_healed":0.0,"max_hp_gain":0.0,"max_hp_loss":0.0,"gold_gain":0.0,"event_name":"Big Fish","player_choice":"Box","floor":3.0,"gold_loss":0.0,"damage_taken":0.0,"relics_obtained":["hubris:DisguiseKit"],"cards_obtained":["Regret"]},{"damage_healed":0.0,"max_hp_gain":0.0,"max_hp_loss":0.0,"gold_gain":0.0,"event_name":"The Cleric","player_choice":"Leave","floor":5.0,"gold_loss":0.0,"damage_taken":0.0},{"damage_healed":0.0,"max_hp_gain":0.0,"max_hp_loss":0.0,"gold_gain":0.0,"event_name":"Purifier","player_choice":"Ignored","floor":7.0,"gold_loss":0.0,"damage_taken":0.0},{"damage_healed":0.0,"max_hp_gain":0.0,"max_hp_loss":0.0,"gold_gain":0.0,"event_name":"WeMeetAgain","player_choice":"Paid Gold","floor":14.0,"gold_loss":135.0,"damage_taken":0.0,"relics_obtained":["Replay:Ringing Soul"]},{"damage_healed":0,"gold_gain":0,"player_choice":"Ignored","damage_taken":0,"max_hp_gain":0,"max_hp_loss":0,"event_name":"SecretPortal","floor":38,"gold_loss":0}],"is_beta":true,"boss_relics":[{"not_picked":["Astrolabe","hubris:VirtuousBlindfold"],"picked":"hubris:GrandSneckoEye"},{"not_picked":["Snecko Eye","Mark of Pain"],"picked":"hubris:ScarierMask"}],"items_purged_floors":[4,47],"is_endless":false,"potions_floor_spawned":[1,10,11,13,18,19,21,24,25,36,37,44,46],"ascension_level":0}}