{"host":"spoxbmo2txwgdxt2","time":1612295348,"event":{"mods":["AchievementEnabler","Act Like it!","BaseMod","Colored Powertips","Lobotomy","LobotomyExtend","Marisa£®ÏF”Í°°ƒß¿Ì…≥£©","Minty Spire (QoL Compilation)","Quick Restart","Shop Mod","StSLib","The Hierophant"],"gold_per_floor":[109,284,298,373,391,391,391],"floor_reached":6,"language":"ZHS","playtime":585,"items_purged":[],"score":36,"play_id":"a27f1a15-0f52-4e85-89af-b98f6bd2679e","local_time":"20210203034908","is_ascension_mode":false,"campfire_choices":[],"circlet_count":0,"master_deck":["hierophant:Strike_Hierophant","hierophant:Strike_Hierophant","hierophant:Strike_Hierophant","hierophant:Strike_Hierophant","hierophant:Punish","hierophant:Defend_Hierophant","hierophant:Defend_Hierophant","hierophant:Defend_Hierophant","hierophant:Defend_Hierophant","hierophant:ChurchCoffers","ShyLook","hierophant:OrnateBuckler","Doubt","OSAHOGD","SnowQueen","hierophant:Doubloon","hierophant:Generosity"],"relics":["hierophant:PropheticMaskRelic","CogitoBucket","LetterFromLob"],"acts_visited":["Exordium"],"potions_floor_usage":[],"damage_taken":[{"damage":3.0,"enemies":"Jaw Worm","floor":1.0,"turns":4.0},{"damage":0.0,"enemies":"Small Slimes","floor":3.0,"turns":5.0},{"damage":0.0,"enemies":"2 Louse","floor":5.0,"turns":1.0},{"damage":48,"enemies":"Gremlin Nob","floor":6,"turns":6}],"seed_played":"1118571012259142278","potions_obtained":[{"floor":3.0,"key":"Fire Potion"}],"is_trial":false,"path_per_floor":["M","?","M","?","M","E"],"character_chosen":"HIEROPHANT","items_purchased":[],"campfire_rested":0,"item_purchase_floors":[],"current_hp_per_floor":[72,72,72,61,61,13,13],"gold":391,"neow_bonus":"","is_daily":false,"chose_seed":false,"campfire_upgraded":0,"win_rate":0.0,"timestamp":1612295348,"path_taken":["M","?","M","?","M","E"],"items_purchased_type":[],"build_version":"2020-12-22","purchased_purges":0,"victory":false,"max_hp_per_floor":[75,75,75,75,75,75,75],"card_choices":[{"not_picked":["Bloodbath","MeatLantern"],"picked":"ShyLook","floor":1.0},{"not_picked":["hierophant:Shelter","hierophant:RustyCrate"],"picked":"hierophant:OrnateBuckler","floor":1.0},{"not_picked":["FairyFestival","MHz"],"picked":"OSAHOGD","floor":3.0},{"not_picked":["hierophant:Encroach","hierophant:PassingBell","hierophant:Shelter"],"picked":"SKIP","floor":3.0},{"not_picked":["WallGazer","RedShoes"],"picked":"SnowQueen","floor":5.0},{"not_picked":["hierophant:OrnateBuckler","hierophant:HolyVerse"],"picked":"hierophant:Generosity","floor":5.0}],"player_experience":328227,"relics_obtained":[{"floor":1.0,"key":"LetterFromLob"}],"event_choices":[{"damage_healed":0.0,"max_hp_gain":0.0,"max_hp_loss":0.0,"gold_gain":175.0,"event_name":"Liars Game","player_choice":"AGREE","floor":2.0,"gold_loss":0.0,"damage_taken":0.0,"cards_obtained":["Doubt"]},{"damage_healed":0.0,"max_hp_gain":0.0,"max_hp_loss":0.0,"gold_gain":75.0,"event_name":"World of Goop","player_choice":"Gather Gold","floor":4.0,"gold_loss":0.0,"damage_taken":11.0}],"is_beta":false,"boss_relics":[],"items_purged_floors":[],"is_endless":false,"potions_floor_spawned":[3],"killed_by":"Gremlin Nob","ascension_level":0}}