{"host":"i09pxcjttd31eh4q","time":1612263594,"event":{"mods":["AchievementEnabler","BaseMod","Colored Map","Keyboard Shortcuts","Minty Spire (QoL Compilation)","StSLib","SuperFastMode"],"gold_per_floor":[116,116,136,151,201,232,242,242,242,260,277,277,277,277],"floor_reached":13,"language":"KOR","playtime":223,"items_purged":[],"score":174,"play_id":"e1934aab-ca4c-448c-9d08-67e4af837db0","local_time":"20210202195954","is_ascension_mode":true,"campfire_choices":[{"data":"Noxious Fumes","floor":8,"key":"SMITH"}],"circlet_count":0,"master_deck":["AscendersBane","Strike_G","Strike_G","Strike_G","Strike_G","Strike_G","Defend_G","Defend_G","Defend_G","Defend_G","Defend_G","Survivor","Neutralize","Concentrate","Quick Slash","Dagger Spray","Noxious Fumes+1","Eviscerate","Dagger Throw"],"relics":["Ring of the Snake","NeowsBlessing","Mango","Gambling Chip","CultistMask"],"acts_visited":["Exordium"],"potions_floor_usage":[6],"damage_taken":[{"damage":0,"enemies":"2 Louse","floor":1,"turns":1},{"damage":0,"enemies":"Cultist","floor":3,"turns":1},{"damage":0,"enemies":"Jaw Worm","floor":4,"turns":1},{"damage":22,"enemies":"3 Sentries","floor":6,"turns":7},{"damage":22,"enemies":"Red Slaver","floor":7,"turns":6},{"damage":9,"enemies":"Large Slime","floor":10,"turns":5},{"damage":26,"enemies":"Gremlin Gang","floor":11,"turns":4},{"damage":0,"enemies":"Lagavulin","floor":13,"turns":2}],"seed_played":"-5448081905876939572","potions_obtained":[{"floor":3,"key":"Explosive Potion"},{"floor":4,"key":"FairyPotion"}],"is_trial":false,"path_per_floor":["M","?","M","M","?","E","M","R","T","M","M","?","E"],"character_chosen":"THE_SILENT","items_purchased":[],"campfire_rested":0,"item_purchase_floors":[],"current_hp_per_floor":[59,59,59,59,59,51,29,29,29,20,23,23,23,23],"gold":277,"neow_bonus":"THREE_ENEMY_KILL","is_daily":false,"chose_seed":false,"campfire_upgraded":1,"win_rate":0.0,"timestamp":1612263594,"path_taken":["M","?","M","?","?","E","?","R","T","M","M","?","E"],"items_purchased_type":[],"build_version":"2020-12-22","purchased_purges":0,"victory":false,"max_hp_per_floor":[66,66,66,66,66,80,80,80,80,80,80,80,80,80],"card_choices":[{"not_picked":["Dodge and Roll","Caltrops","Concentrate"],"picked":"SKIP","floor":1},{"not_picked":["Dodge and Roll","Caltrops"],"picked":"Concentrate","floor":1},{"not_picked":["Underhanded Strike","Prepared"],"picked":"Quick Slash","floor":3},{"not_picked":["Underhanded Strike","Masterful Stab"],"picked":"Dagger Spray","floor":4},{"not_picked":["Storm of Steel","Bane","Riddle With Holes"],"picked":"SKIP","floor":6},{"not_picked":["Dagger Throw","Dagger Spray"],"picked":"Noxious Fumes","floor":7},{"not_picked":["Backstab","Flechettes"],"picked":"Eviscerate","floor":10},{"not_picked":["PiercingWail","Deadly Poison"],"picked":"Dagger Throw","floor":11}],"player_experience":879883,"relics_obtained":[{"floor":6,"key":"Mango"},{"floor":9,"key":"Gambling Chip"}],"event_choices":[{"damage_healed":0,"gold_gain":0,"player_choice":"0 cards matched","damage_taken":0,"max_hp_gain":0,"max_hp_loss":0,"event_name":"Match and Keep!","floor":2,"gold_loss":0,"cards_obtained":[]},{"damage_healed":0,"gold_gain":50,"player_choice":"Pray","damage_taken":0,"max_hp_gain":0,"max_hp_loss":0,"event_name":"Golden Shrine","floor":5,"gold_loss":0},{"damage_healed":0,"gold_gain":0,"player_choice":"Trade","damage_taken":0,"relics_obtained":["CultistMask"],"max_hp_gain":0,"max_hp_loss":0,"event_name":"FaceTrader","floor":12,"gold_loss":0}],"is_beta":false,"boss_relics":[],"items_purged_floors":[],"is_endless":false,"potions_floor_spawned":[3,4],"killed_by":"Lagavulin","ascension_level":20}}