{"host":"qy1e0kd24tpj3i2m","time":1612239329,"event":{"mods":["Act Like it!","Alarm Clock","BaseMod","Better Skull","Better Vampires","Colored Map","Colored Powertips","Custom Start","Faster Ascension Climbing","Friendly Minions","GifTheSpireLib","Gremlin Skip","Highlight Path","Minty Spire (QoL Compilation)","Permanent Neow","Poor People Problems","Quick Restart","Red Circlet Mod","Relic Filter Mod","Relic Sorter","Reorder Act Four","SacredBarkPlus","Shop Mod","StSLib","SuperFastMode","Transform Curses","没有小屋子和绿帽子啦"],"gold_per_floor":[117,128,140,43,63,82,82,96,123,153,64,64,64,74,74,151,151,168,168,168],"floor_reached":19,"language":"ZHS","playtime":882,"items_purged":[],"score":322,"play_id":"ee322cff-0ba5-4b69-86b6-f945ea8f0b58","local_time":"20210202131529","is_ascension_mode":true,"campfire_choices":[{"data":"True Grit","floor":7.0,"key":"SMITH"},{"data":"Evolve","floor":13.0,"key":"SMITH"},{"data":"Barricade","floor":15.0,"key":"SMITH"}],"circlet_count":0,"master_deck":["AscendersBane","Strike_R","Strike_R","Strike_R","Strike_R","Strike_R","Defend_R","Defend_R","Defend_R","Defend_R","Seeing Red","Feel No Pain","True Grit+1","Bandage Up","Ghostly Armor","Ghostly Armor","Evolve+1","Barricade+1","Demon Form","Pommel Strike+1"],"relics":["Burning Blood","Happy Flower","Mark of Pain"],"acts_visited":["Exordium","TheCity"],"potions_floor_usage":[],"damage_taken":[{"damage":7.0,"enemies":"Small Slimes","floor":1.0,"turns":3.0},{"damage":4.0,"enemies":"Jaw Worm","floor":2.0,"turns":6.0},{"damage":0.0,"enemies":"2 Louse","floor":3.0,"turns":4.0},{"damage":4.0,"enemies":"Blue Slaver","floor":5.0,"turns":5.0},{"damage":11.0,"enemies":"Looter","floor":6.0,"turns":4.0},{"damage":32.0,"enemies":"Exordium Wildlife","floor":8.0,"turns":7.0},{"damage":17.0,"enemies":"2 Fungi Beasts","floor":14.0,"turns":5.0},{"damage":33.0,"enemies":"Slime Boss","floor":16.0,"turns":33.0},{"damage":14.0,"enemies":"3 Byrds","floor":18.0,"turns":12.0},{"damage":28,"enemies":"Masked Bandits","floor":19,"turns":3}],"seed_played":"8182927435469933542","potions_obtained":[{"floor":1.0,"key":"LiquidBronze"},{"floor":2.0,"key":"EssenceOfSteel"},{"floor":8.0,"key":"BloodPotion"},{"floor":18,"key":"SteroidPotion"}],"is_trial":false,"path_per_floor":["M","M","M","$","M","M","R","M","T","?","$","?","R","M","R","B",null,"M","?"],"character_chosen":"IRONCLAD","items_purchased":["Bandage Up","Evolve"],"campfire_rested":0,"item_purchase_floors":[4,11],"current_hp_per_floor":[67,69,75,75,75,74,74,52,52,52,52,57,57,50,50,43,71,67,39,39],"gold":168,"neow_bonus":"TRANSFORM_CARD","is_daily":false,"chose_seed":false,"campfire_upgraded":3,"win_rate":0.0,"timestamp":1612239329,"path_taken":["M","M","M","$","M","M","R","M","T","?","$","?","R","M","R","BOSS","M","?"],"items_purchased_type":["Card","Card"],"build_version":"2020-12-22","purchased_purges":0,"victory":false,"max_hp_per_floor":[75,75,75,75,75,75,75,75,75,75,75,80,80,80,80,80,80,80,80,80],"card_choices":[{"not_picked":["Anger","Clash"],"picked":"Feel No Pain","floor":1.0},{"not_picked":["Cleave","Clash"],"picked":"True Grit","floor":2.0},{"not_picked":["Headbutt","Thunderclap","Sever Soul"],"picked":"SKIP","floor":3.0},{"not_picked":["Armaments","Spot Weakness"],"picked":"Ghostly Armor","floor":5.0},{"not_picked":["Flex","Battle Trance"],"picked":"Ghostly Armor","floor":6.0},{"not_picked":["Perfected Strike","Twin Strike","Disarm"],"picked":"SKIP","floor":8.0},{"not_picked":["Shrug It Off","True Grit"],"picked":"Barricade","floor":14.0},{"not_picked":["Barricade","Fiend Fire"],"picked":"Demon Form","floor":16.0},{"not_picked":["Whirlwind","Clothesline"],"picked":"Pommel Strike+1","floor":18}],"player_experience":978785,"relics_obtained":[{"floor":9.0,"key":"Happy Flower"}],"event_choices":[{"damage_healed":0.0,"max_hp_gain":0.0,"max_hp_loss":0.0,"gold_gain":30.0,"event_name":"Dead Adventurer","player_choice":"Searched \u00271\u0027 times","floor":10.0,"gold_loss":0.0,"damage_taken":0.0},{"damage_healed":0.0,"max_hp_gain":5.0,"max_hp_loss":0.0,"gold_gain":0.0,"event_name":"Big Fish","player_choice":"Donut","floor":12.0,"gold_loss":0.0,"damage_taken":0.0},{"damage_healed":0,"gold_gain":0,"player_choice":"Fought Bandits","damage_taken":0,"max_hp_gain":0,"max_hp_loss":0,"event_name":"Masked Bandits","floor":19,"gold_loss":0}],"is_beta":false,"boss_relics":[{"not_picked":["Cursed Key","Calling Bell"],"picked":"Mark of Pain"}],"items_purged_floors":[],"is_endless":false,"potions_floor_spawned":[1,2,8,18],"killed_by":"Masked Bandits","ascension_level":20}}