{"host":"d52brwsy6af8zvaq","time":1612247240,"event":{"mods":["AchievementEnabler","BaseMod","Bestiary","Highlight Path","Minty Spire (QoL Compilation)","Quick Restart","Relic Stats","ojb\u0027s Better Paths Mod"],"gold_per_floor":[211,221,296,306,306,306,341,341,395,406,406,202,202,202],"floor_reached":13,"language":"ENG","playtime":424,"items_purged":["Strike_G"],"score":166,"play_id":"f0a9cd76-e9da-4399-b242-6230a9960803","local_time":"20210201232720","is_ascension_mode":true,"campfire_choices":[{"data":"Quick Slash","floor":6,"key":"SMITH"},{"floor":8,"key":"REST"},{"data":"Cloak And Dagger","floor":11,"key":"SMITH"}],"circlet_count":0,"master_deck":["AscendersBane","Strike_G","Strike_G","Strike_G","Strike_G","Defend_G","Defend_G+1","Defend_G","Defend_G+1","Defend_G","Survivor","Neutralize","Cloak And Dagger","Sucker Punch+1","Quick Slash+1","Cloak And Dagger+1","Tools of the Trade","Skewer","Calculated Gamble"],"relics":["Ring of the Snake","Boot","War Paint"],"acts_visited":["Exordium"],"potions_floor_usage":[],"damage_taken":[{"damage":0,"enemies":"Jaw Worm","floor":1,"turns":5},{"damage":0,"enemies":"2 Louse","floor":2,"turns":4},{"damage":1,"enemies":"Small Slimes","floor":4,"turns":5},{"damage":40,"enemies":"Gremlin Nob","floor":7,"turns":5},{"damage":0,"enemies":"3 Louse","floor":10,"turns":3},{"damage":26,"enemies":"3 Sentries","floor":13,"turns":7}],"seed_played":"3548508138377272651","potions_obtained":[{"floor":4,"key":"Dexterity Potion"},{"floor":7,"key":"Weak Potion"}],"is_trial":false,"path_per_floor":["M","M","?","M","?","R","E","R","T","M","R","$","E"],"character_chosen":"THE_SILENT","items_purchased":["Skewer","Calculated Gamble"],"campfire_rested":1,"item_purchase_floors":[12,12],"current_hp_per_floor":[59,59,48,47,47,47,7,26,26,26,26,26,0,0],"gold":202,"neow_bonus":"HUNDRED_GOLD","is_daily":false,"chose_seed":false,"campfire_upgraded":2,"win_rate":0.0,"timestamp":1612247240,"path_taken":["M","M","?","M","?","R","E","R","T","M","R","$","E"],"items_purchased_type":["Card","Card"],"build_version":"2020-12-22","purchased_purges":1,"victory":false,"max_hp_per_floor":[66,66,66,66,66,66,66,66,66,66,66,66,66,66],"relic_stats":{"counters":[6,29],"War Paint":["Defend_G","Defend_G"],"Boot":[16],"obtain_stats":[{"War Paint":9,"Boot":7,"Ring of the Snake":0},{"War Paint":4,"Boot":4,"Ring of the Snake":0},{"War Paint":19,"Boot":19,"Ring of the Snake":0}],"Ring of the Snake":[12]},"card_choices":[{"not_picked":["Deadly Poison","Outmaneuver"],"picked":"Cloak And Dagger","floor":1},{"not_picked":["Deflect","Slice"],"picked":"Sucker Punch","floor":2},{"not_picked":["Outmaneuver","Well Laid Plans"],"picked":"Quick Slash","floor":4},{"not_picked":["Accuracy","Flying Knee"],"picked":"Cloak And Dagger","floor":7},{"not_picked":["Deflect","Eviscerate"],"picked":"Tools of the Trade","floor":10}],"player_experience":2116219,"relics_obtained":[{"floor":7,"key":"Boot"},{"floor":9,"key":"War Paint"}],"event_choices":[{"damage_healed":0,"gold_gain":75,"player_choice":"Gather Gold","damage_taken":11,"max_hp_gain":0,"max_hp_loss":0,"event_name":"World of Goop","floor":3,"gold_loss":0},{"damage_healed":0,"gold_gain":0,"player_choice":"Grow","damage_taken":0,"max_hp_gain":0,"max_hp_loss":0,"event_name":"Living Wall","floor":5,"gold_loss":0,"cards_upgraded":["Sucker Punch"]}],"is_beta":false,"boss_relics":[],"items_purged_floors":[12],"is_endless":false,"potions_floor_spawned":[4,7],"killed_by":"3 Sentries","ascension_level":20}}