{"host":"Teech","time":1612238131,"event":{"mods":["AchievementEnabler","BaseMod","Colored Map","Minty Spire (QoL Compilation)","Relic Stats","Slay the Relics Exporter","StSLib"],"gold_per_floor":[117,135,151,301,19,19,48,48,73,87,119,119,119,136,136,208,208,239,276,55,55,5,47,47,79,103,138,147,191,225,260,260,346,346,381,399,454,480,1497,1537,1537,1546,1569,621,653,653,875,896,896,896],"floor_reached":51,"language":"ENG","playtime":3003,"items_purged":["Doubt","Strike_B","Normality"],"score":1723,"play_id":"33df0c0c-c1fd-4da5-9aae-5d0b029835a5","local_time":"20210201215531","is_ascension_mode":true,"campfire_choices":[{"floor":6.0,"key":"REST"},{"floor":8.0,"key":"REST"},{"floor":13.0,"key":"REST"},{"data":"Beam Cell","floor":15.0,"key":"SMITH"},{"floor":24.0,"key":"REST"},{"floor":28.0,"key":"REST"},{"floor":32.0,"key":"DIG"},{"floor":42,"key":"REST"},{"data":"Buffer","floor":49,"key":"SMITH"}],"circlet_count":0,"master_deck":["AscendersBane","Strike_B","Strike_B","Strike_B","Defend_B","Defend_B","Defend_B","Defend_B","Zap","Dualcast","Cold Snap","Sweeping Beam","Ball Lightning","BootSequence+1","Beam Cell+1","Sunder","Glacier+1","Cold Snap","Conserve Battery+1","Creative AI+1","CurseOfTheBell","FTL","Redo+1","Buffer","Coolheaded+1","Seek+1","Echo Form","Fusion+1","Conserve Battery+1","Compile Driver","Turbo+1","Fission+1","Fusion+1","Fusion+1","Conserve Battery+1","Rainbow+1","Turbo+1","Go for the Eyes","Bandage Up+1","Chrysalis+1","Redo+1","Turbo+1","Normality","Hologram+1","Multi-Cast+1","White Noise+1","Buffer+1","Lockon+1","Chill+1","Glacier+1"],"relics":["Black Star","Toxic Egg 2","Potion Belt","Prayer Wheel","Smiling Mask","Pocketwatch","InkBottle","Calling Bell","CeramicFish","Meat on the Bone","Unceasing Top","Dead Branch","Bronze Scales","Dream Catcher","Shovel","Symbiotic Virus","Mango","Juzu Bracelet","Red Mask","Orichalcum","Nuclear Battery","Peace Pipe","Blue Candle","Du-Vu Doll","Pen Nib","Emotion Chip","Bag of Preparation","Orrery","Mercury Hourglass","Ancient Tea Set","Gremlin Horn"],"acts_visited":["Exordium","TheCity","TheBeyond"],"potions_floor_usage":[40,48,50,50,50],"damage_taken":[{"damage":11.0,"enemies":"2 Louse","floor":1.0,"turns":5.0},{"damage":3.0,"enemies":"Small Slimes","floor":2.0,"turns":3.0},{"damage":4.0,"enemies":"Cultist","floor":3.0,"turns":5.0},{"damage":41.0,"enemies":"3 Sentries","floor":7.0,"turns":9.0},{"damage":9.0,"enemies":"Exordium Thugs","floor":10.0,"turns":6.0},{"damage":20.0,"enemies":"Lagavulin","floor":11.0,"turns":8.0},{"damage":5.0,"enemies":"Gremlin Gang","floor":14.0,"turns":6.0},{"damage":6.0,"enemies":"Hexaghost","floor":16.0,"turns":10.0},{"damage":25.0,"enemies":"3 Byrds","floor":18.0,"turns":8.0},{"damage":5.0,"enemies":"Chosen","floor":19.0,"turns":10.0},{"damage":36.0,"enemies":"Book of Stabbing","floor":23.0,"turns":5.0},{"damage":0.0,"enemies":"Snecko","floor":25.0,"turns":8.0},{"damage":31.0,"enemies":"Gremlin Leader","floor":27.0,"turns":8.0},{"damage":25.0,"enemies":"Slavers","floor":29.0,"turns":5.0},{"damage":18.0,"enemies":"3 Cultists","floor":30.0,"turns":4.0},{"damage":22.0,"enemies":"Masked Bandits","floor":31.0,"turns":5.0},{"damage":4.0,"enemies":"Collector","floor":33.0,"turns":10.0},{"damage":9.0,"enemies":"3 Shapes","floor":35.0,"turns":6.0},{"damage":8.0,"enemies":"2 Orb Walkers","floor":37.0,"turns":3.0},{"damage":7.0,"enemies":"Orb Walker","floor":38.0,"turns":4.0},{"damage":20,"enemies":"Nemesis","floor":40,"turns":5},{"damage":0,"enemies":"Giant Head","floor":45,"turns":7},{"damage":0,"enemies":"Transient","floor":48,"turns":6},{"damage":55,"enemies":"Time Eater","floor":50,"turns":15}],"seed_played":"8061967184319102448","potions_obtained":[{"floor":2.0,"key":"Dexterity Potion"},{"floor":10.0,"key":"EssenceOfSteel"},{"floor":11.0,"key":"ColorlessPotion"},{"floor":12.0,"key":"EssenceOfDarkness"},{"floor":12.0,"key":"CultistPotion"},{"floor":16.0,"key":"Ancient Potion"},{"floor":23.0,"key":"SpeedPotion"},{"floor":27.0,"key":"PotionOfCapacity"},{"floor":33.0,"key":"AttackPotion"},{"floor":37.0,"key":"FearPotion"},{"floor":48,"key":"DuplicationPotion"}],"is_trial":false,"path_per_floor":["M","M","M","?","$","R","E","R","T","M","E","?","R","M","R","B",null,"M","M","$","?","$","E","R","M","T","E","R","E","M","?","R","B",null,"M","?","?","M","?","E","?","R","T","$","E","T","?","M","R","B",null],"character_chosen":"DEFECT","items_purchased":["Toxic Egg 2","Seek+1","Emotion Chip","Bag of Preparation","Orrery","Chill+1","SkillPotion","Regen Potion","Block Potion"],"campfire_rested":6,"item_purchase_floors":[5,20,44,44,44,44,44,44,44],"current_hp_per_floor":[53,50,46,46,46,67,26,47,47,38,18,18,39,34,34,28,60,47,42,42,42,42,18,39,39,39,20,41,42,36,26,26,34,72,63,58,56,55,55,53,53,77,77,77,81,81,81,81,81,53],"gold":896,"neow_bonus":"BOSS_RELIC","is_daily":false,"chose_seed":false,"campfire_upgraded":2,"win_rate":0.0,"timestamp":1612238131,"path_taken":["M","M","M","?","$","R","E","R","T","M","E","?","R","M","R","BOSS","M","M","$","?","?","E","R","M","T","E","R","E","M","?","R","BOSS","M","?","?","M","?","E","?","R","T","$","E","?","?","M","R","BOSS"],"items_purchased_type":["Relic","Card","Relic","Relic","Relic","Card","Potion","Potion","Potion"],"build_version":"2020-12-18","purchased_purges":3,"victory":true,"max_hp_per_floor":[71,71,71,71,71,71,71,71,71,71,71,71,71,71,71,71,71,71,71,71,71,71,71,71,71,71,71,71,85,85,85,85,85,85,85,85,85,85,85,85,81,81,81,81,81,81,81,81,81,81],"relic_stats":{"Gremlin Horn":[0,0],"counters":[24,161],"CeramicFish":270,"Dead Branch":[85],"Blue Candle":[2],"Pen Nib":[3],"Juzu Bracelet":2,"Bag of Preparation":[6],"Orichalcum":[60],"Smiling Mask":150,"Mercury Hourglass":[48],"Peace Pipe":0,"Dream Catcher":2,"Emotion Chip":[10,1,7,2,0],"Shovel":1,"Bronze Scales":[273],"Prayer Wheel":9,"Black Star":7,"obtain_stats":[{"Gremlin Horn":46,"CeramicFish":17,"Mango":29,"Juzu Bracelet":29,"Bag of Preparation":44,"Smiling Mask":9,"Ancient Tea Set":45,"Dream Catcher":26,"Emotion Chip":44,"Shovel":27,"Prayer Wheel":7,"Red Mask":31,"Toxic Egg 2":5,"Cracked Core":0,"InkBottle":11,"Potion Belt":7,"Dead Branch":23,"Blue Candle":40,"Pen Nib":43,"Orichalcum":32,"Nuclear Battery":34,"Mercury Hourglass":45,"Calling Bell":17,"Peace Pipe":37,"Du-Vu Doll":40,"Bronze Scales":23,"Orrery":44,"Black Star":0,"Symbiotic Virus":27,"Unceasing Top":17,"Pocketwatch":11,"Meat on the Bone":17},{"Gremlin Horn":22,"CeramicFish":8,"Mango":14,"Juzu Bracelet":14,"Bag of Preparation":21,"Smiling Mask":4,"Ancient Tea Set":22,"Dream Catcher":12,"Emotion Chip":21,"Shovel":13,"Prayer Wheel":4,"Red Mask":16,"Toxic Egg 2":3,"Cracked Core":0,"InkBottle":6,"Potion Belt":4,"Dead Branch":11,"Blue Candle":21,"Pen Nib":21,"Orichalcum":16,"Nuclear Battery":17,"Mercury Hourglass":22,"Calling Bell":8,"Peace Pipe":19,"Du-Vu Doll":21,"Bronze Scales":11,"Orrery":21,"Black Star":0,"Symbiotic Virus":13,"Unceasing Top":8,"Pocketwatch":6,"Meat on the Bone":8},{"Gremlin Horn":140,"CeramicFish":52,"Mango":96,"Juzu Bracelet":96,"Bag of Preparation":133,"Smiling Mask":22,"Ancient Tea Set":140,"Dream Catcher":83,"Emotion Chip":133,"Shovel":91,"Prayer Wheel":22,"Red Mask":105,"Toxic Egg 2":13,"Cracked Core":0,"InkBottle":36,"Potion Belt":22,"Dead Branch":75,"Blue Candle":133,"Pen Nib":133,"Orichalcum":105,"Nuclear Battery":115,"Mercury Hourglass":140,"Calling Bell":52,"Peace Pipe":124,"Du-Vu Doll":133,"Bronze Scales":75,"Orrery":133,"Black Star":0,"Symbiotic Virus":91,"Unceasing Top":52,"Pocketwatch":36,"Meat on the Bone":52}],"InkBottle":[65],"Unceasing Top":[17],"Pocketwatch":[109],"Meat on the Bone":96},"card_choices":[{"not_picked":["Rebound","Scrape"],"picked":"Cold Snap","floor":1.0},{"not_picked":["Steam","Conserve Battery"],"picked":"Sweeping Beam","floor":2.0},{"not_picked":["Coolheaded","Beam Cell"],"picked":"Ball Lightning","floor":3.0},{"not_picked":["Lockon","Go for the Eyes"],"picked":"BootSequence+1","floor":7.0},{"not_picked":["Scrape","Redo+1"],"picked":"Beam Cell","floor":10.0},{"not_picked":["Gash","Steam Power+1"],"picked":"Sunder","floor":10.0},{"not_picked":["Capacitor","Meteor Strike"],"picked":"Glacier+1","floor":11.0},{"not_picked":["Heatsinks","Ball Lightning"],"picked":"Cold Snap","floor":14.0},{"not_picked":["Reprogram+1","Beam Cell"],"picked":"Conserve Battery+1","floor":14.0},{"not_picked":["Electrodynamics","Fission+1"],"picked":"Creative AI","floor":16.0},{"not_picked":["Leap+1","Cold Snap"],"picked":"FTL","floor":18.0},{"not_picked":["Glacier+1","Beam Cell"],"picked":"Redo+1","floor":18.0},{"not_picked":["Barrage","Sweeping Beam"],"picked":"Buffer","floor":19.0},{"not_picked":["Self Repair","Reinforced Body+1"],"picked":"Coolheaded+1","floor":19.0},{"not_picked":["Skim+1","Redo+1"],"picked":"Echo Form","floor":23.0},{"not_picked":["BootSequence+1","Streamline"],"picked":"Fusion+1","floor":25.0},{"not_picked":["Ball Lightning+1","Hello World"],"picked":"Conserve Battery+1","floor":25.0},{"not_picked":["Rip and Tear","Cold Snap+1"],"picked":"Compile Driver","floor":27.0},{"not_picked":["Cold Snap","Redo+1"],"picked":"Turbo+1","floor":28.0},{"not_picked":["Rip and Tear","All For One"],"picked":"Fission+1","floor":29.0},{"not_picked":["Stack+1","Rebound"],"picked":"Fusion+1","floor":30.0},{"not_picked":["Steam Power+1","Barrage"],"picked":"Fusion+1","floor":30.0},{"not_picked":["Rebound","Self Repair"],"picked":"Conserve Battery+1","floor":31.0},{"not_picked":["Machine Learning","Meteor Strike"],"picked":"Rainbow+1","floor":33.0},{"not_picked":["Heatsinks","Rebound+1"],"picked":"Turbo+1","floor":35.0},{"not_picked":["Rip and Tear","Cold Snap+1"],"picked":"Go for the Eyes","floor":35.0},{"not_picked":["Mind Blast","PanicButton+1"],"picked":"Bandage Up+1","floor":36.0},{"not_picked":["Dramatic Entrance","Dark Shackles+1"],"picked":"Chrysalis+1","floor":36.0},{"not_picked":["Rebound","FTL"],"picked":"Redo+1","floor":37.0},{"not_picked":["Genetic Algorithm+1","Steam Power+1"],"picked":"Turbo+1","floor":38.0},{"not_picked":["Darkness+1","Skim+1","Redo+1"],"picked":"SKIP","floor":38.0},{"not_picked":["Conserve Battery+1","Barrage"],"picked":"Hologram+1","floor":40},{"not_picked":["Auto Shields+1","Hologram+1"],"picked":"Multi-Cast+1","floor":42},{"not_picked":["Tempest+1","Ball Lightning+1"],"picked":"White Noise+1","floor":44},{"not_picked":["Beam Cell","Conserve Battery+1"],"picked":"Buffer","floor":44},{"not_picked":["Multi-Cast+1","Rip and Tear"],"picked":"Lockon+1","floor":44},{"not_picked":["Rebound+1","Hologram+1","Cold Snap"],"picked":"SKIP","floor":45},{"not_picked":["Go for the Eyes","Conserve Battery+1"],"picked":"Glacier+1","floor":48},{"not_picked":["Ball Lightning","Streamline","Blizzard"],"picked":"SKIP","floor":48}],"player_experience":421286,"relics_obtained":[{"floor":7.0,"key":"Potion Belt"},{"floor":7.0,"key":"Prayer Wheel"},{"floor":9.0,"key":"Smiling Mask"},{"floor":11.0,"key":"Pocketwatch"},{"floor":11.0,"key":"InkBottle"},{"floor":17.0,"key":"CeramicFish"},{"floor":17.0,"key":"Meat on the Bone"},{"floor":17.0,"key":"Unceasing Top"},{"floor":23.0,"key":"Dead Branch"},{"floor":23.0,"key":"Bronze Scales"},{"floor":26.0,"key":"Dream Catcher"},{"floor":27.0,"key":"Shovel"},{"floor":27.0,"key":"Symbiotic Virus"},{"floor":29.0,"key":"Mango"},{"floor":29.0,"key":"Juzu Bracelet"},{"floor":31.0,"key":"Red Mask"},{"floor":32.0,"key":"Orichalcum"},{"floor":37.0,"key":"Peace Pipe"},{"floor":40,"key":"Blue Candle"},{"floor":40,"key":"Du-Vu Doll"},{"floor":43,"key":"Pen Nib"},{"floor":45,"key":"Mercury Hourglass"},{"floor":45,"key":"Ancient Tea Set"},{"floor":46,"key":"Gremlin Horn"}],"event_choices":[{"damage_healed":0.0,"max_hp_gain":0.0,"max_hp_loss":0.0,"gold_gain":150.0,"event_name":"Liars Game","player_choice":"AGREE","floor":4.0,"gold_loss":0.0,"damage_taken":0.0,"cards_obtained":["Doubt"]},{"damage_healed":0.0,"max_hp_gain":0.0,"max_hp_loss":0.0,"gold_gain":0.0,"event_name":"Lab","player_choice":"Got Potions","floor":12.0,"gold_loss":0.0,"damage_taken":0.0},{"damage_healed":0.0,"max_hp_gain":0.0,"max_hp_loss":0.0,"gold_gain":0.0,"event_name":"Upgrade Shrine","player_choice":"Upgraded","floor":21.0,"gold_loss":0.0,"damage_taken":0.0,"cards_upgraded":["Creative AI"]},{"damage_healed":0.0,"max_hp_gain":0.0,"max_hp_loss":0.0,"gold_gain":0.0,"event_name":"Masked Bandits","player_choice":"Fought Bandits","floor":31.0,"gold_loss":0.0,"damage_taken":0.0},{"damage_healed":0.0,"max_hp_gain":0.0,"max_hp_loss":0.0,"gold_gain":0.0,"event_name":"SensoryStone","player_choice":"Memory 2","floor":36.0,"gold_loss":0.0,"damage_taken":5.0},{"damage_healed":0.0,"max_hp_gain":0.0,"max_hp_loss":0.0,"gold_gain":0.0,"event_name":"Mysterious Sphere","player_choice":"Fight","floor":37.0,"gold_loss":0.0,"damage_taken":0.0},{"damage_healed":0.0,"max_hp_gain":0.0,"max_hp_loss":0.0,"gold_gain":999.0,"event_name":"MindBloom","player_choice":"Gold","floor":39.0,"gold_loss":0.0,"damage_taken":0.0,"cards_obtained":["Normality","Normality"]},{"damage_healed":0,"gold_gain":0,"player_choice":"Max HP","damage_taken":0,"max_hp_gain":0,"max_hp_loss":4,"event_name":"Winding Halls","floor":41,"gold_loss":0},{"damage_healed":0,"gold_gain":222,"player_choice":"Wore Mask","damage_taken":0,"max_hp_gain":0,"max_hp_loss":0,"event_name":"Tomb of Lord Red Mask","floor":47,"gold_loss":0}],"is_beta":true,"boss_relics":[{"not_picked":["Empty Cage","Runic Dome"],"picked":"Calling Bell"},{"not_picked":["SacredBark","Velvet Choker"],"picked":"Nuclear Battery"}],"items_purged_floors":[20,22,44],"is_endless":false,"potions_floor_spawned":[2,10,11,16,23,27,33,37,48],"ascension_level":19}}