{"host":"ohzd90ieay82el1q","time":1612260998,"event":{"mods":["Act Like it!","Aspiration","BaseMod","Chen","Colored Map","Colored Powertips","DeckTracker","Gensokyo","Highlight Path","Hubris","Infinite Spire","Koishi","Marisa£®ÏF”Í°°ƒß¿Ì…≥£©","Minty Spire (QoL Compilation)","Quick Restart","Random Character Button","Reimu£®≤©¿ˆ¡È√Œ£©","Relic Sorter","Remilia£®¿Ÿ√◊¿Ú—«£©","Replay The Spire","StSLib","SuperFastMode","Synergy Search","The Gatherer","The Jungle","The Servant 0.9.4","Youmu£®ªÍ∆«—˝√Œ£©","[IsaacMod]“‘»ˆº‚À˛","[JumpMod]ŒË∂Øº‚À˛","°æ“≈ŒÔø®≈∆°øREMEMod"],"gold_per_floor":[114,289,339,339,61,61,94,114,114,147,164,197,208,28,28,152,152,185,201,161,86,86,86,134,134,187,234,234,265,315,13,13,139,139,157,172,218,266,95,95,109,125,125,125,146,146,189,59,59,214,214,228,228,251,251,20,20,27,13,13,13,0,0,0,33,33,0,0],"floor_reached":67,"language":"ZHS","playtime":4537,"items_purged":["Strike_RM","Defend_RM","Strike_RM","hubris:Envy","ReplayTheSpireMod:Splinters","BettingIsNotGood"],"score":1101,"play_id":"732913c5-a8cb-4816-82d1-9590a09f59f5","local_time":"20210202181638","is_ascension_mode":true,"campfire_choices":[{"data":"RedRainbow","floor":6.0,"key":"SMITH"},{"data":"CharismaGuard","floor":23.0,"key":"SMITH"},{"data":"CharismaGuard","floor":25.0,"key":"SMITH"},{"data":"Defend_RM","floor":28.0,"key":"PURGE"},{"data":"Strike_RM","floor":32.0,"key":"PURGE"},{"floor":40.0,"key":"REST"},{"data":"Overencumbered","floor":44,"key":"PURGE"},{"data":"Parasite","floor":46,"key":"PURGE"},{"data":"CharismaGuard","floor":49,"key":"SMITH"},{"floor":57,"key":"REST"},{"data":"RedMoon","floor":61,"key":"SMITH"},{"data":"BloodHunter","floor":63,"key":"SMITH"},{"data":"BatForm","floor":66,"key":"SMITH"}],"circlet_count":0,"master_deck":["RedMoon+1","ScarletShoot","ScarletSymphony+1","RedRainbow+1","BatForm+1","RedRainbow","EternalNight","FavorOfDestiny","RedRainbow","ScarletDevil","RedRainbow","CharismaGuard+1","NightDance","MastersStateliness","MastersStateliness","Flash of Steel","KillingBlow","RedRainbow","ForbiddenFruit","CharismaGuard+1","HunterOfTheNight","HunterOfTheNight","BloodyCatastrophe","EternalNight+1","ScarletImprint+1","DevilSight+1","EternalNight+1","AfternoonTea+1","ScarletDevil+1","CharismaGuard+1","KillingBlow","HunterOfTheNight","BloodHunter+1","VampireKiss"],"relics":["ScarletHat","hubris:Reverence","REME_ComplimentaryCards","HushsDoor","infinitespire:Beetle Shell","KeepersGift","HowToJump","NeowsBlessing","Smiling Mask","CrazyTorch:ReiMu","Toy Ornithopter","ZunR:ReiMu","Peace Pipe","Replay:Wax Seal","Ring of Peace","Ring of Greed","Golden Idol","The Courier","TungstenRod","Runic Pyramid","SteamSale","Void","AnarchistCookbook","Lee\u0027s Waffle","hubris:Towel","ReplayFunnel","Bag of Marbles","infinitespire:Joker Card","aspiration:FrozenJewel","Blue Doll"],"acts_visited":["Exordium","TheCity","TheBeyond","Gensokyo:Gensokyo"],"potions_floor_usage":[41,47,47,50,50,50,67],"damage_taken":[{"damage":0.0,"enemies":"Small Slimes","floor":1.0,"turns":1.0},{"damage":0.0,"enemies":"Hiden Room Battle","floor":3.0,"turns":1.0},{"damage":0.0,"enemies":"Replay:BlueRogue","floor":7.0,"turns":1.0},{"damage":0.0,"enemies":"Cultist","floor":8.0,"turns":4.0},{"damage":12.0,"enemies":"Jaw Worm","floor":10.0,"turns":4.0},{"damage":4.0,"enemies":"Blue Slaver","floor":11.0,"turns":3.0},{"damage":3.0,"enemies":"Lagavulin","floor":12.0,"turns":5.0},{"damage":0.0,"enemies":"Large Slime","floor":13.0,"turns":4.0},{"damage":13.0,"enemies":"Fading Forest","floor":16.0,"turns":11.0},{"damage":3.0,"enemies":"Chosen","floor":18.0,"turns":4.0},{"damage":6.0,"enemies":"Shell Parasite","floor":19.0,"turns":4.0},{"damage":13.0,"enemies":"Nightmare","floor":24.0,"turns":8.0},{"damage":21.0,"enemies":"Snake Plant","floor":27.0,"turns":6.0},{"damage":1.0,"enemies":"Centurion and Healer","floor":29.0,"turns":3.0},{"damage":106.0,"enemies":"Collector","floor":33.0,"turns":9.0},{"damage":3.0,"enemies":"3 Darklings","floor":35.0,"turns":5.0},{"damage":16.0,"enemies":"3 Shapes","floor":36.0,"turns":4.0},{"damage":9.0,"enemies":"Spire Growth","floor":38.0,"turns":6.0},{"damage":11,"enemies":"4 Shapes","floor":41,"turns":6},{"damage":3,"enemies":"Writhing Mass","floor":42,"turns":5},{"damage":13,"enemies":"Sphere and 2 Shapes","floor":45,"turns":5},{"damage":3,"enemies":"Reptomancer","floor":47,"turns":7},{"damage":80,"enemies":"Replay:Hell Engine","floor":50,"turns":13},{"damage":19,"enemies":"Gensokyo:3_Fairies","floor":52,"turns":4},{"damage":0,"enemies":"Gensokyo:2_Kodama","floor":54,"turns":3},{"damage":0,"enemies":"Gensokyo:Python","floor":58,"turns":2},{"damage":0,"enemies":"Gensokyo:5_Fairies","floor":59,"turns":5},{"damage":0,"enemies":"Gensokyo:Mamizou","floor":65,"turns":5},{"damage":179,"enemies":"LittleHush","floor":67,"turns":9}],"seed_played":"9052174513568392109","potions_obtained":[{"floor":1.0,"key":"SkillPotion"},{"floor":8.0,"key":"PowerPotion"},{"floor":12.0,"key":"Ancient Potion"},{"floor":12.0,"key":"Toxic Potion"},{"floor":13.0,"key":"Swift Potion"},{"floor":13.0,"key":"PowerPotion"},{"floor":18.0,"key":"Block Potion"},{"floor":27.0,"key":"SteroidPotion"},{"floor":33.0,"key":"PowerPotion"},{"floor":35.0,"key":"Fire Potion"},{"floor":38.0,"key":"FearPotion"},{"floor":42,"key":"Weak Potion"},{"floor":42,"key":"SteroidPotion"},{"floor":47,"key":"Weak Potion"},{"floor":47,"key":"SpeedPotion"},{"floor":50,"key":"Adrenaline Potion"},{"floor":50,"key":"Explosive Potion"},{"floor":54,"key":"EssenceOfSteel"},{"floor":59,"key":"Adrenaline Potion"}],"is_trial":false,"path_per_floor":["M","?","?","?","$","R","E","M","T","M","M","E","M","$","R_BF","B",null,"M","M","?","?","?","R","NM","R","T","M","R","M","?","$","R","B",null,"M","M","?","M","$","R","M","M","T","R","M","R","E","$","R","B",null,"M","?","M","?","$","R","M","M","T","R","?","R","T","?","R","B"],"character_chosen":"REMILIA","items_purchased":["BatForm","RedRainbow","EternalNight","MastersStateliness","Flash of Steel","TungstenRod","SteamSale","Lee\u0027s Waffle","CharismaGuard","ReplayFunnel","Bag of Marbles"],"campfire_rested":2,"item_purchase_floors":[5,5,5,14,14,31,39,48,48,56,56],"current_hp_per_floor":[68,68,53,46,46,46,46,53,53,44,40,39,44,44,66,65,73,74,72,72,72,72,72,73,73,73,60,60,63,63,63,63,4,57,64,48,34,30,30,52,54,56,56,56,46,46,63,79,79,34,68,56,27,28,28,28,51,52,52,52,52,58,58,58,66,66,0,0],"gold":0,"neow_bonus":"THREE_ENEMY_KILL","is_daily":false,"chose_seed":false,"campfire_upgraded":7,"win_rate":0.0,"timestamp":1612260998,"path_taken":["M","?","?","?","?","R","E","M","T","?","M","E","M","$","R_BF","BOSS","M","M","?","?","?","R","NM","R","T","M","R","?","?","?","R","BOSS","M","?","?","M","$","R","M","M","T","R","M","R","E","$","R","BOSS","M","?","?","?","$","R","M","M","T","R","?","R","?","?","R","BOSS"],"items_purchased_type":["Card","Card","Card","Card","Card","Relic","Relic","Relic","Card","Relic","Relic"],"build_version":"2020-12-22","purchased_purges":6,"victory":false,"max_hp_per_floor":[75,75,75,75,75,75,75,75,75,75,75,75,75,75,75,75,75,75,75,75,75,75,75,75,75,75,75,75,75,75,75,75,75,75,75,75,75,75,75,75,75,75,75,75,75,72,72,79,79,79,79,79,79,79,79,79,79,79,79,79,79,79,79,79,82,82,82,82],"card_choices":[{"not_picked":[],"picked":"BettingIsNotGood","floor":0.0},{"not_picked":["MastersStateliness","UnderTheZenith"],"picked":"ScarletSymphony","floor":1.0},{"not_picked":["GlobalNightmare","ReincarnationDial"],"picked":"RedRainbow","floor":3.0},{"not_picked":["GlobalNightmare","ChainGang"],"picked":"FavorOfDestiny","floor":7.0},{"not_picked":["UltimateOffering","LeisurelyOfLord"],"picked":"RedRainbow","floor":8.0},{"not_picked":["ScarletDream","DevilSight"],"picked":"ScarletDevil","floor":10.0},{"not_picked":["Maim","VampireKiss"],"picked":"RedRainbow","floor":11.0},{"not_picked":["DemonKingCradle","DevilSight"],"picked":"CharismaGuard","floor":12.0},{"not_picked":["UnstableMagic","StarOfDavid"],"picked":"NightDance","floor":13.0},{"not_picked":["ScarletCoffin","ChaoticDestiny"],"picked":"KillingBlow","floor":16.0},{"not_picked":["UnstableMagic","Stigmanizer"],"picked":"RedRainbow","floor":18.0},{"not_picked":["LeisurelyOfLord","DiffusionOfMisfortune"],"picked":"ForbiddenFruit","floor":19.0},{"not_picked":["RedNightlessCastle","ScarletGensokyo"],"picked":"HunterOfTheNight","floor":24.0},{"not_picked":["Stigmanizer","MastersStateliness"],"picked":"HunterOfTheNight","floor":27.0},{"not_picked":["ScarletDream","DemonKingCradle","RedMagic"],"picked":"SKIP","floor":29.0},{"not_picked":["DemonKingCradle","ChaoticDestiny"],"picked":"BloodyCatastrophe","floor":33.0},{"not_picked":["ScarletImprint+1","DiffusionOfMisfortune"],"picked":"EternalNight+1","floor":35.0},{"not_picked":["StarOfDavid+1","NightDance+1"],"picked":"ScarletImprint+1","floor":36.0},{"not_picked":["DiffusionOfMisfortune","UnderTheZenith","ScarletNetherworld"],"picked":"SKIP","floor":38.0},{"not_picked":["VampireFantasy","KillingBlow"],"picked":"DevilSight+1","floor":41},{"not_picked":["EndlessAdversity","ScarletDream"],"picked":"AfternoonTea+1","floor":42},{"not_picked":["ScarletImprint","Stigmanizer+1"],"picked":"ScarletDevil+1","floor":45},{"not_picked":["BlasphemousPunishment+1","Ultimatum","ChaoticDestiny"],"picked":"SKIP","floor":47},{"not_picked":["BloodyHallows","EquivalentExchange"],"picked":"KillingBlow","floor":50},{"not_picked":["Maim","BlasphemousPunishment","GlobalNightmare"],"picked":"SKIP","floor":52},{"not_picked":["AfternoonTea","ScarletDevil"],"picked":"HunterOfTheNight","floor":54},{"not_picked":["EmergencyRegeneration","VampireClaw"],"picked":"BloodHunter","floor":58},{"not_picked":["FavorOfDestiny","StarOfDavid","ScarletDevil"],"picked":"SKIP","floor":59},{"not_picked":["BloodRain","EternalNight"],"picked":"VampireKiss","floor":65}],"player_experience":114772,"relics_obtained":[{"floor":3.0,"key":"hubris:Reverence"},{"floor":3.0,"key":"infinitespire:Beetle Shell"},{"floor":7.0,"key":"Smiling Mask"},{"floor":9.0,"key":"CrazyTorch:ReiMu"},{"floor":12.0,"key":"Toy Ornithopter"},{"floor":24.0,"key":"Peace Pipe"},{"floor":26.0,"key":"Replay:Wax Seal"},{"floor":30.0,"key":"Ring of Peace"},{"floor":30.0,"key":"Ring of Greed"},{"floor":30.0,"key":"Golden Idol"},{"floor":30.0,"key":"The Courier"},{"floor":43,"key":"Void"},{"floor":47,"key":"AnarchistCookbook"},{"floor":60,"key":"infinitespire:Joker Card"},{"floor":64,"key":"aspiration:FrozenJewel"},{"floor":65,"key":"Blue Doll"}],"event_choices":[{"damage_healed":0.0,"max_hp_gain":0.0,"max_hp_loss":0.0,"gold_gain":175.0,"event_name":"Liars Game","player_choice":"AGREE","floor":2.0,"gold_loss":0.0,"damage_taken":0.0,"cards_obtained":["Doubt"]},{"damage_healed":0.0,"max_hp_gain":0.0,"max_hp_loss":0.0,"gold_gain":0.0,"event_name":"HidenRoomEvent","player_choice":"Fight","floor":3.0,"gold_loss":0.0,"damage_taken":0.0},{"cards_removed":["Doubt"],"damage_healed":0.0,"max_hp_gain":0.0,"max_hp_loss":0.0,"gold_gain":0.0,"event_name":"Golden Wing","player_choice":"Card Removal","floor":4.0,"gold_loss":0.0,"damage_taken":7.0},{"damage_healed":0.0,"max_hp_gain":0.0,"max_hp_loss":0.0,"gold_gain":0.0,"event_name":"ZunEvent","player_choice":"π∫¬Ú…Òæ∆","floor":20.0,"gold_loss":40.0,"damage_taken":0.0,"relics_obtained":["ZunR:ReiMu"]},{"cards_removed":["Defend_RM"],"damage_healed":0.0,"max_hp_gain":0.0,"max_hp_loss":0.0,"gold_gain":0.0,"event_name":"Beggar","player_choice":"Gave Gold","floor":21.0,"gold_loss":75.0,"damage_taken":0.0},{"damage_healed":0.0,"max_hp_gain":0.0,"max_hp_loss":0.0,"gold_gain":0.0,"event_name":"Duplicator","player_choice":"Copied","floor":22.0,"gold_loss":0.0,"damage_taken":0.0,"cards_obtained":["CharismaGuard"]}],"is_beta":false,"boss_relics":[{"not_picked":["aspiration:WatcherSkillbook","Replay:Bronze Core","Ectoplasm"]},{"not_picked":["RedLine:ReiMu","SacredBark"],"picked":"Runic Pyramid"},{"not_picked":[]},{"not_picked":["Ring of Chaos","Kintsugi","hubris:BlackHole"]}],"items_purged_floors":[5,14,31,39,48,56],"is_endless":true,"potions_floor_spawned":[1,12,13,27,38,42,47,50,54,59],"killed_by":"LittleHush","ascension_level":6}}