{"host":"l84l8xigz5v5foa2","time":1612279181,"event":{"mods":["2.2 Compatiblity","AchievementEnabler","BaseMod","Better Note","Better Vampires","BetterRewards","Card Filter","Colored Map","DeckTracker","Downfall","Gremlin Skip","Highlight Path","Keyboard Shortcuts","Minty Spire (QoL Compilation)","Permanent Neow","Quick Restart","Relic Filter","Relic Stats","StSLib","SuperFastMode","Transform Curses","Unknown Chances"],"gold_per_floor":[119,129,139,139,64,64,74,74,74,89,103,103,136,136,136,210,210,224,17,17,17,17,17,31,51,75,94,94,94,125,138,138,138,138,138],"floor_reached":33,"language":"ENG","playtime":977,"items_purged":["hexamod:Strike","hexamod:Strike"],"score":584,"play_id":"5523ee17-6818-4352-84aa-65c3e5fe5c59","local_time":"20210203001941","is_ascension_mode":true,"campfire_choices":[{"data":"hexamod:SuperheatedStrike","floor":6.0,"key":"SMITH"},{"data":"hexamod:FastForward","floor":12,"key":"SMITH"},{"data":"hexamod:ForkedFlame","floor":15,"key":"SMITH"},{"data":"hexamod:AdvancingGuard","floor":23,"key":"SMITH"},{"data":"hexamod:NecessarySacrifice","floor":28,"key":"SMITH"},{"data":"hexamod:CatchUp","floor":32,"key":"SMITH"}],"circlet_count":0,"master_deck":["AscendersBane","hexamod:Defend","hexamod:Defend","hexamod:Defend","hexamod:Float+1","hexamod:SuperheatedStrike+1","hexamod:FastForward+1","hexamod:ForkedFlame+1","hexamod:HeatMetal","hexamod:NightmareGuise","hexamod:PhantomFireball","hexamod:FifthSeal","hexamod:VolcanoVisage","hexamod:ThirdSeal","hexamod:AdvancingGuard+1","hexamod:ForkedFlame+1","hexamod:GhostOfSpirePast+1","hexamod:SpectersWail","hexamod:Haunt+1","hexamod:InspiringFlames","hexamod:NecessarySacrifice+1","hexamod:Hexaguard+1","hexamod:CatchUp+1","hexamod:ThermalTransfer+1","hexamod:NightmareGuise+1","hexamod:FourthSeal","hexamod:TimeWarp"],"relics":["hexamod:SpiritBrand","Pear","Letter Opener","Empty Cage","Membership Card","Juzu Bracelet","Nunchaku"],"acts_visited":["Exordium","TheCity"],"potions_floor_usage":[13,16,27,31],"damage_taken":[{"damage":0.0,"enemies":"Cultist","floor":1.0,"turns":3.0},{"damage":2.0,"enemies":"Jaw Worm","floor":2.0,"turns":3.0},{"damage":2.0,"enemies":"Small Slimes","floor":3.0,"turns":4.0},{"damage":4.0,"enemies":"Exordium Wildlife","floor":7.0,"turns":3.0},{"damage":0.0,"enemies":"2 Fungi Beasts","floor":10.0,"turns":3.0},{"damage":10,"enemies":"Lots of Slimes","floor":11,"turns":3},{"damage":1,"enemies":"Lagavulin","floor":13,"turns":5},{"damage":17,"enemies":"Hexaghost","floor":16,"turns":7},{"damage":24,"enemies":"Shell Parasite","floor":18,"turns":4},{"damage":20,"enemies":"2 Thieves","floor":24,"turns":4},{"damage":13,"enemies":"Cultist and Chosen","floor":25,"turns":5},{"damage":21,"enemies":"Snake Plant","floor":27,"turns":4},{"damage":0,"enemies":"Gremlin Leader","floor":30,"turns":5},{"damage":5,"enemies":"Snecko","floor":31,"turns":4},{"damage":37,"enemies":"Automaton","floor":33,"turns":6}],"seed_played":"-606003285036537254","potions_obtained":[{"floor":2.0,"key":"PowerPotion"},{"floor":3.0,"key":"FairyPotion"},{"floor":11,"key":"AttackPotion"},{"floor":16,"key":"FairyPotion"},{"floor":25,"key":"EssenceOfSteel"},{"floor":27,"key":"Swift Potion"}],"is_trial":false,"path_per_floor":["M","M","M","?","$","R","M","?","T","M","M","R","E","?","R","B",null,"M","$","?","?","?","R","M","M","T","M","R","?","E","M","R","B"],"character_chosen":"THE_SPIRIT","items_purchased":["Membership Card"],"campfire_rested":0,"item_purchase_floors":[19],"current_hp_per_floor":[57,55,53,58,58,58,54,54,64,64,54,54,53,53,53,36,68,44,44,44,44,44,44,24,11,11,15,15,15,15,10,10,0,0,0],"gold":138,"neow_bonus":"UPGRADE_CARD","is_daily":false,"chose_seed":false,"campfire_upgraded":6,"win_rate":0.0,"timestamp":1612279181,"path_taken":["M","M","M","?","$","R","M","?","T","?","?","R","E","?","R","BOSS","M","$","?","?","?","R","M","M","T","M","R","?","E","M","R","BOSS"],"items_purchased_type":["Relic"],"build_version":"2020-12-22","purchased_purges":2,"victory":false,"max_hp_per_floor":[63,63,63,68,68,68,68,68,78,78,78,78,78,78,78,78,78,78,78,78,78,78,78,78,78,78,78,78,78,78,78,78,78,78,78],"relic_stats":{"Nunchaku":[2],"counters":[15,63],"Juzu Bracelet":1,"Letter Opener":[50],"obtain_stats":[{"Nunchaku":30,"Pear":9,"Juzu Bracelet":26,"Letter Opener":13,"Membership Card":19,"Empty Cage":17,"hexamod:SpiritBrand":0},{"Nunchaku":13,"Pear":4,"Juzu Bracelet":11,"Letter Opener":7,"Membership Card":9,"Empty Cage":8,"hexamod:SpiritBrand":0},{"Nunchaku":53,"Pear":13,"Juzu Bracelet":44,"Letter Opener":24,"Membership Card":35,"Empty Cage":31,"hexamod:SpiritBrand":0}]},"card_choices":[{"not_picked":["hexamod:BurningTouch","hexamod:CatchUp"],"picked":"hexamod:SuperheatedStrike","floor":1.0},{"not_picked":["hexamod:NightmareStrike","hexamod:SuperheatedStrike"],"picked":"hexamod:FastForward","floor":2.0},{"not_picked":["hexamod:EmpoweredFlame","hexamod:BacktrackSmack","hexamod:FlamesFromBeyond"],"picked":"SKIP","floor":3.0},{"not_picked":["hexamod:SwordOfDarkness","hexamod:CatchUp"],"picked":"hexamod:ForkedFlame","floor":7.0},{"not_picked":["hexamod:SuperheatedStrike","hexamod:GhostShield"],"picked":"hexamod:NightmareGuise","floor":10.0},{"not_picked":["hexamod:BurningTouch","hexamod:ShieldOfDarkness"],"picked":"hexamod:PhantomFireball","floor":11},{"not_picked":["hexamod:Rewind","hexamod:SecondSeal"],"picked":"hexamod:FifthSeal","floor":13},{"not_picked":["hexamod:ParanormalForm","hexamod:FifthSeal"],"picked":"hexamod:VolcanoVisage","floor":16},{"not_picked":["hexamod:SecondSeal","hexamod:FirstSeal"],"picked":"hexamod:ThirdSeal","floor":18},{"not_picked":["hexamod:Again","hexamod:FastForward+1"],"picked":"hexamod:AdvancingGuard","floor":18},{"not_picked":["hexamod:SkipABeat","hexamod:ThermalTransfer"],"picked":"hexamod:GhostOfSpirePast+1","floor":24},{"not_picked":["hexamod:EmpoweredFlame","hexamod:FlamesFromBeyond"],"picked":"hexamod:SpectersWail","floor":24},{"not_picked":["hexamod:DynamicBlow","hexamod:CatchUp"],"picked":"hexamod:Haunt+1","floor":25},{"not_picked":["hexamod:SwordOfDarkness","hexamod:GhostOfSpireFuture"],"picked":"hexamod:InspiringFlames","floor":25},{"not_picked":["hexamod:HauntingEcho","hexamod:NightmareStrike"],"picked":"hexamod:NecessarySacrifice","floor":27},{"not_picked":["hexamod:Haunt","hexamod:BurningTouch"],"picked":"hexamod:Hexaguard+1","floor":27},{"not_picked":["hexamod:BurningTouch","hexamod:RainOfEmbers"],"picked":"hexamod:ThermalTransfer+1","floor":30},{"not_picked":["hexamod:FlamesFromBeyond+1","hexamod:HeatMetal+1"],"picked":"hexamod:NightmareGuise+1","floor":30},{"not_picked":["hexamod:FirstSeal","hexamod:ThirdSeal"],"picked":"hexamod:FourthSeal","floor":31},{"not_picked":["hexamod:FlamesFromBeyond","hexamod:InspiringFlames"],"picked":"hexamod:TimeWarp","floor":31}],"player_experience":3522439,"relics_obtained":[{"floor":9.0,"key":"Pear"},{"floor":13,"key":"Letter Opener"},{"floor":26,"key":"Juzu Bracelet"},{"floor":30,"key":"Nunchaku"}],"event_choices":[{"damage_healed":0.0,"max_hp_gain":5.0,"max_hp_loss":0.0,"gold_gain":0.0,"event_name":"Big Fish","player_choice":"Donut","floor":4.0,"gold_loss":0.0,"damage_taken":0.0},{"damage_healed":0.0,"max_hp_gain":0.0,"max_hp_loss":0.0,"gold_gain":0.0,"cards_transformed":["hexamod:Strike"],"event_name":"Transmorgrifier","player_choice":"Transformed","floor":8.0,"gold_loss":0.0,"damage_taken":0.0,"cards_obtained":["hexamod:HeatMetal"]},{"damage_healed":0,"gold_gain":0,"player_choice":"Ignored","damage_taken":0,"max_hp_gain":0,"max_hp_loss":0,"event_name":"Liars Game","floor":14,"gold_loss":0},{"damage_healed":0,"gold_gain":0,"player_choice":"Ignored","damage_taken":0,"max_hp_gain":0,"max_hp_loss":0,"event_name":"The Mausoleum","floor":21,"gold_loss":0},{"damage_healed":0,"gold_gain":0,"player_choice":"Copied","damage_taken":0,"max_hp_gain":0,"max_hp_loss":0,"event_name":"Duplicator","floor":22,"gold_loss":0,"cards_obtained":["hexamod:ForkedFlame"]},{"damage_healed":0,"gold_gain":0,"cards_transformed":["hexamod:Sear"],"player_choice":"Transformed","damage_taken":0,"max_hp_gain":0,"max_hp_loss":0,"event_name":"Transmorgrifier","floor":29,"gold_loss":0,"cards_obtained":["hexamod:CatchUp"]}],"is_beta":false,"boss_relics":[{"not_picked":["Calling Bell","Busted Crown"],"picked":"Empty Cage"}],"items_purged_floors":[5,19],"is_endless":false,"potions_floor_spawned":[2,3,10,11,16,25,27],"killed_by":"Automaton","ascension_level":20}}