{"host":"fjyrzoy7zi2e08p3","time":1612253976,"event":{"mods":["Aspiration","BaseMod","BetterRewards","Colored Map","Colored Powertips","Dota2Spire","Downfall","Highlight Path","KinomotoSakuraMod(木之本樱)","Marisa（F雨　魔理沙）","Minty Spire (QoL Compilation)","Quick Restart","Remilia（蕾米莉亚）","Replay The Spire","RumiaBox-露米娅的神秘盒子","Spicy Shops","StSLib","SuperFastMode","Waifu the Spire","WarShipGirlsR/战舰少女R mod"],"gold_per_floor":[113,83,96,96,109,109,109,143,166,199,108,138,138,172,172,267,267,285,74,74,74,90,122,122,155,179,36,69,83,95,120,120,217,217,237,237,254,13,23,23,35,69,95,121,121,131,131,143,143,143,143,143,21,48,48],"floor_reached":56,"language":"ZHS","playtime":2672,"items_purged":["rmod:defend","rmod:strick","Wrath_TH"],"score":2502,"play_id":"6de8057a-afb0-4dfd-bb7e-23a3e6afd8b6","local_time":"20210202161936","is_ascension_mode":true,"campfire_choices":[{"data":"rmod:ridicule","floor":6.0,"key":"SMITH"},{"data":"rmod:ridicule","floor":13,"key":"SMITH"},{"data":"rmod:wife","floor":15,"key":"SMITH"},{"data":"rmod:royalracing","floor":24,"key":"SMITH"},{"data":"rmod:royalracing","floor":32,"key":"SMITH"},{"data":"rmod:highspeedmaneuver","floor":40,"key":"SMITH"},{"floor":45,"key":"RECALL"},{"data":"rmod:fletcher","floor":47,"key":"SMITH"},{"data":"rmod:maintain","floor":52,"key":"SMITH"}],"circlet_count":0,"master_deck":["AscendersBane","rmod:wife+1","rmod:tearstotiara","rmod:desperatesituation+1","rmod:fletcher+1","rmod:ridicule+1","rmod:ridicule+1","rmod:seals+1","rmod:windflower","rmod:windflower","rmod:royalracing+1","rmod:circuitoustactics","rmod:rockthrower","rmod:luckystar","rmod:fletcherpendant","rmod:fuelsupply","rmod:secretscript+1","rmod:firesupport","rmod:fletcherpendant","downfall:Haunted","downfall:Haunted","ReplayTheSpireMod:Splinters","rmod:maintain+1","rmod:openingtorpedo","Injury","rmod:royalracing+1","rmod:garrisonisland","rmod:acesubmarine","rmod:fuelsupply","rmod:ridicule+1","rmod:wolves","rmod:selfconfidence","rmod:circuitoustactics+1","rmod:generalist","rmod:maintain+1","rmod:highspeedmaneuver+1","rmod:fletcherpendant+1","rmod:fletcherpendant+1","rmod:supportescort","rmod:fletcherpendant","rmod:saltedfish","rmod:lastglory"],"relics":["rmod:firstchargereward","Dota2Spire:MonkeyKingBar","Art of War","HandDrill","ClockworkSouvenir","Pantograph","Frozen Egg 2","BargainBundle","Lizard Tail","SumBook","Orrery","ZombieArmy","Du-Vu Doll","Dota2Spire:Butterfly","MealTicket","ReplayTheSpireMod:CursedCoin","WingedGreaves","Dota2Spire:MantaStyle","Dota2Spire:HeartOfTarrasque","rmod:monthlycard","DollysMirror","Ring of Fury","aspiration:Stabinomicon","Dota2Spire:BladeMail","Boot","Bag of Preparation","Lantern","ChaoDraw","GodSword1","Membership Card","Dota2Spire:PowerTreads","Chameleon Ring","Ancient Tea Set","aspiration:AnachronicSnailShell","Kunai","Bag of Marbles"],"acts_visited":["Exordium","TheCity","TheBeyond","TheEnding"],"potions_floor_usage":[55,55],"damage_taken":[{"damage":0.0,"enemies":"Jaw Worm","floor":1.0,"turns":1.0},{"damage":0.0,"enemies":"2 Louse","floor":3.0,"turns":1.0},{"damage":0.0,"enemies":"Cultist","floor":5.0,"turns":2.0},{"damage":0,"enemies":"Gremlin Nob","floor":10,"turns":1},{"damage":4,"enemies":"3 Sentries","floor":12,"turns":2},{"damage":0,"enemies":"Replay:BlueRogue","floor":14,"turns":1},{"damage":6,"enemies":"Fading Forest","floor":16,"turns":11},{"damage":0,"enemies":"3 Byrds","floor":18,"turns":1},{"damage":0,"enemies":"Shell Parasite","floor":22,"turns":1},{"damage":0,"enemies":"Gremlin Leader","floor":23,"turns":1},{"damage":0,"enemies":"Replay:Snechameleon","floor":25,"turns":1},{"damage":0,"enemies":"Gremlin Leader","floor":28,"turns":1},{"damage":0,"enemies":"3 Cultists","floor":29,"turns":1},{"damage":0,"enemies":"Snecko","floor":30,"turns":1},{"damage":0,"enemies":"Book of Stabbing","floor":31,"turns":1},{"damage":38,"enemies":"Pondfish","floor":33,"turns":3},{"damage":0,"enemies":"3 Darklings","floor":35,"turns":1},{"damage":0,"enemies":"Orb Walker","floor":37,"turns":1},{"damage":0,"enemies":"3 Darklings","floor":39,"turns":1},{"damage":0,"enemies":"Transient","floor":41,"turns":1},{"damage":0,"enemies":"R_Hoarder","floor":42,"turns":1},{"damage":0,"enemies":"Reptomancer","floor":44,"turns":1},{"damage":0,"enemies":"Sphere and 2 Shapes","floor":46,"turns":1},{"damage":0,"enemies":"Spire Growth","floor":48,"turns":1},{"damage":0,"enemies":"Replay:Hell Engine","floor":50,"turns":2},{"damage":0,"enemies":"Shield and Spear","floor":54,"turns":1},{"damage":82,"enemies":"The Heart","floor":55,"turns":4}],"seed_played":"2938868683495945847","potions_obtained":[{"floor":5.0,"key":"Strength Potion"},{"floor":12,"key":"ColorlessPotion"}],"is_trial":false,"path_per_floor":["M","?","M","?","M","R","?","?","T","E","$","E","R","E","R","B",null,"M","$","?","?","M","E","R","E","T","$","E","M","M","E","R","B",null,"M","?","M","$","M","R","M","E","T","E","R","M","R","M","R_BF","B",null,"R","$","E","B",null],"character_chosen":"PRAEFECT","items_purchased":["Dota2Spire:MonkeyKingBar","Art of War","HandDrill","ClockworkSouvenir","Pantograph","Frozen Egg 2","BargainBundle","rmod:wife","rmod:tearstotiara","SumBook","Orrery","rmod:fletcherpendant","ZombieArmy","ReplayTheSpireMod:CursedCoin","WingedGreaves","DollysMirror","rmod:wolves","Lantern","Membership Card","Dota2Spire:PowerTreads","rmod:supportescort","Kunai"],"campfire_rested":0,"item_purchase_floors":[0,0,0,0,0,0,0,0,0,0,0,0,0,11,11,19,19,27,38,38,38,53],"current_hp_per_floor":[20,20,20,20,20,20,20,20,20,20,35,31,31,39,39,82,83,83,83,83,67,67,67,67,67,67,82,82,82,82,82,82,45,74,74,74,74,83,83,83,83,83,83,83,83,83,83,83,83,83,83,83,83,83,1],"gold":48,"neow_bonus":"","is_daily":false,"chose_seed":false,"campfire_upgraded":8,"win_rate":0.0,"timestamp":1612253976,"path_taken":["M","?","?","?","M","R","?","?","T","E","$","E","R","E","R","BOSS","M","$","?","?","M","E","R","E","T","$","E","M","M","E","R","BOSS","M","?","M","$","M","R","M","E","T","E","R","M","R","M","R_BF","BOSS","R","$","E","BOSS"],"items_purchased_type":["Relic","Relic","Relic","Relic","Relic","Relic","Relic","Card","Card","Relic","Relic","Card","Relic","Relic","Relic","Relic","Card","Relic","Relic","Relic","Card","Relic"],"build_version":"2020-12-22","purchased_purges":3,"victory":true,"max_hp_per_floor":[75,75,75,75,75,75,75,75,75,75,75,75,75,83,83,83,83,83,83,83,83,83,83,83,83,83,83,83,83,83,83,83,83,83,83,83,83,83,83,83,83,83,83,83,83,83,83,83,83,83,83,83,83,83,83],"card_choices":[{"not_picked":["rmod:windflower","rmod:highspeedshooting"],"picked":"rmod:royalracing","floor":0.0},{"not_picked":["rmod:luckystar","rmod:steelsupply"],"picked":"rmod:circuitoustactics","floor":0.0},{"not_picked":["rmod:steelsupply","rmod:unsinkable"],"picked":"rmod:rockthrower","floor":0.0},{"not_picked":["rmod:fletcherpendant","rmod:spoils"],"picked":"rmod:luckystar","floor":0.0},{"not_picked":["rmod:steelsupply","rmod:gendarmerie"],"picked":"rmod:fuelsupply","floor":1.0},{"not_picked":[],"picked":"rmod:secretscript","floor":2.0},{"not_picked":["rmod:tearstotiara","rmod:garrisonisland"],"picked":"rmod:firesupport","floor":3.0},{"not_picked":["rmod:tearstotiara","rmod:overbreakdown"],"picked":"rmod:fletcherpendant","floor":5.0},{"not_picked":["rmod:firesupport","rmod:aviationdawn"],"picked":"rmod:maintain","floor":8},{"not_picked":["rmod:highspeedshooting","rmod:goodfighter"],"picked":"rmod:openingtorpedo","floor":10},{"not_picked":["rmod:advancebysurprise","rmod:windflower"],"picked":"rmod:royalracing","floor":12},{"not_picked":["rmod:supportescort","rmod:smokecover"],"picked":"rmod:garrisonisland","floor":14},{"not_picked":["rmod:stealaluminum+1","rmod:secretscript+1"],"picked":"rmod:acesubmarine","floor":16},{"not_picked":["rmod:circuitoustactics","rmod:highspeedshooting"],"picked":"rmod:fuelsupply","floor":18},{"not_picked":["rmod:victimresponsibility","rmod:goodfighter"],"picked":"rmod:selfconfidence","floor":22},{"not_picked":["rmod:aviationdawn","rmod:aluminumsupply+1"],"picked":"rmod:circuitoustactics+1","floor":23},{"not_picked":["rmod:robin","rmod:secretscript+1","rmod:victimresponsibility"],"picked":"SKIP","floor":25},{"not_picked":["rmod:goodfighter","rmod:heivgo+1","rmod:goodsister+1"],"picked":"SKIP","floor":28},{"not_picked":["rmod:circuitoustactics","rmod:supportaircraftcarrier","rmod:victimresponsibility"],"picked":"SKIP","floor":29},{"not_picked":["rmod:guardianhero","rmod:gendarmerie+1"],"picked":"rmod:generalist","floor":30},{"not_picked":["rmod:wolves","rmod:secretscript+1"],"picked":"rmod:maintain+1","floor":31},{"not_picked":["rmod:saltedfish","rmod:ridicule"],"picked":"rmod:highspeedmaneuver","floor":33},{"not_picked":["rmod:overbreakdown","rmod:tearstotiara+1"],"picked":"rmod:fletcherpendant+1","floor":35},{"not_picked":["rmod:selfconfidence","rmod:firesupport","rmod:fuelsupply"],"picked":"SKIP","floor":37},{"not_picked":["rmod:diamondstrike","rmod:supportaircraftcarrier","rmod:firesupport"],"picked":"SKIP","floor":39},{"not_picked":["rmod:supportescort","rmod:highspeedshooting","rmod:diamondstrike"],"picked":"SKIP","floor":41},{"not_picked":["rmod:punchline","rmod:tearstotiara","rmod:bulid"],"picked":"SKIP","floor":42},{"not_picked":["rmod:victimresponsibility+1","rmod:bulid","rmod:capitalist+1"],"picked":"SKIP","floor":44},{"not_picked":["rmod:combined+1","rmod:victimresponsibility+1","rmod:diamondstrike+1"],"picked":"SKIP","floor":46},{"not_picked":["rmod:chargemoney+1","rmod:wasp+1"],"picked":"rmod:fletcherpendant","floor":48},{"not_picked":["rmod:intelligenceanalysis+1","rmod:lonelyqueen"],"picked":"rmod:lastglory","floor":54}],"player_experience":141447,"relics_obtained":[{"floor":8,"key":"Dota2Spire:Butterfly"},{"floor":10,"key":"MealTicket"},{"floor":12,"key":"Dota2Spire:MantaStyle"},{"floor":14,"key":"Dota2Spire:HeartOfTarrasque"},{"floor":20,"key":"Ring of Fury"},{"floor":21,"key":"aspiration:Stabinomicon"},{"floor":23,"key":"Dota2Spire:BladeMail"},{"floor":25,"key":"Boot"},{"floor":26,"key":"Bag of Preparation"},{"floor":28,"key":"ChaoDraw"},{"floor":31,"key":"GodSword1"},{"floor":42,"key":"Chameleon Ring"},{"floor":43,"key":"Ancient Tea Set"},{"floor":44,"key":"aspiration:AnachronicSnailShell"},{"floor":54,"key":"Bag of Marbles"}],"event_choices":[{"damage_healed":0.0,"max_hp_gain":0.0,"max_hp_loss":0.0,"gold_gain":0.0,"event_name":"Liars Game","player_choice":"Ignored","floor":4.0,"gold_loss":0.0,"damage_taken":0.0},{"damage_healed":0,"gold_gain":0,"player_choice":"Obtained Book","damage_taken":16,"max_hp_gain":0,"max_hp_loss":0,"event_name":"Cursed Tome","floor":21,"gold_loss":0},{"damage_healed":0,"gold_gain":0,"player_choice":"Copied","damage_taken":0,"max_hp_gain":0,"max_hp_loss":0,"event_name":"Duplicator","floor":36,"gold_loss":0,"cards_obtained":["rmod:fletcherpendant"]}],"is_beta":false,"boss_relics":[{"not_picked":["aspiration:MarisaSkillbook","aspiration:RunicSpoon"],"picked":"rmod:monthlycard"},{"not_picked":["Busted Crown","Snecko Eye","Honey Jar"]}],"items_purged_floors":[0,0,11],"is_endless":false,"potions_floor_spawned":[5,12,14,18,22,25,28,30,39,41,46,48,54],"ascension_level":12}}