{"host":"bg8va46pgqgvtzim","time":1612279108,"event":{"mods":["BaseMod","Minty Spire (QoL Compilation)","Quick Restart","StSLib","SuperFastMode"],"gold_per_floor":[111,36,111,123,136,86,62,88,88,105,105,105,132,132,132,132,160,160,175,75,137,137,240,240,260,271,271,76,95,112,127,145,174,174,201,201,111,127,154,166,166,10,40,40,40,40,40,40,141,141,152,117,117,72,83,83,100,127,127,137,147,147,173,198,198,48,80,94,114,128,128,128,128,128,128,25,60,60],"floor_reached":79,"language":"ZHS","playtime":2007,"items_purged":["Defend_P","Strike_P","Vigilance","Choke+1"],"score":1734,"play_id":"5106968e-4687-434f-a6a0-59e018fc43c8","local_time":"20210202231828","is_ascension_mode":true,"campfire_choices":[{"data":"Eruption","floor":9.0,"key":"SMITH"},{"data":"Conclude","floor":12.0,"key":"SMITH"},{"data":"Prostrate","floor":16.0,"key":"SMITH"},{"data":"FlurryOfBlows","floor":18.0,"key":"SMITH"},{"data":"Meditate","floor":22.0,"key":"SMITH"},{"data":"Vault","floor":36,"key":"SMITH"},{"data":"Collect","floor":44,"key":"SMITH"},{"floor":47,"key":"REST"},{"data":"MentalFortress","floor":48,"key":"SMITH"},{"floor":59,"key":"REST"},{"floor":65,"key":"RECALL"},{"floor":71,"key":"REST"},{"floor":72,"key":"REST"},{"floor":75,"key":"REST"}],"circlet_count":0,"master_deck":["Eruption+1","FearNoEvil+1","EmptyMind+1","Prostrate+1","FlurryOfBlows+1","Prostrate+1","MentalFortress+1","Meditate+1","DeusExMachina+1","Collect+1","Indignation+1","FlurryOfBlows+1","Wallop+1","Vault+1","InnerPeace+1","LessonLearned+1","Vault+1","Adaptation+1","Prostrate+1","Seeing Red+1","Undo+1","Purity+1","Body Slam+1"],"relics":["PureWater","Blue Candle","Kunai","Matryoshka","Pen Nib","Toy Ornithopter","Pandora\u0027s Box","Gambling Chip","Sundial","Frozen Egg 2","Anchor","Bag of Marbles","PrismaticShard","Gremlin Horn","Runic Dome","Akabeko","InkBottle","Bag of Preparation","Torii","Bottled Tornado","Damaru"],"acts_visited":["TheCity","TheBeyond","TheEnding"],"potions_floor_usage":[32,61,78,78,78,78],"damage_taken":[{"damage":0.0,"enemies":"Jaw Worm","floor":1.0,"turns":3.0},{"damage":2.0,"enemies":"2 Louse","floor":4.0,"turns":2.0},{"damage":0.0,"enemies":"Small Slimes","floor":5.0,"turns":2.0},{"damage":4.0,"enemies":"Gremlin Nob","floor":8.0,"turns":3.0},{"damage":0.0,"enemies":"2 Fungi Beasts","floor":10.0,"turns":3.0},{"damage":11.0,"enemies":"3 Sentries","floor":13.0,"turns":4.0},{"damage":12.0,"enemies":"Lagavulin","floor":17.0,"turns":4.0},{"damage":0.0,"enemies":"Lots of Slimes","floor":19.0,"turns":1.0},{"damage":0.0,"enemies":"3 Sentries","floor":21.0,"turns":1.0},{"damage":5.0,"enemies":"The Guardian","floor":23.0,"turns":7.0},{"damage":0,"enemies":"3 Byrds","floor":25,"turns":3},{"damage":0,"enemies":"Spheric Guardian","floor":26,"turns":2},{"damage":0,"enemies":"Snake Plant","floor":29,"turns":3},{"damage":0,"enemies":"Centurion and Healer","floor":30,"turns":5},{"damage":7,"enemies":"Snecko","floor":31,"turns":4},{"damage":0,"enemies":"Snake Plant","floor":32,"turns":3},{"damage":10,"enemies":"Gremlin Leader","floor":33,"turns":3},{"damage":10,"enemies":"Book of Stabbing","floor":35,"turns":3},{"damage":0,"enemies":"Shelled Parasite and Fungi","floor":38,"turns":5},{"damage":0,"enemies":"Centurion and Healer","floor":40,"turns":4},{"damage":3,"enemies":"Slavers","floor":43,"turns":4},{"damage":0,"enemies":"Automaton","floor":49,"turns":5},{"damage":0,"enemies":"Orb Walker","floor":51,"turns":4},{"damage":0,"enemies":"3 Darklings","floor":55,"turns":4},{"damage":0,"enemies":"4 Shapes","floor":57,"turns":3},{"damage":35,"enemies":"Nemesis","floor":58,"turns":5},{"damage":18,"enemies":"Maw","floor":60,"turns":4},{"damage":0,"enemies":"Writhing Mass","floor":61,"turns":2},{"damage":0,"enemies":"Giant Head","floor":64,"turns":2},{"damage":0,"enemies":"Nemesis","floor":67,"turns":4},{"damage":0,"enemies":"Transient","floor":68,"turns":5},{"damage":1,"enemies":"4 Shapes","floor":69,"turns":3},{"damage":0,"enemies":"Maw","floor":70,"turns":5},{"damage":0,"enemies":"Awakened One","floor":73,"turns":5},{"damage":0,"enemies":"Shield and Spear","floor":77,"turns":3},{"damage":2,"enemies":"The Heart","floor":78,"turns":5}],"seed_played":"-7111380433819361316","potions_obtained":[{"floor":1.0,"key":"DistilledChaos"},{"floor":5.0,"key":"CultistPotion"},{"floor":13.0,"key":"BlessingOfTheForge"},{"floor":23.0,"key":"StancePotion"},{"floor":30,"key":"DistilledChaos"},{"floor":32,"key":"Weak Potion"},{"floor":49,"key":"Swift Potion"},{"floor":64,"key":"Weak Potion"}],"is_trial":false,"path_per_floor":["M","$","?","M","M","?","$","E","R","M","?","R","E","T","?","R","E","R","M","$","?","R","B",null,"M","M","?","$","M","M","M","M","E","?","E","R","?","M","T","M","?","$","E","R","?","?","R","R","B",null,"M","$","?","$","M","?","M","E","R","M","M","T","T","E","R","$","E","M","M","M","R","R","B",null,"R","$","E","B",null],"character_chosen":"WATCHER","items_purchased":["FlurryOfBlows","Indignation","PrismaticShard","Adaptation+1","Prostrate","EntropicBrew"],"campfire_rested":5,"item_purchase_floors":[7,28,42,52,54,76],"current_hp_per_floor":[65,65,54,52,52,52,52,48,48,48,48,48,37,37,42,42,30,30,30,30,30,30,25,70,70,70,70,70,70,70,63,68,58,58,48,48,48,48,48,48,48,48,45,45,45,45,66,66,66,70,70,70,70,70,70,66,66,31,50,32,37,37,37,37,37,37,37,37,36,36,55,66,66,66,66,66,66,64],"gold":60,"neow_bonus":"TRANSFORM_TWO_CARDS","is_daily":false,"chose_seed":false,"campfire_upgraded":8,"win_rate":0.0,"timestamp":1612279108,"path_taken":["M","$","?","M","M","?","?","E","R","M","?","R","E","T","?","R","E","R","M","$","?","R","BOSS","M","M","?","$","M","M","?","M","E","?","E","R","?","M","T","?","?","$","E","R","?","?","R","R","BOSS","M","?","?","$","M","?","?","E","R","M","M","T","T","E","R","$","E","M","M","M","R","R","BOSS","R","$","E","BOSS"],"items_purchased_type":["Card","Card","Relic","Card","Card","Potion"],"build_version":"2020-12-22","purchased_purges":4,"victory":true,"max_hp_per_floor":[65,65,65,65,65,65,65,65,65,65,65,65,65,65,70,70,70,70,70,70,70,70,70,70,70,70,70,70,70,70,70,70,70,70,70,70,70,70,70,70,70,70,70,70,70,70,70,70,70,70,70,70,70,70,70,66,66,66,66,66,66,66,66,66,66,66,66,66,66,66,66,66,66,66,66,66,66,66],"card_choices":[{"not_picked":["Protect","Crescendo","Wireheading"],"picked":"SKIP","floor":1.0},{"not_picked":["ClearTheMind","Crescendo","Protect"],"picked":"SKIP","floor":4.0},{"not_picked":["PathToVictory","WindmillStrike"],"picked":"Prostrate","floor":5.0},{"not_picked":["SignatureMove","EmptyFist"],"picked":"Prostrate","floor":8.0},{"not_picked":["JustLucky","Wallop"],"picked":"MentalFortress","floor":10.0},{"not_picked":["JustLucky","Conclude","Sanctity"],"picked":"SKIP","floor":13.0},{"not_picked":["EmptyBody","Consecrate","Crescendo"],"picked":"SKIP","floor":17.0},{"not_picked":["ClearTheMind","WaveOfTheHand","Halt"],"picked":"SKIP","floor":19.0},{"not_picked":["Prostrate","Consecrate"],"picked":"Meditate","floor":21.0},{"not_picked":["Wish","Alpha"],"picked":"DeusExMachina","floor":23.0},{"not_picked":["CutThroughFate+1","ClearTheMind"],"picked":"Collect","floor":25},{"not_picked":["Consecrate+1","FollowUp","SashWhip"],"picked":"SKIP","floor":26},{"not_picked":["ClearTheMind","Meditate"],"picked":"FlurryOfBlows","floor":29},{"not_picked":["FollowUp","ThirdEye"],"picked":"Wallop","floor":30},{"not_picked":["Protect","Fasting2"],"picked":"Vault","floor":31},{"not_picked":["Meditate+1","FearNoEvil","ClearTheMind"],"picked":"SKIP","floor":32},{"not_picked":["Evaluate","ThirdEye"],"picked":"InnerPeace+1","floor":33},{"not_picked":["BowlingBash","CrushJoints"],"picked":"LessonLearned","floor":35},{"not_picked":["CutThroughFate","SandsOfTime","Wallop"],"picked":"SKIP","floor":38},{"not_picked":["Collect+1","FearNoEvil","Protect"],"picked":"SKIP","floor":40},{"not_picked":["Bouncing Flask","Seeing Red","Pommel Strike"],"picked":"SKIP","floor":43},{"not_picked":["Reboot","Transmutation"],"picked":"Omniscience","floor":49},{"not_picked":["Evaluate","Deadly Poison"],"picked":"Choke","floor":51},{"not_picked":["Consecrate+1","Aggregate+1","Perseverance+1"],"picked":"SKIP","floor":55},{"not_picked":["Expertise","WaveOfTheHand+1"],"picked":"Seeing Red+1","floor":57},{"not_picked":["White Noise+1","Dropkick+1"],"picked":"Undo+1","floor":58},{"not_picked":["Armaments+1","Chill+1","Seeing Red"],"picked":"SKIP","floor":60},{"not_picked":["Dodge and Roll","Aggregate+1","Capacitor+1"],"picked":"SKIP","floor":61},{"not_picked":["Blood for Blood+1","Jack Of All Trades+1","Perfected Strike+1"],"picked":"SKIP","floor":64},{"not_picked":["Calculated Gamble","Eviscerate","Disarm"],"picked":"SKIP","floor":67},{"not_picked":["Endless Agony+1","Well Laid Plans+1"],"picked":"Purity","floor":68},{"not_picked":["Carnage+1","Darkness","FlyingSleeves+1"],"picked":"SKIP","floor":69},{"not_picked":["Ball Lightning+1","ThirdEye"],"picked":"Body Slam+1","floor":70},{"not_picked":["Steam+1","Deadly Poison+1","Jack Of All Trades+1"],"picked":"SKIP","floor":77}],"player_experience":2363934,"relics_obtained":[{"floor":8.0,"key":"Blue Candle"},{"floor":13.0,"key":"Kunai"},{"floor":14.0,"key":"Matryoshka"},{"floor":17.0,"key":"Pen Nib"},{"floor":21.0,"key":"Toy Ornithopter"},{"floor":33,"key":"Sundial"},{"floor":35,"key":"Frozen Egg 2"},{"floor":39,"key":"Anchor"},{"floor":39,"key":"Bag of Marbles"},{"floor":43,"key":"Gremlin Horn"},{"floor":58,"key":"Akabeko"},{"floor":62,"key":"InkBottle"},{"floor":63,"key":"Bag of Preparation"},{"floor":64,"key":"Torii"},{"floor":67,"key":"Bottled Tornado"},{"floor":77,"key":"Damaru"}],"event_choices":[{"damage_healed":0.0,"max_hp_gain":0.0,"max_hp_loss":0.0,"gold_gain":75.0,"event_name":"World of Goop","player_choice":"Gather Gold","floor":3.0,"gold_loss":0.0,"damage_taken":11.0},{"cards_removed":["Defend_P"],"damage_healed":0.0,"max_hp_gain":0.0,"max_hp_loss":0.0,"gold_gain":0.0,"event_name":"The Cleric","player_choice":"Card Removal","floor":6.0,"gold_loss":50.0,"damage_taken":0.0},{"damage_healed":0.0,"max_hp_gain":0.0,"max_hp_loss":0.0,"gold_gain":0.0,"cards_transformed":["Defend_P"],"event_name":"Living Wall","player_choice":"Change","floor":11.0,"gold_loss":0.0,"damage_taken":0.0,"cards_obtained":["Conclude"]},{"damage_healed":0.0,"max_hp_gain":5.0,"max_hp_loss":0.0,"gold_gain":0.0,"event_name":"Big Fish","player_choice":"Donut","floor":15.0,"gold_loss":0.0,"damage_taken":0.0},{"damage_healed":0.0,"max_hp_gain":0.0,"max_hp_loss":0.0,"gold_gain":0.0,"event_name":"Dead Adventurer","player_choice":"Searched \u00271\u0027 times","floor":21.0,"gold_loss":0.0,"damage_taken":0.0},{"cards_removed":["PathToVictory"],"damage_healed":0,"gold_gain":0,"player_choice":"Gave Card","damage_taken":0,"relics_obtained":["Gambling Chip"],"max_hp_gain":0,"max_hp_loss":0,"event_name":"WeMeetAgain","floor":27,"gold_loss":0},{"cards_removed":["Conclude"],"damage_healed":0,"gold_gain":0,"player_choice":"Elegance","damage_taken":0,"max_hp_gain":0,"max_hp_loss":0,"event_name":"Back to Basics","floor":34,"gold_loss":0},{"cards_removed":["Sanctity"],"damage_healed":0,"gold_gain":0,"player_choice":"Upgrade and Remove","damage_taken":0,"max_hp_gain":0,"max_hp_loss":0,"event_name":"Designer","floor":37,"gold_loss":90,"cards_upgraded":["Wallop"]},{"damage_healed":0,"gold_gain":0,"player_choice":"Ignored","damage_taken":0,"max_hp_gain":0,"max_hp_loss":0,"event_name":"The Mausoleum","floor":41,"gold_loss":0},{"damage_healed":0,"gold_gain":0,"player_choice":"Copied","damage_taken":0,"max_hp_gain":0,"max_hp_loss":0,"event_name":"Duplicator","floor":46,"gold_loss":0,"cards_obtained":["Vault"]},{"cards_removed":["Omniscience"],"damage_healed":0,"gold_gain":0,"player_choice":"Removed Skill","damage_taken":0,"max_hp_gain":0,"max_hp_loss":0,"event_name":"Falling","floor":53,"gold_loss":0},{"damage_healed":0,"gold_gain":0,"player_choice":"Max HP","damage_taken":0,"max_hp_gain":0,"max_hp_loss":4,"event_name":"Winding Halls","floor":56,"gold_loss":0}],"is_beta":false,"boss_relics":[{"not_picked":["Snecko Eye","Busted Crown"],"picked":"Pandora\u0027s Box"},{"not_picked":["Cursed Key","Sozu"],"picked":"Runic Dome"}],"items_purged_floors":[2,20,28,66],"is_endless":false,"potions_floor_spawned":[1,5,13,17,23,29,30,32,33,35,43,49,55,60,64,68,70,77],"ascension_level":1}}