{"host":"ugys05tpep779cl6","time":1612259031,"event":{"mods":["AchievementEnabler","Aspiration","BaseMod","Beaked The Cultist","CatGirl Mod","Colored Powertips","HololiveMod","Lobotomy","Minty Spire (QoL Compilation)","Quick Restart","Replay The Spire","Spicy Shops","StSLib","The Druid"],"gold_per_floor":[114,114,114,125,138,168,185,213,213,246,171,185,212,222,222,298,298,318,292,44,44,44,70,70,95,121,121,121,121,121,21,21,96,96,106,131,6,20,320,320,347,347,374,374,409,409,443,455,455,455,455,455,156,191,191],"floor_reached":56,"language":"ENG","playtime":3428,"items_purged":["theDruid:Strike_O","theDruid:Defend_O","theDruid:BrambleLash"],"score":2879,"play_id":"1b734f68-8612-486d-9e6e-b270d24ed024","local_time":"20210202104351","is_ascension_mode":true,"campfire_choices":[{"data":"theDruid:PlagueClaw","floor":15.0,"key":"SMITH"},{"data":"theDruid:Fortitude","floor":24,"key":"SMITH"},{"data":"theDruid:Defend_O","floor":29,"key":"SMITH"},{"data":"theDruid:PrimalStrength","floor":32,"key":"SMITH"},{"floor":40,"key":"RECALL"},{"floor":49,"key":"DIG"}],"circlet_count":0,"master_deck":["AscendersBane","theDruid:Defend_O+1","theDruid:Defend_O","theDruid:BriarArmor","theDruid:WildSlash","theDruid:Resourcefulness+1","theDruid:Rummage","theDruid:Fortitude+1","theDruid:PlagueClaw+1","theDruid:Resupply","theDruid:SurvivalInstincts","theDruid:MysticBarrier","theDruid:PrimalStrength+1","theDruid:PrimalStrength","theDruid:WildFrenzy","theDruid:BackupSupplies+1","theDruid:Untamed","theDruid:FaerieFire+1","theDruid:ApexPredator+1"],"relics":["theDruid:CrownOfTheWilds","aspiration:Nostalgia","beaked:MendingPlumage","Whetstone","aspiration:AnachronicSnailShell","Replay:WaspNest","Turnip","Black Star","aspiration:RitualStick","Replay:Wax Seal","Juzu Bracelet","aspiration:Lifesprig","ReplayTheSpireMod:Lightbulb","MutagenicStrength","Replay:Grab Bag","Coffee Dripper","Fusion Hammer","aspiration:BeakedSkillbook","Unceasing Top","Boot","Frozen Egg 2","Pen Nib","Toy Ornithopter","Centennial Puzzle","Bronze Scales","Regal Pillow","Replay:Rubber Ducky","ReplayTheSpireMod:Shallot","Art of War","Gambling Chip"],"acts_visited":["Exordium","TheCity","TheBeyond","TheEnding"],"potions_floor_usage":[25,33,55],"damage_taken":[{"damage":6.0,"enemies":"Jaw Worm","floor":1.0,"turns":4.0},{"damage":0.0,"enemies":"2 Louse","floor":4.0,"turns":4.0},{"damage":6.0,"enemies":"Cultist","floor":5.0,"turns":4.0},{"damage":56.0,"enemies":"3 Sentries","floor":6.0,"turns":12.0},{"damage":19.0,"enemies":"Large Slime","floor":7.0,"turns":6.0},{"damage":4.0,"enemies":"Gremlin Nob","floor":8.0,"turns":3.0},{"damage":46.0,"enemies":"3 Sentries","floor":10.0,"turns":14.0},{"damage":2.0,"enemies":"Red Slaver","floor":12.0,"turns":3.0},{"damage":16.0,"enemies":"Gremlin Nob","floor":13.0,"turns":4.0},{"damage":10.0,"enemies":"Exordium Thugs","floor":14.0,"turns":3.0},{"damage":10.0,"enemies":"Hexaghost","floor":16.0,"turns":7.0},{"damage":28.0,"enemies":"3 Byrds","floor":18.0,"turns":5.0},{"damage":27.0,"enemies":"2 Thieves","floor":19.0,"turns":4.0},{"damage":21,"enemies":"Gremlin Leader","floor":23,"turns":5},{"damage":45,"enemies":"Slavers","floor":25,"turns":6},{"damage":41,"enemies":"Pondfish","floor":33,"turns":6},{"damage":9,"enemies":"3 Shapes","floor":35,"turns":5},{"damage":14,"enemies":"Mind Bloom Boss Battle","floor":36,"turns":5},{"damage":0,"enemies":"Orb Walker","floor":38,"turns":3},{"damage":0,"enemies":"R_Hoarder","floor":41,"turns":7},{"damage":18,"enemies":"Giant Head","floor":45,"turns":5},{"damage":12,"enemies":"Nemesis","floor":47,"turns":4},{"damage":3,"enemies":"Transient","floor":48,"turns":6},{"damage":8,"enemies":"Donu and Deca","floor":50,"turns":3},{"damage":27,"enemies":"Shield and Spear","floor":54,"turns":6},{"damage":108,"enemies":"The Heart","floor":55,"turns":6}],"seed_played":"-2688207967377156090","potions_obtained":[{"floor":1.0,"key":"Explosive Potion"},{"floor":4.0,"key":"ColorlessPotion"},{"floor":8.0,"key":"PowerPotion"},{"floor":13.0,"key":"Strength Potion"},{"floor":16.0,"key":"Fruit Juice"},{"floor":23,"key":"Elixir"},{"floor":25,"key":"ColorlessPotion"},{"floor":33,"key":"Energy Potion"},{"floor":41,"key":"LiquidMemories"}],"is_trial":false,"path_per_floor":["M","?","?","M","M","E","M","E","T","E","$","M","E","M","R","B",null,"M","M","$","?","?","E","R","E","T","?","?","R","?","$","R","B",null,"M","?","$","M","?","R","E","?","T","R","E","?","E","M","R","B",null,"R","$","E","B",null],"character_chosen":"DRUID","items_purchased":["theDruid:PrimalStrength","ReplayTheSpireMod:Shallot","theDruid:ApexPredator+1"],"campfire_rested":0,"item_purchase_floors":[20,53,53],"current_hp_per_floor":[64,57,57,68,66,51,67,68,68,51,51,68,57,68,68,73,73,60,55,55,37,37,44,44,32,32,32,32,32,32,32,32,22,60,71,73,73,73,73,73,73,73,73,73,73,73,73,73,73,73,73,73,73,73,14],"gold":191,"neow_bonus":"NOSTALGIA","is_daily":false,"chose_seed":false,"campfire_upgraded":4,"win_rate":0.0,"timestamp":1612259031,"path_taken":["M","?","?","M","M","E","M","E","T","E","$","?","E","M","R","BOSS","M","M","$","?","?","E","R","E","T","?","?","R","?","?","R","BOSS","M","?","$","M","?","R","E","?","T","R","E","?","E","M","R","BOSS","R","$","E","BOSS"],"items_purchased_type":["Card","Relic","Card"],"build_version":"2020-12-22","purchased_purges":3,"victory":true,"max_hp_per_floor":[68,68,68,68,68,68,68,68,68,68,68,68,68,68,68,73,73,73,73,73,73,73,73,73,73,73,73,73,73,73,73,73,73,73,73,73,73,73,73,73,73,73,73,73,73,73,73,73,73,73,73,73,73,73,73],"card_choices":[{"not_picked":["theDruid:BlessedStrike","theDruid:Swipe"],"picked":"theDruid:Resourcefulness","floor":1.0},{"not_picked":["theDruid:PlagueClaw","theDruid:BlessedStrike"],"picked":"theDruid:Rummage","floor":4.0},{"not_picked":["theDruid:Recoil","theDruid:ThornStrike"],"picked":"theDruid:Fortitude","floor":5.0},{"not_picked":["theDruid:Starfall","theDruid:TakeShelter","theDruid:FuriousSlash"],"picked":"SKIP","floor":6.0},{"not_picked":["theDruid:RockSlide","theDruid:Resourcefulness"],"picked":"theDruid:PlagueClaw","floor":7.0},{"not_picked":["theDruid:IronClaw","theDruid:Untamed","theDruid:TearOpen"],"picked":"SKIP","floor":8.0},{"not_picked":["theDruid:Moonbeam","theDruid:Forage"],"picked":"theDruid:Resupply","floor":10.0},{"not_picked":["theDruid:TwilightsCall","theDruid:Gore"],"picked":"theDruid:BrambleLash","floor":12.0},{"not_picked":["theDruid:TwilightsCall","theDruid:BlessedStrike","theDruid:Slingshot"],"picked":"SKIP","floor":13.0},{"not_picked":["theDruid:Recoil","theDruid:FelineGrace","theDruid:FullMoon"],"picked":"SKIP","floor":14.0},{"not_picked":["theDruid:HerbalismKit","theDruid:IronbarkArmor"],"picked":"theDruid:SurvivalInstincts","floor":16.0},{"not_picked":["theDruid:Eclipse","theDruid:ExposingSlash","theDruid:BrambleLash"],"picked":"SKIP","floor":18.0},{"not_picked":["theDruid:FuriousSlash","theDruid:Guidance"],"picked":"theDruid:MysticBarrier","floor":19.0},{"not_picked":["theDruid:FeralPlants","theDruid:BrambleLash","theDruid:Slingshot"],"picked":"SKIP","floor":23},{"not_picked":["theDruid:BackupSupplies","theDruid:AstralShield","theDruid:Untamed"],"picked":"SKIP","floor":25},{"not_picked":["theDruid:IronbarkArmor","theDruid:SpiritCall"],"picked":"theDruid:WildFrenzy","floor":33},{"not_picked":["theDruid:BristlingDefense+1","theDruid:TwilightsCall","theDruid:PlagueClaw","theDruid:BloodiedFur"],"picked":"SKIP","floor":35},{"not_picked":["theDruid:Resupply","theDruid:Starburst","theDruid:ExposingSlash"],"picked":"theDruid:BackupSupplies+1","floor":36},{"not_picked":["theDruid:BrambleLash","theDruid:Recoil","theDruid:Resourcefulness","theDruid:ExposingSlash+1"],"picked":"SKIP","floor":38},{"not_picked":["theDruid:Starfall","theDruid:Forage+1","theDruid:Swipe+1"],"picked":"theDruid:Untamed","floor":41},{"not_picked":["theDruid:SpiritCall","theDruid:Slingshot","theDruid:BlessedStrike+1"],"picked":"theDruid:FaerieFire+1","floor":45},{"not_picked":["theDruid:BlessedStrike","theDruid:Impale+1","theDruid:Starfall","theDruid:Swipe"],"picked":"SKIP","floor":47},{"not_picked":["theDruid:Pathfinder","theDruid:TwilightsCall+1","theDruid:Thornburst","theDruid:FuriousSlash"],"picked":"SKIP","floor":48},{"not_picked":["theDruid:NaturalAgility+1","theDruid:Starfall","theDruid:Slingshot","theDruid:FullMoon+1"],"picked":"SKIP","floor":54}],"player_experience":1183382,"relics_obtained":[{"floor":6.0,"key":"Whetstone"},{"floor":8.0,"key":"aspiration:AnachronicSnailShell"},{"floor":10.0,"key":"Replay:WaspNest"},{"floor":13.0,"key":"Turnip"},{"floor":23,"key":"Replay:Wax Seal"},{"floor":25,"key":"Juzu Bracelet"},{"floor":25,"key":"aspiration:Lifesprig"},{"floor":26,"key":"ReplayTheSpireMod:Lightbulb"},{"floor":36,"key":"Unceasing Top"},{"floor":41,"key":"Boot"},{"floor":41,"key":"Frozen Egg 2"},{"floor":43,"key":"Pen Nib"},{"floor":45,"key":"Toy Ornithopter"},{"floor":45,"key":"Centennial Puzzle"},{"floor":47,"key":"Bronze Scales"},{"floor":47,"key":"Regal Pillow"},{"floor":49,"key":"Replay:Rubber Ducky"},{"floor":54,"key":"Art of War"},{"floor":54,"key":"Gambling Chip"}],"event_choices":[{"cards_removed":["theDruid:Defend_O"],"damage_healed":0.0,"max_hp_gain":0.0,"max_hp_loss":0.0,"gold_gain":0.0,"event_name":"Golden Wing","player_choice":"Card Removal","floor":2.0,"gold_loss":0.0,"damage_taken":7.0},{"damage_healed":0.0,"max_hp_gain":0.0,"max_hp_loss":0.0,"gold_gain":0.0,"event_name":"Upgrade Shrine","player_choice":"Upgraded","floor":3.0,"gold_loss":0.0,"damage_taken":0.0,"cards_upgraded":["theDruid:Resourcefulness"]},{"damage_healed":0.0,"max_hp_gain":0.0,"max_hp_loss":0.0,"gold_gain":0.0,"event_name":"Duplicator","player_choice":"Copied","floor":22.0,"gold_loss":0.0,"damage_taken":0.0,"cards_obtained":["theDruid:PrimalStrength"]},{"damage_healed":0,"gold_gain":0,"player_choice":"Inject Mutagens","damage_taken":0,"relics_obtained":["MutagenicStrength"],"max_hp_gain":0,"max_hp_loss":0,"event_name":"Drug Dealer","floor":27,"gold_loss":0},{"cards_removed":["theDruid:Strike_O"],"damage_healed":0,"gold_gain":0,"player_choice":"Purged","damage_taken":0,"max_hp_gain":0,"max_hp_loss":0,"event_name":"Purifier","floor":28,"gold_loss":0},{"cards_removed":["theDruid:Strike_O"],"damage_healed":0,"gold_gain":0,"player_choice":"Card Removal","damage_taken":0,"max_hp_gain":0,"max_hp_loss":0,"event_name":"Wheel of Change","floor":30,"gold_loss":0},{"damage_healed":0,"gold_gain":0,"player_choice":"Fight","damage_taken":0,"max_hp_gain":0,"max_hp_loss":0,"event_name":"MindBloom","floor":36,"gold_loss":0},{"damage_healed":0,"gold_gain":300,"player_choice":"Gold","damage_taken":0,"max_hp_gain":0,"max_hp_loss":0,"event_name":"Wheel of Change","floor":39,"gold_loss":0},{"damage_healed":0,"gold_gain":0,"player_choice":"Ignored","damage_taken":0,"max_hp_gain":0,"max_hp_loss":0,"event_name":"Tomb of Lord Red Mask","floor":42,"gold_loss":0},{"cards_removed":["theDruid:Strike_O"],"damage_healed":0,"gold_gain":0,"player_choice":"Removed Attack","damage_taken":0,"max_hp_gain":0,"max_hp_loss":0,"event_name":"Falling","floor":46,"gold_loss":0}],"is_beta":false,"boss_relics":[{"not_picked":["Snecko Heart","Velvet Choker"],"picked":"Black Star"},{"not_picked":["Astrolabe","beaked:MawFillet"],"picked":"Replay:Grab Bag"},{"not_picked":["Painkiller Herb","ReplayTheSpireMod:Onyx Gauntlets"],"picked":"Coffee Dripper"},{"not_picked":["Busted Crown","Hololive_Finger"],"picked":"Fusion Hammer"},{"not_picked":["Replay:Drink Me","beaked:SacredDeck"],"picked":"aspiration:BeakedSkillbook"}],"items_purged_floors":[11,31,37],"is_endless":false,"potions_floor_spawned":[1,4,8,13,16,23,25,33,41,45,54],"ascension_level":19}}