{"host":"kgj3hkp928synzkd","time":1612305241,"event":{"mods":["2.2 Compatiblity","A Magickal Journey","AchievementEnabler","Act Like it!","AlwaysNeverKeys","Aspiration","BaseMod","Better Altar","Better Match","Better Note","Better Sensory Stone","Better Synergies","Better Third Choice","Better Vampires","Block Reminder","Colored Map","Colored Powertips","Conspire","Curses Come First","Disable Question Mark Monsters","Downfall","GifTheSpireLib","Gremlin Skip","GungeonMod","Hallownest","Infinite Spire","Luminous","Marisa????????","Marked Mod","Minty Spire (QoL Compilation)","Permanent Neow","Quick Restart","Random Character Button","Rare Cards Sparkle","Replay The Spire","Spicy Shops","StSLib","SuperFastMode","The Bug Knight","The Exalted","Uncapped"],"gold_per_floor":[109,109,124,124,124,149,166,166,166,166,186,221,221,10,10,105,105,121,121,121,121,133,160,160,187,268,268,279,332,105,105,105,202,202,212,212,222,242,257,257,257],"floor_reached":40,"language":"ENG","playtime":2662,"items_purged":[],"score":555,"play_id":"78924b6a-5e29-4c86-9558-b9f074da6d14","local_time":"20210202173401","is_ascension_mode":true,"campfire_choices":[{"data":"conspire:Banana","floor":8,"key":"SMITH"},{"data":"PowerUp","floor":10,"key":"SMITH"},{"floor":13,"key":"REST"},{"data":"DC","floor":15,"key":"SMITH"},{"floor":24,"key":"REST"},{"floor":27,"key":"REST"}],"circlet_count":0,"master_deck":["Strike_MRS","Strike_MRS","Strike_MRS","Strike_MRS","Defend_MRS","Defend_MRS","Defend_MRS","Defend_MRS","MasterSpark","UpSweep","conspire:Banana+1","PowerUp+1","6A","DoubleSpark","DC+1","OrrerysSun+1","DC","AsteroidBelt","ChargeUpSpray","GrandCross+1","MillisecondPulsars","EnergyFlow","IllusionStar+1","Orbital+1","AsteroidBelt"],"relics":["MiniHakkero","NeowsBlessing","Hallownest:DreamNailRelic","Du-Vu Doll","infinitespire:Bottled Soul","Question Card","DemoMod:WhiteGuonStone","ChewingGum","aspiration:SeaSaltIceCream","Calipers","infinitespire:WardingShard","MealTicket","Black Star"],"acts_visited":["Exordium","Hallownest:Greenpath","Hallownest:CityofTears"],"potions_floor_usage":[11,11,25,33,39,40,40],"damage_taken":[{"damage":0,"enemies":"Hallownest:2_MossCreeps","floor":1,"turns":1},{"damage":2,"enemies":"Hallownest:2_Tiktiks_and_1_Crawlid","floor":3,"turns":2},{"damage":0,"enemies":"Hallownest:eliteMossKnight","floor":6,"turns":1},{"damage":0,"enemies":"2_ Uuma","floor":7,"turns":7},{"damage":0,"enemies":"Hallownest:monsterMossCharger","floor":11,"turns":4},{"damage":29,"enemies":"Hallownest:eliteCrystalGuardian","floor":12,"turns":6},{"damage":36,"enemies":"Hallownest:BossBrokenVessel","floor":16,"turns":12},{"damage":15,"enemies":"Hallownest:Guard_and_Sentry","floor":18,"turns":5},{"damage":24,"enemies":"Hallownest:Flukemon_and_Top","floor":22,"turns":5},{"damage":18,"enemies":"Hallownest:Nosk","floor":23,"turns":8},{"damage":16,"enemies":"Hallownest:eliteSoulWarrior","floor":25,"turns":13},{"damage":2,"enemies":"Hallownest:Warrior_and_Youth","floor":28,"turns":5},{"damage":12,"enemies":"Hallownest:Glutton_and_Coward","floor":29,"turns":5},{"damage":35,"enemies":"Hallownest:BossMantisLord","floor":33,"turns":10},{"damage":59,"enemies":"Hallownest:3_Siblings","floor":35,"turns":13},{"damage":26,"enemies":"Hallownest:2_Littles","floor":37,"turns":9},{"damage":40,"enemies":"Hallownest:monsterPrimalAspid","floor":38,"turns":5},{"damage":5,"enemies":"Hallownest:2_Wing_and_1_Kings","floor":39,"turns":60},{"damage":42,"enemies":"Hallownest:eliteCollector","floor":40,"turns":10}],"seed_played":"-3930361595460140493","potions_obtained":[{"floor":1,"key":"BottledSpark"},{"floor":7,"key":"Energy Potion"},{"floor":16,"key":"Reflective Coating"},{"floor":28,"key":"ShroomBrew"},{"floor":39,"key":"SpeedPotion"}],"is_trial":false,"path_per_floor":["M","?","M","?","?","E","M","R","T","R","M","E","R","$","R","B",null,"M","?","?","$","M","E","R","E","T","R","M","M","$","AVR","R_BF","B",null,"M","$","M","M","M","E"],"character_chosen":"MARISA","items_purchased":["OrrerysSun+1","DemoMod:WhiteGuonStone","EnergyFlow","MealTicket"],"campfire_rested":3,"item_purchase_floors":[14,14,30,30],"current_hp_per_floor":[75,75,74,74,74,74,75,75,75,75,77,52,76,76,76,46,89,76,91,91,91,69,55,84,74,74,103,103,95,95,95,109,78,113,60,75,53,15,34,0,0],"gold":257,"neow_bonus":"THREE_ENEMY_KILL","is_daily":false,"chose_seed":false,"campfire_upgraded":3,"win_rate":0.0,"timestamp":1612305241,"path_taken":["M","?","M","?","?","E","M","R","T","R","M","E","R","$","R","BOSS","M","?","?","$","M","E","R","E","T","R","M","M","?","AVR","R_BF","BOSS","M","$","M","M","M","E"],"items_purchased_type":["Card","Relic","Card","Relic"],"build_version":"2020-12-22","purchased_purges":0,"victory":false,"max_hp_per_floor":[75,75,76,76,76,76,77,77,77,77,79,83,83,83,83,89,89,91,91,91,91,93,97,97,103,103,103,105,109,109,109,109,113,113,119,119,123,125,149,155,155],"card_choices":[{"not_picked":["OpenUniverse","GravityBeat"],"picked":"ChargingUp","floor":1},{"not_picked":["ReplayTheSpireMod:Private Reserves","DemoMod:Invincible"],"picked":"conspire:Banana","floor":2},{"not_picked":["Orbital","ManaConvection","GravityBeat"],"picked":"SKIP","floor":3},{"not_picked":["GravityBeat","Occultation"],"picked":"PowerUp","floor":6},{"not_picked":["StarBarrage","DoubleSpark"],"picked":"6A","floor":7},{"not_picked":["PowerUp","DarkSpark"],"picked":"DoubleSpark","floor":11},{"not_picked":["EscapeVelocity","LuminesStrike"],"picked":"DC","floor":12},{"not_picked":["DarkMatter+1","OneTimeOff","MysteriousBeam+1","StarlightTyphoon"],"picked":"SKIP","floor":18},{"not_picked":["LuminesStrike","MeteoricShower","WitchOfGreed"],"picked":"DC","floor":22},{"not_picked":["BinaryStars","EarthLightRay","AlicesGift+1"],"picked":"AsteroidBelt","floor":23},{"not_picked":["MagicChant","EarthLightRay","MilkyWay"],"picked":"ChargeUpSpray","floor":25},{"not_picked":["BlazeAway","SporeBomb","WitchLeyline"],"picked":"GrandCross","floor":28},{"not_picked":["DragonMeteor+1","EnergyFlow","Orbital"],"picked":"MillisecondPulsars","floor":29},{"not_picked":["UnstableBomb","GrandCross","GasGiant"],"picked":"IllusionStar+1","floor":35},{"not_picked":["GrandCross+1","IllusionStar","MysteriousBeam"],"picked":"Orbital+1","floor":37},{"not_picked":["MagicAbsorber","ManaConvection","MaximisePower"],"picked":"AsteroidBelt","floor":38},{"not_picked":["UnstableBomb","PropBag","StarlightTyphoon+1","RefractionSpark+1"],"picked":"SKIP","floor":39}],"player_experience":326706,"relics_obtained":[{"floor":6,"key":"Du-Vu Doll"},{"floor":9,"key":"infinitespire:Bottled Soul"},{"floor":12,"key":"Question Card"},{"floor":23,"key":"aspiration:SeaSaltIceCream"},{"floor":25,"key":"Calipers"},{"floor":26,"key":"infinitespire:WardingShard"}],"event_choices":[{"damage_healed":0,"gold_gain":1,"player_choice":"1","damage_taken":0,"max_hp_gain":0,"max_hp_loss":0,"event_name":"betterStone:BetterStone","floor":2,"gold_loss":0}],"is_beta":false,"boss_relics":[{"not_picked":["ReplayTheSpireMod:SealedPack","Replay:Grab Bag"],"picked":"ChewingGum"},{"not_picked":["Sozu","infinitespire:Cupcake","Ring of Chaos"]}],"items_purged_floors":[],"is_endless":false,"potions_floor_spawned":[1,7,16,22,23,28,29,38,39],"killed_by":"Hallownest:eliteCollector","ascension_level":1}}