{"host":"yans4pr1zf0lm9bx","time":1612271352,"event":{"mods":["AchievementEnabler","BaseMod","Downfall","Minty Spire (QoL Compilation)","StSLib","SuperFastMode","slay the spire mod where everything is the same but ironclad has a cowboy hat"],"gold_per_floor":[99,111,111,111,125,136,136,163,163,193,93,105,5,22,33,132,132,132,146,166,76,76,76,101,114,134,134,145,165,265,275,294,389,389,389,404,423,441,25,25,25,42,16,16,27,40,65,65,77,77],"floor_reached":51,"language":"ENG","playtime":2983,"items_purged":["Guardian:Strike_Guardian","Guardian:Defend_Guardian"],"score":742,"play_id":"c4c1528d-3bf6-4a2e-a447-0f8f4a0e86bf","local_time":"20210202080912","is_ascension_mode":false,"campfire_choices":[{"data":"Guardian:TwinSlam","floor":1.0,"key":"SMITH"},{"floor":11.0,"key":"REST"},{"data":"Guardian:MultiBeam","floor":13.0,"key":"SMITH"},{"data":"Guardian:GemFinder","floor":18.0,"key":"SMITH"},{"floor":27.0,"key":"RECALL"},{"data":"Guardian:PrismaticBeam","floor":35.0,"key":"SMITH"},{"data":"Guardian:GemFire","floor":44.0,"key":"SMITH"}],"circlet_count":0,"master_deck":["Guardian:Defend_Guardian","Guardian:Defend_Guardian","Guardian:Defend_Guardian","Guardian:CurlUp","Guardian:TwinSlam+1","Guardian:VentSteam","Guardian:Planning","Guardian:Recover","Guardian:Reroute","Guardian:Reroute","Guardian:CrystalBeam","Guardian:MultiBeam+1","Guardian:GemFinder+1","Guardian:TemporalShield","Guardian:FierceBash","Guardian:CrystalBeam+1","Guardian:FierceBash","downfall:Haunted","Guardian:TemporalStrike","Guardian:TemporalShield+1","Guardian:PrismaticBeam+1","Guardian:Gem_Cyan","Guardian:Planning+1","Guardian:DecasProtection+1","Guardian:Suspension","Guardian:Orbwalk","Guardian:Gem_Red","Guardian:GemFire+1","Guardian:TemporalShield+1","Guardian:Gem_Green","Guardian:Gem_Red","Guardian:PrismaticBarrier+1","Guardian:Gem_Cyan","Guardian:ChargeUp+1","Parasite","Guardian:Incinerate","Guardian:Reroute","Guardian:SentryBeam+1","Guardian:Gem_Lightblue","Guardian:ShieldCharger","expansioncontent:InvincibleStrength","expansioncontent:AwakenDeath","expansioncontent:Chronoboost"],"relics":["Guardian:ModeShifter","Pantograph","downfall:ShatteredFragment","Dream Catcher","Guardian:PickAxe","Meat on the Bone","downfall:HeartBlessingGreen","downfall:HeartBlessingBlue","Coffee Dripper","Potion Belt","Toy Ornithopter","bronze:MakeshiftBattery","Nunchaku","FossilizedHelix","Lee\u0027s Waffle","Bronze Scales","Bag of Preparation"],"acts_visited":["Exordium","TheCity","TheBeyond"],"potions_floor_usage":[50,50],"damage_taken":[{"damage":1.0,"enemies":"Cultist","floor":2.0,"turns":3.0},{"damage":0.0,"enemies":"2 Louse","floor":5.0,"turns":2.0},{"damage":0.0,"enemies":"Small Slimes","floor":6.0,"turns":3.0},{"damage":14.0,"enemies":"Gremlin Nob","floor":8.0,"turns":4.0},{"damage":0.0,"enemies":"Gremlin Nob","floor":9.0,"turns":4.0},{"damage":22.0,"enemies":"3 Sentries","floor":10.0,"turns":7.0},{"damage":0.0,"enemies":"3 Louse","floor":12.0,"turns":2.0},{"damage":5.0,"enemies":"Large Slime","floor":14.0,"turns":4.0},{"damage":0.0,"enemies":"Lots of Slimes","floor":15.0,"turns":1.0},{"damage":26.0,"enemies":"DF_ARCHETYPE_STREAMLINE","floor":16.0,"turns":8.0},{"damage":2.0,"enemies":"Shell Parasite","floor":19.0,"turns":4.0},{"damage":0.0,"enemies":"Spheric Guardian","floor":20.0,"turns":3.0},{"damage":0.0,"enemies":"downfall:FleeingMerchant","floor":21.0,"turns":4.0},{"damage":11.0,"enemies":"Snake Plant","floor":25.0,"turns":3.0},{"damage":0.0,"enemies":"Chosen and Byrds","floor":26.0,"turns":5.0},{"damage":12.0,"enemies":"Cultist and Chosen","floor":28.0,"turns":5.0},{"damage":2.0,"enemies":"3 Cultists","floor":29.0,"turns":5.0},{"damage":19.0,"enemies":"downfall:LadyInBlue","floor":30.0,"turns":10.0},{"damage":17.0,"enemies":"Snake Plant","floor":31.0,"turns":2.0},{"damage":6.0,"enemies":"Cultist and Chosen","floor":32.0,"turns":3.0},{"damage":50.0,"enemies":"IC_MUSHROOM_ARCHETYPE","floor":33.0,"turns":8.0},{"damage":7.0,"enemies":"Orb Walker","floor":36.0,"turns":2.0},{"damage":0.0,"enemies":"3 Darklings","floor":37.0,"turns":2.0},{"damage":0.0,"enemies":"Maw","floor":38.0,"turns":6.0},{"damage":7.0,"enemies":"downfall:FleeingMerchant","floor":39.0,"turns":4.0},{"damage":0.0,"enemies":"Writhing Mass","floor":42.0,"turns":4.0},{"damage":25.0,"enemies":"3 Darklings","floor":45.0,"turns":3.0},{"damage":14.0,"enemies":"4 Shapes","floor":46.0,"turns":4.0},{"damage":10,"enemies":"Sphere and 2 Shapes","floor":49,"turns":3},{"damage":12,"enemies":"SI_POISON_ARCHETYPE","floor":50,"turns":5}],"seed_played":"4528970391500985109","potions_obtained":[{"floor":2.0,"key":"BlessingOfTheForge"},{"floor":5.0,"key":"DistilledChaos"},{"floor":12.0,"key":"Fire Potion"},{"floor":14.0,"key":"SteroidPotion"},{"floor":16.0,"key":"Weak Potion"},{"floor":20.0,"key":"DistilledChaos"},{"floor":26.0,"key":"Guardian:AcceleratePotion"},{"floor":29.0,"key":"SpeedPotion"},{"floor":30.0,"key":"Slimebound:ThreeZeroPotion"},{"floor":30.0,"key":"DuplicationPotion"},{"floor":31.0,"key":"DuplicationPotion"},{"floor":33.0,"key":"FairyPotion"},{"floor":42.0,"key":"Fruit Juice"},{"floor":49,"key":"GamblersBrew"}],"is_trial":false,"path_per_floor":["R","M","T","?","M","M","T","E","?","E","R","M","R","M","M","B",null,"R","M","M","$","?","?","T","M","M","R","M","M","?","M","M","B",null,"R","M","M","M","$","?","T","M","$","R","M","M","T","?","M","B",null],"character_chosen":"GUARDIAN","items_purchased":["Guardian:Gem_Yellow","Nunchaku","FossilizedHelix","Lee\u0027s Waffle","Guardian:Reroute"],"campfire_rested":1,"item_purchase_floors":[39,39,39,39,43],"current_hp_per_floor":[88,87,87,63,63,63,63,49,37,15,41,53,63,58,58,57,98,98,96,96,96,96,96,96,85,85,85,73,71,52,52,58,45,98,98,91,91,91,105,105,105,110,110,110,85,71,71,61,63,86],"gold":77,"neow_bonus":"TEN_PERCENT_HP_BONUS","is_daily":false,"chose_seed":false,"campfire_upgraded":5,"win_rate":0.0,"timestamp":1612271352,"path_taken":["R","M","?","?","M","M","T","E","?","E","R","M","R","M","M","BOSS","R","M","M","$","?","?","T","?","M","R","M","M","?","?","M","BOSS","R","M","M","M","$","?","T","?","$","R","M","M","?","?","M","BOSS"],"items_purchased_type":["Card","Relic","Relic","Relic","Card"],"build_version":"2020-12-22","purchased_purges":2,"victory":true,"max_hp_per_floor":[88,88,88,88,88,88,88,88,88,88,88,88,98,98,98,98,98,98,98,98,98,98,98,98,98,98,98,98,98,98,98,98,98,98,98,98,98,98,105,105,105,110,110,110,110,110,110,110,110,110],"card_choices":[{"not_picked":["Guardian:Preprogram","Guardian:Gem_Green"],"picked":"Guardian:VentSteam","floor":2.0},{"not_picked":["Guardian:TemporalShield","Guardian:Clone"],"picked":"Guardian:Planning","floor":5.0},{"not_picked":["Guardian:Suspension","Guardian:PrismaticBeam"],"picked":"Guardian:Recover","floor":6.0},{"not_picked":["Guardian:Gem_Green","Guardian:ArmoredProtocol"],"picked":"Guardian:Reroute","floor":8.0},{"not_picked":["Guardian:TimeBomb","Guardian:Recover"],"picked":"Guardian:Reroute","floor":10.0},{"not_picked":["Guardian:Recover","Guardian:Preprogram"],"picked":"Guardian:CrystalBeam","floor":11.0},{"not_picked":["Guardian:SpikerProtocol","Guardian:Incinerate"],"picked":"Guardian:MultiBeam","floor":12.0},{"not_picked":["Guardian:Gem_Cyan","Guardian:RefractedBeam"],"picked":"Guardian:GemFinder","floor":14.0},{"not_picked":["Guardian:Gem_Red","Guardian:Gem_Green"],"picked":"Guardian:Gem_Cyan","floor":15.0},{"not_picked":["Guardian:DonusPower","Guardian:Gem_Lightblue"],"picked":"Guardian:TemporalShield","floor":15.0},{"not_picked":["Guardian:Gem_Green","Guardian:Gem_Lightblue"],"picked":"Guardian:Gem_Cyan","floor":16.0},{"not_picked":["Guardian:HyperBeam_Guardian","Guardian:RevengeProtocol"],"picked":"Guardian:FierceBash","floor":16.0},{"not_picked":["Guardian:Gem_Cyan","Guardian:Gem_Lightblue"],"picked":"Guardian:Gem_Red","floor":19.0},{"not_picked":["Guardian:VentSteam","Guardian:Gem_Cyan"],"picked":"Guardian:CrystalBeam+1","floor":19.0},{"not_picked":["Guardian:Gem_Red","Guardian:Gem_Green"],"picked":"Guardian:Gem_Cyan","floor":20.0},{"not_picked":["Guardian:PrimingBeam","Guardian:Reroute"],"picked":"Guardian:Gem_Blue","floor":20.0},{"not_picked":["Guardian:Gem_Lightblue","Guardian:Gem_Green"],"picked":"Guardian:Gem_Red","floor":21.0},{"not_picked":["Guardian:ChargeCore","Guardian:Planning+1"],"picked":"Guardian:FierceBash","floor":21.0},{"not_picked":["Guardian:Gem_Lightblue","Guardian:Gem_Red"],"picked":"Guardian:Gem_Cyan","floor":25.0},{"not_picked":["Guardian:Gem_Red","Guardian:MultiBeam+1"],"picked":"Guardian:TemporalStrike","floor":25.0},{"not_picked":["Guardian:Gem_Lightblue","Guardian:Gem_Green"],"picked":"Guardian:Gem_Cyan","floor":26.0},{"not_picked":["Guardian:CrystalBeam","Guardian:Clone"],"picked":"Guardian:TemporalShield+1","floor":26.0},{"not_picked":["Guardian:Gem_Green","Guardian:Gem_Cyan"],"picked":"Guardian:Gem_Red","floor":28.0},{"not_picked":["Guardian:Gem_Red","Guardian:PiercingHide"],"picked":"Guardian:PrismaticBeam","floor":28.0},{"not_picked":["Guardian:Gem_Green","Guardian:Gem_Lightblue"],"picked":"Guardian:Gem_Cyan","floor":29.0},{"not_picked":["Guardian:RollAttack","Guardian:Gem_Cyan"],"picked":"Guardian:Planning+1","floor":29.0},{"not_picked":["Guardian:VentSteam+1","Guardian:Incinerate"],"picked":"Guardian:DecasProtection+1","floor":30.0},{"not_picked":["Guardian:Gem_Lightblue","Guardian:Gem_Red"],"picked":"Guardian:Gem_Cyan","floor":30.0},{"not_picked":["Guardian:Gem_Green","Guardian:Gem_Red"],"picked":"Guardian:Gem_Cyan","floor":31.0},{"not_picked":["Guardian:VentSteam+1","Guardian:Gem_Red"],"picked":"Guardian:Suspension","floor":31.0},{"not_picked":["Guardian:PiercingHide","Guardian:Gem_Purple"],"picked":"Guardian:Orbwalk","floor":32.0},{"not_picked":["Guardian:Gem_Green","Guardian:Gem_Lightblue"],"picked":"Guardian:Gem_Red","floor":33.0},{"not_picked":["Guardian:HyperBeam_Guardian","Guardian:GemFinder"],"picked":"Guardian:GemFire","floor":33.0},{"not_picked":["Guardian:DonusPower","Guardian:RefractedBeam+1"],"picked":"Guardian:TemporalShield+1","floor":36.0},{"not_picked":["Guardian:Gem_Red","Guardian:Gem_Lightblue"],"picked":"Guardian:Gem_Cyan","floor":37.0},{"not_picked":["Guardian:WalkerClaw","Guardian:ShieldCharger"],"picked":"Guardian:Gem_Green","floor":37.0},{"not_picked":["Guardian:Gem_Green","Guardian:Gem_Lightblue"],"picked":"Guardian:Gem_Red","floor":38.0},{"not_picked":["Guardian:Planning","Guardian:ChargeCore"],"picked":"Guardian:PrismaticBarrier+1","floor":38.0},{"not_picked":["Guardian:Gem_Green","Guardian:Gem_Lightblue"],"picked":"Guardian:Gem_Cyan","floor":39.0},{"not_picked":["Guardian:EvasiveProtocol+1","Guardian:RollAttack"],"picked":"Guardian:ChargeUp+1","floor":39.0},{"not_picked":["Guardian:PolyBeam","Guardian:Recover+1"],"picked":"Guardian:Incinerate","floor":42.0},{"not_picked":["Guardian:GemFinder","Guardian:RollAttack"],"picked":"Guardian:SentryBeam+1","floor":45.0},{"not_picked":["Guardian:Gem_Cyan","Guardian:Gem_Red"],"picked":"Guardian:Gem_Lightblue","floor":46.0},{"not_picked":["Guardian:EvasiveProtocol","Guardian:Gem_Cyan"],"picked":"Guardian:ShieldCharger","floor":46.0},{"not_picked":["expansioncontent:AwakenDeath","expansioncontent:PrepareCrush"],"picked":"expansioncontent:InvincibleStrength","floor":48.0},{"not_picked":["expansioncontent:LastStand","expansioncontent:HyperBeam"],"picked":"expansioncontent:AwakenDeath","floor":48.0},{"not_picked":["expansioncontent:PolyBeam","expansioncontent:PrepareCrush"],"picked":"expansioncontent:Chronoboost","floor":48.0},{"not_picked":["Guardian:CrystalBeam","Guardian:DonusPower","Guardian:SentryBeam+1"],"picked":"SKIP","floor":49}],"player_experience":301871,"relics_obtained":[{"floor":3.0,"key":"Pantograph"},{"floor":8.0,"key":"Dream Catcher"},{"floor":10.0,"key":"Meat on the Bone"},{"floor":24.0,"key":"Potion Belt"},{"floor":30.0,"key":"Toy Ornithopter"},{"floor":41.0,"key":"Bronze Scales"},{"floor":47.0,"key":"Bag of Preparation"}],"event_choices":[{"damage_healed":0.0,"max_hp_gain":0.0,"max_hp_loss":0.0,"gold_gain":0.0,"event_name":"The Library","player_choice":"Read","floor":22.0,"gold_loss":0.0,"damage_taken":0.0,"cards_obtained":["Guardian:Gem_White"]},{"damage_healed":0.0,"max_hp_gain":0.0,"max_hp_loss":0.0,"gold_gain":0.0,"event_name":"Lab","player_choice":"Got Potions","floor":40.0,"gold_loss":0.0,"damage_taken":0.0}],"is_beta":false,"boss_relics":[{"not_picked":["Fusion Hammer","Sozu"],"picked":"Coffee Dripper"},{"not_picked":["Runic Dome","Empty Cage"],"picked":"bronze:MakeshiftBattery"}],"items_purged_floors":[21,39],"is_endless":false,"potions_floor_spawned":[2,5,12,14,16,20,26,29,30,31,33,36,42,49],"ascension_level":0}}