{"host":"2x189hkb4impm2gi","time":1612236711,"event":{"mods":["BaseMod","Colored Map","Colored Powertips","Minty Spire (QoL Compilation)"],"gold_per_floor":[114,167,167,177,12,37,63,128,128,162,175,250,262,273,273,372,372,372,372,372,372,372,372,372,372,372,372,372,372,372,297,297,297,297,297,46,46,46,46,46,46,46,46,46,46,46,46,46,46,46,46,46,46,46,46],"floor_reached":56,"language":"ENG","playtime":4841,"items_purged":["Strike_G","Strike_G"],"score":1259,"play_id":"326d8bb8-9169-4673-a378-e10959ac7220","local_time":"20210201223151","is_ascension_mode":false,"campfire_choices":[{"floor":15,"key":"RECALL"},{"data":"Catalyst","floor":29,"key":"SMITH"},{"data":"After Image","floor":32,"key":"SMITH"},{"floor":41,"key":"REST"},{"floor":49,"key":"REST"},{"floor":52,"key":"REST"}],"circlet_count":0,"master_deck":["Strike_G","Defend_G","Defend_G","Defend_G","Defend_G","Defend_G","Survivor","Neutralize","Backstab","Backflip","Deadly Poison","Catalyst+1","Deflect+1","Distraction+1","Dodge and Roll+1","Blur+1","Masterful Stab","Blade Dance+1","Terror+1","Corpse Explosion+1","Leg Sweep+1","Infinite Blades+1","After Image+1","Poisoned Stab","Venomology+1","Poisoned Stab","Bane","Sucker Punch+1","Corpse Explosion+1","Predator+1","Escape Plan+1","Backstab","Madness+1","Madness+1","Bouncing Flask+1","Noxious Fumes","Burst+1","Masterful Stab","Prepared+1","Footwork+1"],"relics":["Runic Pyramid","Bag of Marbles","Toxic Egg 2","Odd Mushroom","White Beast Statue","Eternal Feather","Sundial","Ectoplasm","Meat on the Bone","CaptainsWheel","Bag of Preparation","Fusion Hammer","Snake Skull","MealTicket","Bronze Scales","Unceasing Top","Shuriken"],"acts_visited":["Exordium","TheCity","TheBeyond","TheEnding"],"potions_floor_usage":[7,8,14,16,16,16,20,22,23,23,24,27,27,27,33,37,37,38,38,40,40,42,44,45,45,46,46,47,47,50,50,50,54,55,55],"damage_taken":[{"damage":0,"enemies":"Small Slimes","floor":1,"turns":5},{"damage":0,"enemies":"2 Louse","floor":4,"turns":1},{"damage":3,"enemies":"Lagavulin","floor":6,"turns":6},{"damage":17,"enemies":"The Mushroom Lair","floor":7,"turns":4},{"damage":10,"enemies":"3 Sentries","floor":8,"turns":9},{"damage":1,"enemies":"3 Sentries","floor":10,"turns":12},{"damage":3,"enemies":"Jaw Worm","floor":11,"turns":3},{"damage":0,"enemies":"Large Slime","floor":13,"turns":6},{"damage":0,"enemies":"3 Louse","floor":14,"turns":1},{"damage":17,"enemies":"Slime Boss","floor":16,"turns":13},{"damage":9,"enemies":"3 Byrds","floor":18,"turns":3},{"damage":0,"enemies":"Chosen","floor":19,"turns":3},{"damage":6,"enemies":"Shelled Parasite and Fungi","floor":20,"turns":5},{"damage":0,"enemies":"Sentry and Sphere","floor":22,"turns":5},{"damage":12,"enemies":"Gremlin Leader","floor":23,"turns":4},{"damage":4,"enemies":"Centurion and Healer","floor":24,"turns":4},{"damage":0,"enemies":"Slavers","floor":27,"turns":1},{"damage":0,"enemies":"3 Cultists","floor":28,"turns":5},{"damage":17,"enemies":"Automaton","floor":33,"turns":8},{"damage":23,"enemies":"3 Darklings","floor":35,"turns":3},{"damage":0,"enemies":"Orb Walker","floor":37,"turns":2},{"damage":0,"enemies":"4 Shapes","floor":38,"turns":3},{"damage":0,"enemies":"Reptomancer","floor":40,"turns":1},{"damage":14,"enemies":"Nemesis","floor":42,"turns":5},{"damage":0,"enemies":"Mind Bloom Boss Battle","floor":44,"turns":5},{"damage":0,"enemies":"Jaw Worm Horde","floor":45,"turns":1},{"damage":0,"enemies":"Maw","floor":46,"turns":5},{"damage":0,"enemies":"Writhing Mass","floor":47,"turns":4},{"damage":14,"enemies":"Donu and Deca","floor":50,"turns":4},{"damage":16,"enemies":"Shield and Spear","floor":54,"turns":4},{"damage":43,"enemies":"The Heart","floor":55,"turns":7}],"seed_played":"3910741444741397057","potions_obtained":[{"floor":1,"key":"Poison Potion"},{"floor":4,"key":"DistilledChaos"},{"floor":10,"key":"SteroidPotion"},{"floor":11,"key":"CunningPotion"},{"floor":13,"key":"DuplicationPotion"},{"floor":14,"key":"Block Potion"},{"floor":16,"key":"AttackPotion"},{"floor":18,"key":"Explosive Potion"},{"floor":19,"key":"Fire Potion"},{"floor":20,"key":"AttackPotion"},{"floor":22,"key":"SkillPotion"},{"floor":23,"key":"Fruit Juice"},{"floor":24,"key":"LiquidBronze"},{"floor":27,"key":"Dexterity Potion"},{"floor":28,"key":"FearPotion"},{"floor":33,"key":"Ancient Potion"},{"floor":35,"key":"Regen Potion"},{"floor":37,"key":"ColorlessPotion"},{"floor":38,"key":"SmokeBomb"},{"floor":42,"key":"PowerPotion"},{"floor":44,"key":"SteroidPotion"},{"floor":45,"key":"DistilledChaos"},{"floor":46,"key":"DuplicationPotion"},{"floor":47,"key":"Poison Potion"},{"floor":54,"key":"Fire Potion"}],"is_trial":false,"path_per_floor":["M","?","?","M","$","E","?","?","T","E","M","?","M","M","R","B",null,"M","M","M","?","M","E","M","?","T","E","M","R","T","?","R","B",null,"M","$","M","M","?","E","R","E","T","?","M","M","M","$","R","B",null,"R","$","E","B",null],"character_chosen":"THE_SILENT","items_purchased":["Deadly Poison","Catalyst","Snake Skull"],"campfire_rested":3,"item_purchase_floors":[5,5,36],"current_hp_per_floor":[70,70,67,67,67,64,47,37,37,36,33,22,22,22,34,17,70,61,61,55,55,55,43,44,44,44,44,44,62,62,62,75,58,75,52,52,57,62,53,53,75,61,61,61,61,61,61,75,75,61,75,75,75,59,28],"gold":46,"neow_bonus":"BOSS_RELIC","is_daily":false,"chose_seed":false,"campfire_upgraded":2,"win_rate":0.0,"timestamp":1612236711,"path_taken":["M","?","?","M","$","E","?","?","T","E","M","?","M","M","R","BOSS","M","M","M","?","M","E","M","?","T","E","M","R","?","?","R","BOSS","M","$","M","M","?","E","R","E","T","?","?","M","M","?","R","BOSS","R","$","E","BOSS"],"items_purchased_type":["Card","Card","Relic"],"build_version":"2020-12-22","purchased_purges":2,"victory":true,"max_hp_per_floor":[70,70,70,70,70,70,70,70,70,70,70,70,70,70,70,70,70,70,70,70,70,70,70,75,75,75,75,75,75,75,75,75,75,75,75,75,75,75,75,75,75,75,75,75,75,75,75,75,75,75,75,75,75,75,75],"card_choices":[{"not_picked":["Dodge and Roll","Underhanded Strike"],"picked":"Backstab","floor":1},{"not_picked":["Leg Sweep","Sucker Punch"],"picked":"Backflip","floor":4},{"not_picked":["Dodge and Roll+1","Flying Knee"],"picked":"Deflect+1","floor":6},{"not_picked":["Die Die Die","Acrobatics+1"],"picked":"Distraction+1","floor":7},{"not_picked":["Sucker Punch","Poisoned Stab"],"picked":"Dodge and Roll+1","floor":8},{"not_picked":["Riddle With Holes","Blade Dance+1"],"picked":"Blur+1","floor":10},{"not_picked":["Sucker Punch","Slice"],"picked":"Masterful Stab","floor":11},{"not_picked":["Dagger Throw","Calculated Gamble+1"],"picked":"Blade Dance+1","floor":13},{"not_picked":["Underhanded Strike","Infinite Blades"],"picked":"Terror+1","floor":14},{"not_picked":["Night Terror+1","Wraith Form v2"],"picked":"Corpse Explosion+1","floor":16},{"not_picked":["Slice","Outmaneuver+1"],"picked":"Leg Sweep+1","floor":18},{"not_picked":["Dodge and Roll+1","Dagger Spray+1"],"picked":"Infinite Blades+1","floor":19},{"not_picked":["Tactician+1","Well Laid Plans"],"picked":"After Image","floor":20},{"not_picked":["Backflip+1","Blade Dance+1"],"picked":"Poisoned Stab","floor":22},{"not_picked":["PiercingWail+1","Dagger Throw"],"picked":"Venomology+1","floor":23},{"not_picked":["Tactician+1","Caltrops"],"picked":"Poisoned Stab","floor":24},{"not_picked":["Deflect+1","Masterful Stab+1"],"picked":"Bane","floor":27},{"not_picked":["Dodge and Roll+1","Slice+1"],"picked":"Sucker Punch+1","floor":28},{"not_picked":["Tools of the Trade","Venomology+1"],"picked":"Corpse Explosion+1","floor":33},{"not_picked":["Flying Knee+1","Prepared+1"],"picked":"Predator+1","floor":35},{"not_picked":["Dagger Spray+1","PiercingWail+1"],"picked":"Escape Plan+1","floor":37},{"not_picked":["PiercingWail+1","Deflect+1"],"picked":"Backstab","floor":38},{"not_picked":["Backflip+1","Poisoned Stab+1"],"picked":"Bouncing Flask+1","floor":42},{"not_picked":["Bane+1","Terror+1"],"picked":"Noxious Fumes","floor":44},{"not_picked":["Outmaneuver+1","Choke+1"],"picked":"Burst+1","floor":45},{"not_picked":["Well Laid Plans+1","Dagger Throw"],"picked":"Masterful Stab","floor":46},{"not_picked":["Slice","Bane"],"picked":"Prepared+1","floor":47},{"not_picked":["Wraith Form v2","Acrobatics+1"],"picked":"Footwork+1","floor":54}],"player_experience":49810,"relics_obtained":[{"floor":6,"key":"Toxic Egg 2"},{"floor":7,"key":"Odd Mushroom"},{"floor":8,"key":"White Beast Statue"},{"floor":9,"key":"Eternal Feather"},{"floor":10,"key":"Sundial"},{"floor":23,"key":"Meat on the Bone"},{"floor":27,"key":"CaptainsWheel"},{"floor":30,"key":"Bag of Preparation"},{"floor":42,"key":"MealTicket"},{"floor":43,"key":"Bronze Scales"},{"floor":44,"key":"Unceasing Top"},{"floor":54,"key":"Shuriken"}],"event_choices":[{"damage_healed":0,"gold_gain":53,"player_choice":"Gained Gold","damage_taken":0,"max_hp_gain":0,"max_hp_loss":0,"event_name":"Golden Wing","floor":2,"gold_loss":0},{"damage_healed":0,"gold_gain":0,"player_choice":"Success","damage_taken":3,"relics_obtained":["Bag of Marbles"],"max_hp_gain":0,"max_hp_loss":0,"event_name":"Scrap Ooze","floor":3,"gold_loss":0},{"damage_healed":0,"gold_gain":0,"player_choice":"Fought Mushrooms","damage_taken":0,"max_hp_gain":0,"max_hp_loss":0,"event_name":"Mushrooms","floor":7,"gold_loss":0},{"damage_healed":0,"gold_gain":0,"player_choice":"Searched \u00272\u0027 times","damage_taken":0,"max_hp_gain":0,"max_hp_loss":0,"event_name":"Dead Adventurer","floor":8,"gold_loss":0},{"damage_healed":0,"gold_gain":75,"player_choice":"Gather Gold","damage_taken":11,"max_hp_gain":0,"max_hp_loss":0,"event_name":"World of Goop","floor":12,"gold_loss":0},{"damage_healed":0,"gold_gain":0,"player_choice":"Ignored","damage_taken":0,"max_hp_gain":0,"max_hp_loss":0,"event_name":"Ghosts","floor":21,"gold_loss":0},{"cards_removed":["Strike_G"],"damage_healed":0,"gold_gain":0,"player_choice":"Elegance","damage_taken":0,"max_hp_gain":0,"max_hp_loss":0,"event_name":"Back to Basics","floor":25,"gold_loss":0},{"cards_removed":["Strike_G"],"damage_healed":0,"gold_gain":0,"player_choice":"Gave Gold","damage_taken":0,"max_hp_gain":0,"max_hp_loss":0,"event_name":"Beggar","floor":31,"gold_loss":75},{"damage_healed":0,"gold_gain":0,"player_choice":"Embrace Madness","damage_taken":9,"max_hp_gain":0,"max_hp_loss":0,"event_name":"Winding Halls","floor":39,"gold_loss":0,"cards_obtained":["Madness","Madness"]},{"damage_healed":0,"gold_gain":0,"player_choice":"Fight","damage_taken":0,"max_hp_gain":0,"max_hp_loss":0,"event_name":"MindBloom","floor":44,"gold_loss":0}],"is_beta":false,"boss_relics":[{"not_picked":["HoveringKite","Runic Dome"],"picked":"Ectoplasm"},{"not_picked":["Philosopher\u0027s Stone","Sozu"],"picked":"Fusion Hammer"}],"items_purged_floors":[5,36],"is_endless":false,"potions_floor_spawned":[1,4,10,11,13,14,16,18,19,20,22,23,24,27,28,33,35,37,38,40,42,44,45,46,47,54],"ascension_level":0}}