{"host":"zzf13dk0jcen0ncv","time":1612251425,"event":{"mods":["AchievementEnabler","BaseMod","BetterRewards","Colored Map","Keyboard Shortcuts","Minty Spire (QoL Compilation)","Quick Restart","Shop Mod","StSLib","SuperFastMode","Waifu the Spire"],"gold_per_floor":[114,131,56,70,70,82,82],"floor_reached":6,"language":"KOR","playtime":96,"items_purged":["Strike_B"],"score":122,"play_id":"aede58a6-5bb3-48b6-847b-3d9d438a7e17","local_time":"20210202163705","is_ascension_mode":true,"campfire_choices":[],"circlet_count":0,"master_deck":["AscendersBane","Strike_B","Strike_B","Defend_B","Defend_B","Defend_B","Defend_B","Zap","Dualcast","Core Surge","Turbo","Storm","Turbo","Heatsinks","Turbo","Coolheaded"],"relics":["Cracked Core","OrangePellets","Unceasing Top","Shuriken","Kunai","ClockworkSouvenir","Dream Catcher","MawBank"],"acts_visited":["Exordium"],"potions_floor_usage":[],"damage_taken":[{"damage":6,"enemies":"2 Louse","floor":1,"turns":2},{"damage":5,"enemies":"Jaw Worm","floor":2,"turns":2},{"damage":22,"enemies":"Small Slimes","floor":4,"turns":3},{"damage":6,"enemies":"Gremlin Nob","floor":6,"turns":2}],"seed_played":"-3448820953236210002","potions_obtained":[{"floor":1,"key":"SpeedPotion"},{"floor":2,"key":"SkillPotion"},{"floor":4,"key":"PowerPotion"}],"is_trial":false,"path_per_floor":["M","M","?","M","?","E"],"character_chosen":"DEFECT","items_purchased":["Core Surge","OrangePellets","Unceasing Top","Shuriken","Turbo","Kunai","Storm","Turbo","ClockworkSouvenir","Heatsinks","Turbo","Dream Catcher"],"campfire_rested":0,"item_purchase_floors":[0,0,0,0,0,0,0,0,0,0,0,0],"current_hp_per_floor":[58,53,53,31,5,0,0],"gold":82,"neow_bonus":"","is_daily":false,"chose_seed":false,"campfire_upgraded":0,"win_rate":0.0,"timestamp":1612251425,"path_taken":["M","M","?","M","?","E"],"items_purchased_type":["Card","Relic","Relic","Relic","Card","Relic","Card","Card","Relic","Card","Card","Relic"],"build_version":"2020-12-22","purchased_purges":1,"victory":false,"max_hp_per_floor":[71,71,71,71,71,71,71],"card_choices":[{"not_picked":["Aggregate","Stack"],"picked":"Coolheaded","floor":1},{"not_picked":["Compile Driver","Steam","Barrage"],"picked":"SKIP","floor":2},{"not_picked":["Gash","Lockon","Beam Cell"],"picked":"SKIP","floor":4}],"player_experience":934262,"relics_obtained":[],"event_choices":[{"cards_removed":["Strike_B"],"damage_healed":0,"gold_gain":0,"player_choice":"Card Removal","damage_taken":0,"max_hp_gain":0,"max_hp_loss":0,"event_name":"The Cleric","floor":3,"gold_loss":75},{"damage_healed":0,"gold_gain":0,"player_choice":"Success","damage_taken":26,"relics_obtained":["MawBank"],"max_hp_gain":0,"max_hp_loss":0,"event_name":"Scrap Ooze","floor":5,"gold_loss":0}],"is_beta":false,"boss_relics":[],"items_purged_floors":[0],"is_endless":false,"potions_floor_spawned":[1,2,4],"killed_by":"Gremlin Nob","ascension_level":20}}