{"host":"mw3dmj42qtkbha4b","time":1612279662,"event":{"mods":["BaseMod","Colored Map","Colored Powertips","DeckTracker","Minty Spire (QoL Compilation)","StSLib","SuperFastMode"],"gold_per_floor":[111,111,36,36,52,70,70,87,110,138,138,150,150,75,75,149,199,218,218,118,132,132,132,132,132,132],"floor_reached":25,"language":"KOR","playtime":617,"items_purged":["Strike_P","Strike_P"],"score":398,"play_id":"405eb3b3-c377-44df-be2f-0adb6712ed56","local_time":"20210203002742","is_ascension_mode":true,"campfire_choices":[{"floor":7.0,"key":"REST"},{"floor":11.0,"key":"REST"},{"floor":13.0,"key":"REST"},{"data":"Eruption","floor":15.0,"key":"SMITH"},{"data":"DevaForm","floor":24.0,"key":"SMITH"}],"circlet_count":0,"master_deck":["AscendersBane","Strike_P","Defend_P+1","Eruption+1","Vigilance","Indignation","BattleHymn","DevaForm+1","MentalFortress"],"relics":["PureWater","Strawberry","Tiny House","Letter Opener"],"acts_visited":["Exordium","TheCity"],"potions_floor_usage":[],"damage_taken":[{"damage":4.0,"enemies":"Jaw Worm","floor":1.0,"turns":3.0},{"damage":10.0,"enemies":"2 Louse","floor":5.0,"turns":4.0},{"damage":0.0,"enemies":"Cultist","floor":6.0,"turns":2.0},{"damage":31.0,"enemies":"Large Slime","floor":8.0,"turns":3.0},{"damage":16.0,"enemies":"Gremlin Nob","floor":10.0,"turns":3.0},{"damage":16.0,"enemies":"Blue Slaver","floor":12.0,"turns":2.0},{"damage":14.0,"enemies":"The Guardian","floor":16.0,"turns":7.0},{"damage":25.0,"enemies":"Spheric Guardian","floor":18.0,"turns":4.0},{"damage":24.0,"enemies":"Shell Parasite","floor":21.0,"turns":4.0},{"damage":39,"enemies":"Slavers","floor":25,"turns":2}],"seed_played":"-8500042836891917474","potions_obtained":[{"floor":6.0,"key":"FearPotion"},{"floor":8.0,"key":"CultistPotion"},{"floor":12.0,"key":"Strength Potion"},{"floor":17.0,"key":"LiquidBronze"},{"floor":18.0,"key":"Swift Potion"}],"is_trial":false,"path_per_floor":["M","$","?","?","M","M","R","M","T","E","R","M","R","$","R","B",null,"M","?","$","M","?","?","R","E"],"character_chosen":"WATCHER","items_purchased":[],"campfire_rested":3,"item_purchase_floors":[],"current_hp_per_floor":[39,39,39,39,29,29,49,18,18,9,31,15,37,37,37,23,67,42,42,42,18,34,34,34,0,0],"gold":132,"neow_bonus":"REMOVE_TWO","is_daily":false,"chose_seed":false,"campfire_upgraded":2,"win_rate":0.0,"timestamp":1612279662,"path_taken":["M","$","?","?","M","M","R","M","T","E","R","M","R","$","R","BOSS","M","?","$","?","?","?","R","E"],"items_purchased_type":[],"build_version":"2020-12-22","purchased_purges":2,"victory":false,"max_hp_per_floor":[68,68,68,68,68,68,68,68,68,75,75,75,75,75,75,75,80,80,80,80,80,80,80,80,80,80],"card_choices":[{"not_picked":["BowlingBash","ForeignInfluence","Weave"],"picked":"SKIP","floor":1.0},{"not_picked":["Pray","Halt","EmptyMind"],"picked":"SKIP","floor":5.0},{"not_picked":["FlurryOfBlows","SandsOfTime"],"picked":"Indignation","floor":6.0},{"not_picked":["Tantrum","Fasting2","FollowUp"],"picked":"SKIP","floor":8.0},{"not_picked":["Crescendo","Sanctity","Scrawl"],"picked":"SKIP","floor":10.0},{"not_picked":["WaveOfTheHand","EmptyMind"],"picked":"BattleHymn","floor":12.0},{"not_picked":["DeusExMachina","MasterReality"],"picked":"DevaForm","floor":16.0},{"not_picked":["Wireheading","EmptyFist","JustLucky"],"picked":"SKIP","floor":18.0},{"not_picked":["BattleHymn","Vengeance","Evaluate"],"picked":"SKIP","floor":21.0}],"player_experience":1786483,"relics_obtained":[{"floor":10.0,"key":"Strawberry"}],"event_choices":[{"cards_removed":["Strike_P"],"damage_healed":0.0,"max_hp_gain":0.0,"max_hp_loss":0.0,"gold_gain":0.0,"event_name":"The Cleric","player_choice":"Card Removal","floor":3.0,"gold_loss":75.0,"damage_taken":0.0},{"damage_healed":0.0,"max_hp_gain":0.0,"max_hp_loss":0.0,"gold_gain":0.0,"event_name":"Scrap Ooze","player_choice":"Fled","floor":4.0,"gold_loss":0.0,"damage_taken":0.0},{"damage_healed":0.0,"max_hp_gain":0.0,"max_hp_loss":0.0,"gold_gain":0.0,"cards_transformed":["Defend_P"],"event_name":"Transmorgrifier","player_choice":"Transformed","floor":19.0,"gold_loss":0.0,"damage_taken":0.0,"cards_obtained":["MentalFortress"]},{"damage_healed":16.0,"max_hp_gain":0.0,"max_hp_loss":0.0,"gold_gain":0.0,"event_name":"The Library","player_choice":"Heal","floor":22.0,"gold_loss":0.0,"damage_taken":0.0},{"damage_healed":0.0,"max_hp_gain":0.0,"max_hp_loss":0.0,"gold_gain":0.0,"event_name":"WeMeetAgain","player_choice":"Gave Potion","floor":23.0,"gold_loss":0.0,"damage_taken":0.0,"relics_obtained":["Letter Opener"]}],"is_beta":false,"boss_relics":[{"not_picked":["Philosopher\u0027s Stone","Velvet Choker"],"picked":"Tiny House"}],"items_purged_floors":[14,20],"is_endless":false,"potions_floor_spawned":[6,8,12,18],"killed_by":"Slavers","ascension_level":20}}