{"host":"bxn2em57qlx5u4i0","time":1612236993,"event":{"mods":["BaseMod","Colored Map","Colored Powertips","Highlight Path","Minty Spire (QoL Compilation)","Random Character Button","Relic Sorter","Relic Stats","StSLib","SuperFastMode"],"gold_per_floor":[109,126,126,126,126,126,158,158,183,195,214,243,7,17,17,90,90,109,109,119,19,51,51,51,80,80,99,125,125,152,165,165,239,239,253,253,43,57,57,91,101,135,135,180,180,180,198,227,227,227,227,227,227,2,34,34],"floor_reached":57,"language":"ENG","playtime":1691,"items_purged":["Strike_G","Strike_G+1"],"score":3662,"play_id":"3fb1632c-ae7a-4478-9f5e-07f0ab3f20a1","local_time":"20210201223633","is_ascension_mode":true,"campfire_choices":[{"data":"Poisoned Stab","floor":6.0,"key":"SMITH"},{"data":"Corpse Explosion","floor":8.0,"key":"SMITH"},{"data":"Footwork","floor":15.0,"key":"SMITH"},{"data":"Catalyst","floor":23,"key":"SMITH"},{"data":"Burst","floor":29,"key":"SMITH"},{"data":"Wraith Form v2","floor":32,"key":"SMITH"},{"data":"Burst","floor":45,"key":"SMITH"},{"floor":49,"key":"RECALL"},{"data":"Catalyst","floor":53,"key":"SMITH"}],"circlet_count":0,"master_deck":["AscendersBane","Strike_G+1","Strike_G+1","Strike_G+1","Defend_G+1","Defend_G+1","Defend_G+1","Defend_G+1","Defend_G+1","Survivor","Neutralize","Catalyst+1","Poisoned Stab+1","Corpse Explosion+1","Footwork+1","Corpse Explosion+1","Escape Plan+1","Wraith Form v2+1","Dodge and Roll","Backflip","Calculated Gamble","Catalyst+1","Ghostly","Ghostly","Ghostly","PiercingWail","Burst+1","Backflip","Blur","Burst+1","Backflip","Venomology","Escape Plan","Footwork","Finesse","Purity","Blur","Backflip","Escape Plan+1","Night Terror","Catalyst+1","Blur"],"relics":["Ring of the Snake","NeowsBlessing","Strawberry","Boot","Art of War","Prayer Wheel","Happy Flower","Coffee Dripper","Red Mask","Potion Belt","MealTicket","Ancient Tea Set","Tiny Chest","Black Star","TwistedFunnel","Centennial Puzzle","Bronze Scales","Blood Vial","Bag of Preparation","Mummified Hand","Turnip","Torii","Vajra","The Courier","Lee\u0027s Waffle","Snake Skull","War Paint"],"acts_visited":["Exordium","TheCity","TheBeyond","TheEnding"],"potions_floor_usage":[25,48,51,56,56,56,56,56,56],"damage_taken":[{"damage":0.0,"enemies":"Small Slimes","floor":1.0,"turns":1.0},{"damage":0.0,"enemies":"Jaw Worm","floor":2.0,"turns":1.0},{"damage":0.0,"enemies":"Gremlin Nob","floor":7.0,"turns":1.0},{"damage":1.0,"enemies":"Cultist","floor":10.0,"turns":3.0},{"damage":3.0,"enemies":"3 Louse","floor":11.0,"turns":2.0},{"damage":22.0,"enemies":"3 Sentries","floor":12.0,"turns":4.0},{"damage":9.0,"enemies":"Looter","floor":14.0,"turns":3.0},{"damage":0.0,"enemies":"The Guardian","floor":16.0,"turns":6.0},{"damage":0.0,"enemies":"Chosen","floor":18.0,"turns":3.0},{"damage":3,"enemies":"Shell Parasite","floor":20,"turns":4},{"damage":0,"enemies":"Masked Bandits","floor":22,"turns":2},{"damage":0,"enemies":"Gremlin Leader","floor":25,"turns":4},{"damage":0,"enemies":"Sentry and Sphere","floor":27,"turns":4},{"damage":0,"enemies":"Book of Stabbing","floor":28,"turns":5},{"damage":0,"enemies":"Gremlin Leader","floor":30,"turns":7},{"damage":0,"enemies":"Snake Plant","floor":31,"turns":3},{"damage":0,"enemies":"Champ","floor":33,"turns":5},{"damage":0,"enemies":"3 Shapes","floor":35,"turns":3},{"damage":0,"enemies":"3 Darklings","floor":38,"turns":5},{"damage":0,"enemies":"Reptomancer","floor":40,"turns":6},{"damage":0,"enemies":"4 Shapes","floor":41,"turns":4},{"damage":0,"enemies":"Giant Head","floor":42,"turns":8},{"damage":3,"enemies":"2 Orb Walkers","floor":44,"turns":2},{"damage":1,"enemies":"Spire Growth","floor":47,"turns":3},{"damage":2,"enemies":"Nemesis","floor":48,"turns":3},{"damage":0,"enemies":"Time Eater","floor":50,"turns":4},{"damage":1,"enemies":"Awakened One","floor":51,"turns":19},{"damage":0,"enemies":"Shield and Spear","floor":55,"turns":6},{"damage":28,"enemies":"The Heart","floor":56,"turns":5}],"seed_played":"2465211107461041852","potions_obtained":[{"floor":7.0,"key":"Regen Potion"},{"floor":11.0,"key":"Dexterity Potion"},{"floor":12.0,"key":"FearPotion"},{"floor":14.0,"key":"Swift Potion"},{"floor":16.0,"key":"Dexterity Potion"},{"floor":25,"key":"Dexterity Potion"},{"floor":27,"key":"Poison Potion"},{"floor":28,"key":"LiquidBronze"}],"is_trial":false,"path_per_floor":["M","M","?","?","T","R","E","R","T","M","M","E","$","M","R","B",null,"M","?","M","$","?","R","?","E","T","M","E","R","E","M","R","B",null,"M","?","$","M","?","E","M","E","T","?","R","T","M","E","R","B","B",null,"R","$","E","B",null],"character_chosen":"THE_SILENT","items_purchased":["Happy Flower","TwistedFunnel","Blur","Lee\u0027s Waffle","Poison Potion","Poison Potion"],"campfire_rested":0,"item_purchase_floors":[13,37,37,54,54,54],"current_hp_per_floor":[59,59,59,40,40,40,40,40,40,39,36,28,28,19,19,19,60,60,60,57,57,57,57,36,36,36,36,36,36,36,36,36,36,36,36,26,36,36,34,34,34,34,34,31,31,31,32,32,32,34,33,34,34,41,41,13],"gold":34,"neow_bonus":"THREE_ENEMY_KILL","is_daily":false,"chose_seed":false,"campfire_upgraded":8,"win_rate":0.0,"timestamp":1612236993,"path_taken":["M","M","?","?","?","R","E","R","T","M","?","E","$","M","R","BOSS","M","?","M","$","?","R","?","E","T","M","E","R","E","M","R","BOSS","M","?","$","M","?","E","M","E","T","?","R","?","M","E","R","BOSS","BOSS","R","$","E","BOSS"],"items_purchased_type":["Relic","Relic","Card","Relic","Potion","Potion"],"build_version":"2020-12-22","purchased_purges":2,"victory":true,"max_hp_per_floor":[66,66,66,73,73,73,73,73,73,73,73,73,73,73,73,73,73,73,73,73,73,73,73,36,36,36,36,36,36,36,36,36,36,36,36,36,36,36,34,34,34,34,34,34,34,34,34,34,34,34,34,34,34,41,41,41],"relic_stats":{"Lee\u0027s Waffle":7,"Happy Flower":[38],"Torii":22,"counters":[29,126],"Snake Skull":[6],"Bag of Preparation":[14],"War Paint":["Escape Plan","Corpse Explosion"],"Boot":[19],"Blood Vial":6,"Centennial Puzzle":[15],"Mummified Hand":[9],"Bronze Scales":[246],"Prayer Wheel":10,"MealTicket":10,"Tiny Chest":1,"Turnip":[3],"Art of War":[68],"Black Star":4,"obtain_stats":[{"TwistedFunnel":37,"Torii":46,"Vajra":48,"Snake Skull":55,"Bag of Preparation":42,"Boot":7,"Ancient Tea Set":28,"Blood Vial":42,"Centennial Puzzle":40,"Mummified Hand":43,"Strawberry":4,"Prayer Wheel":12,"MealTicket":26,"Tiny Chest":30,"Red Mask":22,"Ring of the Snake":0,"Potion Belt":25,"Lee\u0027s Waffle":54,"NeowsBlessing":0,"Happy Flower":13,"The Courier":48,"War Paint":55,"Bronze Scales":40,"Turnip":44,"Art of War":9,"Coffee Dripper":17,"Black Star":34},{"TwistedFunnel":18,"Torii":23,"Vajra":25,"Snake Skull":28,"Bag of Preparation":22,"Boot":3,"Ancient Tea Set":14,"Blood Vial":22,"Centennial Puzzle":20,"Mummified Hand":22,"Strawberry":2,"Prayer Wheel":6,"MealTicket":12,"Tiny Chest":15,"Red Mask":11,"Ring of the Snake":0,"Potion Belt":12,"Lee\u0027s Waffle":27,"NeowsBlessing":0,"Happy Flower":6,"The Courier":25,"War Paint":28,"Bronze Scales":20,"Turnip":23,"Art of War":3,"Coffee Dripper":8,"Black Star":17},{"TwistedFunnel":61,"Torii":86,"Vajra":92,"Snake Skull":121,"Bag of Preparation":84,"Boot":3,"Ancient Tea Set":43,"Blood Vial":84,"Centennial Puzzle":72,"Mummified Hand":84,"Strawberry":2,"Prayer Wheel":12,"MealTicket":34,"Tiny Chest":50,"Red Mask":30,"Ring of the Snake":0,"Potion Belt":34,"Lee\u0027s Waffle":115,"NeowsBlessing":0,"Happy Flower":12,"The Courier":92,"War Paint":121,"Bronze Scales":72,"Turnip":86,"Art of War":3,"Coffee Dripper":21,"Black Star":58}],"Ring of the Snake":[58]},"card_choices":[{"not_picked":["Blade Dance","Underhanded Strike"],"picked":"Catalyst","floor":1.0},{"not_picked":["Bane","All Out Attack"],"picked":"Poisoned Stab","floor":2.0},{"not_picked":["Flechettes","Dash"],"picked":"Corpse Explosion","floor":7.0},{"not_picked":["Cloak And Dagger","Acrobatics"],"picked":"Footwork","floor":10.0},{"not_picked":["Bane","Skewer","Deflect"],"picked":"SKIP","floor":11.0},{"not_picked":["Deadly Poison","Dagger Spray"],"picked":"Corpse Explosion","floor":12.0},{"not_picked":["Sucker Punch","Bane"],"picked":"Escape Plan","floor":14.0},{"not_picked":["Quick Slash","Sucker Punch","Cloak And Dagger"],"picked":"SKIP","floor":14.0},{"not_picked":["Adrenaline","Unload"],"picked":"Wraith Form v2","floor":16.0},{"not_picked":["Heel Hook+1","Poisoned Stab"],"picked":"Dodge and Roll","floor":18},{"not_picked":["Flying Knee","Setup","Cloak And Dagger+1"],"picked":"SKIP","floor":18},{"not_picked":["Poisoned Stab","Die Die Die"],"picked":"Backflip","floor":20},{"not_picked":["Leg Sweep","Flying Knee"],"picked":"Calculated Gamble","floor":20},{"not_picked":["PiercingWail","Dagger Spray+1"],"picked":"Catalyst","floor":22},{"not_picked":["Outmaneuver+1","Dagger Throw"],"picked":"PiercingWail","floor":25},{"not_picked":["Deadly Poison","Sucker Punch"],"picked":"Burst","floor":27},{"not_picked":["Backstab","Tactician"],"picked":"Backflip","floor":27},{"not_picked":["Reflex","Flechettes"],"picked":"Blur","floor":28},{"not_picked":["Flying Knee+1","Sucker Punch"],"picked":"Burst","floor":30},{"not_picked":["Dagger Spray","Footwork"],"picked":"Backflip","floor":31},{"not_picked":["PiercingWail","Underhanded Strike","Dodge and Roll"],"picked":"SKIP","floor":31},{"not_picked":["Corpse Explosion","Phantasmal Killer"],"picked":"Venomology","floor":33},{"not_picked":["Underhanded Strike","Slice+1"],"picked":"Escape Plan","floor":35},{"not_picked":["Finisher","Heel Hook"],"picked":"Footwork","floor":35},{"not_picked":["Madness","Flash of Steel"],"picked":"Finesse","floor":36},{"not_picked":["Good Instincts","Deep Breath"],"picked":"Purity","floor":36},{"not_picked":["Footwork","Dagger Spray"],"picked":"Backflip","floor":38},{"not_picked":["Deflect","Predator","Prepared"],"picked":"SKIP","floor":38},{"not_picked":["Heel Hook+1","Corpse Explosion","Backflip+1"],"picked":"SKIP","floor":40},{"not_picked":["PiercingWail+1","Backstab"],"picked":"Escape Plan+1","floor":41},{"not_picked":["Flechettes","Tactician","Slice"],"picked":"SKIP","floor":41},{"not_picked":["Choke","Quick Slash","Cloak And Dagger"],"picked":"SKIP","floor":42},{"not_picked":["Poisoned Stab","Footwork+1"],"picked":"Night Terror","floor":47},{"not_picked":["Expertise","Acrobatics","Cloak And Dagger+1"],"picked":"SKIP","floor":47},{"not_picked":["Quick Slash+1","Setup"],"picked":"Catalyst","floor":48},{"not_picked":["Sucker Punch","Underhanded Strike+1"],"picked":"Blur","floor":55}],"player_experience":2985841,"relics_obtained":[{"floor":7.0,"key":"Boot"},{"floor":9.0,"key":"Art of War"},{"floor":12.0,"key":"Prayer Wheel"},{"floor":22,"key":"Red Mask"},{"floor":25,"key":"Potion Belt"},{"floor":26,"key":"MealTicket"},{"floor":28,"key":"Ancient Tea Set"},{"floor":30,"key":"Tiny Chest"},{"floor":40,"key":"Centennial Puzzle"},{"floor":40,"key":"Bronze Scales"},{"floor":42,"key":"Blood Vial"},{"floor":42,"key":"Bag of Preparation"},{"floor":43,"key":"Mummified Hand"},{"floor":44,"key":"Turnip"},{"floor":46,"key":"Torii"},{"floor":48,"key":"Vajra"},{"floor":48,"key":"The Courier"},{"floor":55,"key":"Snake Skull"},{"floor":55,"key":"War Paint"}],"event_choices":[{"damage_healed":0.0,"max_hp_gain":0.0,"max_hp_loss":0.0,"gold_gain":0.0,"event_name":"Living Wall","player_choice":"Grow","floor":3.0,"gold_loss":0.0,"damage_taken":0.0,"cards_upgraded":["Catalyst"]},{"damage_healed":0.0,"max_hp_gain":0.0,"max_hp_loss":0.0,"gold_gain":0.0,"event_name":"Scrap Ooze","player_choice":"Success","floor":4.0,"gold_loss":0.0,"damage_taken":26.0,"relics_obtained":["Strawberry"]},{"damage_healed":0,"gold_gain":0,"player_choice":"Simplicity","damage_taken":0,"max_hp_gain":0,"max_hp_loss":0,"event_name":"Back to Basics","floor":19,"gold_loss":0,"cards_upgraded":["Strike_G","Strike_G","Strike_G","Strike_G","Defend_G","Defend_G","Defend_G","Defend_G","Defend_G"]},{"damage_healed":0,"gold_gain":0,"player_choice":"Fought Bandits","damage_taken":0,"max_hp_gain":0,"max_hp_loss":0,"event_name":"Masked Bandits","floor":22,"gold_loss":0},{"damage_healed":0,"gold_gain":0,"player_choice":"Became a Ghost","damage_taken":0,"max_hp_gain":0,"max_hp_loss":37,"event_name":"Ghosts","floor":24,"gold_loss":0,"cards_obtained":["Ghostly","Ghostly","Ghostly"]},{"damage_healed":0,"gold_gain":0,"player_choice":"Memory 3","damage_taken":10,"max_hp_gain":0,"max_hp_loss":0,"event_name":"SensoryStone","floor":36,"gold_loss":0},{"damage_healed":0,"gold_gain":0,"player_choice":"Max HP","damage_taken":0,"max_hp_gain":0,"max_hp_loss":2,"event_name":"Winding Halls","floor":39,"gold_loss":0},{"damage_healed":0,"gold_gain":0,"player_choice":"Fight","damage_taken":0,"max_hp_gain":0,"max_hp_loss":0,"event_name":"Mysterious Sphere","floor":44,"gold_loss":0}],"is_beta":false,"boss_relics":[{"not_picked":["WristBlade","Tiny House"],"picked":"Coffee Dripper"},{"not_picked":["Busted Crown","Empty Cage"],"picked":"Black Star"}],"items_purged_floors":[13,21],"is_endless":false,"potions_floor_spawned":[7,11,12,14,16,22,25,27,28,35,41,44,55],"ascension_level":20}}