{"host":"yqveedbda5h7irme","time":1612309375,"event":{"mods":["AchievementEnabler","Aspiration","BaseMod","BetterRewards","Colored Powertips","Conspire","Downfall","GifTheSpireLib","Hermit","Hubris","Infinite Spire","Marked Mod","Minty Spire (QoL Compilation)","Reliquary","Replay The Spire","StSLib","Stuff the Spire","The Death Knight","The Hierophant","The Jungle","The Necromancer","The Servant 0.9.4"],"gold_per_floor":[99,118,133,133,133,133,133,133,163,182,211,661,661,696,713,713,713],"floor_reached":16,"language":"ENG","playtime":665,"items_purged":[],"score":118,"play_id":"ff3b5938-604c-4e63-8a5d-a8d122541f22","local_time":"20210203004255","is_ascension_mode":false,"campfire_choices":[{"data":"DeathKnight:RuneTap","floor":1,"key":"SMITH"},{"data":"DeathKnight:RuneStrike","floor":6,"key":"SMITH"},{"floor":8,"key":"RECALL"},{"floor":13,"key":"REST"}],"circlet_count":0,"master_deck":["DeathKnight:Strike_DeathKnight","DeathKnight:Strike_DeathKnight","DeathKnight:Strike_DeathKnight","DeathKnight:Strike_DeathKnight","DeathKnight:Strike_DeathKnight","DeathKnight:Defend_DeathKnight","DeathKnight:Defend_DeathKnight","DeathKnight:Defend_DeathKnight","DeathKnight:Defend_DeathKnight","DeathKnight:Defend_DeathKnight","DeathKnight:RuneTap+1","DeathKnight:RuneStrike+1","DeathKnight:Rot","DeathKnight:Culling+1","DeathKnight:FesteringStrike","DeathKnight:Hysteria","DeathKnight:BloodPact","downfall:Icky","downfall:Icky","downfall:Icky","DeathKnight:ReapingStrike","DeathKnight:Lichborne"],"relics":["DeathKnight:BrokenRuneblade","DeathKnight:CorpseWagon","downfall:BrokenWingStatue","DeathKnight:LanathelsBloodyNail","Mercury Hourglass","Toy Ornithopter","Dream Catcher"],"acts_visited":["Exordium"],"potions_floor_usage":[],"damage_taken":[{"damage":5,"enemies":"conspire:RoseBush","floor":2,"turns":3},{"damage":5,"enemies":"2 Louse","floor":3,"turns":3},{"damage":17,"enemies":"Gremlin Nob","floor":9,"turns":4},{"damage":8,"enemies":"Jaw Worm","floor":10,"turns":3},{"damage":35,"enemies":"3 Sentries","floor":11,"turns":7},{"damage":20,"enemies":"Gremlin Nob","floor":14,"turns":4},{"damage":6,"enemies":"Lots of Slimes","floor":15,"turns":3},{"damage":1,"enemies":"SI_SHIV_ARCHETYPE","floor":16,"turns":1}],"seed_played":"-1419231407569620967","potions_obtained":[{"floor":2,"key":"bronze:BurnAndBuffPotion"},{"floor":11,"key":"Milkshake"},{"floor":14,"key":"Swift Potion"},{"floor":15,"key":"DeathKnight:PlagueVial"}],"is_trial":false,"path_per_floor":["R","M","M","?","?","R","T","R","E","M","E","?","R","E","M","B"],"character_chosen":"DEATH_KNIGHT","items_purchased":[],"campfire_rested":1,"item_purchase_floors":[],"current_hp_per_floor":[75,70,65,65,65,65,65,65,48,40,5,5,27,7,1,0,0],"gold":713,"neow_bonus":"RANDOM_COMMON_RELIC","is_daily":false,"chose_seed":false,"campfire_upgraded":2,"win_rate":0.0,"timestamp":1612309375,"path_taken":["R","M","M","?","?","R","T","R","E","M","E","?","R","E","M","BOSS"],"items_purchased_type":[],"build_version":"2020-12-22","purchased_purges":0,"victory":false,"max_hp_per_floor":[75,75,75,75,75,75,75,75,75,75,75,75,75,75,75,75,75],"card_choices":[{"not_picked":["DeathKnight:UnholyFrenzy","DeathKnight:Ossuary"],"picked":"DeathKnight:Rot","floor":2},{"not_picked":["DeathKnight:BloodTap","DeathKnight:MutagenicPlague"],"picked":"DeathKnight:Culling","floor":3},{"not_picked":["DeathKnight:Hemostasis","DeathKnight:Ossuary"],"picked":"DeathKnight:FesteringStrike","floor":9},{"not_picked":["DeathKnight:UnholyFrenzy","DeathKnight:UnholyPresence"],"picked":"DeathKnight:Hysteria","floor":10},{"not_picked":["DeathKnight:UnholyExperiment","DeathKnight:AntiMagicShell"],"picked":"DeathKnight:BloodPact","floor":11},{"not_picked":["DeathKnight:Ossuary","DeathKnight:HornOfWinter"],"picked":"DeathKnight:ReapingStrike","floor":14},{"not_picked":["DeathKnight:BloodStrike","DeathKnight:Runeguard"],"picked":"DeathKnight:Lichborne","floor":15}],"player_experience":186425,"relics_obtained":[{"floor":7,"key":"DeathKnight:LanathelsBloodyNail"},{"floor":9,"key":"Mercury Hourglass"},{"floor":11,"key":"Toy Ornithopter"},{"floor":14,"key":"Dream Catcher"}],"event_choices":[],"is_beta":false,"boss_relics":[],"items_purged_floors":[],"is_endless":false,"potions_floor_spawned":[2,11,14,15],"killed_by":"SI_SHIV_ARCHETYPE","ascension_level":0}}