{"host":"l5zfpd2l2htson6l","time":1612254642,"event":{"mods":["AchievementEnabler","BaseMod","Colored Map","Colored Powertips","Minty Spire (QoL Compilation)","Permanent Neow","Quick Restart","Rare Cards Sparkle","Relic Stats","SuperFastMode"],"gold_per_floor":[110,123,273,40,40,40,51,81,81,107,107,107,120,138,138,215,215,226,236,236,236,236,267,267,300,300,300,327,327,354,34,34,108,108,124,140,165,180,192,192,222,250,313,325,363,375,405,445,457,469,481,493,5,36,36,36],"floor_reached":55,"language":"ENG","playtime":5270,"items_purged":["Doubt","Defend_R"],"score":1624,"play_id":"ba379e0e-75cd-4044-ad47-b4556fdaf8e3","local_time":"20210202003042","is_ascension_mode":true,"campfire_choices":[{"data":"Pummel","floor":6.0,"key":"SMITH"},{"data":"Bash","floor":12.0,"key":"SMITH"},{"data":"Carnage","floor":15.0,"key":"SMITH"},{"floor":24.0,"key":"REST"},{"floor":27.0,"key":"REST"},{"floor":29.0,"key":"RECALL"},{"floor":32.0,"key":"REST"},{"floor":40,"key":"REST"},{"floor":49,"key":"REST"},{"floor":52,"key":"REST"}],"circlet_count":0,"master_deck":["AscendersBane","Strike_R","Strike_R+1","Strike_R","Strike_R","Strike_R+1","Defend_R","Defend_R","Defend_R","Bash+1","Clothesline","Pummel+1","Evolve","Flame Barrier","Carnage+1","Demon Form","Disarm","Sword Boomerang","Ghostly Armor","Battle Trance","Rage","Twin Strike+1","Feed","Shockwave","Fiend Fire","Disarm","Blood for Blood","Heavy Blade+1","Master of Strategy"],"relics":["Burning Blood","Mango","Akabeko","Spirit Poop","White Beast Statue","Vajra","Question Card","FaceOfCleric","Fusion Hammer","Blood Vial","Strawberry","Shuriken","Whetstone","PreservedInsect","Lantern","SacredBark","Magic Flower","MawBank","MealTicket","Bottled Tornado","Bottled Lightning","Sundial"],"acts_visited":["Exordium","TheCity","TheBeyond","TheEnding"],"potions_floor_usage":[33,35,38,45,50,50,55],"damage_taken":[{"damage":2.0,"enemies":"Cultist","floor":1.0,"turns":4.0},{"damage":18.0,"enemies":"Small Slimes","floor":2.0,"turns":6.0},{"damage":0.0,"enemies":"Jaw Worm","floor":7.0,"turns":2.0},{"damage":20.0,"enemies":"Lagavulin","floor":8.0,"turns":6.0},{"damage":8.0,"enemies":"Gremlin Nob","floor":10.0,"turns":3.0},{"damage":12.0,"enemies":"Large Slime","floor":13.0,"turns":3.0},{"damage":6.0,"enemies":"Looter","floor":14.0,"turns":2.0},{"damage":9.0,"enemies":"Slime Boss","floor":16.0,"turns":8.0},{"damage":3.0,"enemies":"Chosen","floor":18.0,"turns":4.0},{"damage":26.0,"enemies":"2 Thieves","floor":19.0,"turns":4.0},{"damage":44.0,"enemies":"Book of Stabbing","floor":23.0,"turns":5.0},{"damage":39.0,"enemies":"Slavers","floor":25.0,"turns":7.0},{"damage":6.0,"enemies":"Book of Stabbing","floor":28.0,"turns":3.0},{"damage":54.0,"enemies":"Gremlin Leader","floor":30.0,"turns":7.0},{"damage":56,"enemies":"Automaton","floor":33,"turns":8},{"damage":5,"enemies":"3 Shapes","floor":35,"turns":4},{"damage":0,"enemies":"Orb Walker","floor":36,"turns":3},{"damage":45,"enemies":"Mind Bloom Boss Battle","floor":37,"turns":8},{"damage":41,"enemies":"Transient","floor":38,"turns":6},{"damage":32,"enemies":"Jaw Worm Horde","floor":39,"turns":4},{"damage":54,"enemies":"Nemesis","floor":41,"turns":7},{"damage":40,"enemies":"3 Darklings","floor":42,"turns":8},{"damage":160,"enemies":"Reptomancer","floor":45,"turns":11},{"damage":38,"enemies":"4 Shapes","floor":47,"turns":10},{"damage":35,"enemies":"Nemesis","floor":48,"turns":7},{"damage":72,"enemies":"Time Eater","floor":50,"turns":9},{"damage":102,"enemies":"Shield and Spear","floor":54,"turns":6},{"damage":58,"enemies":"The Heart","floor":55,"turns":6}],"seed_played":"5556297280747359988","potions_obtained":[{"floor":1.0,"key":"SteroidPotion"},{"floor":2.0,"key":"PowerPotion"},{"floor":10.0,"key":"SteroidPotion"},{"floor":16.0,"key":"BloodPotion"},{"floor":18.0,"key":"Fruit Juice"},{"floor":19.0,"key":"Swift Potion"},{"floor":23.0,"key":"AttackPotion"},{"floor":25.0,"key":"FearPotion"},{"floor":28.0,"key":"FairyPotion"},{"floor":30.0,"key":"SmokeBomb"},{"floor":33,"key":"BloodPotion"},{"floor":35,"key":"BloodPotion"},{"floor":38,"key":"DistilledChaos"},{"floor":45,"key":"ElixirPotion"},{"floor":47,"key":"DistilledChaos"},{"floor":48,"key":"SpeedPotion"},{"floor":54,"key":"Block Potion"}],"is_trial":false,"path_per_floor":["M","M","?","$","?","R","M","E","T","E","?","R","M","M","R","B",null,"M","M","?","?","?","E","R","E","T","R","E","R","E","$","R","B",null,"M","M","?","M","M","R","E","M","T","?","E","$","M","E","R","B",null,"R","$","E","B"],"character_chosen":"IRONCLAD","items_purchased":["Akabeko","Lantern","Dexterity Potion","Bottled Lightning","Master of Strategy"],"campfire_rested":6,"item_purchase_floors":[4,31,31,53,53],"current_hp_per_floor":[86,74,74,74,74,74,80,66,66,64,64,64,59,60,60,58,84,88,74,44,44,44,27,58,35,35,68,71,71,26,26,60,13,90,120,121,86,109,96,130,92,71,71,71,61,76,57,36,79,21,114,145,145,54,0,0],"gold":36,"neow_bonus":"ONE_RARE_RELIC","is_daily":false,"chose_seed":false,"campfire_upgraded":3,"win_rate":0.0,"timestamp":1612254642,"path_taken":["M","M","?","$","?","R","?","E","T","E","?","R","M","?","R","BOSS","M","M","?","?","?","E","R","E","T","R","E","R","E","$","R","BOSS","M","M","?","M","M","R","E","M","T","?","E","$","M","E","R","BOSS","R","$","E","BOSS"],"items_purchased_type":["Relic","Relic","Potion","Relic","Card"],"build_version":"2020-12-22","purchased_purges":2,"victory":false,"max_hp_per_floor":[89,89,89,89,89,89,89,89,89,89,89,89,90,91,91,92,92,93,99,104,104,104,105,105,113,113,113,114,114,115,115,115,116,116,120,121,125,126,130,130,134,138,138,138,139,139,143,144,144,145,145,145,145,146,146,146],"relic_stats":{"counters":[28,161],"Magic Flower":[93],"PreservedInsect":238,"Whetstone":["Strike_R","Strike_R"],"Question Card":21,"MawBank":144,"Burning Blood":183,"Blood Vial":34,"FaceOfCleric":22,"Shuriken":[30],"Sundial":[0],"MealTicket":15,"obtain_stats":[{"Lantern":31,"SacredBark":34,"Spirit Poop":5,"Vajra":9,"Magic Flower":37,"Mango":0,"PreservedInsect":30,"Whetstone":28,"Bottled Tornado":48,"Question Card":10,"MawBank":41,"Burning Blood":0,"Akabeko":4,"White Beast Statue":8,"Blood Vial":23,"FaceOfCleric":11,"Shuriken":26,"Sundial":54,"Strawberry":25,"MealTicket":45,"Fusion Hammer":17,"Bottled Lightning":53},{"Lantern":14,"SacredBark":15,"Spirit Poop":2,"Vajra":4,"Magic Flower":18,"Mango":0,"PreservedInsect":14,"Whetstone":13,"Bottled Tornado":25,"Question Card":5,"MawBank":21,"Burning Blood":0,"Akabeko":2,"White Beast Statue":4,"Blood Vial":11,"FaceOfCleric":5,"Shuriken":12,"Sundial":27,"Strawberry":12,"MealTicket":23,"Fusion Hammer":8,"Bottled Lightning":26},{"Lantern":64,"SacredBark":72,"Spirit Poop":10,"Vajra":18,"Magic Flower":87,"Mango":0,"PreservedInsect":64,"Whetstone":57,"Bottled Tornado":140,"Question Card":21,"MawBank":104,"Burning Blood":0,"Akabeko":10,"White Beast Statue":18,"Blood Vial":47,"FaceOfCleric":21,"Shuriken":54,"Sundial":155,"Strawberry":54,"MealTicket":123,"Fusion Hammer":34,"Bottled Lightning":149}]},"card_choices":[{"not_picked":["True Grit","Wild Strike"],"picked":"Clothesline","floor":1.0},{"not_picked":["Shrug It Off","True Grit"],"picked":"Pummel","floor":2.0},{"not_picked":["Dual Wield","Reckless Charge","True Grit"],"picked":"SKIP","floor":7.0},{"not_picked":["Heavy Blade","True Grit","Reckless Charge"],"picked":"SKIP","floor":8.0},{"not_picked":["Sentinel","Sword Boomerang"],"picked":"Evolve","floor":10.0},{"not_picked":["Wild Strike","Clothesline","Cleave"],"picked":"Flame Barrier","floor":13.0},{"not_picked":["Body Slam","Inflame","Iron Wave"],"picked":"Carnage","floor":14.0},{"not_picked":["Brutality","Barricade","Offering"],"picked":"Demon Form","floor":16.0},{"not_picked":["Sever Soul","Dual Wield","Perfected Strike"],"picked":"Disarm","floor":18.0},{"not_picked":["Bloodletting","True Grit","Iron Wave"],"picked":"Sword Boomerang","floor":19.0},{"not_picked":["Pommel Strike","Havoc","Fiend Fire"],"picked":"Battle Trance","floor":23.0},{"not_picked":["Havoc","Rupture","Sword Boomerang"],"picked":"Rage","floor":25.0},{"not_picked":["Wild Strike","Headbutt","Power Through","True Grit"],"picked":"SKIP","floor":28.0},{"not_picked":["Juggernaut","Power Through+1","Thunderclap"],"picked":"Twin Strike+1","floor":30.0},{"not_picked":["Offering","Juggernaut","Demon Form"],"picked":"Feed","floor":33},{"not_picked":["Body Slam","Cleave","Seeing Red","Pommel Strike"],"picked":"SKIP","floor":35},{"not_picked":["Twin Strike","Havoc","Heavy Blade"],"picked":"Shockwave","floor":36},{"not_picked":["Entrench","Armaments","Pummel"],"picked":"Fiend Fire","floor":37},{"not_picked":["Spot Weakness","Reckless Charge","Pommel Strike"],"picked":"Disarm","floor":38},{"not_picked":["Ghostly Armor","Warcry","Perfected Strike+1"],"picked":"Blood for Blood","floor":39},{"not_picked":["Anger+1","Perfected Strike","Pommel Strike"],"picked":"Heavy Blade+1","floor":41},{"not_picked":["Infernal Blade+1","Heavy Blade","Headbutt","True Grit+1"],"picked":"SKIP","floor":42},{"not_picked":["Armaments","Fire Breathing","True Grit","Entrench"],"picked":"SKIP","floor":45},{"not_picked":["Barricade","Heavy Blade","Combust+1","Cleave"],"picked":"SKIP","floor":47},{"not_picked":["Shrug It Off","Clash+1","Fire Breathing","Rampage"],"picked":"SKIP","floor":48},{"not_picked":["Bloodletting","Hemokinesis+1","Rampage","Body Slam"],"picked":"SKIP","floor":54}],"player_experience":838380,"relics_obtained":[{"floor":8.0,"key":"White Beast Statue"},{"floor":9.0,"key":"Vajra"},{"floor":10.0,"key":"Question Card"},{"floor":23.0,"key":"Blood Vial"},{"floor":25.0,"key":"Strawberry"},{"floor":26.0,"key":"Shuriken"},{"floor":28.0,"key":"Whetstone"},{"floor":30.0,"key":"PreservedInsect"},{"floor":37,"key":"Magic Flower"},{"floor":41,"key":"MawBank"},{"floor":45,"key":"MealTicket"},{"floor":48,"key":"Bottled Tornado"},{"floor":54,"key":"Sundial"}],"event_choices":[{"damage_healed":0.0,"max_hp_gain":0.0,"max_hp_loss":0.0,"gold_gain":150.0,"event_name":"Liars Game","player_choice":"AGREE","floor":3.0,"gold_loss":0.0,"damage_taken":0.0,"cards_obtained":["Doubt"]},{"cards_removed":["Normality"],"damage_healed":0.0,"max_hp_gain":0.0,"max_hp_loss":0.0,"gold_gain":0.0,"event_name":"Bonfire Elementals","player_choice":"Offered Curse","floor":5.0,"gold_loss":0.0,"damage_taken":0.0,"relics_obtained":["Spirit Poop"]},{"damage_healed":0.0,"max_hp_gain":0.0,"max_hp_loss":0.0,"gold_gain":0.0,"event_name":"FaceTrader","player_choice":"Trade","floor":11.0,"gold_loss":0.0,"damage_taken":0.0,"relics_obtained":["FaceOfCleric"]},{"damage_healed":0.0,"max_hp_gain":5.0,"max_hp_loss":0.0,"gold_gain":0.0,"event_name":"Forgotten Altar","player_choice":"Shed Blood","floor":20.0,"gold_loss":0.0,"damage_taken":35.0},{"damage_healed":0.0,"max_hp_gain":0.0,"max_hp_loss":0.0,"gold_gain":0.0,"event_name":"The Library","player_choice":"Read","floor":21.0,"gold_loss":0.0,"damage_taken":0.0,"cards_obtained":["Ghostly Armor"]},{"damage_healed":0.0,"max_hp_gain":0.0,"max_hp_loss":0.0,"gold_gain":0.0,"event_name":"Ghosts","player_choice":"Ignored","floor":22.0,"gold_loss":0.0,"damage_taken":0.0},{"damage_healed":0,"gold_gain":0,"player_choice":"Fight","damage_taken":0,"max_hp_gain":0,"max_hp_loss":0,"event_name":"MindBloom","floor":37,"gold_loss":0},{"damage_healed":0,"gold_gain":0,"player_choice":"Ignored","damage_taken":0,"max_hp_gain":0,"max_hp_loss":0,"event_name":"SecretPortal","floor":44,"gold_loss":0}],"is_beta":false,"boss_relics":[{"not_picked":["Astrolabe","Sozu"],"picked":"Fusion Hammer"},{"not_picked":["Coffee Dripper","Empty Cage"],"picked":"SacredBark"}],"items_purged_floors":[4,31],"is_endless":false,"potions_floor_spawned":[1,2,10,13,14,16,18,19,23,25,28,30,33,35,36,37,38,39,41,42,45,47,48,54],"killed_by":"The Heart","ascension_level":18}}