{"host":"knspyp6dy614fx6e","time":1612242032,"event":{"mods":["ATMod(°¢èªMod)","Aspiration","BaseMod","Better Altar","Better Skull","Better Third Choice","Card Filter","DeckTracker","Dota2Spire","Energized Spire","Jedi Mod","Minty Spire (QoL Compilation)","Quick Restart","Relic Filter Mod","Relic Stats","Reliquary","Shop Mod","Spicy Shops","StSLib","TestMod","Waifu the Spire","¡¾ÒÅÎï¿¨ÅÆ¡¿REMEMod"],"gold_per_floor":[19,19,32,48,62,62,79,104,104,104,78,104,115,125,125,230,230,240,240,640,151,151,186,198,198,251,268,295,310,328,361,361,465,465,485,535,535,585,604,604,629,629,629,681,182,212,231,266,266,266,266,266,2,30,30],"floor_reached":56,"language":"ZHS","playtime":2258,"items_purged":["Injury","Strike_P","Strike_P+1","Strike_P+1"],"score":1992,"play_id":"06ca5cbd-d5d6-4188-b813-2e747be32eff","local_time":"20210202130032","is_ascension_mode":true,"campfire_choices":[{"data":"Eruption","floor":6.0,"key":"SMITH"},{"floor":15.0,"key":"REST"},{"data":"Adaptation","floor":25.0,"key":"SMITH"},{"floor":32.0,"key":"REST"},{"floor":40.0,"key":"REST"},{"floor":42.0,"key":"REST"},{"floor":49,"key":"RECALL"},{"data":"REME_FirmDetermination","floor":52,"key":"SMITH"}],"circlet_count":0,"master_deck":["Defend_P","Defend_P","Eruption+1","Vigilance","ClearTheMind+1","Adaptation+1","ForeignInfluence","Crescendo","AT_OneInchPunch+1","AT_ChampionStep","Conclude+1","Establishment+1","Ragnarok+1","FlurryOfBlows+1","Fasting2","Consecrate+1","TalkToTheHand+1","Evaluate+1","Wish+1","Halt","LessonLearned+1","CurseOfTheBell","Indignation+1","jedi:forcepull+1","REME_FirmDetermination+1","testmod-Collector+1","Prostrate+1","Wireheading+1","MentalFortress"],"relics":["PureWater","AT_ATBox","testmod-TestBox","REME_ComplimentaryCards","reliquary:BallBearing","betterThird:SlimedRelic","StrikeDummy","energizedSpire:OgreHead","Bottled Tornado","Lantern","Thread and Needle","Dota2Spire:MonkeyKingBar","PreservedInsect","Dota2Spire:ShivaGuard","reliquary:Dhvaja","testmod-Brilliant","Bag of Marbles","Bottled Lightning","MerchantsRug","testmod-FatalChain","reliquary:TridentHead","testmod-CasingShield","Dota2Spire:EchoSabre","Art of War"],"acts_visited":["Exordium","TheCity","TheBeyond","TheEnding"],"potions_floor_usage":[48,48,55,55,55],"damage_taken":[{"damage":2.0,"enemies":"Small Slimes","floor":1.0,"turns":3.0},{"damage":0.0,"enemies":"Cultist","floor":3.0,"turns":2.0},{"damage":2.0,"enemies":"2 Louse","floor":4.0,"turns":3.0},{"damage":0.0,"enemies":"Exordium Wildlife","floor":5.0,"turns":2.0},{"damage":19.0,"enemies":"Exordium Thugs","floor":7.0,"turns":4.0},{"damage":0.0,"enemies":"Lagavulin","floor":8.0,"turns":3.0},{"damage":13.0,"enemies":"Gremlin Nob","floor":12.0,"turns":3.0},{"damage":8.0,"enemies":"Blue Slaver","floor":13.0,"turns":2.0},{"damage":0.0,"enemies":"Looter","floor":14.0,"turns":1.0},{"damage":0.0,"enemies":"Slime Boss","floor":16.0,"turns":3.0},{"damage":0.0,"enemies":"Spheric Guardian","floor":18.0,"turns":1.0},{"damage":14.0,"enemies":"Book of Stabbing","floor":23.0,"turns":3.0},{"damage":17.0,"enemies":"2 Thieves","floor":24.0,"turns":2.0},{"damage":0.0,"enemies":"Centurion and Healer","floor":27.0,"turns":2.0},{"damage":12.0,"enemies":"Gremlin Leader","floor":28.0,"turns":3.0},{"damage":16.0,"enemies":"Snake Plant","floor":29.0,"turns":3.0},{"damage":0.0,"enemies":"3 Cultists","floor":30.0,"turns":2.0},{"damage":0.0,"enemies":"Book of Stabbing","floor":31.0,"turns":3.0},{"damage":6.0,"enemies":"Collector","floor":33.0,"turns":3.0},{"damage":0.0,"enemies":"3 Darklings","floor":35.0,"turns":1.0},{"damage":12.0,"enemies":"Mind Bloom Boss Battle","floor":36.0,"turns":5.0},{"damage":28.0,"enemies":"2 Orb Walkers","floor":38.0,"turns":5.0},{"damage":0.0,"enemies":"Orb Walker","floor":39.0,"turns":2.0},{"damage":0.0,"enemies":"Nemesis","floor":41.0,"turns":3.0},{"damage":0.0,"enemies":"Reptomancer","floor":46.0,"turns":2.0},{"damage":1.0,"enemies":"Maw","floor":47.0,"turns":5.0},{"damage":0,"enemies":"Nemesis","floor":48,"turns":3},{"damage":20,"enemies":"Awakened One","floor":50,"turns":5},{"damage":0,"enemies":"Shield and Spear","floor":54,"turns":4},{"damage":6,"enemies":"The Heart","floor":55,"turns":6}],"seed_played":"-789779137631981395","potions_obtained":[{"floor":3.0,"key":"LiquidMemories"},{"floor":7.0,"key":"Regen Potion"},{"floor":12.0,"key":"Energy Potion"},{"floor":13.0,"key":"LiquidMemories"},{"floor":16.0,"key":"LiquidMemories"},{"floor":24.0,"key":"SpeedPotion"},{"floor":27.0,"key":"GamblersBrew"},{"floor":31.0,"key":"BottledMiracle"},{"floor":38.0,"key":"jedi:tentaclejuice"},{"floor":46.0,"key":"BlessingOfTheForge"},{"floor":47,"key":"Swift Potion"},{"floor":48,"key":"Fruit Juice"},{"floor":54,"key":"Dexterity Potion"}],"is_trial":false,"path_per_floor":["M","?","M","M","M","R","M","E","T","?","?","E","M","M","R","B",null,"M","?","?","$","?","E","M","R","T","M","E","M","M","E","R","B",null,"M","?","?","?","M","R","E","R","T","T","$","E","M","E","R","B",null,"R","$","E","B",null],"character_chosen":"WATCHER","items_purchased":["Bottled Tornado","Fasting2","Consecrate+1","Bottled Lightning","MerchantsRug","reliquary:Buckler","testmod-CasingShield","MentalFortress","Dota2Spire:EchoSabre"],"campfire_rested":4,"item_purchase_floors":[21,21,21,45,45,45,53,53,53],"current_hp_per_floor":[63,63,63,61,61,61,42,42,42,42,31,18,10,10,31,31,62,62,62,62,62,62,48,31,31,31,31,28,12,12,12,33,27,61,61,49,39,11,11,32,32,53,53,53,53,53,52,57,57,37,67,67,67,67,61],"gold":30,"neow_bonus":"REMOVE_TWO","is_daily":false,"chose_seed":false,"campfire_upgraded":3,"win_rate":0.0,"timestamp":1612242032,"path_taken":["M","?","M","M","M","R","?","E","T","?","?","E","M","?","R","BOSS","M","?","?","$","?","E","M","R","T","M","E","M","M","E","R","BOSS","M","?","?","?","M","R","E","R","T","?","$","E","M","E","R","BOSS","R","$","E","BOSS"],"items_purchased_type":["Relic","Card","Card","Relic","Relic","Relic","Relic","Card","Relic"],"build_version":"2020-12-22","purchased_purges":4,"victory":true,"max_hp_per_floor":[72,72,72,72,72,72,72,72,72,72,72,72,72,72,72,72,72,72,72,72,72,72,72,72,72,72,72,72,72,72,72,72,72,72,72,72,72,72,72,72,72,72,72,72,72,72,72,77,77,77,77,77,77,77,77],"relic_stats":{"counters":[30,89],"PreservedInsect":219,"Art of War":[1],"obtain_stats":[{"Dota2Spire:EchoSabre":53,"Lantern":26,"AT_ATBox":0,"Whetstone":23,"Bottled Tornado":21,"Smiling Mask":8,"testmod-CasingShield":53,"reliquary:Dhvaja":36,"testmod-Brilliant":38,"reliquary:TridentHead":48,"reliquary:Buckler":45,"Toxic Egg 2":34,"MerchantsRug":45,"testmod-TestBox":0,"Blue Candle":41,"testmod-FatalChain":46,"Thread and Needle":28,"Dota2Spire:ShivaGuard":34,"PreservedInsect":34,"energizedSpire:OgreHead":17,"Calling Bell":34,"betterThird:SlimedRelic":11,"MutagenicStrength":19,"Molten Egg 2":10,"reliquary:BallBearing":9,"Bag of Marbles":44,"Art of War":54,"Bottled Lightning":45,"PureWater":0,"StrikeDummy":12,"Dota2Spire:MonkeyKingBar":31,"REME_ComplimentaryCards":0},{"Dota2Spire:EchoSabre":28,"Lantern":13,"AT_ATBox":0,"Whetstone":12,"Bottled Tornado":11,"Smiling Mask":6,"testmod-CasingShield":28,"reliquary:Dhvaja":21,"testmod-Brilliant":22,"reliquary:TridentHead":27,"reliquary:Buckler":24,"Toxic Egg 2":19,"MerchantsRug":24,"testmod-TestBox":0,"Blue Candle":24,"testmod-FatalChain":25,"Thread and Needle":15,"Dota2Spire:ShivaGuard":19,"PreservedInsect":19,"energizedSpire:OgreHead":10,"Calling Bell":19,"betterThird:SlimedRelic":6,"MutagenicStrength":11,"Molten Egg 2":6,"reliquary:BallBearing":6,"Bag of Marbles":24,"Art of War":29,"Bottled Lightning":24,"PureWater":0,"StrikeDummy":7,"Dota2Spire:MonkeyKingBar":18,"REME_ComplimentaryCards":0},{"Dota2Spire:EchoSabre":79,"Lantern":32,"AT_ATBox":0,"Whetstone":30,"Bottled Tornado":27,"Smiling Mask":17,"testmod-CasingShield":79,"reliquary:Dhvaja":54,"testmod-Brilliant":59,"reliquary:TridentHead":74,"reliquary:Buckler":64,"Toxic Egg 2":48,"MerchantsRug":64,"testmod-TestBox":0,"Blue Candle":64,"testmod-FatalChain":66,"Thread and Needle":37,"Dota2Spire:ShivaGuard":48,"PreservedInsect":48,"energizedSpire:OgreHead":26,"Calling Bell":48,"betterThird:SlimedRelic":17,"MutagenicStrength":27,"Molten Egg 2":17,"reliquary:BallBearing":17,"Bag of Marbles":64,"Art of War":83,"Bottled Lightning":64,"PureWater":0,"StrikeDummy":20,"Dota2Spire:MonkeyKingBar":45,"REME_ComplimentaryCards":0}]},"card_choices":[{"not_picked":["FlurryOfBlows","SashWhip"],"picked":"ClearTheMind","floor":1.0},{"not_picked":["InnerPeace","Evaluate"],"picked":"Adaptation","floor":3.0},{"not_picked":["EmptyFist","Weave"],"picked":"ForeignInfluence","floor":4.0},{"not_picked":["REME_Repentance","Worship"],"picked":"Crescendo","floor":5.0},{"not_picked":["REME_Repentance","MentalFortress"],"picked":"AT_OneInchPunch","floor":7.0},{"not_picked":["Sanctity","WindmillStrike"],"picked":"AT_ChampionStep","floor":8.0},{"not_picked":["EmptyBody","ClearTheMind"],"picked":"Conclude+1","floor":12.0},{"not_picked":["Prostrate","Crescendo","JustLucky+1"],"picked":"SKIP","floor":13.0},{"not_picked":["SandsOfTime+1","Protect"],"picked":"Establishment","floor":14.0},{"not_picked":["Omniscience","Devotion"],"picked":"Ragnarok+1","floor":16.0},{"not_picked":["WreathOfFlame","CutThroughFate+1"],"picked":"FlurryOfBlows+1","floor":18.0},{"not_picked":["Prostrate+1","InnerPeace","ThirdEye"],"picked":"SKIP","floor":23.0},{"not_picked":["FollowUp+1","AT_RealFormLess","EmptyFist+1"],"picked":"SKIP","floor":24.0},{"not_picked":["ReachHeaven+1","Crescendo+1","Fasting2"],"picked":"SKIP","floor":27.0},{"not_picked":["JustLucky+1","Conclude+1","Study"],"picked":"SKIP","floor":28.0},{"not_picked":["Tantrum+1","AT_DivineConfetti"],"picked":"Evaluate","floor":29.0},{"not_picked":["ThirdEye","AT_RealFormLess"],"picked":"Wish","floor":30.0},{"not_picked":["WindmillStrike+1","Meditate"],"picked":"Halt","floor":31.0},{"not_picked":["ConjureBlade","Vault"],"picked":"LessonLearned+1","floor":33.0},{"not_picked":["FollowUp+1","ClearTheMind+1","Nirvana+1"],"picked":"SKIP","floor":35.0},{"not_picked":["CrushJoints+1","BattleHymn"],"picked":"Indignation+1","floor":36.0},{"not_picked":["testmod-SubstituteBySubterfuge+1","AT_CelerityRune"],"picked":"jedi:forcepull+1","floor":37.0},{"not_picked":["AT_TearsDenial+1","Mind Blast+1"],"picked":"REME_FirmDetermination","floor":37.0},{"not_picked":["Panacea+1","testmod-WeaknessCounterattack+1"],"picked":"testmod-Collector+1","floor":37.0},{"not_picked":["AT_OneInchPunch+1","Pray+1"],"picked":"Prostrate+1","floor":38.0},{"not_picked":["EmptyFist+1","PathToVictory+1","BattleHymn"],"picked":"SKIP","floor":39.0},{"not_picked":["WaveOfTheHand+1","Evaluate+1","Protect+1"],"picked":"SKIP","floor":41.0},{"not_picked":["Nirvana","FollowUp+1","Evaluate+1"],"picked":"SKIP","floor":46.0},{"not_picked":["Consecrate+1","EmptyBody+1"],"picked":"Wireheading+1","floor":47},{"not_picked":["ForeignInfluence+1","SashWhip+1","BowlingBash+1"],"picked":"SKIP","floor":48},{"not_picked":["Consecrate","Crescendo+1","Evaluate"],"picked":"SKIP","floor":54}],"player_experience":297207,"relics_obtained":[{"floor":8.0,"key":"Smiling Mask"},{"floor":9.0,"key":"reliquary:BallBearing"},{"floor":12.0,"key":"StrikeDummy"},{"floor":23.0,"key":"Whetstone"},{"floor":26.0,"key":"Lantern"},{"floor":28.0,"key":"Thread and Needle"},{"floor":31.0,"key":"Dota2Spire:MonkeyKingBar"},{"floor":34.0,"key":"PreservedInsect"},{"floor":34.0,"key":"Toxic Egg 2"},{"floor":34.0,"key":"Dota2Spire:ShivaGuard"},{"floor":36.0,"key":"reliquary:Dhvaja"},{"floor":38.0,"key":"testmod-Brilliant"},{"floor":41.0,"key":"Blue Candle"},{"floor":44.0,"key":"Bag of Marbles"},{"floor":46.0,"key":"testmod-FatalChain"},{"floor":48,"key":"reliquary:TridentHead"},{"floor":54,"key":"Art of War"}],"event_choices":[{"cards_removed":["Defend_P"],"damage_healed":0.0,"max_hp_gain":0.0,"max_hp_loss":0.0,"gold_gain":0.0,"event_name":"Bonfire Elementals","player_choice":"Offered Basic","floor":2.0,"gold_loss":0.0,"damage_taken":0.0},{"damage_healed":0.0,"max_hp_gain":0.0,"max_hp_loss":0.0,"gold_gain":0.0,"event_name":"betterThird:BetterGoop","player_choice":"Slimed","floor":11.0,"gold_loss":26.0,"damage_taken":11.0},{"damage_healed":0.0,"max_hp_gain":0.0,"max_hp_loss":0.0,"gold_gain":0.0,"event_name":"Drug Dealer","player_choice":"Inject Mutagens","floor":19.0,"gold_loss":0.0,"damage_taken":0.0,"relics_obtained":["MutagenicStrength"]},{"damage_healed":0.0,"max_hp_gain":0.0,"max_hp_loss":0.0,"gold_gain":400.0,"event_name":"¶÷ÂåË¹µÄÅÌ×Ó","player_choice":"Sell","floor":20.0,"relics_lost":["MutagenicStrength"],"gold_loss":0.0,"damage_taken":0.0},{"damage_healed":0.0,"max_hp_gain":0.0,"max_hp_loss":0.0,"gold_gain":0.0,"event_name":"The Library","player_choice":"Read","floor":22.0,"gold_loss":0.0,"damage_taken":0.0,"cards_obtained":["TalkToTheHand"]},{"damage_healed":0.0,"max_hp_gain":0.0,"max_hp_loss":0.0,"gold_gain":0.0,"event_name":"MindBloom","player_choice":"Fight","floor":36.0,"gold_loss":0.0,"damage_taken":0.0},{"damage_healed":0.0,"max_hp_gain":0.0,"max_hp_loss":0.0,"gold_gain":0.0,"event_name":"SensoryStone","player_choice":"Memory 3","floor":37.0,"gold_loss":0.0,"damage_taken":10.0},{"damage_healed":0.0,"max_hp_gain":0.0,"max_hp_loss":0.0,"gold_gain":0.0,"event_name":"Mysterious Sphere","player_choice":"Fight","floor":38.0,"gold_loss":0.0,"damage_taken":0.0}],"is_beta":false,"boss_relics":[{"not_picked":["Velvet Choker","aspiration:DefectSkillbook"],"picked":"energizedSpire:OgreHead"},{"not_picked":["Black Star","jedi:battlestandard"],"picked":"Calling Bell"}],"items_purged_floors":[21,21,45,53],"is_endless":false,"potions_floor_spawned":[3,7,12,13,16,24,27,31,38,46,47,48,54],"ascension_level":6}}