{"host":"qrt7o4dq2qslzw13","time":1612224809,"event":{"mods":["AchievementEnabler","BaseMod","Colored Map","Colored Powertips","Minty Spire (QoL Compilation)","Quick Restart","StSLib","SuperFastMode"],"gold_per_floor":[10,26,26,26,41,56,56,133,133,133,143,143,72,92,92,194,194,209,209,227,239,239,239,239,2,75,75,88,107,107,117,117,117,117],"floor_reached":33,"language":"ENG","playtime":744,"items_purged":[],"score":341,"play_id":"d0bd07b6-aeaa-4e9b-b2e6-cc675792b402","local_time":"20210201191329","is_ascension_mode":false,"campfire_choices":[{"data":"Deadly Poison","floor":7.0,"key":"SMITH"},{"data":"Neutralize","floor":10.0,"key":"SMITH"},{"data":"Bane","floor":12.0,"key":"SMITH"},{"data":"Survivor","floor":15.0,"key":"SMITH"},{"data":"Tactician","floor":23.0,"key":"SMITH"},{"data":"Reflex","floor":27,"key":"SMITH"},{"floor":30,"key":"REST"},{"floor":32,"key":"REST"}],"circlet_count":0,"master_deck":["Strike_G","Strike_G","Strike_G","Strike_G","Defend_G","Defend_G","Defend_G","Defend_G","Defend_G","Survivor+1","Neutralize+1","Underhanded Strike+1","Outmaneuver","Acrobatics","Deadly Poison+1","Bane+1","Reflex+1","Poisoned Stab","Corpse Explosion","Sucker Punch+1","Shame","Skewer","Deadly Poison+1","Tactician+1","Footwork","Catalyst","Acrobatics","Underhanded Strike"],"relics":["Ring of the Snake","HoveringKite","Blue Candle","Art of War","The Courier"],"acts_visited":["Exordium","TheCity"],"potions_floor_usage":[24,28,33],"damage_taken":[{"damage":3.0,"enemies":"Jaw Worm","floor":1.0,"turns":5.0},{"damage":0.0,"enemies":"Small Slimes","floor":2.0,"turns":2.0},{"damage":1.0,"enemies":"Cultist","floor":5.0,"turns":4.0},{"damage":2.0,"enemies":"Looter","floor":6.0,"turns":3.0},{"damage":7.0,"enemies":"Exordium Thugs","floor":11.0,"turns":6.0},{"damage":0.0,"enemies":"2 Fungi Beasts","floor":14.0,"turns":4.0},{"damage":26.0,"enemies":"The Guardian","floor":16.0,"turns":9.0},{"damage":24.0,"enemies":"Spheric Guardian","floor":18.0,"turns":6.0},{"damage":5.0,"enemies":"3 Byrds","floor":20.0,"turns":3.0},{"damage":0.0,"enemies":"3 Cultists","floor":21.0,"turns":3.0},{"damage":0,"enemies":"Snake Plant","floor":24,"turns":1},{"damage":4,"enemies":"Centurion and Healer","floor":28,"turns":5},{"damage":50,"enemies":"Sentry and Sphere","floor":29,"turns":6},{"damage":17,"enemies":"Snake Plant","floor":31,"turns":4},{"damage":65,"enemies":"Automaton","floor":33,"turns":8}],"seed_played":"6543333595817932736","potions_obtained":[{"floor":6.0,"key":"FairyPotion"},{"floor":11.0,"key":"Weak Potion"},{"floor":14.0,"key":"Explosive Potion"},{"floor":20.0,"key":"SmokeBomb"},{"floor":21.0,"key":"Regen Potion"},{"floor":31,"key":"Regen Potion"}],"is_trial":false,"path_per_floor":["M","M","?","$","M","M","R","?","T","R","M","R","$","M","R","B",null,"M","?","M","M","?","R","M","$","T","R","M","M","R","M","R","B"],"character_chosen":"THE_SILENT","items_purchased":["Reflex","Footwork","Art of War"],"campfire_rested":2,"item_purchase_floors":[13,25,25],"current_hp_per_floor":[67,67,67,67,66,64,64,64,64,64,57,57,57,57,57,31,70,46,46,41,41,41,41,41,41,41,41,49,21,42,25,46,0,0],"gold":117,"neow_bonus":"RANDOM_COLORLESS_2","is_daily":false,"chose_seed":false,"campfire_upgraded":6,"win_rate":0.0,"timestamp":1612224809,"path_taken":["M","M","?","$","M","M","R","?","T","R","M","R","$","M","R","BOSS","M","?","M","M","?","R","M","$","T","R","?","M","R","M","R","BOSS"],"items_purchased_type":["Card","Card","Relic"],"build_version":"2020-12-22","purchased_purges":0,"victory":false,"max_hp_per_floor":[70,70,70,70,70,70,70,70,70,70,70,70,70,70,70,70,70,70,70,70,70,70,70,70,70,70,70,70,70,70,70,70,70,70],"card_choices":[{"not_picked":["Violence","Chrysalis"],"picked":"HandOfGreed","floor":0.0},{"not_picked":["Dagger Spray","Slice"],"picked":"Underhanded Strike","floor":1.0},{"not_picked":["Sucker Punch","Blade Dance"],"picked":"Outmaneuver","floor":2.0},{"not_picked":["Endless Agony","Infinite Blades"],"picked":"Acrobatics","floor":5.0},{"not_picked":["Accuracy","Cloak And Dagger"],"picked":"Deadly Poison","floor":6.0},{"not_picked":["Underhanded Strike","Slice"],"picked":"Bane","floor":11.0},{"not_picked":["PiercingWail","Prepared"],"picked":"Poisoned Stab","floor":14.0},{"not_picked":["Malaise","A Thousand Cuts"],"picked":"Corpse Explosion","floor":16.0},{"not_picked":["Cloak And Dagger","Reflex+1"],"picked":"Sucker Punch+1","floor":18.0},{"not_picked":["Tactician","Endless Agony"],"picked":"Skewer","floor":20.0},{"not_picked":["Deflect","Prepared"],"picked":"Deadly Poison+1","floor":21.0},{"not_picked":["Masterful Stab","Backflip"],"picked":"Catalyst","floor":28},{"not_picked":["Poisoned Stab","Backflip+1"],"picked":"Acrobatics","floor":29},{"not_picked":["Underhanded Strike","Acrobatics","Quick Slash"],"picked":"SKIP","floor":31},{"not_picked":["Acrobatics","Quick Slash"],"picked":"Underhanded Strike","floor":31}],"player_experience":612652,"relics_obtained":[{"floor":26,"key":"The Courier"}],"event_choices":[{"damage_healed":0.0,"max_hp_gain":0.0,"max_hp_loss":0.0,"gold_gain":0.0,"event_name":"Living Wall","player_choice":"Grow","floor":3.0,"gold_loss":0.0,"damage_taken":0.0,"cards_upgraded":["Underhanded Strike"]},{"damage_healed":0.0,"max_hp_gain":0.0,"max_hp_loss":0.0,"gold_gain":77.0,"event_name":"Golden Wing","player_choice":"Gained Gold","floor":8.0,"gold_loss":0.0,"damage_taken":0.0},{"damage_healed":0.0,"max_hp_gain":0.0,"max_hp_loss":0.0,"gold_gain":0.0,"event_name":"Addict","player_choice":"Stole Relic","floor":19.0,"gold_loss":0.0,"damage_taken":0.0,"relics_obtained":["Blue Candle"],"cards_obtained":["Shame"]},{"damage_healed":0.0,"max_hp_gain":0.0,"max_hp_loss":0.0,"gold_gain":0.0,"cards_transformed":["Strike_G"],"event_name":"Transmorgrifier","player_choice":"Transformed","floor":22.0,"gold_loss":0.0,"damage_taken":0.0,"cards_obtained":["Tactician"]}],"is_beta":false,"boss_relics":[{"not_picked":["Runic Dome","Sozu"],"picked":"HoveringKite"}],"items_purged_floors":[],"is_endless":false,"potions_floor_spawned":[6,11,14,20,21,31],"killed_by":"Automaton","ascension_level":0}}