{"host":"yans4pr1zf0lm9bx","time":1612280873,"event":{"mods":["AchievementEnabler","BaseMod","Downfall","Minty Spire (QoL Compilation)","StSLib","SuperFastMode","slay the spire mod where everything is the same but ironclad has a cowboy hat"],"gold_per_floor":[0,11,11,11,23,23,23,33,33,45,45,73,85,117,130,235,235,135,149,167,177,16,16,16,16,16,28,48,48,48,77,77,77,77],"floor_reached":32,"language":"ENG","playtime":2768,"items_purged":[],"score":322,"play_id":"cf6258be-1deb-4529-b934-26e84e3d851b","local_time":"20210202104753","is_ascension_mode":false,"campfire_choices":[{"data":"champ:FlashCut","floor":1,"key":"SMITH"},{"data":"champ:MurderStrike","floor":9,"key":"SMITH"},{"data":"champ:StanceDance","floor":18,"key":"SMITH"},{"data":"champ:Endure","floor":23,"key":"SMITH"},{"data":"champ:Taunt","floor":26,"key":"SMITH"},{"data":"champ:AdrenalArmor","floor":30,"key":"SMITH"}],"circlet_count":0,"master_deck":["champ:Defend","champ:Defend","champ:Defend","champ:Execute","champ:Taunt+1","champ:FaceSlap","champ:FlashCut+1","champ:GutPunch","champ:StanceDance+1","champ:MurderStrike+1","champ:PreciseThrust","champ:CrownThrow","champ:AdrenalArmor","champ:CrownThrow","champ:FlashCut","champ:Devastate","champ:Endure+1","champ:BerserkersShout+1","champ:SkillfulDodge","champ:Duel","champ:ArenaPreparation+1","champ:RisingSlash+1","champ:AdrenalArmor+1","champ:AdrenalArmor","champ:GutPunch","champ:DeathBlow","champ:IronFortress+1"],"relics":["champ:ChampionCrown","Ice Cream","Darkstone Periapt","MealTicket","Empty Cage","downfall:HeartBlessingGreen","Orrery","HornCleat","Enchiridion","Anchor"],"acts_visited":["Exordium","TheCity"],"potions_floor_usage":[11,14,14,14,14,16,21,31,32,32],"damage_taken":[{"damage":10,"enemies":"2 Louse","floor":2,"turns":3},{"damage":10,"enemies":"Small Slimes","floor":5,"turns":2},{"damage":20,"enemies":"Cultist","floor":8,"turns":3},{"damage":21,"enemies":"Lots of Slimes","floor":10,"turns":5},{"damage":37,"enemies":"3 Sentries","floor":12,"turns":7},{"damage":0,"enemies":"Red Slaver","floor":13,"turns":3},{"damage":23,"enemies":"Gremlin Nob","floor":14,"turns":3},{"damage":27,"enemies":"Blue Slaver","floor":15,"turns":3},{"damage":70,"enemies":"SI_SHIV_ARCHETYPE","floor":16,"turns":8},{"damage":40,"enemies":"Shell Parasite","floor":19,"turns":6},{"damage":19,"enemies":"Cultist and Chosen","floor":20,"turns":6},{"damage":31,"enemies":"Centurion and Healer","floor":21,"turns":5},{"damage":40,"enemies":"downfall:FleeingMerchant","floor":22,"turns":4},{"damage":45,"enemies":"Snecko","floor":27,"turns":4},{"damage":50,"enemies":"Snake Plant","floor":28,"turns":3},{"damage":53,"enemies":"Gremlin Leader","floor":31,"turns":6},{"damage":56,"enemies":"Sentry and Sphere","floor":32,"turns":3}],"seed_played":"2752486585940341566","potions_obtained":[{"floor":2,"key":"FearPotion"},{"floor":11,"key":"Fruit Juice"},{"floor":11,"key":"EntropicBrew"},{"floor":11,"key":"champ:OpenerPotion"},{"floor":12,"key":"ColorlessPotion"},{"floor":14,"key":"champ:CounterPotion"},{"floor":15,"key":"GamblersBrew"},{"floor":16,"key":"champ:OpenerPotion"},{"floor":21,"key":"DistilledChaos"},{"floor":27,"key":"Fire Potion"},{"floor":31,"key":"Energy Potion"}],"is_trial":false,"path_per_floor":["R","M","?","?","M","?","T","M","R","M","?","E","M","E","M","B",null,"R","M","M","M","$","R","T","?","R","M","M","?","R","E","M"],"character_chosen":"THE_CHAMP","items_purchased":["Orrery"],"campfire_rested":0,"item_purchase_floors":[22],"current_hp_per_floor":[90,90,95,98,98,98,98,98,98,87,92,80,80,72,70,40,110,110,90,86,65,70,70,70,70,70,70,70,54,54,54,0,0,0],"gold":77,"neow_bonus":"TRANSFORM_TWO_CARDS","is_daily":false,"chose_seed":false,"campfire_upgraded":6,"win_rate":0.0,"timestamp":1612280873,"path_taken":["R","M","?","?","M","?","T","?","R","M","?","E","?","E","M","BOSS","R","M","M","M","$","R","T","?","R","?","M","?","R","E","M"],"items_purchased_type":["Relic"],"build_version":"2020-12-22","purchased_purges":0,"victory":false,"max_hp_per_floor":[90,90,95,105,105,105,105,105,105,105,110,110,110,110,110,110,110,110,110,110,110,110,110,110,110,110,110,110,110,110,110,110,110,110],"card_choices":[{"not_picked":["champ:TornadoPunch","champ:RecklessLeap"],"picked":"champ:GutPunch","floor":2},{"not_picked":["champ:IronFortress","champ:BringItOn"],"picked":"champ:StanceDance","floor":5},{"not_picked":["champ:EndlessRage","champ:RecklessLeap"],"picked":"champ:MurderStrike","floor":8},{"not_picked":["champ:PreemptiveStrike","champ:TornadoPunch"],"picked":"champ:PreciseThrust","floor":10},{"not_picked":["champ:Haymaker","champ:HeartStrike"],"picked":"champ:CrownThrow","floor":12},{"not_picked":["champ:Shatter","champ:BringItOn"],"picked":"champ:AdrenalArmor","floor":13},{"not_picked":["champ:Devastate","champ:SwordThrow"],"picked":"champ:CrownThrow","floor":14},{"not_picked":["champ:RecklessLeap","champ:BladeFlurry"],"picked":"champ:FlashCut","floor":15},{"not_picked":["champ:LastStand","champ:CheapShot"],"picked":"champ:Devastate","floor":16},{"not_picked":["champ:CrownThrow+1","champ:BladeFlurry"],"picked":"champ:Endure","floor":19},{"not_picked":["champ:CrownThrow","champ:FanOfKnives+1"],"picked":"champ:BerserkersShout+1","floor":20},{"not_picked":["champ:EndlessRage","champ:CheapShot"],"picked":"champ:SkillfulDodge","floor":21},{"not_picked":["champ:RisingSlash","champ:Parry"],"picked":"champ:Duel","floor":22},{"not_picked":["champ:FaceSlap+1","champ:Shatter"],"picked":"champ:ArenaPreparation+1","floor":22},{"not_picked":["champ:Parry","champ:TornadoPunch"],"picked":"champ:RisingSlash+1","floor":22},{"not_picked":["champ:Parry","champ:FanOfKnives"],"picked":"champ:AdrenalArmor","floor":22},{"not_picked":["champ:FanOfKnives","champ:PreemptiveStrike"],"picked":"champ:AdrenalArmor","floor":22},{"not_picked":["champ:Parry","champ:IronFortress+1"],"picked":"champ:GutPunch","floor":22},{"not_picked":["champ:RecklessLeap","champ:BladeFlurry+1"],"picked":"champ:DeathBlow","floor":27},{"not_picked":["champ:Haymaker","champ:HeartStrike","champ:StanceDance"],"picked":"SKIP","floor":28},{"not_picked":["champ:AdrenalArmor","champ:FanOfKnives"],"picked":"champ:IronFortress+1","floor":31}],"player_experience":310924,"relics_obtained":[{"floor":7,"key":"Ice Cream"},{"floor":12,"key":"Darkstone Periapt"},{"floor":14,"key":"MealTicket"},{"floor":24,"key":"HornCleat"},{"floor":29,"key":"Enchiridion"},{"floor":31,"key":"Anchor"}],"event_choices":[{"damage_healed":0,"gold_gain":0,"player_choice":"Donut","damage_taken":0,"max_hp_gain":5,"max_hp_loss":0,"event_name":"Big Fish","floor":3,"gold_loss":0},{"damage_healed":0,"gold_gain":0,"player_choice":"Success","damage_taken":7,"relics_obtained":["Pear"],"max_hp_gain":0,"max_hp_loss":0,"event_name":"Scrap Ooze","floor":4,"gold_loss":0},{"cards_removed":["champ:Strike"],"damage_healed":0,"gold_gain":0,"player_choice":"Offered Basic","damage_taken":0,"max_hp_gain":0,"max_hp_loss":0,"event_name":"Bonfire Elementals","floor":6,"gold_loss":0},{"damage_healed":0,"gold_gain":0,"player_choice":"Ignored","damage_taken":0,"max_hp_gain":0,"max_hp_loss":0,"event_name":"NoteForYourself","floor":25,"gold_loss":0}],"is_beta":false,"boss_relics":[{"not_picked":["Velvet Choker","Black Star"],"picked":"Empty Cage"}],"items_purged_floors":[],"is_endless":false,"potions_floor_spawned":[2,12,14,15,16,21,27,31],"killed_by":"Sentry and Sphere","ascension_level":0}}