{"host":"evny4tziu33vpgm7","time":1612288604,"event":{"mods":["2.2 Compatiblity","BaseMod","BetterRewards","Booster Modes","Card Filter","Colored Map","Colored Powertips","Fox Events","Friendly Minions","GifTheSpireLib","Minty Spire (QoL Compilation)","Random Character Button","Random Character Mod","Rare Cards Sparkle","Relic Filter","Relic Sorter","Reliquary","Shop Mod","Spire Arcade","StS++","StSLib","SuperFastMode","The Blue Laboratory","The Dragonkin","TheSurvivalist","Yuri Mod","??????REMEMod"],"gold_per_floor":[111,137,137,137,137,137,175,8,33,66,66,66,101,136,136,136,136],"floor_reached":16,"language":"ENG","playtime":14206,"items_purged":[],"score":154,"play_id":"af90e4cf-46e5-418e-9e25-dbd3bfbd039c","local_time":"20210202105644","daily_mods":["SealedDeck","Heirloom","Flight","DeadlyEvents"],"is_ascension_mode":true,"campfire_choices":[{"data":"survmod:MarkedShot","floor":6.0,"key":"SMITH"},{"data":"survmod:GoForFace","floor":11.0,"key":"SMITH"},{"data":"survmod:GoForFace","floor":12.0,"key":"SMITH"},{"data":"survmod:FlareQuiver","floor":15,"key":"SMITH"}],"circlet_count":0,"master_deck":["survmod:DuckAndFlare","survmod:GoForFace+1","survmod:QuickThinking","survmod:HailOfArrows","survmod:FlareQuiver+1","survmod:MarkedFromAfar","survmod:LeapingShot","survmod:TwinShot","survmod:GoForFace+1","survmod:SwiftKick","survmod:MarkedShot+1","survmod:PiercingShot","survmod:ComplexMutation","survmod:OverwhelmingAssault"],"relics":["survmod:InnateMutation","REME_ComplimentaryCards","Golden Idol","reliquary:Boomerang","MerchantsRug","reliquary:TatteredRug","reliquary:Sideboard","Bag of Marbles","Smiling Mask"],"acts_visited":["Exordium"],"potions_floor_usage":[16,16,16],"damage_taken":[{"damage":6.0,"enemies":"Cultist","floor":1.0,"turns":3.0},{"damage":30.0,"enemies":"3 Sentries","floor":7.0,"turns":5.0},{"damage":0.0,"enemies":"Lagavulin","floor":10.0,"turns":4.0},{"damage":7.0,"enemies":"Gremlin Nob","floor":13.0,"turns":4.0},{"damage":13.0,"enemies":"Lagavulin","floor":14.0,"turns":4.0},{"damage":11,"enemies":"The Guardian","floor":16,"turns":3}],"seed_played":"3501089582992996714","potions_obtained":[{"floor":1.0,"key":"ColorlessPotion"},{"floor":7.0,"key":"BlessingOfTheForge"},{"floor":13.0,"key":"blueLaboratory:PhilterOfMotion"}],"is_trial":true,"path_per_floor":["M","T","?","$","?","R","E","$","T","E","R","R","E","E","R","B"],"character_chosen":"THE_SURVIVOR","items_purchased":["MerchantsRug","survmod:ComplexMutation"],"campfire_rested":0,"item_purchase_floors":[8,8],"current_hp_per_floor":[58,58,58,58,58,58,28,28,28,28,28,28,21,8,8,0,0],"gold":136,"neow_bonus":"","is_daily":false,"chose_seed":false,"campfire_upgraded":4,"win_rate":0.0,"timestamp":1612288604,"path_taken":["M","?","?","?","?","R","E","$","T","E","R","R","E","?","R","BOSS"],"items_purchased_type":["Relic","Card"],"build_version":"2020-12-22","purchased_purges":0,"victory":false,"max_hp_per_floor":[64,64,64,64,64,64,64,64,64,64,64,64,64,64,64,64,64],"card_choices":[{"not_picked":["survmod:PoisonTrap","survmod:LongShot"],"picked":"survmod:MarkedShot","floor":1.0},{"not_picked":["survmod:BearTrap","survmod:UnfortunateEscape"],"picked":"survmod:PiercingShot","floor":7.0},{"not_picked":["survmod:MutantForm","survmod:PiercingShot"],"picked":"survmod:QuickDash","floor":10.0},{"not_picked":["survmod:LongShot","survmod:HailOfArrows"],"picked":"survmod:KnowThyEnemy","floor":13.0},{"not_picked":["survmod:FenceTrap","survmod:LongShot"],"picked":"survmod:OverwhelmingAssault","floor":14.0}],"player_experience":991107,"relics_obtained":[{"floor":2.0,"key":"Toy Ornithopter"},{"floor":7.0,"key":"reliquary:Boomerang"},{"floor":9.0,"key":"reliquary:TatteredRug"},{"floor":10.0,"key":"reliquary:Sideboard"},{"floor":13.0,"key":"Bag of Marbles"},{"floor":14.0,"key":"Smiling Mask"}],"event_choices":[{"damage_healed":0.0,"max_hp_gain":0.0,"max_hp_loss":0.0,"gold_gain":0.0,"event_name":"Golden Idol","player_choice":"Take Wound","floor":3.0,"gold_loss":0.0,"damage_taken":0.0,"relics_obtained":["Golden Idol"],"cards_obtained":["Injury"]},{"cards_removed":["Injury"],"damage_healed":0.0,"max_hp_gain":0.0,"max_hp_loss":0.0,"gold_gain":0.0,"event_name":"Fountain of Cleansing","player_choice":"Removed Curses","floor":5.0,"gold_loss":0.0,"damage_taken":0.0}],"is_beta":false,"boss_relics":[],"items_purged_floors":[],"is_endless":false,"potions_floor_spawned":[1,7,13,14],"killed_by":"The Guardian","ascension_level":1}}