{"host":"kg61lsvem4dxoat8","time":1612284944,"event":{"mods":["AchievementEnabler","BaseMod","Better Altar","Better Match","Better Sensory Stone","Highlight Path","Minty Spire (QoL Compilation)","Quick Restart","Relic Sorter","Relic Stats","StSLib","Synergy Search","slay the spire mod where everything is the same but ironclad has a cowboy hat"],"gold_per_floor":[111,35,35,47,47,47,72,72,72,102,102,127,202,216,216,314,314,326,376,172,21,35,35,63,74,100,100,117,135,135,155,155,155,155],"floor_reached":33,"language":"ENG","playtime":855,"items_purged":["Strike_R"],"score":462,"play_id":"c5df2176-40ba-4578-99d1-72e15b886796","local_time":"20210203005544","is_ascension_mode":true,"campfire_choices":[{"data":"Spot Weakness","floor":6,"key":"SMITH"},{"data":"Cleave","floor":8,"key":"SMITH"},{"data":"Uppercut","floor":15,"key":"SMITH"},{"data":"Limit Break","floor":23,"key":"SMITH"},{"data":"Sword Boomerang","floor":27,"key":"SMITH"},{"floor":32,"key":"REST"}],"circlet_count":0,"master_deck":["AscendersBane","Strike_R","Strike_R","Strike_R","Defend_R","Defend_R","Defend_R","Defend_R","Bash","Cleave+1","Spot Weakness+1","Sword Boomerang+1","Uppercut+1","True Grit","Limit Break+1","Battle Trance","Seeing Red+1","Shrug It Off+1"],"relics":["Burning Blood","NeowsBlessing","Orichalcum","Self Forming Clay","Smiling Mask","MealTicket","Mercury Hourglass","Velvet Choker","Tiny Chest","Lee\u0027s Waffle","Bottled Lightning","Ancient Tea Set"],"acts_visited":["Exordium","TheCity"],"potions_floor_usage":[10,24,29],"damage_taken":[{"damage":0,"enemies":"2 Louse","floor":1,"turns":1},{"damage":0,"enemies":"Cultist","floor":4,"turns":1},{"damage":0,"enemies":"3 Sentries","floor":7,"turns":1},{"damage":21,"enemies":"Lagavulin","floor":10,"turns":4},{"damage":20,"enemies":"3 Sentries","floor":12,"turns":6},{"damage":0,"enemies":"Small Slimes","floor":14,"turns":2},{"damage":40,"enemies":"Hexaghost","floor":16,"turns":10},{"damage":35,"enemies":"3 Byrds","floor":18,"turns":4},{"damage":3,"enemies":"Shell Parasite","floor":22,"turns":3},{"damage":48,"enemies":"Slavers","floor":24,"turns":7},{"damage":14,"enemies":"Snake Plant","floor":25,"turns":3},{"damage":25,"enemies":"Centurion and Healer","floor":28,"turns":3},{"damage":37,"enemies":"Snecko","floor":29,"turns":7},{"damage":6,"enemies":"Chosen and Byrds","floor":31,"turns":4},{"damage":89,"enemies":"Automaton","floor":33,"turns":6}],"seed_played":"7606524373651045107","potions_obtained":[{"floor":7,"key":"SkillPotion"},{"floor":10,"key":"Regen Potion"},{"floor":12,"key":"SpeedPotion"},{"floor":24,"key":"Regen Potion"},{"floor":25,"key":"Ancient Potion"}],"is_trial":false,"path_per_floor":["M","$","?","M","$","R","E","R","T","E","T","E","?","M","R","B",null,"M","?","$","$","M","R","E","M","T","R","M","M","?","M","R","B"],"character_chosen":"IRONCLAD","items_purchased":["Spot Weakness","Tiny Chest","Lee\u0027s Waffle"],"campfire_rested":1,"item_purchase_floors":[2,20,21],"current_hp_per_floor":[78,78,78,80,80,80,80,80,80,65,65,51,40,46,46,12,63,34,34,49,87,87,87,60,52,52,52,33,17,17,17,43,0,0],"gold":155,"neow_bonus":"THREE_ENEMY_KILL","is_daily":false,"chose_seed":false,"campfire_upgraded":5,"win_rate":0.0,"timestamp":1612284944,"path_taken":["M","$","?","?","$","R","E","R","T","E","?","E","?","M","R","BOSS","M","?","?","$","M","R","E","M","T","R","M","M","?","M","R","BOSS"],"items_purchased_type":["Card","Relic","Relic"],"build_version":"2020-12-22","purchased_purges":1,"victory":false,"max_hp_per_floor":[80,80,80,80,80,80,80,80,80,80,80,80,80,80,80,80,80,80,80,80,87,87,87,87,87,87,87,87,87,87,87,87,87,87],"relic_stats":{"Lee\u0027s Waffle":23,"counters":[15,61],"Self Forming Clay":[150],"MealTicket":30,"Tiny Chest":0,"Orichalcum":[90],"Smiling Mask":25,"obtain_stats":[{"Lee\u0027s Waffle":21,"NeowsBlessing":0,"Self Forming Clay":9,"Velvet Choker":17,"MealTicket":11,"Tiny Chest":20,"Bottled Lightning":24,"Orichalcum":7,"Smiling Mask":10,"Ancient Tea Set":26,"Burning Blood":0,"Mercury Hourglass":12},{"Lee\u0027s Waffle":8,"NeowsBlessing":0,"Self Forming Clay":3,"Velvet Choker":7,"MealTicket":4,"Tiny Chest":8,"Bottled Lightning":10,"Orichalcum":3,"Smiling Mask":4,"Ancient Tea Set":11,"Burning Blood":0,"Mercury Hourglass":5},{"Lee\u0027s Waffle":28,"NeowsBlessing":0,"Self Forming Clay":3,"Velvet Choker":24,"MealTicket":7,"Tiny Chest":28,"Bottled Lightning":38,"Orichalcum":3,"Smiling Mask":7,"Ancient Tea Set":41,"Burning Blood":0,"Mercury Hourglass":13}],"Burning Blood":71,"Mercury Hourglass":[211]},"card_choices":[{"not_picked":["Wild Strike","Seeing Red"],"picked":"Cleave","floor":1},{"not_picked":["Cleave","Anger","Body Slam"],"picked":"SKIP","floor":4},{"not_picked":["Evolve","Clash","Dual Wield"],"picked":"SKIP","floor":7},{"not_picked":["Exhume","Entrench"],"picked":"Sword Boomerang","floor":10},{"not_picked":["Clothesline","Heavy Blade"],"picked":"Uppercut","floor":12},{"not_picked":["Uppercut","Seeing Red"],"picked":"True Grit","floor":14},{"not_picked":["Feed","Double Tap"],"picked":"Limit Break","floor":16},{"not_picked":["Twin Strike","Body Slam","Clothesline"],"picked":"SKIP","floor":18},{"not_picked":["Sword Boomerang","Twin Strike","Perfected Strike"],"picked":"SKIP","floor":22},{"not_picked":["Sword Boomerang","Twin Strike","Perfected Strike"],"picked":"SKIP","floor":22},{"not_picked":["Havoc","Bloodletting"],"picked":"Battle Trance","floor":24},{"not_picked":["Clothesline","Feel No Pain"],"picked":"Seeing Red+1","floor":25},{"not_picked":["Warcry","Thunderclap"],"picked":"Shrug It Off","floor":28},{"not_picked":["Pommel Strike","Uppercut","Limit Break"],"picked":"SKIP","floor":29},{"not_picked":["Uppercut","Shockwave","Headbutt"],"picked":"SKIP","floor":31}],"player_experience":1456237,"relics_obtained":[{"floor":7,"key":"Orichalcum"},{"floor":9,"key":"Self Forming Clay"},{"floor":10,"key":"Smiling Mask"},{"floor":11,"key":"MealTicket"},{"floor":12,"key":"Mercury Hourglass"},{"floor":24,"key":"Bottled Lightning"},{"floor":26,"key":"Ancient Tea Set"}],"event_choices":[{"cards_removed":["Strike_R"],"damage_healed":0,"gold_gain":0,"player_choice":"Purged","damage_taken":0,"max_hp_gain":0,"max_hp_loss":0,"event_name":"Purifier","floor":3,"gold_loss":0},{"damage_healed":0,"gold_gain":75,"player_choice":"Gather Gold","damage_taken":11,"max_hp_gain":0,"max_hp_loss":0,"event_name":"World of Goop","floor":13,"gold_loss":0},{"damage_healed":0,"gold_gain":100,"player_choice":"Bet on Murderer","damage_taken":0,"max_hp_gain":0,"max_hp_loss":0,"event_name":"The Joust","floor":19,"gold_loss":50},{"damage_healed":0,"gold_gain":0,"player_choice":"Forge","damage_taken":0,"max_hp_gain":0,"max_hp_loss":0,"event_name":"Accursed Blacksmith","floor":30,"gold_loss":0,"cards_upgraded":["Shrug It Off"]}],"is_beta":false,"boss_relics":[{"not_picked":["Coffee Dripper","Cursed Key"],"picked":"Velvet Choker"}],"items_purged_floors":[20],"is_endless":false,"potions_floor_spawned":[7,10,12,24,25,28],"killed_by":"Automaton","ascension_level":10}}