{"host":"tfkz8stxzb1up54p","time":1612259873,"event":{"mods":["AchievementEnabler","BaseMod","Better Note","Block Reminder","Colored Powertips","Curses Come First","Disable Question Mark Monsters","Displayed Cursed Tome","Emptier Cage","Gold Saver","Gremlin Skip","Halation","Highlight Path","Minty Spire (QoL Compilation)","Permanent Neow","Poor People Problems","Relic Filter Mod","Reliquary","Replay The Spire","StSLib"],"gold_per_floor":[370,385,41,41,41,41,71,71,71,86,101,101,26,56,56,156,156,171,446,132,147,50,80,80,43,43,73,73,88,103,118,118,218,218,233,233,248,263,325,325,355,355,405,405,420,435,435,435,465,480,480,480],"floor_reached":53,"language":"ENG","playtime":5843,"items_purged":["Survivor","Regret"],"score":740,"play_id":"f055ef4c-0f01-441a-a3aa-b887eeb78c4e","local_time":"20210202095753","daily_mods":["Chimera","Blue Cards","Binary"],"is_ascension_mode":false,"campfire_choices":[{"data":"Zap","floor":6,"key":"SMITH"},{"data":"Steam","floor":8,"key":"SMITH"},{"data":"Thunderclap","floor":15,"key":"SMITH"},{"data":"ReplayTheSpireMod:Brewmster","floor":24,"key":"SMITH"},{"floor":32,"key":"DIG"},{"data":"Body Slam","floor":40,"key":"SMITH"},{"data":"Secret Technique","floor":42,"key":"SMITH"},{"data":"Discovery","floor":44,"key":"SMITH"}],"circlet_count":0,"master_deck":["Zap+1","Strike_R+1","Strike_G+1","Strike_B+1","Defend_R+1","Defend_G+1","Defend_P+1","Rampage+1","Midas Touch+1","Steam+1","Redo+1","Thunderclap+1","Impervious","Anger","ReplayTheSpireMod:Brewmster+1","Discovery+1","Secret Technique+1","Flash of Steel","Seeing Red+1","Trip+1","Rebound+1","Go for the Eyes","Crystallizer+1","Hello World+1","Dual Wield+1","Pommel Strike+1","Auto Shields","Body Slam+1","Go for the Eyes","Gash+1","Go for the Eyes+1"],"relics":["Burning Blood","Guide Book","halation:Toothbrush","reliquary:NewFriend","halation:VictoryRuler","ReplayTheSpireMod:Ninjato","Runic Cube","ReplayTheSpireMod:ShopPack","halation:LettersToHer","Another Sword","Du-Vu Doll","Blue Doll","halation:ForbiddenBikini","Mirror","Charon\u0027s Ashes","reliquary:FerryPass","reliquary:Knoch"],"acts_visited":["Exordium","TheCity","TheBeyond"],"potions_floor_usage":[7,11,23,23,23,27,29,30,30,30,31,31,31,33,35,35,37,37,38,38,38,38,41,45,45,46,49,49,49,52,52,52,52,52,52,52,52,52,52,52,52,52],"damage_taken":[{"damage":1,"enemies":"Cultist","floor":1,"turns":3},{"damage":7,"enemies":"Small Slimes","floor":2,"turns":4},{"damage":6,"enemies":"Lagavulin","floor":7,"turns":7},{"damage":7,"enemies":"2 Louse","floor":10,"turns":4},{"damage":2,"enemies":"Blue Slaver","floor":11,"turns":3},{"damage":9,"enemies":"3 Sentries","floor":14,"turns":4},{"damage":71,"enemies":"Hexaghost","floor":16,"turns":11},{"damage":12,"enemies":"3 Byrds","floor":18,"turns":3},{"damage":13,"enemies":"Shell Parasite","floor":21,"turns":4},{"damage":26,"enemies":"Book of Stabbing","floor":23,"turns":5},{"damage":0,"enemies":"Gremlin Leader","floor":27,"turns":7},{"damage":10,"enemies":"Cultist and Chosen","floor":29,"turns":6},{"damage":1,"enemies":"Shelled Parasite and Fungi","floor":30,"turns":5},{"damage":12,"enemies":"Snake Plant","floor":31,"turns":2},{"damage":52,"enemies":"Collector","floor":33,"turns":9},{"damage":5,"enemies":"3 Shapes","floor":35,"turns":3},{"damage":4,"enemies":"Orb Walker","floor":37,"turns":3},{"damage":0,"enemies":"Sphere and 2 Shapes","floor":38,"turns":5},{"damage":3,"enemies":"R_Hoarder","floor":41,"turns":6},{"damage":0,"enemies":"3 Darklings","floor":45,"turns":3},{"damage":15,"enemies":"Writhing Mass","floor":46,"turns":6},{"damage":6,"enemies":"Nemesis","floor":49,"turns":5},{"damage":4,"enemies":"Spire Growth","floor":50,"turns":3},{"damage":25,"enemies":"Awakened One","floor":52,"turns":11}],"seed_played":"-9070903199233054170","potions_obtained":[{"floor":1,"key":"LifebloodPotion"},{"floor":7,"key":"Swift Potion"},{"floor":10,"key":"SpeedPotion"},{"floor":27,"key":"Death Potion"},{"floor":29,"key":"Dexterity Potion"},{"floor":30,"key":"Adrenaline Potion"},{"floor":31,"key":"FearPotion"},{"floor":33,"key":"FearPotion"},{"floor":37,"key":"Fire Potion"},{"floor":38,"key":"Weak Potion"},{"floor":41,"key":"Regen Potion"},{"floor":45,"key":"Ancient Potion"},{"floor":50,"key":"Flashbang"}],"is_trial":false,"path_per_floor":["M","M","$","?","?","R","E","R","T","M","M","T","$","E","R","B",null,"M","?","$","M","$","E","R","$","T","E","?","M","M","M","R","B",null,"M","?","M","M","?","R","E","R","T","R","M","M","PTL","PTL","E","M","R","B",null],"character_chosen":"IRONCLAD","items_purchased":["Midas Touch","Guide Book","Steam","ReplayTheSpireMod:ShopPack","Flash of Steel","Trip","Go for the Eyes"],"campfire_rested":0,"item_purchase_floors":[3,3,3,20,20,22,25],"current_hp_per_floor":[80,79,79,72,72,72,72,72,72,71,75,75,78,75,75,10,83,77,77,80,73,73,53,53,53,53,76,76,72,86,80,80,34,86,86,89,89,89,67,67,70,70,70,70,85,76,76,76,76,78,89,79],"gold":480,"neow_bonus":"","is_daily":true,"chose_seed":false,"campfire_upgraded":7,"win_rate":0.0,"timestamp":1612259873,"path_taken":["M","?","$","?","?","R","E","R","T","M","M","?","?","E","R","BOSS","M","?","$","M","?","E","R","?","T","E","?","M","M","M","R","BOSS","M","?","M","M","?","R","E","R","T","R","?","M","PTL","PTL","E","M","R","BOSS"],"items_purchased_type":["Card","Relic","Card","Relic","Card","Card","Card"],"build_version":"2020-12-22","purchased_purges":2,"victory":true,"max_hp_per_floor":[80,80,80,80,80,80,80,80,80,80,80,80,83,83,83,83,83,83,83,86,86,86,86,86,86,86,86,86,86,86,86,86,86,86,86,89,89,89,89,89,89,89,89,89,89,89,89,89,89,89,89,89],"card_choices":[{"not_picked":["ReplayTheSpireMod:Strike From Hell"],"picked":"Rampage","floor":1},{"not_picked":["True Grit","Clothesline"],"picked":"SKIP","floor":2},{"not_picked":["Stack","Uppercut"],"picked":"SKIP","floor":7},{"not_picked":["Headbutt"],"picked":"Thunderclap","floor":10},{"not_picked":["Steam Power","Stack"],"picked":"SKIP","floor":11},{"not_picked":["Life Link","Barrage"],"picked":"SKIP","floor":14},{"not_picked":["Hemogenesis"],"picked":"Impervious","floor":16},{"not_picked":["Barrage"],"picked":"Anger","floor":18},{"not_picked":["Secret Technique"],"picked":"ReplayTheSpireMod:Brewmster","floor":20},{"not_picked":["Secret Weapon"],"picked":"Discovery","floor":20},{"not_picked":["Specialist"],"picked":"Secret Technique","floor":20},{"not_picked":["Wild Strike"],"picked":"Seeing Red+1","floor":21},{"not_picked":["Defragment+1"],"picked":"Rebound+1","floor":23},{"not_picked":["BootSequence"],"picked":"Crystallizer+1","floor":27},{"not_picked":["FIFO Queue"],"picked":"Hello World+1","floor":29},{"not_picked":["ReplayTheSpireMod:Strike From Hell"],"picked":"Dual Wield+1","floor":30},{"not_picked":["Leap","Scrape"],"picked":"SKIP","floor":31},{"not_picked":["Leap","Scrape"],"picked":"SKIP","floor":31},{"not_picked":["Pummel+1"],"picked":"Pommel Strike+1","floor":35},{"not_picked":["Fusion"],"picked":"Auto Shields","floor":37},{"not_picked":["Consume+1","Heavy Blade"],"picked":"SKIP","floor":38},{"not_picked":["Whirlwind"],"picked":"Body Slam","floor":39},{"not_picked":["ReplaySort"],"picked":"Go for the Eyes","floor":41},{"not_picked":["Wild Strike"],"picked":"Gash+1","floor":45},{"not_picked":["Panic Button+1","Sever Soul"],"picked":"SKIP","floor":46},{"not_picked":["Conserve Battery","Headbutt"],"picked":"SKIP","floor":49},{"not_picked":["Doom and Gloom+1"],"picked":"Go for the Eyes+1","floor":50}],"player_experience":1393849,"relics_obtained":[{"floor":7,"key":"halation:Toothbrush"},{"floor":9,"key":"reliquary:NewFriend"},{"floor":12,"key":"halation:VictoryRuler"},{"floor":14,"key":"ReplayTheSpireMod:Ninjato"},{"floor":23,"key":"halation:LettersToHer"},{"floor":26,"key":"halation:LettersToHer"},{"floor":26,"key":"Another Sword"},{"floor":27,"key":"Du-Vu Doll"},{"floor":32,"key":"Blue Doll"},{"floor":39,"key":"Mirror"},{"floor":41,"key":"Charon\u0027s Ashes"},{"floor":43,"key":"halation:LettersToHer"},{"floor":43,"key":"reliquary:FerryPass"},{"floor":49,"key":"reliquary:Knoch"}],"event_choices":[{"cards_removed":["Eruption"],"damage_healed":0,"gold_gain":0,"player_choice":"Card Removal","damage_taken":7,"max_hp_gain":0,"max_hp_loss":0,"event_name":"Golden Wing","floor":4,"gold_loss":0},{"damage_healed":0,"gold_gain":275,"player_choice":"Desecrate","damage_taken":0,"max_hp_gain":0,"max_hp_loss":0,"event_name":"Golden Shrine","floor":19,"gold_loss":0,"cards_obtained":["Regret"]},{"damage_healed":0,"gold_gain":0,"player_choice":"Simplicity","damage_taken":0,"max_hp_gain":0,"max_hp_loss":0,"event_name":"Back to Basics","floor":28,"gold_loss":0,"cards_upgraded":["Strike_R","Strike_G","Strike_B","Defend_R","Defend_G","Defend_P"]},{"cards_removed":["Go for the Eyes"],"damage_healed":0,"gold_gain":0,"player_choice":"Removed Attack","damage_taken":0,"max_hp_gain":0,"max_hp_loss":0,"event_name":"Falling","floor":36,"gold_loss":0}],"is_beta":false,"boss_relics":[{"not_picked":["Fusion Hammer","Runic Pyramid"],"picked":"Runic Cube"},{"not_picked":["reliquary:WritOfMandamus","Painkiller Herb"],"picked":"halation:ForbiddenBikini"}],"items_purged_floors":[13,20],"is_endless":false,"potions_floor_spawned":[1,7,10,27,29,30,31,33,37,38,41,45,50],"ascension_level":0}}