{"host":"4qt77pm52ljaz00q","time":1612274761,"event":{"mods":["2.2 Compatiblity","BaseMod","Colored Map","Downfall","Minty Spire (QoL Compilation)","Relic Sorter","StSLib","Unknown Chances"],"gold_per_floor":[99,117,65,79,97,97,97,122,22,33,58,58,78,110,121,121,121,121],"floor_reached":16,"language":"ENG","playtime":2483,"items_purged":[],"score":181,"play_id":"0056192a-cb56-4605-a71c-b062a0c1f050","local_time":"20210202090601","is_ascension_mode":true,"campfire_choices":[{"floor":1.0,"key":"RECALL"},{"data":"sneckomod:UnknownStrength","floor":6.0,"key":"SMITH"},{"data":"sneckomod:UnknownRareAttack","floor":9.0,"key":"SMITH"},{"data":"sneckomod:SnekBite","floor":12.0,"key":"SMITH"}],"circlet_count":0,"master_deck":["sneckomod:Strike","sneckomod:Strike","sneckomod:Strike","sneckomod:Defend","sneckomod:Defend","sneckomod:Defend","sneckomod:TailWhip","sneckomod:SnekBite+1","sneckomod:Unknown","sneckomod:Unknown","sneckomod:UnknownRareAttack+1","sneckomod:UnknownVulnerable","sneckomod:Unknown3Cost","sneckomod:UnknownStrength+1","sneckomod:RainOfDice","sneckomod:UnknownClassTHE_BRONZE_AUTOMATON","sneckomod:UnknownDraw","sneckomod:UnknownRareSkill","sneckomod:UnknownClassRED","sneckomod:UnknownClassTHE_BRONZE_AUTOMATON"],"relics":["sneckomod:SneckoSoul","Frozen Egg 2","Regal Pillow","downfall:HeartBlessingRed","Bag of Preparation","Centennial Puzzle"],"acts_visited":["Exordium"],"potions_floor_usage":[16],"damage_taken":[{"damage":1.0,"enemies":"Cultist","floor":2.0,"turns":3.0},{"damage":10.0,"enemies":"downfall:FleeingMerchant","floor":3.0,"turns":4.0},{"damage":1.0,"enemies":"Jaw Worm","floor":4.0,"turns":3.0},{"damage":0.0,"enemies":"Small Slimes","floor":5.0,"turns":2.0},{"damage":14.0,"enemies":"Gremlin Nob","floor":8.0,"turns":3.0},{"damage":27.0,"enemies":"Gremlin Gang","floor":10.0,"turns":3.0},{"damage":0.0,"enemies":"Lagavulin","floor":11.0,"turns":6.0},{"damage":7.0,"enemies":"2 Fungi Beasts","floor":13.0,"turns":3.0},{"damage":0.0,"enemies":"Gremlin Nob","floor":14.0,"turns":3.0},{"damage":0.0,"enemies":"3 Louse","floor":15.0,"turns":2.0},{"damage":23,"enemies":"IC_STATUS_ARCHETYPE","floor":16,"turns":2}],"seed_played":"-4048504597368048906","potions_obtained":[{"floor":4.0,"key":"Explosive Potion"},{"floor":5.0,"key":"hexamod:SoulburnPotion"},{"floor":11.0,"key":"LiquidMemories"}],"is_trial":false,"path_per_floor":["R","M","$","M","M","R","T","E","R","M","E","R","M","E","M","B"],"character_chosen":"THE_SNECKO","items_purchased":["sneckomod:UnknownStrength"],"campfire_rested":0,"item_purchase_floors":[3],"current_hp_per_floor":[81,80,70,69,69,69,69,55,55,28,28,28,21,21,21,0,0,0],"gold":121,"neow_bonus":"THREE_RARE_CARDS","is_daily":false,"chose_seed":false,"campfire_upgraded":3,"win_rate":0.0,"timestamp":1612274761,"path_taken":["R","M","?","M","M","R","T","E","R","M","E","R","?","E","M","BOSS"],"items_purchased_type":["Card"],"build_version":"2020-12-22","purchased_purges":0,"victory":false,"max_hp_per_floor":[81,81,81,81,81,81,81,81,81,81,81,81,81,81,81,81,81,81],"card_choices":[{"not_picked":["sneckomod:UnknownRarePower","sneckomod:UnknownRareSkill"],"picked":"sneckomod:UnknownRareAttack","floor":0.0},{"not_picked":["sneckomod:SoulDraw","sneckomod:QuickBite"],"picked":"sneckomod:UnknownVulnerable","floor":2.0},{"not_picked":["sneckomod:Rotation","sneckomod:ImprovisedAttack"],"picked":"sneckomod:Unknown3Cost","floor":3.0},{"not_picked":["sneckomod:SoulRoll","sneckomod:UnknownCommonAttack"],"picked":"sneckomod:RainOfDice","floor":4.0},{"not_picked":["sneckomod:Unknown1Cost","sneckomod:QuickMove"],"picked":"sneckomod:UnknownClassTHE_BRONZE_AUTOMATON","floor":5.0},{"not_picked":["sneckomod:DiceBlock","sneckomod:UnknownExhaust","sneckomod:ImprovisedAttack"],"picked":"SKIP","floor":8.0},{"not_picked":["sneckomod:SoulRoll","sneckomod:ImprovisedAttack","sneckomod:QuickBite"],"picked":"SKIP","floor":10.0},{"not_picked":["sneckomod:UnknownBlock","sneckomod:UnknownStrike"],"picked":"sneckomod:UnknownDraw","floor":11.0},{"not_picked":["sneckomod:Nope","sneckomod:Unknown1Cost"],"picked":"sneckomod:UnknownRareSkill","floor":13.0},{"not_picked":["sneckomod:DiceBlock","sneckomod:UnknownDraw"],"picked":"sneckomod:UnknownClassRED","floor":14.0},{"not_picked":["sneckomod:QuickBite","sneckomod:Unknown1Cost"],"picked":"sneckomod:UnknownClassTHE_BRONZE_AUTOMATON","floor":15.0}],"player_experience":215421,"relics_obtained":[{"floor":7.0,"key":"Frozen Egg 2"},{"floor":8.0,"key":"Regal Pillow"},{"floor":11.0,"key":"Bag of Preparation"},{"floor":14.0,"key":"Centennial Puzzle"}],"event_choices":[],"is_beta":false,"boss_relics":[],"items_purged_floors":[],"is_endless":false,"potions_floor_spawned":[4,5,11,13],"killed_by":"IC_STATUS_ARCHETYPE","ascension_level":1}}