{"host":"sup1rd0ujr5jgopq","time":1612240283,"event":{"mods":["BaseMod","Colored Map","Minty Spire (QoL Compilation)","StSLib"],"gold_per_floor":[112,112,78,97,172,199,212,212,212,223,127,127,51,71,71,168,168,180,180,165,180,105,105,120,120,120,133,18,18,18,31,31,31,31],"floor_reached":33,"playtime":1654,"items_purged":[],"score":272,"play_id":"a700c1dd-b630-4a01-8e70-84037b027380","local_time":"20210201233123","is_ascension_mode":false,"campfire_choices":[{"data":"Tactician","floor":8,"key":"SMITH"},{"data":"Noxious Fumes","floor":12,"key":"SMITH"},{"data":"Strike_G","floor":15,"key":"PURGE"},{"floor":23,"key":"REST"},{"data":"Defend_G","floor":25,"key":"PURGE"},{"data":"Tools of the Trade","floor":30,"key":"SMITH"},{"floor":32,"key":"REST"}],"circlet_count":0,"master_deck":["Strike_G+1","Strike_G","Strike_G+1","Defend_G","Defend_G","Defend_G","Defend_G","Survivor","Neutralize","Predator+1","Noxious Fumes+1","Tactician+1","PiercingWail","Acrobatics","Leg Sweep","Infinite Blades","Deadly Poison+1","Tools of the Trade+1","Outmaneuver+1","Blade Dance+1","Blade Dance+1","Deflect+1","Expertise+1","Well Laid Plans","Blur+1","Flying Knee"],"relics":["Ring of the Snake","NeowsBlessing","Peace Pipe","Lizard Tail","Toxic Egg 2","WristBlade","Whetstone"],"acts_visited":["Exordium","TheCity"],"potions_floor_usage":[10,16,16,21,33],"damage_taken":[{"damage":0,"enemies":"2 Louse","floor":1,"turns":1},{"damage":0,"enemies":"Cultist","floor":4,"turns":1},{"damage":0,"enemies":"Lagavulin","floor":6,"turns":1},{"damage":0,"enemies":"Small Slimes","floor":7,"turns":4},{"damage":0,"enemies":"Exordium Wildlife","floor":10,"turns":4},{"damage":7,"enemies":"Looter","floor":14,"turns":3},{"damage":55,"enemies":"Slime Boss","floor":16,"turns":12},{"damage":2,"enemies":"Shell Parasite","floor":18,"turns":5},{"damage":7,"enemies":"2 Thieves","floor":20,"turns":4},{"damage":38,"enemies":"Snecko","floor":21,"turns":6},{"damage":5,"enemies":"Shelled Parasite and Fungi","floor":24,"turns":6},{"damage":8,"enemies":"3 Cultists","floor":27,"turns":4},{"damage":10,"enemies":"Centurion and Healer","floor":31,"turns":4},{"damage":42,"enemies":"Automaton","floor":33,"turns":6}],"seed_played":"-1086320071558044092","potions_obtained":[{"floor":4,"key":"GamblersBrew"},{"floor":6,"key":"Fire Potion"},{"floor":10,"key":"FearPotion"},{"floor":18,"key":"Fruit Juice"},{"floor":21,"key":"Fire Potion"}],"is_trial":false,"path_per_floor":["M","?","$","M","?","E","M","R","T","M","?","R","$","M","R","B",null,"M","?","M","M","?","R","M","R","T","M","$","?","R","M","R","B"],"character_chosen":"THE_SILENT","items_purchased":["Noxious Fumes","Infinite Blades","Well Laid Plans","Blur+1"],"campfire_rested":2,"item_purchase_floors":[3,13,28,28],"current_hp_per_floor":[70,70,70,70,59,59,59,59,59,59,59,59,59,52,52,35,70,68,55,48,15,15,39,34,34,34,26,26,18,18,8,32,0,0],"gold":31,"neow_bonus":"THREE_ENEMY_KILL","is_daily":false,"chose_seed":false,"campfire_upgraded":3,"win_rate":0.0,"timestamp":1612240283,"path_taken":["M","?","$","?","?","E","M","R","T","M","?","R","$","?","R","BOSS","M","?","M","M","?","R","M","R","T","M","$","?","R","M","R","BOSS"],"items_purchased_type":["Card","Card","Card","Card"],"build_version":"2020-12-13","purchased_purges":0,"victory":false,"max_hp_per_floor":[70,70,70,70,70,70,70,70,70,70,70,70,70,70,70,70,70,70,75,75,80,80,80,80,80,80,80,80,80,80,80,80,80,80],"card_choices":[{"not_picked":["Dodge and Roll","Quick Slash"],"picked":"Predator","floor":1},{"not_picked":["Masterful Stab","Terror"],"picked":"Tactician","floor":4},{"not_picked":["Dodge and Roll","Noxious Fumes"],"picked":"PiercingWail","floor":6},{"not_picked":["Quick Slash","Prepared"],"picked":"Acrobatics","floor":7},{"not_picked":["PiercingWail","Escape Plan"],"picked":"Leg Sweep","floor":10},{"not_picked":["Underhanded Strike","Dagger Throw"],"picked":"Deadly Poison+1","floor":14},{"not_picked":["A Thousand Cuts","Venomology+1"],"picked":"Tools of the Trade","floor":16},{"not_picked":["Deadly Poison+1","Terror+1"],"picked":"Outmaneuver+1","floor":18},{"not_picked":["Predator+1","Dagger Throw"],"picked":"Blade Dance+1","floor":20},{"not_picked":["Outmaneuver+1","Blur+1"],"picked":"Blade Dance+1","floor":21},{"not_picked":["Slice+1","Crippling Poison+1"],"picked":"Deflect+1","floor":24},{"not_picked":["Infinite Blades","Poisoned Stab+1"],"picked":"Expertise+1","floor":27},{"not_picked":["Skewer+1","Bouncing Flask+1"],"picked":"Flying Knee","floor":31}],"player_experience":6955,"relics_obtained":[{"floor":6,"key":"Peace Pipe"},{"floor":9,"key":"Lizard Tail"},{"floor":26,"key":"Whetstone"}],"event_choices":[{"damage_healed":0,"gold_gain":0,"player_choice":"Upgraded","damage_taken":0,"max_hp_gain":0,"max_hp_loss":0,"event_name":"Upgrade Shrine","floor":2,"gold_loss":0,"cards_upgraded":["Predator"]},{"damage_healed":0,"gold_gain":75,"player_choice":"Gather Gold","damage_taken":11,"max_hp_gain":0,"max_hp_loss":0,"event_name":"World of Goop","floor":5,"gold_loss":0},{"damage_healed":0,"gold_gain":0,"player_choice":"Paid Gold","damage_taken":0,"relics_obtained":["Toxic Egg 2"],"max_hp_gain":0,"max_hp_loss":0,"event_name":"WeMeetAgain","floor":11,"gold_loss":96},{"damage_healed":0,"gold_gain":0,"player_choice":"Shed Blood","damage_taken":18,"max_hp_gain":5,"max_hp_loss":0,"event_name":"Forgotten Altar","floor":19,"gold_loss":0},{"cards_removed":["Strike_G"],"damage_healed":0,"gold_gain":0,"player_choice":"Gave Gold","damage_taken":0,"max_hp_gain":0,"max_hp_loss":0,"event_name":"Beggar","floor":22,"gold_loss":75},{"damage_healed":0,"gold_gain":0,"player_choice":"Damaged","damage_taken":8,"max_hp_gain":0,"max_hp_loss":0,"event_name":"Wheel of Change","floor":29,"gold_loss":0}],"is_beta":false,"boss_relics":[{"not_picked":["Tiny House","Runic Pyramid"],"picked":"WristBlade"}],"items_purged_floors":[],"is_endless":false,"potions_floor_spawned":[4,6,10,18,21],"killed_by":"Automaton","ascension_level":0}}