{"host":"DrTrollPool","time":1612264442,"event":{"mods":["2.2 Compatiblity","BaseMod","BetterRewards","Colored Map","DeckTracker","Downfall","Googly Eyes","Hermit","HexUI Lib","Highlight Path","Hubris","Infinite Spire","Minty Spire (QoL Compilation)","Potionbrewer","Replay The Spire","StSLib","SuperFastMode","The Construct","The Cursed","The Disciple","The Hierophant","The Jungle","The Necromancer","The Runesmith","The Servant 0.9.4"],"gold_per_floor":[119,119,119,194,194,222,222,242,322,322,352,433,433,452,452,553,553,573,533,547,497,514,514,514,514,514],"floor_reached":25,"language":"ENG","playtime":1998,"items_purged":[],"score":207,"play_id":"286c4397-023b-437b-a503-3c6354ff62af","local_time":"20210202121402","is_ascension_mode":false,"campfire_choices":[{"data":"hermit:Malice","floor":7,"key":"SMITH"},{"floor":13,"key":"REST"},{"floor":15,"key":"REST"},{"floor":23,"key":"REST"}],"circlet_count":0,"master_deck":["hermit:Strike_Hermit","hermit:Strike_Hermit","hermit:Strike_Hermit","hermit:Strike_Hermit","hermit:Defend_Hermit+1","hermit:Defend_Hermit","hermit:Defend_Hermit","hermit:Defend_Hermit","hermit:Snapshot","hermit:Covet+1","hermit:Malice+1","hermit:Shortfuse","hermit:HighCaliber","TheCursedMod:SpitefulPlan","TheCursedMod:SurpriseAttack","hermit:LuckOfTheDraw","hermit:ShadowCloak","hermit:Brawl"],"relics":["hermit:Momento","Oddly Smooth Stone","hubris:DisguiseKit","Kunai","Blue Candle","hubris:ToyBattleship","Lantern"],"acts_visited":["Exordium","TheCity"],"potions_floor_usage":[6,6,6,16,16,22,25],"damage_taken":[{"damage":0,"enemies":"2 Louse","floor":1,"turns":2},{"damage":18,"enemies":"3 Sentries","floor":6,"turns":6},{"damage":0,"enemies":"Small Slimes","floor":8,"turns":2},{"damage":25,"enemies":"Replay:BlueRogue","floor":11,"turns":6},{"damage":0,"enemies":"Cultist","floor":14,"turns":2},{"damage":20,"enemies":"Slime Boss","floor":16,"turns":10},{"damage":12,"enemies":"3 Byrds","floor":18,"turns":6},{"damage":34,"enemies":"Shell Parasite","floor":20,"turns":8},{"damage":27,"enemies":"Centurion and Healer","floor":22,"turns":7},{"damage":42,"enemies":"Snake Plant","floor":25,"turns":4}],"seed_played":"6131046750450649950","potions_obtained":[{"floor":1,"key":"potionbrewer:SplittingPotion"},{"floor":12,"key":"infinitespire:BlackPotion"},{"floor":12,"key":"Ancient Potion"},{"floor":16,"key":"FearPotion"},{"floor":22,"key":"Regen Potion"}],"is_trial":false,"path_per_floor":["M","?","?","?","?","E","R","M","T","?","E","?","R","M","R","B",null,"M","?","M","?","M","R","?","M"],"character_chosen":"HERMIT","items_purchased":[],"campfire_rested":3,"item_purchase_floors":[],"current_hp_per_floor":[75,75,75,64,64,46,46,46,46,39,14,14,36,36,58,38,75,63,63,29,29,2,24,24,0,0],"gold":514,"neow_bonus":"RANDOM_COMMON_RELIC","is_daily":false,"chose_seed":false,"campfire_upgraded":1,"win_rate":0.0,"timestamp":1612264442,"path_taken":["M","?","?","?","?","E","R","?","T","?","E","?","R","M","R","BOSS","M","?","?","?","?","R","?","M"],"items_purchased_type":[],"build_version":"2020-12-18","purchased_purges":0,"victory":false,"max_hp_per_floor":[75,75,75,75,75,75,75,75,75,75,75,75,75,75,75,75,75,75,75,75,75,75,75,75,75,75],"card_choices":[{"not_picked":["hermit:Glare","hermit:CalledShot"],"picked":"hermit:Malice","floor":1},{"not_picked":["hermit:HoleUp","hermit:TakeCover","TheCursedMod:SoulReap"],"picked":"hermit:Shortfuse","floor":6},{"not_picked":["hermit:TrackingShot","hermit:Deadeye","TheCursedMod:CursedStaff"],"picked":"hermit:HighCaliber","floor":8},{"not_picked":["hermit:Gestalt","hermit:ItchyTrigger","hermit:TrackingShot"],"picked":"TheCursedMod:SpitefulPlan","floor":11},{"not_picked":["hermit:Dive","hermit:Quickdraw","hermit:GoldenBullet"],"picked":"TheCursedMod:SurpriseAttack","floor":12},{"not_picked":["hermit:Scavenge","hermit:Glare","TheCursedMod:EmpowerCircles"],"picked":"hermit:LuckOfTheDraw","floor":14},{"not_picked":["hermit:CalledShot+1","hermit:Scavenge+1","TheCursedMod:DoubleShield"],"picked":"hermit:ShadowCloak","floor":18},{"not_picked":["hermit:Virtue","hermit:Headshot","hermit:TrackingShot","TheCursedMod:CursedShiv"],"picked":"SKIP","floor":20},{"not_picked":["hermit:CursedWeapon+1","hermit:Gestalt","TheCursedMod:TacticalStrike"],"picked":"hermit:Brawl","floor":22}],"player_experience":127297,"relics_obtained":[{"floor":6,"key":"Kunai"},{"floor":9,"key":"Blue Candle"},{"floor":11,"key":"hubris:ToyBattleship"},{"floor":12,"key":"Lantern"}],"event_choices":[{"damage_healed":0,"gold_gain":75,"player_choice":"Gather Gold","damage_taken":11,"max_hp_gain":0,"max_hp_loss":0,"event_name":"World of Goop","floor":4,"gold_loss":0},{"damage_healed":0,"gold_gain":0,"player_choice":"Ignored","damage_taken":0,"max_hp_gain":0,"max_hp_loss":0,"event_name":"Fountain of Cleansing","floor":5,"gold_loss":0},{"cards_removed":["downfall:Malfunctioning"],"damage_healed":0,"gold_gain":0,"player_choice":"Card Removal","damage_taken":7,"max_hp_gain":0,"max_hp_loss":0,"event_name":"Golden Wing","floor":10,"gold_loss":0},{"damage_healed":0,"gold_gain":0,"player_choice":"Upgrade","damage_taken":0,"max_hp_gain":0,"max_hp_loss":0,"event_name":"Designer","floor":19,"gold_loss":40,"cards_upgraded":["hermit:Covet"]},{"damage_healed":0,"gold_gain":0,"player_choice":"Bet on Owner","damage_taken":0,"max_hp_gain":0,"max_hp_loss":0,"event_name":"The Joust","floor":21,"gold_loss":50},{"damage_healed":0,"gold_gain":0,"player_choice":"Ignored","damage_taken":0,"max_hp_gain":0,"max_hp_loss":0,"event_name":"WeMeetAgain","floor":24,"gold_loss":0}],"is_beta":true,"boss_relics":[{"not_picked":["Runic Pyramid","Fusion Hammer","Painkiller Herb"]}],"items_purged_floors":[],"is_endless":false,"potions_floor_spawned":[1,16,22],"killed_by":"Snake Plant","ascension_level":0}}