{"host":"ygr55oy7qe9vv2jr","time":1612268023,"event":{"mods":["BaseMod","Better Third Choice","Downfall","Minty Spire (QoL Compilation)","Replay The Spire","StSLib"],"gold_per_floor":[99,110,129,143,181,191,191,12,39,39,57,91,91,122,136,239,239,239,253,266,106,106,136,136,136,156,92,125,125,158,172,183,281,281,181,198,213,233,249,149,149,160,190,190,213,232,132,144,164,164,164,164],"floor_reached":50,"language":"ENG","playtime":3517,"items_purged":["bronze:Strike","bronze:Strike"],"score":691,"play_id":"8b924101-a758-47ff-beb3-2598dcb15317","local_time":"20210202061343","is_ascension_mode":true,"campfire_choices":[{"data":"bronze:Replicate","floor":1.0,"key":"SMITH"},{"data":"bronze:HardenedForm","floor":10.0,"key":"SMITH"},{"data":"bronze:SpaghettiCode","floor":18.0,"key":"SMITH"},{"floor":29.0,"key":"REST"},{"floor":35.0,"key":"RECALL"},{"floor":40.0,"key":"REST"},{"floor":47.0,"key":"REST"}],"circlet_count":0,"master_deck":["bronze:Strike","bronze:Strike","bronze:Defend+1","bronze:Defend+1","bronze:Defend+1","bronze:Defend+1","bronze:Replicate+1","bronze:Goto","bronze:OilSpill","bronze:CloningBeam","bronze:Overheat","bronze:CutThrough","bronze:Philosophize","bronze:Repair","expansioncontent:QuickStudy","bronze:HardenedForm+1","bronze:ForceShield","Pot Of Greed","Pot Of Greed","bronze:FollowUp","bronze:Optimize","bronze:SpaghettiCode+1","bronze:Format","bronze:Fortify","Pot Of Greed","bronze:ChildClass+1"],"relics":["bronze:BronzeCore","Replay:Wax Seal","Replay:Bottled Eggs","StrikeDummy","Replay:WaspNest","PreservedInsect","Grinning Jar","Sozu","Nilry\u0027s Codex","Girya","Replay:Bottled Steam","hexamod:Sixitude","Blood Vial","Bag of Preparation","downfall:HeartBlessingGreen","downfall:HeartBlessingRed","Singing Bowl","hexamod:BolsterEngine","downfall:HeartBlessingBlue"],"acts_visited":["Exordium","TheCity","TheBeyond"],"potions_floor_usage":[],"damage_taken":[{"damage":3.0,"enemies":"2 Louse","floor":2.0,"turns":3.0},{"damage":4.0,"enemies":"Jaw Worm","floor":3.0,"turns":3.0},{"damage":0.0,"enemies":"Cultist","floor":4.0,"turns":2.0},{"damage":0.0,"enemies":"2 Fungi Beasts","floor":6.0,"turns":3.0},{"damage":4.0,"enemies":"downfall:FleeingMerchant","floor":8.0,"turns":4.0},{"damage":14.0,"enemies":"3 Sentries","floor":9.0,"turns":4.0},{"damage":4.0,"enemies":"3 Louse","floor":11.0,"turns":3.0},{"damage":20.0,"enemies":"Gremlin Nob","floor":12.0,"turns":4.0},{"damage":3.0,"enemies":"3 Sentries","floor":14.0,"turns":5.0},{"damage":12.0,"enemies":"Large Slime","floor":15.0,"turns":3.0},{"damage":12.0,"enemies":"SI_SHIV_ARCHETYPE","floor":16.0,"turns":8.0},{"damage":9.0,"enemies":"3 Byrds","floor":19.0,"turns":2.0},{"damage":13.0,"enemies":"Sentry and Sphere","floor":20.0,"turns":4.0},{"damage":0.0,"enemies":"downfall:FleeingMerchant","floor":21.0,"turns":4.0},{"damage":13.0,"enemies":"Book of Stabbing","floor":23.0,"turns":3.0},{"damage":0.0,"enemies":"Shelled Parasite and Fungi","floor":26.0,"turns":5.0},{"damage":10.0,"enemies":"downfall:FleeingMerchant","floor":27.0,"turns":3.0},{"damage":8.0,"enemies":"Gremlin Leader","floor":28.0,"turns":5.0},{"damage":34.0,"enemies":"Slavers","floor":30.0,"turns":3.0},{"damage":6.0,"enemies":"Centurion and Healer","floor":31.0,"turns":4.0},{"damage":0.0,"enemies":"Snecko","floor":32.0,"turns":4.0},{"damage":4.0,"enemies":"WA_ARCHETYPE_CALM","floor":33.0,"turns":7.0},{"damage":0.0,"enemies":"Orb Walker","floor":36.0,"turns":2.0},{"damage":9.0,"enemies":"3 Shapes","floor":37.0,"turns":5.0},{"damage":9.0,"enemies":"Sphere and 2 Shapes","floor":38.0,"turns":9.0},{"damage":41.0,"enemies":"4 Shapes","floor":39.0,"turns":4.0},{"damage":12.0,"enemies":"Maw","floor":42.0,"turns":7.0},{"damage":0.0,"enemies":"Giant Head","floor":43.0,"turns":6.0},{"damage":49.0,"enemies":"Transient","floor":46.0,"turns":5.0},{"damage":5.0,"enemies":"Sphere and 2 Shapes","floor":48.0,"turns":3.0},{"damage":11,"enemies":"Spire Growth","floor":49,"turns":4},{"damage":72,"enemies":"IC_BLOCK_ARCHETYPE","floor":50,"turns":6}],"seed_played":"8747336757451321157","potions_obtained":[{"floor":2.0,"key":"Languid Potion"},{"floor":3.0,"key":"Dexterity Potion"},{"floor":12.0,"key":"champ:CounterPotion"},{"floor":16.0,"key":"AttackPotion"}],"is_trial":false,"path_per_floor":["R","M","M","M","?","M","T","$","E","R","M","E","?","E","M","B",null,"R","M","M","$","?","E","T","?","M","$","E","R","E","M","M","B",null,"R","M","M","M","M","R","T","M","E","?","T","M","R","M","M","B"],"character_chosen":"THE_AUTOMATON","items_purchased":["expansioncontent:QuickStudy","bronze:Fortify","hexamod:Sixitude"],"campfire_rested":3,"item_purchase_floors":[8,21,27],"current_hp_per_floor":[70,67,63,63,46,46,46,42,42,42,52,39,62,66,58,56,70,70,68,57,64,48,35,35,35,45,35,34,55,23,26,35,40,70,70,70,70,61,29,50,50,47,58,60,60,25,60,69,69,6,6,6],"gold":164,"neow_bonus":"RANDOM_COMMON_RELIC","is_daily":false,"chose_seed":false,"campfire_upgraded":3,"win_rate":0.0,"timestamp":1612268023,"path_taken":["R","M","M","M","?","M","T","$","E","R","?","E","?","E","M","BOSS","R","M","M","$","?","E","T","?","M","$","E","R","E","?","M","BOSS","R","M","M","M","M","R","T","M","E","?","?","M","R","M","M","BOSS"],"items_purchased_type":["Card","Card","Relic"],"build_version":"2020-12-22","purchased_purges":2,"victory":false,"max_hp_per_floor":[70,70,70,70,70,70,70,70,70,70,70,70,70,70,70,70,70,70,70,70,70,70,70,70,70,70,70,70,70,70,70,70,70,70,70,70,70,70,70,70,70,70,72,74,74,76,86,88,90,90,90,90],"card_choices":[{"not_picked":["bronze:Shell","bronze:GetLatest"],"picked":"bronze:OilSpill","floor":2.0},{"not_picked":["bronze:BugBarrage","bronze:DelayedSlice"],"picked":"bronze:CloningBeam","floor":3.0},{"not_picked":["bronze:Separator","bronze:Frontload"],"picked":"bronze:Overheat","floor":4.0},{"not_picked":["bronze:Overheat","bronze:Deprecate"],"picked":"bronze:CutThrough","floor":5.0},{"not_picked":["bronze:Deprecate","bronze:Terminator"],"picked":"bronze:Philosophize","floor":6.0},{"not_picked":["bronze:DelayedSlice","bronze:Backtrace"],"picked":"bronze:Repair","floor":8.0},{"not_picked":["bronze:Iterate","bronze:DelayedGuard"],"picked":"bronze:HardenedForm","floor":9.0},{"not_picked":["bronze:ChildClass","bronze:Repair","bronze:BuggyMess"],"picked":"SKIP","floor":11.0},{"not_picked":["bronze:Shield","bronze:BitShift"],"picked":"bronze:ForceShield","floor":12.0},{"not_picked":["bronze:DarkDash","bronze:Invalidate"],"picked":"bronze:FollowUp","floor":14.0},{"not_picked":["bronze:Safeguard","bronze:OilSpill"],"picked":"bronze:Optimize","floor":15.0},{"not_picked":["bronze:HyperBeam","bronze:HardenedForm"],"picked":"bronze:SpaghettiCode","floor":16.0},{"not_picked":["bronze:OilSpill","bronze:Terminator+1","bronze:DelayedGuard"],"picked":"SKIP","floor":19.0},{"not_picked":["bronze:OilSpill","bronze:Terminator+1","bronze:DelayedGuard"],"picked":"SKIP","floor":19.0},{"not_picked":["bronze:Refactor","bronze:ItsAFeature","bronze:BuggyMess"],"picked":"SKIP","floor":20.0},{"not_picked":["bronze:Overheat","bronze:Iterate"],"picked":"bronze:Format","floor":21.0},{"not_picked":["bronze:CutThrough","bronze:DelayedGuard+1","bronze:ChildClass+1"],"picked":"SKIP","floor":23.0},{"not_picked":["bronze:CutThrough","bronze:DelayedGuard+1"],"picked":"bronze:ChildClass+1","floor":23.0},{"not_picked":["bronze:BitShift","bronze:DelayedSlice","bronze:Overheat"],"picked":"SKIP","floor":26.0},{"not_picked":["bronze:Iterate","bronze:AlphaBuild","bronze:FollowUp+1"],"picked":"SKIP","floor":27.0},{"not_picked":["bronze:Return","bronze:Refactor+1","bronze:InfiniteBeams"],"picked":"SKIP","floor":28.0},{"not_picked":["bronze:Separator","bronze:BronzeOrb","bronze:Invalidate+1"],"picked":"SKIP","floor":30.0},{"not_picked":["bronze:Shield","bronze:Allocate","bronze:BronzeArmor"],"picked":"SKIP","floor":31.0},{"not_picked":["bronze:Deprecate","bronze:BronzeArmor","bronze:CutThrough"],"picked":"SKIP","floor":32.0},{"not_picked":["bronze:CutThrough+1","bronze:Safeguard","bronze:ChosenStrike"],"picked":"SKIP","floor":36.0},{"not_picked":["bronze:WildBeam+1","bronze:BuggyMess","bronze:Optimize"],"picked":"SKIP","floor":37.0},{"not_picked":["bronze:Invalidate+1","bronze:ForceShield","bronze:WildBeam+1"],"picked":"SKIP","floor":38.0},{"not_picked":["bronze:BitShift","bronze:ChildClass","bronze:Separator"],"picked":"SKIP","floor":39.0},{"not_picked":["bronze:WhirlingStrike+1","bronze:Constructor","bronze:Deprecate"],"picked":"SKIP","floor":42.0},{"not_picked":["bronze:Safeguard+1","bronze:Virus","bronze:Shell+1"],"picked":"Singing Bowl","floor":43.0},{"not_picked":["expansioncontent:YouAreMine","Replay:SS_fish_1","expansioncontent:PolyBeam"],"picked":"Singing Bowl","floor":44.0},{"not_picked":["bronze:Assembly","bronze:FollowUp","bronze:Refactor+1"],"picked":"Singing Bowl","floor":46.0},{"not_picked":["bronze:Shield+1","bronze:ItsAFeature","bronze:OilSpill"],"picked":"Singing Bowl","floor":48.0},{"not_picked":["bronze:OilSpill+1","bronze:Shell","bronze:Repair+1"],"picked":"Singing Bowl","floor":49}],"player_experience":814731,"relics_obtained":[{"floor":5.0,"key":"Replay:Bottled Eggs"},{"floor":7.0,"key":"StrikeDummy"},{"floor":9.0,"key":"Replay:WaspNest"},{"floor":12.0,"key":"PreservedInsect"},{"floor":14.0,"key":"Grinning Jar"},{"floor":22.0,"key":"Nilry\u0027s Codex"},{"floor":23.0,"key":"Girya"},{"floor":24.0,"key":"Replay:Bottled Steam"},{"floor":28.0,"key":"Blood Vial"},{"floor":30.0,"key":"Bag of Preparation"},{"floor":43.0,"key":"Singing Bowl"},{"floor":45.0,"key":"hexamod:BolsterEngine"}],"event_choices":[{"damage_healed":23.0,"max_hp_gain":0.0,"max_hp_loss":0.0,"gold_gain":0.0,"event_name":"Big Fish","player_choice":"Banana","floor":13.0,"gold_loss":0.0,"damage_taken":0.0}],"is_beta":false,"boss_relics":[{"not_picked":["Replay:Wanted Poster","Empty Cage"],"picked":"Sozu"},{"not_picked":["Honey Jar","bronze:MakeshiftBattery","Runic Dome"]}],"items_purged_floors":[21,27],"is_endless":false,"potions_floor_spawned":[2,3,12,16,19,23,28,30,31,32,38,39,42,48],"killed_by":"IC_BLOCK_ARCHETYPE","ascension_level":2}}