{"host":"hjqq38hu34hu2seo","time":1612277225,"event":{"mods":["AchievementEnabler","BaseMod","Better Third Choice","BetterRewards","Card Forge","Colored Map","Colored Powertips","DeckTracker","Highlight Path","Infinite Spire","Marisa????????","Minty Spire (QoL Compilation)","Quick Restart","StSLib","SuperFastMode","The Servant 0.9.4"],"gold_per_floor":[111,111,126,143,143,176,176,208,208,208,208,218,233,233,233,337,337,356,356,266,280,35,35,67,67,90,110,110,110],"floor_reached":28,"language":"ENG","playtime":594,"items_purged":[],"score":246,"play_id":"6d340d45-a38b-430d-9098-373fc19b03a9","local_time":"20210203014705","is_ascension_mode":false,"campfire_choices":[{"floor":7,"key":"REST"},{"floor":10,"key":"REST"},{"floor":15,"key":"REST"},{"floor":23,"key":"REST"},{"floor":25,"key":"REST"}],"circlet_count":0,"master_deck":["Strike_B","Strike_B","Strike_B","Strike_B","Defend_B","Defend_B+1","Defend_B","Defend_B","Zap+1","Dualcast","Ball Lightning","Lockon","Electrodynamics","Hologram+1","Double Energy"],"relics":["Cracked Core","Hammer of Thor","Seething Fire","Anvil of the Gods","infinitespire:BottledMercury","Pantograph","Bottled Flame","Bird Faced Urn","SacredBark","Ornamental Fan","Darkstone Periapt","Blue Candle","Akabeko"],"acts_visited":["Exordium","TheCity"],"potions_floor_usage":[2,6,6,16,16,16,24,28,28],"damage_taken":[{"damage":1,"enemies":"Cultist","floor":1,"turns":3},{"damage":2,"enemies":"2 Louse","floor":3,"turns":3},{"damage":5,"enemies":"Jaw Worm","floor":4,"turns":4},{"damage":32,"enemies":"Gremlin Nob","floor":6,"turns":4},{"damage":30,"enemies":"3 Sentries","floor":8,"turns":6},{"damage":10,"enemies":"Exordium Thugs","floor":12,"turns":3},{"damage":13,"enemies":"Red Slaver","floor":13,"turns":2},{"damage":39,"enemies":"The Guardian","floor":16,"turns":8},{"damage":30,"enemies":"2 Thieves","floor":18,"turns":4},{"damage":10,"enemies":"3 Byrds","floor":21,"turns":3},{"damage":60,"enemies":"Nightmare","floor":24,"turns":9},{"damage":24,"enemies":"Cultist and Chosen","floor":27,"turns":5},{"damage":16,"enemies":"Book of Stabbing","floor":28,"turns":3}],"seed_played":"2393290194381917744","potions_obtained":[{"floor":1,"key":"Energy Potion"},{"floor":2,"key":"FearPotion"},{"floor":2,"key":"Fruit Juice"},{"floor":2,"key":"DistilledChaos"},{"floor":8,"key":"BlessingOfTheForge"},{"floor":12,"key":"Strength Potion"},{"floor":13,"key":"ColorlessPotion"},{"floor":21,"key":"LiquidMemories"},{"floor":24,"key":"Ancient Potion"},{"floor":27,"key":"Swift Potion"}],"is_trial":false,"path_per_floor":["M","?","M","M","?","E","R","E","T","R","T","M","M","$","R","B",null,"M","T","?","M","$","R","NM","R","T","M","E"],"character_chosen":"DEFECT","items_purchased":["Darkstone Periapt"],"campfire_rested":5,"item_purchase_floors":[22],"current_hp_per_floor":[74,79,77,72,72,40,64,34,34,58,58,48,35,35,59,41,80,50,50,50,42,42,66,6,30,30,8,0,0],"gold":110,"neow_bonus":"UPGRADE_CARD","is_daily":false,"chose_seed":false,"campfire_upgraded":0,"win_rate":0.0,"timestamp":1612277225,"path_taken":["M","?","M","?","?","E","R","E","T","R","?","?","M","?","R","BOSS","M","?","?","M","$","R","NM","R","T","?","E"],"items_purchased_type":["Relic"],"build_version":"2020-12-22","purchased_purges":0,"victory":false,"max_hp_per_floor":[75,80,80,80,80,80,80,80,80,80,80,80,80,80,80,80,80,80,80,80,80,80,80,80,80,80,80,80,80],"card_choices":[{"not_picked":["Steam Power","Hologram","Reinforced Body"],"picked":"SKIP","floor":1},{"not_picked":["BootSequence","Redo","Sweeping Beam"],"picked":"SKIP","floor":3},{"not_picked":["Auto Shields","Coolheaded","Turbo"],"picked":"SKIP","floor":4},{"not_picked":["Barrage","Gash"],"picked":"Ball Lightning","floor":6},{"not_picked":["Gash","Stack"],"picked":"Lockon","floor":8},{"not_picked":["Hyperbeam","Consume"],"picked":"Coolheaded","floor":12},{"not_picked":["Sunder","Stack","Go for the Eyes"],"picked":"SKIP","floor":13},{"not_picked":["Reboot","Seek"],"picked":"Electrodynamics","floor":16},{"not_picked":["Streamline","Coolheaded"],"picked":"Hologram+1","floor":18},{"not_picked":["Cold Snap","Streamline"],"picked":"Double Energy","floor":21},{"not_picked":["Hologram","Echo Form","Blizzard"],"picked":"SKIP","floor":24},{"not_picked":["Hello World","Fusion","Cold Snap"],"picked":"SKIP","floor":27}],"player_experience":245741,"relics_obtained":[{"floor":6,"key":"infinitespire:BottledMercury"},{"floor":8,"key":"Pantograph"},{"floor":9,"key":"Bottled Flame"},{"floor":11,"key":"Bird Faced Urn"},{"floor":19,"key":"Ornamental Fan"},{"floor":24,"key":"Blue Candle"},{"floor":26,"key":"Akabeko"}],"event_choices":[{"damage_healed":0,"gold_gain":0,"player_choice":"Got Potions","damage_taken":0,"max_hp_gain":0,"max_hp_loss":0,"event_name":"Lab","floor":2,"gold_loss":0},{"cards_removed":["Coolheaded"],"damage_healed":0,"gold_gain":0,"player_choice":"Upgrade and Remove","damage_taken":0,"max_hp_gain":0,"max_hp_loss":0,"event_name":"Designer","floor":20,"gold_loss":90,"cards_upgraded":["Defend_B"]}],"is_beta":false,"boss_relics":[{"not_picked":["Cursed Key","Snecko Eye"],"picked":"SacredBark"}],"items_purged_floors":[],"is_endless":true,"potions_floor_spawned":[1,8,12,13,21,24,27],"killed_by":"Book of Stabbing","ascension_level":0}}