{"host":"bg8va46pgqgvtzim","time":1612257096,"event":{"mods":["BaseMod","Minty Spire (QoL Compilation)","Quick Restart","StSLib","SuperFastMode"],"gold_per_floor":[113,128,78,95,111,36,36,36,49,64,94,94,121,121,121,21,38,58,58,69,69,170,170,185,204,215,233,253,263,263,297,297,297,325,396,396,427,454,454,454],"floor_reached":39,"language":"ZHS","playtime":806,"items_purged":["Defend_P","Strike_P"],"score":362,"play_id":"b6e2f9c4-c33e-4ee0-8168-77b04db84cba","local_time":"20210202171136","is_ascension_mode":true,"campfire_choices":[{"data":"SandsOfTime","floor":7.0,"key":"SMITH"},{"data":"Pray","floor":14.0,"key":"SMITH"},{"data":"Prostrate","floor":19.0,"key":"SMITH"},{"data":"Meditate","floor":21.0,"key":"SMITH"},{"floor":30.0,"key":"REST"},{"data":"Collect","floor":33.0,"key":"SMITH"},{"floor":36.0,"key":"REST"}],"circlet_count":0,"master_deck":["Strike_P","Strike_P","Defend_P","Defend_P","Eruption+1","Vigilance","Prostrate+1","BowlingBash+1","SandsOfTime+1","Pray+1","Meditate+1","Devotion","BattleHymn","Collect+1","EmptyMind","Brilliance","Establishment","Evaluate","Sanctity","DevaForm","Protect+1"],"relics":["PureWater","StrikeDummy","Shuriken","Oddly Smooth Stone","Runic Pyramid","Mango","Nilry\u0027s Codex","Smiling Mask","Matryoshka","Incense Burner","Red Mask"],"acts_visited":["Exordium","TheCity"],"potions_floor_usage":[38],"damage_taken":[{"damage":0.0,"enemies":"Cultist","floor":1.0,"turns":3.0},{"damage":0.0,"enemies":"2 Louse","floor":2.0,"turns":4.0},{"damage":0.0,"enemies":"Small Slimes","floor":4.0,"turns":3.0},{"damage":4.0,"enemies":"Gremlin Gang","floor":5.0,"turns":4.0},{"damage":0.0,"enemies":"Blue Slaver","floor":9.0,"turns":1.0},{"damage":7.0,"enemies":"Large Slime","floor":10.0,"turns":3.0},{"damage":2.0,"enemies":"Gremlin Nob","floor":11.0,"turns":3.0},{"damage":0.0,"enemies":"2 Fungi Beasts","floor":17.0,"turns":3.0},{"damage":7.0,"enemies":"Blue Slaver","floor":18.0,"turns":3.0},{"damage":1.0,"enemies":"Exordium Wildlife","floor":20.0,"turns":3.0},{"damage":23.0,"enemies":"The Guardian","floor":22.0,"turns":4.0},{"damage":12.0,"enemies":"Shell Parasite","floor":24.0,"turns":4.0},{"damage":1.0,"enemies":"Chosen","floor":25.0,"turns":3.0},{"damage":8.0,"enemies":"Centurion and Healer","floor":26.0,"turns":3.0},{"damage":6.0,"enemies":"Sentry and Sphere","floor":27.0,"turns":3.0},{"damage":10.0,"enemies":"Cultist and Chosen","floor":28.0,"turns":3.0},{"damage":24.0,"enemies":"Shelled Parasite and Fungi","floor":29.0,"turns":3.0},{"damage":22.0,"enemies":"Gremlin Leader","floor":31.0,"turns":3.0},{"damage":11.0,"enemies":"Book of Stabbing","floor":34.0,"turns":3.0},{"damage":24.0,"enemies":"Slavers","floor":37.0,"turns":4.0},{"damage":6,"enemies":"Masked Bandits","floor":38,"turns":3},{"damage":0,"enemies":"Centurion and Healer","floor":39,"turns":1}],"seed_played":"-1362618053277549329","potions_obtained":[{"floor":2.0,"key":"Energy Potion"},{"floor":4.0,"key":"LiquidBronze"},{"floor":10.0,"key":"ColorlessPotion"},{"floor":20.0,"key":"DuplicationPotion"},{"floor":24.0,"key":"Block Potion"},{"floor":27.0,"key":"DuplicationPotion"},{"floor":28.0,"key":"Regen Potion"},{"floor":34.0,"key":"StancePotion"}],"is_trial":false,"path_per_floor":["M","M","?","M","M","$","R","?","M","M","E","T","T","R","?","$","M","M","R","M","R","B",null,"M","M","M","M","M","M","R","E","?","R","E","T","R","E","?","M"],"character_chosen":"WATCHER","items_purchased":[],"campfire_rested":2,"item_purchase_floors":[],"current_hp_per_floor":[72,72,72,72,68,68,68,68,68,61,59,59,59,59,59,59,59,52,52,51,51,28,72,60,59,51,45,35,20,41,33,17,17,6,6,31,7,1,1,1],"gold":454,"neow_bonus":"UPGRADE_CARD","is_daily":false,"chose_seed":false,"campfire_upgraded":5,"win_rate":0.0,"timestamp":1612257096,"path_taken":["M","M","?","M","M","$","R","?","M","?","E","T","T","R","?","$","M","M","R","M","R","BOSS","M","M","M","?","M","M","R","E","?","R","E","T","R","E","?","M"],"items_purchased_type":[],"build_version":"2020-12-22","purchased_purges":2,"victory":false,"max_hp_per_floor":[72,72,72,72,72,72,72,72,72,72,72,72,72,72,72,72,72,72,72,72,72,72,72,72,72,72,72,72,72,72,86,86,86,86,86,86,86,86,86,86],"card_choices":[{"not_picked":["Wireheading","Protect"],"picked":"Prostrate","floor":1.0},{"not_picked":["WindmillStrike","EmptyFist"],"picked":"BowlingBash","floor":2.0},{"not_picked":["Protect","SashWhip"],"picked":"SandsOfTime","floor":4.0},{"not_picked":["ForeignInfluence","InnerPeace"],"picked":"Pray","floor":5.0},{"not_picked":["Evaluate","JustLucky","CutThroughFate"],"picked":"SKIP","floor":9.0},{"not_picked":["WaveOfTheHand","WheelKick"],"picked":"Meditate","floor":10.0},{"not_picked":["Judgement","CrushJoints"],"picked":"Devotion","floor":11.0},{"not_picked":["SashWhip","Consecrate"],"picked":"BattleHymn","floor":17.0},{"not_picked":["Conclude","CrushJoints"],"picked":"Collect","floor":18.0},{"not_picked":["Evaluate","DeceiveReality"],"picked":"EmptyMind","floor":20.0},{"not_picked":["Devotion","ConjureBlade"],"picked":"Brilliance","floor":22.0},{"not_picked":["EmptyFist","Swivel+1","CutThroughFate"],"picked":"SKIP","floor":24.0},{"not_picked":["SashWhip","BowlingBash","ClearTheMind"],"picked":"SKIP","floor":25.0},{"not_picked":["Wireheading+1","ClearTheMind","CrushJoints"],"picked":"SKIP","floor":26.0},{"not_picked":["Consecrate","Prostrate"],"picked":"Establishment","floor":27.0},{"not_picked":["BowlingBash+1","EmptyMind","EmptyBody"],"picked":"SKIP","floor":28.0},{"not_picked":["BowlingBash","InnerPeace"],"picked":"Evaluate","floor":29.0},{"not_picked":["ClearTheMind+1","SandsOfTime","JustLucky+1"],"picked":"SKIP","floor":31.0},{"not_picked":["ForeignInfluence","Swivel"],"picked":"Sanctity","floor":34.0},{"not_picked":["Worship","EmptyFist+1"],"picked":"DevaForm","floor":37.0},{"not_picked":["EmptyBody","SandsOfTime"],"picked":"Protect+1","floor":38}],"player_experience":2363128,"relics_obtained":[{"floor":11.0,"key":"StrikeDummy"},{"floor":12.0,"key":"Shuriken"},{"floor":13.0,"key":"Oddly Smooth Stone"},{"floor":31.0,"key":"Mango"},{"floor":32.0,"key":"Nilry\u0027s Codex"},{"floor":34.0,"key":"Smiling Mask"},{"floor":35.0,"key":"Matryoshka"},{"floor":37.0,"key":"Incense Burner"},{"floor":38,"key":"Red Mask"}],"event_choices":[{"cards_removed":["Defend_P"],"damage_healed":0.0,"max_hp_gain":0.0,"max_hp_loss":0.0,"gold_gain":0.0,"event_name":"The Cleric","player_choice":"Card Removal","floor":3.0,"gold_loss":50.0,"damage_taken":0.0},{"damage_healed":0.0,"max_hp_gain":0.0,"max_hp_loss":0.0,"gold_gain":0.0,"event_name":"Upgrade Shrine","player_choice":"Upgraded","floor":8.0,"gold_loss":0.0,"damage_taken":0.0,"cards_upgraded":["BowlingBash"]},{"cards_removed":["Strike_P"],"damage_healed":0.0,"max_hp_gain":0.0,"max_hp_loss":0.0,"gold_gain":0.0,"event_name":"Wheel of Change","player_choice":"Card Removal","floor":15.0,"gold_loss":0.0,"damage_taken":0.0},{"damage_healed":0.0,"max_hp_gain":0.0,"max_hp_loss":0.0,"gold_gain":0.0,"event_name":"Cursed Tome","player_choice":"Obtained Book","floor":32.0,"gold_loss":0.0,"damage_taken":16.0},{"damage_healed":0,"gold_gain":0,"player_choice":"Fought Bandits","damage_taken":0,"max_hp_gain":0,"max_hp_loss":0,"event_name":"Masked Bandits","floor":38,"gold_loss":0}],"is_beta":false,"boss_relics":[{"not_picked":["Coffee Dripper","Sozu"],"picked":"Runic Pyramid"}],"items_purged_floors":[6,16],"is_endless":false,"potions_floor_spawned":[2,4,10,11,20,24,25,27,28,34],"killed_by":"Centurion and Healer","ascension_level":1}}