{"host":"5spr8tig1ba228ju","time":1612282118,"event":{"mods":["Arknights","BaseMod","Bestiary","Colored Map","Colored Powertips","Curses Come First","Energized Spire","Highlight Path","Hubris","Minty Spire (QoL Compilation)","Quick Restart","Relic Stats","Reliquary","Replay The Spire","Shop Mod","Spicy Shops","StSLib","SuperFastMode","The Jungle","¡¾ÒÅÎï¿¨ÅÆ¡¿REMEMod"],"gold_per_floor":[117,192,192,204,215,247,247,266,266,283,144,144,144,162,162,258,258,272,39,253,253,253,253,281,52,52,69,61,61,61,61,61,160,160,375,375,375,394,414,414,314,314,314,314,169,169,201,206,206,6],"floor_reached":51,"language":"ZHS","playtime":4233,"items_purged":["hubris:Despair","hubris:Compulsion","Doubt"],"score":789,"play_id":"08938edf-1cbe-4094-8493-692780fec95b","local_time":"20210203000838","is_ascension_mode":false,"campfire_choices":[{"data":"ats:Soul Rend","floor":7.0,"key":"SMITH"},{"floor":13.0,"key":"REST"},{"data":"ats:Composite Medical Shells","floor":23.0,"key":"SMITH"},{"data":"ats:Part Time Job","floor":30.0,"key":"SMITH"},{"data":"ats:Red Shift","floor":32.0,"key":"SMITH"},{"data":"hubris:EnhanceAbility","floor":40.0,"key":"SMITH"},{"data":"ats:Dogmatic Field","floor":44.0,"key":"SMITH"},{"data":"REME_PuzzleBox","floor":49,"key":"SMITH"}],"circlet_count":0,"master_deck":["ats:Strike G","ats:Armor Crushing Shot","ats:Defend","ats:Defend","ats:Defend","ats:Defend","ats:Emotion Absorption","REME_ProfessionalPlagiarism+1","ats:Closed Bolt Burst Fire","ats:Poison Spread","ats:Shell Defense","ats:Shadow Raid","ats:Soul Rend+1","ats:Chain Hook","ats:Cat Scratch","ats:Healing Drone","ats:Healing Drone","ats:Composite Medical Shells+1","ats:Red Shift+1","ats:Cat Scratch","ats:Healing Drone","ats:Soul Rend+1","ats:Blood Oath","ats:Healing Drone","ats:True Silver Slash+1","ats:Collapsing Strike+1","ats:Charging Defense","ats:Part Time Job+1","ats:Dogmatic Field+1","ats:Shell Defense+1","Madness","Madness","hubris:EnhanceAbility+1","ats:Counter Healing Mode+1","ats:Absolute Focus+1","ats:Support Order+1","ats:Shell Defense+1","ats:Sashimi Platter","ats:Guard Mode+1","Jack Of All Trades","REME_PuzzleBox+1","Chrysalis","Trip","REME_TwoStrings","ats:Encircling Forest+1"],"relics":["ats:Sanity","REME_ComplimentaryCards","NeowsBlessing","ats:Originium","Snack Pack","hubris:GlazedTorus","REME_DemonsWealth","Guide Book","Prayer Wheel","hubris:BundleOfHerbs","theJungle:BirthdayCakeSlice","Centennial Puzzle","ClockworkSouvenir","hubris:CuriousFeather","theJungle:WildMango","energizedSpire:EnergizedDie","hubris:NiceRug","ReplayTheSpireMod:TigerMarble","hubris:DeckOfHolding","ReplayTheSpireMod:ShopPack","reliquary:RoseTintedGlasses","StrikeDummy","REME_OnlineShoppingPlatform","Torii","reliquary:Knoch"],"acts_visited":["Exordium","Exordium","TheBeyond"],"potions_floor_usage":[45,45,48,50,50,50,50,50,50,50,50,50,50],"damage_taken":[{"damage":0.0,"enemies":"Cultist","floor":1.0,"turns":2.0},{"damage":0.0,"enemies":"2 Louse","floor":4.0,"turns":1.0},{"damage":0.0,"enemies":"Small Slimes","floor":5.0,"turns":1.0},{"damage":46.0,"enemies":"3 Sentries","floor":6.0,"turns":21.0},{"damage":15.0,"enemies":"Exordium Wildlife","floor":8.0,"turns":6.0},{"damage":15.0,"enemies":"Exordium Thugs","floor":10.0,"turns":5.0},{"damage":12.0,"enemies":"3 Louse","floor":14.0,"turns":5.0},{"damage":39.0,"enemies":"Fading Forest","floor":16.0,"turns":11.0},{"damage":25.0,"enemies":"theJungle:5_Spyders","floor":18.0,"turns":8.0},{"damage":46.0,"enemies":"Shell Parasite","floor":20.0,"turns":7.0},{"damage":75.0,"enemies":"theJungle:MamaSnecko","floor":24.0,"turns":7.0},{"damage":28.0,"enemies":"theJungle:Lyon","floor":27.0,"turns":4.0},{"damage":59.0,"enemies":"theJungle:FunGuy","floor":33.0,"turns":8.0},{"damage":29.0,"enemies":"3 Darklings","floor":35.0,"turns":4.0},{"damage":20.0,"enemies":"Orb Walker","floor":38.0,"turns":3.0},{"damage":36.0,"enemies":"Jaw Worm Horde","floor":39.0,"turns":3.0},{"damage":110,"enemies":"hubris:Merchant","floor":45,"turns":6},{"damage":56,"enemies":"Giant Head","floor":48,"turns":9},{"damage":43,"enemies":"Time Eater","floor":50,"turns":8}],"seed_played":"-6939132149332892932","potions_obtained":[{"floor":4.0,"key":"SkillPotion"},{"floor":8.0,"key":"DuplicationPotion"},{"floor":10.0,"key":"Elixir"},{"floor":14.0,"key":"SteroidPotion"},{"floor":27.0,"key":"PowerPotion"},{"floor":39.0,"key":"Ancient Potion"}],"is_trial":false,"path_per_floor":["M","?","?","M","M","E","R","M","T","M","$","?","R","M","R_BF","B",null,"M","$","M","T","?","R","E","$","T","M","$","?","R","?","R","B",null,"M","?","?","M","M","R","$","?","T","R","$","E","?","E","R","B",null],"character_chosen":"DOCTOR_CLASS","items_purchased":["ats:Healing Drone","ats:Composite Medical Shells","Guide Book","Prayer Wheel","ClockworkSouvenir","ats:Part Time Job"],"campfire_rested":1,"item_purchase_floors":[11,11,19,19,25,28],"current_hp_per_floor":[72,61,61,61,61,30,30,20,20,22,22,22,43,43,43,64,72,72,72,68,68,73,73,29,29,29,52,52,66,66,66,66,91,91,91,80,80,85,55,55,55,91,91,91,33,33,33,96,96,96],"gold":6,"neow_bonus":"THREE_ENEMY_KILL","is_daily":false,"chose_seed":false,"campfire_upgraded":7,"win_rate":0.0,"timestamp":1612282118,"path_taken":["M","?","?","M","?","E","R","M","T","M","$","?","R","M","R_BF","BOSS","M","?","?","?","?","R","E","$","T","M","?","?","R","?","R","BOSS","M","?","?","M","M","R","$","?","T","R","$","E","?","E","R","BOSS"],"items_purchased_type":["Card","Card","Relic","Relic","Relic","Card"],"build_version":"2020-12-22","purchased_purges":3,"victory":true,"max_hp_per_floor":[72,72,72,72,72,72,72,72,72,72,72,72,72,72,72,72,72,72,72,72,72,77,77,77,77,77,77,77,91,91,91,91,91,91,91,91,91,91,91,91,91,91,91,91,96,96,96,96,96,96],"relic_stats":{"Centennial Puzzle":[24],"Torii":3,"counters":[19,119],"Prayer Wheel":5,"obtain_stats":[{"Torii":47,"ClockworkSouvenir":25,"REME_DemonsWealth":17,"Centennial Puzzle":24,"theJungle:BirthdayCakeSlice":22,"Prayer Wheel":19,"hubris:DeckOfHolding":45,"hubris:CuriousFeather":26,"reliquary:RoseTintedGlasses":45,"ats:Sanity":0,"theJungle:WildMango":29,"REME_OnlineShoppingPlatform":45,"hubris:GlazedTorus":9,"NeowsBlessing":0,"Guide Book":19,"energizedSpire:EnergizedDie":34,"ats:Originium":6,"hubris:BundleOfHerbs":21,"Snack Pack":6,"ReplayTheSpireMod:TigerMarble":45,"reliquary:Knoch":48,"StrikeDummy":45,"REME_ComplimentaryCards":0,"hubris:NiceRug":45,"ReplayTheSpireMod:ShopPack":45},{"Torii":17,"ClockworkSouvenir":11,"REME_DemonsWealth":8,"Centennial Puzzle":11,"theJungle:BirthdayCakeSlice":10,"Prayer Wheel":9,"hubris:DeckOfHolding":17,"hubris:CuriousFeather":11,"reliquary:RoseTintedGlasses":17,"ats:Sanity":0,"theJungle:WildMango":12,"REME_OnlineShoppingPlatform":17,"hubris:GlazedTorus":5,"NeowsBlessing":0,"Guide Book":9,"energizedSpire:EnergizedDie":13,"ats:Originium":4,"hubris:BundleOfHerbs":10,"Snack Pack":4,"ReplayTheSpireMod:TigerMarble":17,"reliquary:Knoch":18,"StrikeDummy":17,"REME_ComplimentaryCards":0,"hubris:NiceRug":17,"ReplayTheSpireMod:ShopPack":17},{"Torii":102,"ClockworkSouvenir":74,"REME_DemonsWealth":52,"Centennial Puzzle":74,"theJungle:BirthdayCakeSlice":67,"Prayer Wheel":60,"hubris:DeckOfHolding":102,"hubris:CuriousFeather":74,"reliquary:RoseTintedGlasses":102,"ats:Sanity":0,"theJungle:WildMango":78,"REME_OnlineShoppingPlatform":102,"hubris:GlazedTorus":31,"NeowsBlessing":0,"Guide Book":60,"energizedSpire:EnergizedDie":86,"ats:Originium":25,"hubris:BundleOfHerbs":67,"Snack Pack":25,"ReplayTheSpireMod:TigerMarble":102,"reliquary:Knoch":111,"StrikeDummy":102,"REME_ComplimentaryCards":0,"hubris:NiceRug":102,"ReplayTheSpireMod:ShopPack":102}]},"card_choices":[{"not_picked":["ats:Absolute Focus","ats:Explosion Area Strengthen"],"picked":"ats:Closed Bolt Burst Fire","floor":1.0},{"not_picked":["ats:Ignite","ats:Absolute Focus"],"picked":"ats:Shell Defense","floor":4.0},{"not_picked":["ats:Consecutive Shot Auto","ats:Healing Strengthening"],"picked":"ats:Shadow Raid","floor":5.0},{"not_picked":["ats:Hook Shot","ats:Steam Pump"],"picked":"ats:Soul Rend","floor":6.0},{"not_picked":["ats:Flexible Camouflage","ats:Ignite"],"picked":"ats:Chain Hook","floor":8.0},{"not_picked":["ats:Guardian Obelisk","ats:Poison Spread"],"picked":"ats:Cat Scratch","floor":10.0},{"not_picked":["ats:Explosion Area Strengthen","ats:Flexible Camouflage"],"picked":"ats:Cat Scratch","floor":14.0},{"not_picked":["ats:Fractured Body","ats:Calcification"],"picked":"ats:Soul Rend","floor":16.0},{"not_picked":["ats:Defend Order","ats:Very Hot Blade","Delirium"],"picked":"ats:Blood Oath","floor":18.0},{"not_picked":["ats:Counter Healing Mode","ats:Assault Order","Amnesia"],"picked":"ats:Healing Drone","floor":20.0},{"not_picked":["ats:Revitalization","ats:Closed Bolt Burst Fire","ats:Consecutive Shot Auto"],"picked":"hubris:Despair","floor":20.0},{"not_picked":["ats:Flexible Camouflage","ats:Powerful Strike","Voices"],"picked":"ats:True Silver Slash","floor":24.0},{"not_picked":["ats:Leaping Hammer","ats:Blood Oath","Replay:Hysterical Blindness"],"picked":"ats:Collapsing Strike+1","floor":27.0},{"not_picked":["ats:Sashimi Platter","ats:Blood Oath","Shame"],"picked":"ats:Charging Defense","floor":27.0},{"not_picked":["ats:Roar Of Ursus","ats:Calcification","ReplayTheSpireMod:Splinters"],"picked":"ats:Dogmatic Field","floor":33.0},{"not_picked":["ats:Flexible Camouflage","ats:Mental Burst","Decay"],"picked":"ats:Shell Defense+1","floor":35.0},{"not_picked":["ats:Very Hot Blade+1","ats:Ignite","ats:Apocalypse"],"picked":"hubris:Compulsion","floor":35.0},{"not_picked":["Good Instincts","Replay:BasicMightCard"],"picked":"hubris:EnhanceAbility","floor":37.0},{"not_picked":["ats:Absolute Focus","ats:Shell Defense","hubris:Greed"],"picked":"ats:Counter Healing Mode+1","floor":38.0},{"not_picked":["ats:Magnetic Hammer","ats:Assault Order","Writhe"],"picked":"ats:Absolute Focus+1","floor":38.0},{"not_picked":["ats:Flexible Camouflage+1","ats:Ignite+1","Normality"],"picked":"ats:Support Order+1","floor":39.0},{"not_picked":["ats:Powerful Strike+1","ats:Explosion Area Strengthen+1","hubris:Despair"],"picked":"ats:Shell Defense+1","floor":39.0},{"not_picked":[],"picked":"ats:Sashimi Platter","floor":45},{"not_picked":[],"picked":"ats:Guard Mode+1","floor":45},{"not_picked":[],"picked":"Jack Of All Trades","floor":45},{"not_picked":[],"picked":"REME_PuzzleBox","floor":45},{"not_picked":["ats:Chain Hook"],"picked":"SKIP","floor":45},{"not_picked":["ats:Flame Of Heaven"],"picked":"SKIP","floor":45},{"not_picked":["ats:Ambush"],"picked":"SKIP","floor":45},{"not_picked":["REME_ProfessionalPlagiarism","Secret Technique","Panache"],"picked":"Chrysalis","floor":46},{"not_picked":["Impatience","hubris:Ssssneak","Madness"],"picked":"Trip","floor":46},{"not_picked":["ReplayTheSpireMod:Trickstab","Panacea","ReplayTheSpireMod:Uncanny Aura"],"picked":"REME_TwoStrings","floor":46},{"not_picked":["ats:Overload+1","ats:Blood Oath","ReplayTheSpireMod:Faulty Equipment"],"picked":"ats:Encircling Forest+1","floor":47},{"not_picked":["ats:Defend Order","ats:Absolute Focus+1","ats:Ignite","hubris:Gluttony"],"picked":"SKIP","floor":48}],"player_experience":624642,"relics_obtained":[{"floor":6.0,"key":"ats:Originium"},{"floor":6.0,"key":"Snack Pack"},{"floor":9.0,"key":"hubris:GlazedTorus"},{"floor":21.0,"key":"hubris:BundleOfHerbs"},{"floor":24.0,"key":"ats:Originium"},{"floor":24.0,"key":"Centennial Puzzle"},{"floor":26.0,"key":"hubris:CuriousFeather"},{"floor":45,"key":"ReplayTheSpireMod:TigerMarble"},{"floor":45,"key":"hubris:DeckOfHolding"},{"floor":45,"key":"ReplayTheSpireMod:ShopPack"},{"floor":45,"key":"reliquary:RoseTintedGlasses"},{"floor":45,"key":"StrikeDummy"},{"floor":45,"key":"REME_OnlineShoppingPlatform"},{"floor":47,"key":"Torii"},{"floor":48,"key":"ats:Originium"},{"floor":48,"key":"reliquary:Knoch"}],"event_choices":[{"damage_healed":0.0,"max_hp_gain":0.0,"max_hp_loss":0.0,"gold_gain":75.0,"event_name":"World of Goop","player_choice":"Gather Gold","floor":2.0,"gold_loss":0.0,"damage_taken":11.0},{"damage_healed":0.0,"max_hp_gain":0.0,"max_hp_loss":0.0,"gold_gain":0.0,"cards_transformed":["ats:Strike C"],"event_name":"Transmorgrifier","player_choice":"Transformed","floor":3.0,"gold_loss":0.0,"damage_taken":0.0,"cards_obtained":["ats:Poison Spread"]},{"damage_healed":0.0,"max_hp_gain":0.0,"max_hp_loss":0.0,"gold_gain":0.0,"cards_transformed":["ats:Strike S"],"event_name":"Transmorgrifier","player_choice":"Transformed","floor":12.0,"gold_loss":0.0,"damage_taken":0.0,"cards_obtained":["ats:Red Shift"]},{"damage_healed":0.0,"max_hp_gain":0.0,"max_hp_loss":0.0,"gold_gain":0.0,"event_name":"Winding Halls","player_choice":"Embrace Madness","floor":36.0,"gold_loss":0.0,"damage_taken":11.0,"cards_obtained":["Madness","Madness"]},{"damage_healed":0.0,"max_hp_gain":0.0,"max_hp_loss":0.0,"gold_gain":0.0,"event_name":"SensoryStone","player_choice":"Memory 1","floor":37.0,"gold_loss":0.0,"damage_taken":0.0},{"damage_healed":36.0,"max_hp_gain":0.0,"max_hp_loss":0.0,"gold_gain":0.0,"event_name":"MindBloom","player_choice":"Heal","floor":42.0,"gold_loss":0.0,"damage_taken":0.0,"cards_obtained":["Doubt"]}],"is_beta":false,"boss_relics":[{"not_picked":["Snecko Eye","Replay:Drink Me"],"picked":"REME_DemonsWealth"},{"not_picked":["Honey Jar","Pandora\u0027s Box"],"picked":"energizedSpire:EnergizedDie"}],"items_purged_floors":[25,41,45],"is_endless":false,"potions_floor_spawned":[4,8,10,14,20,27,39],"ascension_level":0}}