{"host":"uceopoba4zvqsgiy","time":1612245121,"event":{"mods":["Act Like it!","BaseMod","Better Skull","Better Third Choice","Elementarium","Evolution","GifTheSpireLib","Hermit","Humility","Infinite Spire","Jorbs\u0027s Wanderer Trilogy","Marked Mod","Minty Spire (QoL Compilation)","Potionbrewer","Reliquary","Replay The Spire","Robot Space Explorer","Shade Mod","Spicy Shops","StS++","StSLib","Stuff the Spire","The Blue Laboratory","The Caster","The Cursed","The Dragon Tamer","The Hierophant","The Jungle","TheSurvivalist","Wandering Minibosses"],"gold_per_floor":[369,369,379,379,391,420,420,453,453,465,9,66,66,97,97,202,202,220,220,220,220],"floor_reached":20,"language":"ENG","playtime":2067,"items_purged":[],"score":272,"play_id":"5a806852-bd45-42dc-a7e3-398d10e30001","local_time":"20210202162201","is_ascension_mode":true,"campfire_choices":[{"floor":7.0,"key":"REST"},{"floor":13.0,"key":"REST"},{"floor":15.0,"key":"REST"}],"circlet_count":0,"master_deck":["Poisoned Stab","Poisoned Stab","Poisoned Stab","Poisoned Stab","Poisoned Stab","Cloak And Dagger","Cloak And Dagger","Defend_G","Defend_G","Defend_G","Survivor","Neutralize","Replay:Hysterical Blindness","Footwork+1","Deadly Poison","Deadly Poison","infinitespire:Neurotoxin","Crippling Poison","StuffTheSpire:CuriosityCurse"],"relics":["Ring of the Snake","EVO:Axolotl","CultistMask","Tough Bandages","StuffTheSpire:PointBlank","reliquary:Knoch","Snake Skull","Dead Branch","reliquary:Firecrackers","Orichalcum","StSpp:PileOfSugar","Sundial"],"acts_visited":["Exordium","TheCity"],"potions_floor_usage":[20,20,20],"damage_taken":[{"damage":0.0,"enemies":"2 Louse","floor":1.0,"turns":2.0},{"damage":0.0,"enemies":"Cultist","floor":3.0,"turns":2.0},{"damage":7.0,"enemies":"Jaw Worm","floor":5.0,"turns":3.0},{"damage":39.0,"enemies":"3 Sentries","floor":6.0,"turns":15.0},{"damage":3.0,"enemies":"Lagavulin","floor":8.0,"turns":5.0},{"damage":3.0,"enemies":"2 Fungi Beasts","floor":10.0,"turns":3.0},{"damage":15.0,"enemies":"3 Sentries","floor":12.0,"turns":8.0},{"damage":16.0,"enemies":"Gremlin Nob","floor":14.0,"turns":3.0},{"damage":39.0,"enemies":"Fading Forest","floor":16.0,"turns":11.0},{"damage":6.0,"enemies":"Chosen","floor":18.0,"turns":2.0},{"damage":68,"enemies":"Masked Bandits","floor":20,"turns":3}],"seed_played":"-939273406862469049","potions_obtained":[{"floor":3.0,"key":"Swift Potion"},{"floor":6.0,"key":"blueLaboratory:BlinkPotion"},{"floor":10.0,"key":"blueLaboratory:ArtificerPotion"},{"floor":12.0,"key":"AttackPotion"},{"floor":16.0,"key":"SteroidPotion"},{"floor":18.0,"key":"potionbrewer:BoundlessPotion"}],"is_trial":false,"path_per_floor":["M","?","M","?","M","E","R","E","T","M","$","?","R","E","R","B",null,"M","?","?"],"character_chosen":"THE_SILENT","items_purchased":["Snake Skull","Dead Branch"],"campfire_rested":3,"item_purchase_floors":[11,11],"current_hp_per_floor":[63,63,63,63,56,17,38,35,35,32,32,17,38,22,43,4,54,48,48,0,0],"gold":220,"neow_bonus":"TWO_FIFTY_GOLD","is_daily":false,"chose_seed":false,"campfire_upgraded":0,"win_rate":0.0,"timestamp":1612245121,"path_taken":["M","?","?","?","M","E","R","E","T","M","$","?","R","E","R","BOSS","M","?","?"],"items_purchased_type":["Relic","Relic"],"build_version":"2020-12-22","purchased_purges":0,"victory":false,"max_hp_per_floor":[70,70,70,70,70,70,70,70,70,70,70,70,70,70,70,70,70,70,70,70,70],"card_choices":[{"not_picked":["Deflect","Blade Dance","StuffTheSpire:ClusterCrunch"],"picked":"SKIP","floor":1.0},{"not_picked":["StSpp:SpareBlade","Hidden Blade"],"picked":"Footwork","floor":3.0},{"not_picked":["Flechettes","Cloak And Dagger","Acrobatics"],"picked":"SKIP","floor":5.0},{"not_picked":["Slice","Outmaneuver"],"picked":"Deadly Poison","floor":6.0},{"not_picked":["StuffTheSpire:Sprint","Bane","Deflect"],"picked":"SKIP","floor":8.0},{"not_picked":["Deadly Poison","Underhanded Strike","Grand Finale"],"picked":"SKIP","floor":10.0},{"not_picked":["StSpp:Dive","Deflect"],"picked":"Deadly Poison","floor":14.0},{"not_picked":["StSpp:SwitchWeapon","StSpp:AbandonFlesh"],"picked":"infinitespire:Neurotoxin","floor":16.0},{"not_picked":["Flechettes","StSpp:CorrosivePoison+1"],"picked":"Crippling Poison","floor":18.0}],"player_experience":1464396,"relics_obtained":[{"floor":6.0,"key":"reliquary:FerryPass"},{"floor":8.0,"key":"Tough Bandages"},{"floor":8.0,"key":"StuffTheSpire:PointBlank"},{"floor":9.0,"key":"reliquary:Knoch"},{"floor":14.0,"key":"Orichalcum"}],"event_choices":[{"damage_healed":0.0,"max_hp_gain":0.0,"max_hp_loss":0.0,"gold_gain":0.0,"event_name":"FaceTrader","player_choice":"Trade","floor":2.0,"gold_loss":0.0,"damage_taken":0.0,"relics_obtained":["CultistMask"]},{"damage_healed":0.0,"max_hp_gain":0.0,"max_hp_loss":0.0,"gold_gain":0.0,"event_name":"Living Wall","player_choice":"Grow","floor":4.0,"gold_loss":0.0,"damage_taken":0.0,"cards_upgraded":["Footwork"]},{"damage_healed":0.0,"max_hp_gain":0.0,"max_hp_loss":0.0,"gold_gain":0.0,"event_name":"Dead Adventurer","player_choice":"Searched \u00272\u0027 times","floor":12.0,"gold_loss":0.0,"damage_taken":0.0,"relics_obtained":["reliquary:Firecrackers"]},{"damage_healed":0,"gold_gain":0,"player_choice":"Fought Bandits","damage_taken":0,"max_hp_gain":0,"max_hp_loss":0,"event_name":"Masked Bandits","floor":20,"gold_loss":0}],"is_beta":false,"boss_relics":[{"not_picked":["reliquary:WritOfMandamus","reliquary:Ember"],"picked":"StSpp:PileOfSugar"}],"items_purged_floors":[],"is_endless":false,"potions_floor_spawned":[3,6,10,12,16,18],"killed_by":"Masked Bandits","ascension_level":6,"is_humility":true}}