{"host":"ow66nzv2xecjoor3","time":1612232555,"event":{"mods":["BaseMod","Bestiary","Block Reminder","Colored Powertips","Curses Come First","Highlight Path","Keyboard Shortcuts","Minty Spire (QoL Compilation)","Permanent Neow","Relic Stats","StSLib","UnlockEverythingMod"],"gold_per_floor":[118,135,58,70,83,83,113,113,138,153,153,185,185,19,19,93,93,111,131,131,131,143,143,177,192,192,192,192,192,192],"floor_reached":29,"language":"ENG","playtime":662,"items_purged":[],"score":531,"play_id":"258fd9dc-a9f8-45da-b0aa-d24ba0096059","local_time":"20210201202235","is_ascension_mode":true,"campfire_choices":[{"data":"Whirlwind","floor":6.0,"key":"SMITH"},{"data":"Bash","floor":8.0,"key":"SMITH"},{"data":"Perfected Strike","floor":13.0,"key":"SMITH"},{"data":"Seeing Red","floor":15.0,"key":"SMITH"},{"floor":23.0,"key":"REST"},{"data":"Whirlwind","floor":28,"key":"SMITH"}],"circlet_count":0,"master_deck":["AscendersBane","Defend_R","Defend_R","Defend_R","Defend_R","Bash+1","Perfected Strike","Whirlwind+1","Seeing Red+1","Iron Wave","Perfected Strike+1","Decay","Exhume","Whirlwind+1","Shockwave","Bloodletting+1","Bite","Bite","Bite","Bite","Bite"],"relics":["Busted Crown","Lantern","Toy Ornithopter","Chemical X","Black Star","Toxic Egg 2","PreservedInsect","Darkstone Periapt"],"acts_visited":["Exordium","TheCity"],"potions_floor_usage":[],"damage_taken":[{"damage":1.0,"enemies":"Cultist","floor":1.0,"turns":3.0},{"damage":2.0,"enemies":"Jaw Worm","floor":2.0,"turns":4.0},{"damage":3.0,"enemies":"2 Louse","floor":4.0,"turns":2.0},{"damage":11.0,"enemies":"Blue Slaver","floor":5.0,"turns":4.0},{"damage":5.0,"enemies":"Lagavulin","floor":7.0,"turns":6.0},{"damage":6.0,"enemies":"Looter","floor":10.0,"turns":2.0},{"damage":13.0,"enemies":"Gremlin Nob","floor":12.0,"turns":3.0},{"damage":23.0,"enemies":"Hexaghost","floor":16.0,"turns":7.0},{"damage":17.0,"enemies":"2 Thieves","floor":18.0,"turns":2.0},{"damage":0.0,"enemies":"Chosen","floor":19.0,"turns":3.0},{"damage":14.0,"enemies":"Snake Plant","floor":22.0,"turns":3.0},{"damage":54.0,"enemies":"Book of Stabbing","floor":24.0,"turns":5.0},{"damage":0,"enemies":"Centurion and Healer","floor":25,"turns":4},{"damage":4,"enemies":"Slavers","floor":29,"turns":1}],"seed_played":"6023462604936323343","potions_obtained":[{"floor":1.0,"key":"Weak Potion"},{"floor":2.0,"key":"Swift Potion"},{"floor":16.0,"key":"Energy Potion"},{"floor":22.0,"key":"Dexterity Potion"}],"is_trial":false,"path_per_floor":["M","M","$","M","M","R","E","R","T","M","?","E","R","$","R","B",null,"M","M","?","?","M","R","E","M","T","?","R","E"],"character_chosen":"IRONCLAD","items_purchased":["Whirlwind","Chemical X"],"campfire_rested":1,"item_purchase_floors":[3,14],"current_hp_per_floor":[67,65,65,62,51,51,46,46,46,40,40,27,27,27,27,9,59,42,42,42,42,28,50,1,1,1,1,1,0,0],"gold":192,"neow_bonus":"BOSS_RELIC","is_daily":false,"chose_seed":false,"campfire_upgraded":5,"win_rate":0.0,"timestamp":1612232555,"path_taken":["M","M","$","M","M","R","E","R","T","M","?","E","R","?","R","BOSS","M","M","?","?","?","R","E","M","T","?","R","E"],"items_purchased_type":["Card","Relic"],"build_version":"2020-12-22","purchased_purges":0,"victory":false,"max_hp_per_floor":[75,75,75,75,75,75,75,75,75,75,75,75,75,75,75,75,75,75,75,75,75,75,75,75,75,75,52,52,52,52],"relic_stats":{"Darkstone Periapt":0,"Busted Crown":26,"counters":[14,49],"PreservedInsect":42,"Black Star":1,"Chemical X":[12],"obtain_stats":[{"Darkstone Periapt":26,"Lantern":7,"Busted Crown":0,"PreservedInsect":24,"Black Star":17,"Chemical X":14,"Toxic Egg 2":24,"Burning Blood":0,"Toy Ornithopter":12},{"Darkstone Periapt":13,"Lantern":5,"Busted Crown":0,"PreservedInsect":12,"Black Star":8,"Chemical X":7,"Toxic Egg 2":12,"Burning Blood":0,"Toy Ornithopter":7},{"Darkstone Periapt":48,"Lantern":19,"Busted Crown":0,"PreservedInsect":44,"Black Star":31,"Chemical X":24,"Toxic Egg 2":44,"Burning Blood":0,"Toy Ornithopter":24}],"Toy Ornithopter":10},"card_choices":[{"not_picked":["Reckless Charge"],"picked":"SKIP","floor":1.0},{"not_picked":[],"picked":"Perfected Strike","floor":2.0},{"not_picked":[],"picked":"Seeing Red","floor":4.0},{"not_picked":[],"picked":"Iron Wave","floor":5.0},{"not_picked":[],"picked":"Perfected Strike","floor":7.0},{"not_picked":["Twin Strike"],"picked":"SKIP","floor":10.0},{"not_picked":["Havoc"],"picked":"SKIP","floor":12.0},{"not_picked":[],"picked":"Exhume","floor":16.0},{"not_picked":[],"picked":"Whirlwind","floor":18.0},{"not_picked":["Reckless Charge"],"picked":"SKIP","floor":19.0},{"not_picked":["Carnage"],"picked":"SKIP","floor":22.0},{"not_picked":[],"picked":"Bloodletting+1","floor":24.0},{"not_picked":["Clothesline"],"picked":"SKIP","floor":25}],"player_experience":2809623,"relics_obtained":[{"floor":7.0,"key":"Lantern"},{"floor":12.0,"key":"Toy Ornithopter"},{"floor":24.0,"key":"Toxic Egg 2"},{"floor":24.0,"key":"PreservedInsect"},{"floor":26,"key":"Darkstone Periapt"}],"event_choices":[{"damage_healed":0.0,"max_hp_gain":0.0,"max_hp_loss":0.0,"gold_gain":0.0,"event_name":"Wheel of Change","player_choice":"Cursed","floor":11.0,"gold_loss":0.0,"damage_taken":0.0,"cards_obtained":["Decay"]},{"damage_healed":0.0,"max_hp_gain":0.0,"max_hp_loss":0.0,"gold_gain":0.0,"event_name":"Ghosts","player_choice":"Ignored","floor":20.0,"gold_loss":0.0,"damage_taken":0.0},{"damage_healed":0.0,"max_hp_gain":0.0,"max_hp_loss":0.0,"gold_gain":0.0,"event_name":"The Library","player_choice":"Read","floor":21.0,"gold_loss":0.0,"damage_taken":0.0,"cards_obtained":["Shockwave"]},{"damage_healed":0,"gold_gain":0,"player_choice":"Became a vampire","damage_taken":0,"max_hp_gain":0,"max_hp_loss":23,"event_name":"Vampires","floor":27,"gold_loss":0,"cards_obtained":["Bite","Bite","Bite","Bite","Bite"]}],"is_beta":false,"boss_relics":[{"not_picked":["Tiny House","SlaversCollar"],"picked":"Black Star"}],"items_purged_floors":[],"is_endless":false,"potions_floor_spawned":[1,2,16,22],"killed_by":"Slavers","ascension_level":20}}