{"host":"9slw7l0ws16384qq","time":1612286152,"event":{"mods":["A Penny For Your Troubles","BaseMod","Colored Map","Downfall","Evolution","Hubris","Minty Spire (QoL Compilation)","Replay The Spire","StS++","StSLib"],"gold_per_floor":[99,116,136,136,136,136,181,281,312,312,330,330,330,342,360,459,459,459,473,493,503,516,516,516,516],"floor_reached":23,"language":"FRA","playtime":1375,"items_purged":[],"score":274,"play_id":"6cac4ce7-7e1e-442e-8c9d-6de90125ad9c","local_time":"20210202181552","is_ascension_mode":true,"campfire_choices":[{"data":"Slimebound:Defend_Slimebound","floor":1.0,"key":"PURGE"},{"data":"Slimebound:CorrosiveSpit","floor":6.0,"key":"SMITH"},{"data":"Slimebound:Schlurp","floor":10.0,"key":"SMITH"},{"data":"Slimebound:SamplingLick","floor":12.0,"key":"SMITH"},{"data":"Slimebound:Darklings","floor":18,"key":"SMITH"}],"circlet_count":0,"master_deck":["Slimebound:Strike_Slimebound","Slimebound:Strike_Slimebound","Slimebound:Strike_Slimebound","Slimebound:Tackle","Slimebound:Defend_Slimebound","Slimebound:Defend_Slimebound","Slimebound:Defend_Slimebound","Slimebound:Split","Slimebound:CorrosiveSpit+1","Slimebound:Recollect","Slimebound:Schlurp+1","Reaper","Slimebound:SamplingLick+1","Slimebound:TongueLash","Slimebound:Darklings+1","Slimebound:LevelUp"],"relics":["EVO:Axolotl","m_BurningSludge","Vajra","Toy Ornithopter","Replay:Wax Seal","hubris:VirtuousBlindfold"],"acts_visited":["Exordium","TheCity"],"potions_floor_usage":[21,23,23],"damage_taken":[{"damage":10.0,"enemies":"Small Slimes","floor":2.0,"turns":4.0},{"damage":3.0,"enemies":"2 Louse","floor":3.0,"turns":3.0},{"damage":41.0,"enemies":"downfall:LadyInBlue","floor":8.0,"turns":12.0},{"damage":20.0,"enemies":"3 Sentries","floor":9.0,"turns":9.0},{"damage":6.0,"enemies":"Jaw Worm","floor":11.0,"turns":4.0},{"damage":0.0,"enemies":"Gremlin Nob","floor":13.0,"turns":1.0},{"damage":8.0,"enemies":"Exordium Thugs","floor":14.0,"turns":5.0},{"damage":6.0,"enemies":"Gremlin Gang","floor":15.0,"turns":4.0},{"damage":66,"enemies":"DF_ARCHETYPE_STREAMLINE","floor":16,"turns":9},{"damage":0,"enemies":"Chosen","floor":19,"turns":4},{"damage":8,"enemies":"Shell Parasite","floor":20,"turns":4},{"damage":42,"enemies":"3 Cultists","floor":21,"turns":6},{"damage":47,"enemies":"Cultist and Chosen","floor":22,"turns":7},{"damage":75,"enemies":"Book of Stabbing","floor":23,"turns":5}],"seed_played":"8000515546069063435","potions_obtained":[{"floor":2.0,"key":"LiquidBronze"},{"floor":8.0,"key":"SmokeBomb"},{"floor":8.0,"key":"Slimebound:ThreeZeroPotion"},{"floor":16,"key":"ColorlessPotion"},{"floor":21,"key":"Elixir"},{"floor":22,"key":"Adrenaline Potion"}],"is_trial":false,"path_per_floor":["R_BF","M","M","?","?","R","T","?","E","R","M","R","E","M","M","B",null,"R","M","M","M","M","E"],"character_chosen":"SLIMEBOUND","items_purchased":[],"campfire_rested":0,"item_purchase_floors":[],"current_hp_per_floor":[65,57,60,60,60,60,60,21,8,8,11,11,43,71,67,23,59,59,71,71,58,55,0,0,0],"gold":516,"neow_bonus":"TEN_PERCENT_HP_BONUS","is_daily":false,"chose_seed":false,"campfire_upgraded":4,"win_rate":0.0,"timestamp":1612286152,"path_taken":["R_BF","M","M","?","?","R","T","?","E","R","?","R","E","M","M","BOSS","R","M","M","M","?","E"],"items_purchased_type":[],"build_version":"2020-12-22","purchased_purges":0,"victory":false,"max_hp_per_floor":[71,71,71,71,71,71,71,71,71,71,71,71,71,71,71,71,71,71,71,71,71,71,71,71,71],"card_choices":[{"not_picked":["Slimebound:GoopTackle","Slimebound:SlimeSpikes"],"picked":"Slimebound:Recollect","floor":2.0},{"not_picked":["Slimebound:HauntingLick","Slimebound:GrowthPunch","Slimebound:SplitLeeching"],"picked":"SKIP","floor":3.0},{"not_picked":["Slimebound:SlimeSpikes","Slimebound:LevelUp"],"picked":"Reaper","floor":9.0},{"not_picked":["Slimebound:FinishingTackle","Whirlwind"],"picked":"Slimebound:SamplingLick","floor":11.0},{"not_picked":["Slimebound:FinishingTackle","Slimebound:ServeAndProtect"],"picked":"Slimebound:TongueLash","floor":14.0},{"not_picked":["Slimebound:LivingWall","Slimebound:ComboTackle","Twin Strike"],"picked":"SKIP","floor":15.0},{"not_picked":["Slimebound:RallyTheTroops","Reaper"],"picked":"Slimebound:Darklings","floor":16},{"not_picked":["Slimebound:SplitMire+1","Slimebound:RollThrough","Slimebound:Prepare"],"picked":"SKIP","floor":19},{"not_picked":["Slimebound:SplitAcid","Slimebound:SplitLeeching"],"picked":"Slimebound:LevelUp","floor":20},{"not_picked":["Slimebound:Nibble","Slimebound:ProtectTheBoss","Slimebound:SplitSpecialist"],"picked":"SKIP","floor":21},{"not_picked":["Slimebound:SamplingLick","Slimebound:LeechEnergy","Slimebound:SplitAcid"],"picked":"SKIP","floor":22}],"player_experience":1590112,"relics_obtained":[{"floor":7.0,"key":"Vajra"},{"floor":8.0,"key":"Toy Ornithopter"},{"floor":9.0,"key":"Replay:Wax Seal"}],"event_choices":[],"is_beta":false,"boss_relics":[{"not_picked":["Black Star","ChewingGum"],"picked":"hubris:VirtuousBlindfold"}],"items_purged_floors":[],"is_endless":false,"potions_floor_spawned":[2,8,13,16,21,22],"killed_by":"Book of Stabbing","ascension_level":7}}