{"host":"r53pw7z744tg3fxg","time":1612282714,"event":{"mods":["AchievementEnabler","BaseMod","Colored Map","Colored Powertips","Highlight Path","Minty Spire (QoL Compilation)","Quick Restart","Transform Curses"],"gold_per_floor":[119,135,100,110,27,54,54,79,132,183,183,212,225,236,236,313,313,324,337,337,337,337],"floor_reached":21,"language":"ENG","playtime":906,"items_purged":[],"score":359,"play_id":"bf4a04a7-21fb-496b-bf55-83a9cd4d5e9e","local_time":"20210202091834","is_ascension_mode":true,"campfire_choices":[{"floor":7,"key":"REST"},{"data":"Eruption","floor":11,"key":"SMITH"},{"floor":15,"key":"REST"}],"circlet_count":0,"master_deck":["AscendersBane","Strike_P","Strike_P","Strike_P","Strike_P","Defend_P","Defend_P","Defend_P","Defend_P","Eruption+1","Vigilance","EmptyBody","Perseverance","BowlingBash","FearNoEvil","Conclude","WheelKick","FlurryOfBlows","DevaForm+1","ReachHeaven","Establishment+1","Fasting2+1","Evaluate"],"relics":["PureWater","Torii","Matryoshka","Strawberry","Frozen Egg 2","Tiny Chest","Odd Mushroom","Black Star"],"acts_visited":["Exordium","TheCity"],"potions_floor_usage":[12,16,19,21],"damage_taken":[{"damage":0,"enemies":"2 Louse","floor":1,"turns":4},{"damage":0,"enemies":"Jaw Worm","floor":2,"turns":5},{"damage":0,"enemies":"Small Slimes","floor":4,"turns":5},{"damage":32,"enemies":"Gremlin Nob","floor":6,"turns":4},{"damage":2,"enemies":"3 Sentries","floor":8,"turns":4},{"damage":1,"enemies":"The Mushroom Lair","floor":12,"turns":4},{"damage":7,"enemies":"Looter","floor":13,"turns":4},{"damage":2,"enemies":"3 Louse","floor":14,"turns":3},{"damage":41,"enemies":"Hexaghost","floor":16,"turns":11},{"damage":18,"enemies":"Spheric Guardian","floor":18,"turns":4},{"damage":21,"enemies":"Chosen","floor":19,"turns":5},{"damage":24,"enemies":"Snake Plant","floor":21,"turns":1}],"seed_played":"7768960837943869765","potions_obtained":[{"floor":2,"key":"BottledMiracle"},{"floor":6,"key":"GamblersBrew"},{"floor":14,"key":"SpeedPotion"},{"floor":16,"key":"Strength Potion"},{"floor":19,"key":"DistilledChaos"}],"is_trial":false,"path_per_floor":["M","M","?","M","$","E","R","E","T","?","R","?","M","M","R","B",null,"M","M","?","M"],"character_chosen":"WATCHER","items_purchased":["FearNoEvil"],"campfire_rested":2,"item_purchase_floors":[5],"current_hp_per_floor":[43,43,60,60,60,28,48,53,53,53,53,52,45,43,65,24,62,44,23,23,0,0],"gold":337,"neow_bonus":"ONE_RARE_RELIC","is_daily":false,"chose_seed":false,"campfire_upgraded":1,"win_rate":0.0,"timestamp":1612282714,"path_taken":["M","M","?","M","$","E","R","E","T","?","R","?","M","M","R","BOSS","M","M","?","M"],"items_purchased_type":["Card"],"build_version":"2020-12-22","purchased_purges":0,"victory":false,"max_hp_per_floor":[68,68,68,68,68,68,68,75,75,75,75,75,75,75,75,75,75,75,75,75,75,75],"card_choices":[{"not_picked":["Protect","CrushJoints"],"picked":"EmptyBody","floor":1},{"not_picked":["Protect","JustLucky"],"picked":"Perseverance","floor":2},{"not_picked":["Nirvana","Consecrate"],"picked":"BowlingBash","floor":4},{"not_picked":["Prostrate","FlurryOfBlows"],"picked":"Conclude","floor":6},{"not_picked":["Consecrate","SignatureMove"],"picked":"WheelKick","floor":8},{"not_picked":["Worship","SashWhip"],"picked":"FlurryOfBlows","floor":12},{"not_picked":["Prostrate","FlurryOfBlows"],"picked":"DevaForm+1","floor":13},{"not_picked":["Protect","EmptyFist"],"picked":"ReachHeaven","floor":14},{"not_picked":["DeusExMachina","LessonLearned"],"picked":"Establishment+1","floor":16},{"not_picked":["JustLucky","FollowUp"],"picked":"Fasting2+1","floor":18},{"not_picked":["WreathOfFlame","ClearTheMind"],"picked":"Evaluate","floor":19}],"player_experience":1422039,"relics_obtained":[{"floor":6,"key":"Matryoshka"},{"floor":8,"key":"Strawberry"},{"floor":9,"key":"Frozen Egg 2"},{"floor":9,"key":"Tiny Chest"},{"floor":12,"key":"Odd Mushroom"}],"event_choices":[{"damage_healed":17,"gold_gain":0,"player_choice":"Healed","damage_taken":0,"max_hp_gain":0,"max_hp_loss":0,"event_name":"The Cleric","floor":3,"gold_loss":35},{"damage_healed":0,"gold_gain":51,"player_choice":"Gained Gold","damage_taken":0,"max_hp_gain":0,"max_hp_loss":0,"event_name":"Golden Wing","floor":10,"gold_loss":0},{"damage_healed":0,"gold_gain":0,"player_choice":"Fought Mushrooms","damage_taken":0,"max_hp_gain":0,"max_hp_loss":0,"event_name":"Mushrooms","floor":12,"gold_loss":0},{"damage_healed":0,"gold_gain":0,"player_choice":"Ignored","damage_taken":0,"max_hp_gain":0,"max_hp_loss":0,"event_name":"Beggar","floor":20,"gold_loss":0}],"is_beta":false,"boss_relics":[{"not_picked":["Pandora\u0027s Box","Tiny House"],"picked":"Black Star"}],"items_purged_floors":[],"is_endless":false,"potions_floor_spawned":[2,6,14,16,19],"killed_by":"Snake Plant","ascension_level":18}}