{"host":"pgm1p3lvdjflie30","time":1612281148,"event":{"mods":["ATMod(阿瑾Mod)","AchievementEnabler","Aspiration","BaseMod","Challenge The Spire","Colored Map","Colored Powertips","Conspire","Dark Map","Dota2Spire","Energized Spire","Highlight Path","Minty Spire (QoL Compilation)","MostiFishMod","Quarter Circle Forward PUNCH!","Quick Restart","Replay The Spire","Spicy Shops","StSLib","TestMod","The IronCluck","The Jungle","The Runesmith","Waifu the Spire","【?物卡牌】REMEMod","篝火指南"],"gold_per_floor":[111,111,111,124,137,166,177,177,177,203,203,219,245,245,245,368,368,410,410,446,446,386,498,498,498,523,567,607,675,787,535,535,665,665,770,832,832,1054,1080,1159,1159,1240,1240,1240,1295,1357,1509,1406,1406,1467,1467,21,93,189,227],"floor_reached":56,"language":"ZHS","playtime":2314,"items_purged":["Pain","Regret","Runesmith:Defend_RS","Runesmith:Defend_RS","Runesmith:Defend_RS","Voices","Doubt","Pot Of Greed"],"score":1728,"play_id":"cad882b9-4cf4-4ac7-a643-db576ba21be5","local_time":"20210202235228","is_ascension_mode":false,"campfire_choices":[{"floor":8,"key":"RECALL"},{"data":"Static Discharge","floor":15,"key":"SMITH"},{"data":"J.A.X.","floor":24,"key":"SMITH"},{"data":"Runesmith:UnlimitedPower","floor":32,"key":"SMITH"},{"data":"Apotheosis","floor":41,"key":"SMITH"},{"data":"REME_FirmDetermination","floor":44,"key":"SMITH"},{"data":"Runesmith:CreatorForm","floor":49,"key":"SMITH"}],"circlet_count":0,"master_deck":["Runesmith:Strike_RS+1","Runesmith:Strike_RS+1","Runesmith:Strike_RS+1","Runesmith:Strike_RS+1","Runesmith:CraftFirestone","Runesmith:Fortify","Static Discharge+1","AT_OneInchPunch+1","Runesmith:FieryHammer","Runesmith:HeatExchange","Runesmith:UnstableHammer","Pot Of Greed","Pot Of Greed","Runesmith:CraftReservo","Runesmith:GoWithTheFlow","Runesmith:Overpower","Runesmith:Overpower","Runesmith:Terraform","Runesmith:UnlimitedPower+1","Runesmith:Overpower","Runesmith:ChiselStab","Pot Of Greed","Runesmith:CraftMagma","J.A.X.+1","Runesmith:LightningRod","Runesmith:EnergizedChisel","Runesmith:HeatedChisel","Runesmith:ShiftingStrike","Runesmith:UnstableHammer","Apotheosis+1","REME_FirmDetermination+1","Runesmith:RuneHurl","Runesmith:ShiftingStrike","Runesmith:Grindstone+1","Pot Of Greed","Runesmith:Repurpose","Runesmith:Permafrost","Runesmith:CreatorForm+1","Runesmith:UnstableHammer","Runesmith:HeatedChisel+1","Madness","Madness","Runesmith:EnergizedChisel+1","ReplayUltimateDefense+1","Forethought","Runesmith:ShiftingStrike","Runesmith:WhiteBalance","Pot Of Greed","Runesmith:Accelerate","Runesmith:CraftPrismatica+1","Runesmith:CraftPrismatica+1","Runesmith:Firestorm","aspiration:UnbridledHammer+1","Runesmith:HeatedChisel+1","Runesmith:HeatExchange","aspiration:UnbridledHammer","Dark Shackles","Crow Ritual+1","Runesmith:HeatExchange","Runesmith:EarthShield","Runesmith:CraftProtectio","Runesmith:Firestorm","REME_FirmDetermination","HandOfGreed+1","Runesmith:StaticCage","testmod-Superconductor+1","Deep Breath","Runesmith:ChargedHammer","Runesmith:Superposition","Runesmith:BackupBattery","Pot Of Greed","Runesmith:MetallurgicalResearch+1","Runesmith:Permafrost","Runesmith:DuctTape+1"],"relics":["Runesmith:BrokenRuby","AT_ATBox","REME_ComplimentaryCards","DaveBox","testmod-TestBox","DianDianMeat","testmod-HeartOfStrike","NeowsBlessing","SynthV:TestCard","Grinning Jar","qcfpunch:Broken_Tusk","Lantern","AT_MibuBalloonWealth","testmod-DeterminationOfClimber","Bottled Lightning","aspiration:RitualStick","Dota2Spire:ArcaneBoots","Red Mask","DiscerningMonocle","Toolbox","Dota2Spire:PowerTreads","Tiny Chest","testmod-AssaultLearning","Orichalcum","aspiration:FutureDiary","qcfpunch:Combat_Fatigues","CeramicFish","Singing Bowl","AT_SunfireAegis","Replay:Wax Seal","ReplayTheSpireMod:Shallot","ImprovedEquipment","BrkXgEgg","testmod-Register","testmod-ConstraintPeriapt","Dota2Spire:MagicBottle","testmod-TurbochargingSystem","Runesmith:EmergencyProvisions","Replay:Bottled Eggs","BirthdayGift-Tetrahedron","TakeMeEscape","ReplayTheSpireMod:CursedCoin","Happy Flower","Medical Kit","AT_ArchangelStaff","aspiration:FetidBarrel","AT_TimeSand","Gremlin Horn","Replay:Rubber Ducky","conspire:DeflatedDodgeball","Dota2Spire:BladeMail","MostiFishMod:AdaptiveDefenses","Lee\u0027s Waffle","Iron Hammer"],"acts_visited":["Exordium","TheCity","TheBeyond","TheEnding"],"potions_floor_usage":[27,33,33,48,50,55,55,55],"damage_taken":[{"damage":0,"enemies":"Small Slimes","floor":1,"turns":1},{"damage":0,"enemies":"Jaw Worm","floor":4,"turns":1},{"damage":0,"enemies":"Cultist","floor":5,"turns":1},{"damage":27,"enemies":"3 Sentries","floor":6,"turns":4},{"damage":0,"enemies":"Large Slime","floor":7,"turns":4},{"damage":0,"enemies":"Gremlin Nob","floor":10,"turns":2},{"damage":1,"enemies":"3 Louse","floor":12,"turns":2},{"damage":84,"enemies":"Hexaghost","floor":16,"turns":5},{"damage":11,"enemies":"Chosen","floor":18,"turns":2},{"damage":0,"enemies":"Spheric Guardian","floor":20,"turns":2},{"damage":19,"enemies":"Gremlin Leader","floor":23,"turns":2},{"damage":25,"enemies":"Snake Plant","floor":27,"turns":2},{"damage":18,"enemies":"conspire:HollyBat","floor":28,"turns":6},{"damage":13,"enemies":"Cultist and Chosen","floor":29,"turns":3},{"damage":0,"enemies":"Masked Bandits","floor":30,"turns":3},{"damage":3,"enemies":"conspire:MysteriousRune","floor":33,"turns":4},{"damage":3,"enemies":"3 Shapes","floor":35,"turns":1},{"damage":0,"enemies":"conspire:MimicChest","floor":36,"turns":3},{"damage":3,"enemies":"R_Hoarder","floor":40,"turns":4},{"damage":0,"enemies":"Orb Walker","floor":45,"turns":2},{"damage":0,"enemies":"Maw","floor":46,"turns":1},{"damage":0,"enemies":"3 Darklings","floor":47,"turns":2},{"damage":3,"enemies":"Donu and Deca","floor":50,"turns":2},{"damage":0,"enemies":"Shield and Spear","floor":54,"turns":1},{"damage":5,"enemies":"The Heart","floor":55,"turns":3}],"seed_played":"-35587144594974256","potions_obtained":[{"floor":5,"key":"GamblersBrew"},{"floor":7,"key":"testmod-TestPotion"},{"floor":16,"key":"Block Potion"},{"floor":20,"key":"Toxic Potion"},{"floor":29,"key":"DistilledChaos"},{"floor":33,"key":"Swift Potion"},{"floor":46,"key":"CultistPotion"}],"is_trial":false,"path_per_floor":["M","?","?","M","M","E","M","R","T","E","?","M","T","?","R","B",null,"M","?","M","?","?","E","R","?","T","M","M","M","?","$","R","B",null,"M","?","?","?","T","E","R","$","T","R","M","M","M","$","R","B",null,"R","$","E","B",null],"character_chosen":"RUNESMITH_CLASS","items_purchased":["DiscerningMonocle","Toolbox","Dota2Spire:PowerTreads","Tiny Chest","testmod-AssaultLearning","Orichalcum","Apotheosis","REME_FirmDetermination","Runesmith:RuneHurl","Runesmith:ShiftingStrike","Runesmith:Grindstone+1","Runesmith:Repurpose","Runesmith:Permafrost","AT_SunfireAegis","Replay:Wax Seal","ReplayTheSpireMod:Shallot","ImprovedEquipment","BrkXgEgg","testmod-Register","ReplayUltimateDefense+1","Forethought","Runesmith:ShiftingStrike","Runesmith:WhiteBalance","Runesmith:Accelerate","Runesmith:CraftPrismatica+1","Runesmith:Firestorm","CultistPotion","ColorlessPotion","aspiration:UnbridledHammer","Dark Shackles","Crow Ritual+1","Runesmith:HeatExchange","Runesmith:EarthShield","Runesmith:CraftProtectio","Runesmith:Firestorm","Dota2Spire:MagicBottle","testmod-TurbochargingSystem","Runesmith:EmergencyProvisions","Replay:Bottled Eggs","BirthdayGift-Tetrahedron","TakeMeEscape","testmod-SpacePotion","DistilledChaos","ColorlessPotion","ReplayTheSpireMod:CursedCoin","Happy Flower","Medical Kit","AT_ArchangelStaff","aspiration:FetidBarrel","AT_TimeSand","REME_FirmDetermination","HandOfGreed+1","Runesmith:StaticCage","Gremlin Horn","Replay:Rubber Ducky","conspire:DeflatedDodgeball","Dota2Spire:BladeMail","MostiFishMod:AdaptiveDefenses","Lee\u0027s Waffle","Energy Potion","testmod-Superconductor+1","Deep Breath","Runesmith:ChargedHammer","Runesmith:Superposition","Runesmith:BackupBattery","Runesmith:MetallurgicalResearch+1","Runesmith:Permafrost"],"campfire_rested":0,"item_purchase_floors":[31,31,31,31,31,31,31,31,31,31,31,31,31,42,42,42,42,42,42,42,42,42,42,42,42,42,42,42,48,48,48,48,48,48,48,48,48,48,48,48,48,48,48,48,52,52,52,52,52,52,52,52,52,53,53,53,53,53,53,53,53,53,53,53,53,53,53],"current_hp_per_floor":[76,76,76,80,85,79,88,88,88,98,109,120,120,133,133,63,175,182,215,234,253,253,258,258,202,202,201,211,226,252,513,513,554,665,700,736,719,719,719,766,766,1162,1162,1162,1217,1277,1336,1780,1780,1791,1840,2150,2705,2778,2776],"gold":227,"neow_bonus":"THREE_ENEMY_KILL","is_daily":false,"chose_seed":false,"campfire_upgraded":6,"win_rate":0.0,"timestamp":1612281148,"path_taken":["M","?","?","M","M","E","M","R","T","E","?","?","?","?","R","BOSS","M","?","M","?","?","E","R","?","T","M","?","M","?","$","R","BOSS","M","?","?","?","?","E","R","?","T","R","M","?","M","$","R","BOSS","R","$","E","BOSS"],"items_purchased_type":["Relic","Relic","Relic","Relic","Relic","Relic","Card","Card","Card","Card","Card","Card","Card","Relic","Relic","Relic","Relic","Relic","Relic","Card","Card","Card","Card","Card","Card","Card","Potion","Potion","Card","Card","Card","Card","Card","Card","Card","Relic","Relic","Relic","Relic","Relic","Relic","Potion","Potion","Potion","Relic","Relic","Relic","Relic","Relic","Relic","Card","Card","Card","Relic","Relic","Relic","Relic","Relic","Relic","Potion","Card","Card","Card","Card","Card","Card","Card"],"build_version":"2020-12-22","purchased_purges":8,"victory":true,"max_hp_per_floor":[76,76,76,80,85,106,115,115,115,125,136,148,148,161,161,175,175,190,223,241,260,260,280,280,280,280,301,323,346,370,631,631,665,665,700,736,811,811,811,850,850,1246,1246,1246,1295,1345,1396,1840,1840,1840,1840,2150,2705,2778,2778],"card_choices":[{"not_picked":["Runesmith:RuneHurl","Runesmith:BackupBattery"],"picked":"Runesmith:FieryHammer","floor":1},{"not_picked":["Runesmith:StaticCage","Runesmith:Accelerate","Runesmith:EnergizedChisel","Runesmith:Grindstone"],"picked":"Runesmith:HeatExchange","floor":4},{"not_picked":["Runesmith:ShiftingStrike","Runesmith:Refine","Runesmith:BackupBattery","Runesmith:CraftReservo"],"picked":"Runesmith:UnstableHammer","floor":5},{"not_picked":["Runesmith:NanitesCloud","Runesmith:LastStand","Runesmith:Repurpose","Runesmith:MakeshiftArmor"],"picked":"Runesmith:CraftReservo","floor":6},{"not_picked":["Runesmith:ChargedHammer","Runesmith:Repurpose","Runesmith:BackupBattery","Runesmith:CraftReservo"],"picked":"Runesmith:GoWithTheFlow","floor":7},{"not_picked":["Runesmith:MakeshiftArmor","Runesmith:HeatExchange","Runesmith:WhiteBalance","Runesmith:PoweredAnvil"],"picked":"Runesmith:Overpower","floor":10},{"not_picked":["Runesmith:HeatedChisel","Runesmith:StaticCage","Runesmith:CraftPrismatica","Runesmith:Terraform"],"picked":"Runesmith:Overpower","floor":12},{"not_picked":["Runesmith:CraftPrismatica","Runesmith:CreatorForm","Runesmith:CraftIndustria","Runesmith:CraftMedicinae"],"picked":"Runesmith:UnlimitedPower","floor":16},{"not_picked":["Runesmith:GoWithTheFlow","Runesmith:Reinforce","Runesmith:BackupBattery","Runesmith:CraftIncendium+1"],"picked":"Runesmith:Overpower","floor":18},{"not_picked":["Runesmith:Grindstone","Runesmith:CraftObretio","Runesmith:EarthShield","Runesmith:NanitesCloud"],"picked":"Runesmith:CraftMagma","floor":20},{"not_picked":["Runesmith:HeatExchange","Runesmith:ShiftingStrike","Runesmith:Grindstone","Runesmith:OneForEveryone+1"],"picked":"Runesmith:LightningRod","floor":23},{"not_picked":["Runesmith:OneForEveryone","Runesmith:Repurpose+1","Runesmith:RuneHurl","Runesmith:Grindstone+1"],"picked":"Runesmith:EnergizedChisel","floor":27},{"not_picked":["Runesmith:HeatExchange","Runesmith:ChiselStab","Runesmith:RunicBlueprint","Runesmith:MakeshiftArmor"],"picked":"Runesmith:HeatedChisel","floor":28},{"not_picked":["Runesmith:LastStand","Runesmith:EnergizedChisel","Runesmith:Repurpose+1","Runesmith:Overpower+1"],"picked":"Runesmith:ShiftingStrike","floor":29},{"not_picked":["Runesmith:Discharge+1","Runesmith:Augment","Runesmith:EarthShield","Runesmith:Grindstone"],"picked":"Runesmith:UnstableHammer","floor":30},{"not_picked":["Runesmith:CraftMedicinae","Runesmith:GrandSlam","Runesmith:Duplicate","Runesmith:GenerateForcefield"],"picked":"Runesmith:CreatorForm","floor":33},{"not_picked":["Runesmith:Reinforce","Runesmith:PoweredAnvil","aspiration:UnbridledHammer+1","Runesmith:CraftReservo+1"],"picked":"Runesmith:UnstableHammer","floor":35},{"not_picked":["Runesmith:FrozenChisel+1","Runesmith:CraftObretio+1","Runesmith:Grindstone+1","Runesmith:StaticCage+1"],"picked":"Runesmith:HeatedChisel+1","floor":36},{"not_picked":["Runesmith:ElementalConversion+1","Runesmith:GoWithTheFlow","Runesmith:Overpower","Runesmith:MakeshiftArmor+1"],"picked":"Runesmith:EnergizedChisel+1","floor":40},{"not_picked":["Runesmith:HammerAndChisel","Runesmith:CraftProtectio+1","Runesmith:HammerThrow","Runesmith:EnergizedChisel+1"],"picked":"aspiration:UnbridledHammer+1","floor":45},{"not_picked":["Runesmith:Firestorm","Runesmith:OneForEveryone","Runesmith:RunicBlueprint","Runesmith:CraftMagma"],"picked":"Runesmith:HeatedChisel+1","floor":46},{"not_picked":["Runesmith:EnergizedChisel+1","Runesmith:LightningRod+1","Runesmith:Repurpose+1","Runesmith:CraftProtectio"],"picked":"Runesmith:HeatExchange","floor":47},{"not_picked":["Runesmith:RuneHurl","Runesmith:Repurpose","Runesmith:MakeshiftArmor+1","Runesmith:DoubleUp"],"picked":"Runesmith:DuctTape+1","floor":54}],"player_experience":236910,"relics_obtained":[{"floor":1,"key":"SynthV:TestCard"},{"floor":6,"key":"Grinning Jar"},{"floor":10,"key":"qcfpunch:Broken_Tusk"},{"floor":13,"key":"AT_MibuBalloonWealth"},{"floor":23,"key":"Bottled Lightning"},{"floor":26,"key":"Dota2Spire:ArcaneBoots"},{"floor":30,"key":"Red Mask"},{"floor":36,"key":"qcfpunch:Combat_Fatigues"},{"floor":39,"key":"CeramicFish"},{"floor":40,"key":"Singing Bowl"},{"floor":43,"key":"testmod-ConstraintPeriapt"},{"floor":54,"key":"Iron Hammer"}],"event_choices":[{"damage_healed":0,"gold_gain":0,"player_choice":"Swap Relic","damage_taken":0,"relics_obtained":["Replay:Accelerometer"],"max_hp_gain":0,"max_hp_loss":0,"event_name":"?自己的盒子","floor":2,"relics_lost":["Replay:Accelerometer"],"gold_loss":0},{"damage_healed":0,"gold_gain":0,"player_choice":"Grow","damage_taken":0,"max_hp_gain":0,"max_hp_loss":0,"event_name":"Living Wall","floor":3,"gold_loss":0,"cards_upgraded":["AT_OneInchPunch"]},{"damage_healed":0,"gold_gain":0,"player_choice":"Box","damage_taken":0,"relics_obtained":["Lantern"],"max_hp_gain":0,"max_hp_loss":0,"event_name":"Big Fish","floor":11,"gold_loss":0,"cards_obtained":["Regret"]},{"damage_healed":0,"gold_gain":0,"cards_transformed":["Runesmith:Defend_RS"],"player_choice":"Transformed","damage_taken":0,"max_hp_gain":0,"max_hp_loss":0,"event_name":"Transmorgrifier","floor":14,"gold_loss":0,"cards_obtained":["Runesmith:Terraform"]},{"damage_healed":0,"gold_gain":0,"player_choice":"Read","damage_taken":0,"max_hp_gain":0,"max_hp_loss":0,"event_name":"The Library","floor":19,"gold_loss":0,"cards_obtained":["Runesmith:ChiselStab"]},{"damage_healed":0,"gold_gain":0,"player_choice":"Obtain J.A.X.","damage_taken":0,"max_hp_gain":0,"max_hp_loss":0,"event_name":"Drug Dealer","floor":21,"gold_loss":0,"cards_obtained":["J.A.X."]},{"damage_healed":0,"gold_gain":0,"player_choice":"Fought Bandits","damage_taken":0,"max_hp_gain":0,"max_hp_loss":0,"event_name":"Masked Bandits","floor":30,"gold_loss":0},{"damage_healed":0,"gold_gain":0,"player_choice":"Embrace Madness","damage_taken":92,"max_hp_gain":0,"max_hp_loss":0,"event_name":"Winding Halls","floor":37,"gold_loss":0,"cards_obtained":["Madness","Madness"]},{"damage_healed":0,"gold_gain":222,"player_choice":"Wore Mask","damage_taken":0,"max_hp_gain":0,"max_hp_loss":0,"event_name":"Tomb of Lord Red Mask","floor":38,"gold_loss":0}],"is_beta":false,"boss_relics":[{"not_picked":["NightmareShop","Abe\u0027s Treasure"],"picked":"testmod-DeterminationOfClimber"},{"not_picked":["MoonlightInvasionPlan","Velvet Choker"],"picked":"aspiration:FutureDiary"}],"items_purged_floors":[31,31,42,48,48,52,52,53],"is_endless":false,"potions_floor_spawned":[5,7,16,20,23,29,33,45,46],"ascension_level":0}}