{"host":"j7koecyuyeg298fi","time":1612279373,"event":{"mods":["BaseMod","Minty Spire (QoL Compilation)"],"gold_per_floor":[117,42,42,42,59,90,106,120,120,130,61,61,61,80,80,175,175,191,209,223,239,256,256,256,256,306,321,341,361,71,71,71],"floor_reached":31,"language":"ENG","playtime":2116,"items_purged":["Defend_G","Strike_G"],"score":268,"play_id":"8b19fbca-958f-4699-8125-d7cd17e90142","local_time":"20210202172253","is_ascension_mode":false,"campfire_choices":[{"data":"Noxious Fumes","floor":13,"key":"SMITH"},{"data":"Footwork","floor":15,"key":"SMITH"},{"floor":23,"key":"REST"},{"data":"After Image","floor":25,"key":"SMITH"}],"circlet_count":0,"master_deck":["Strike_G","Strike_G+1","Strike_G","Strike_G+1","Defend_G","Defend_G","Defend_G","Survivor","Neutralize","Reflex","Accuracy","Poisoned Stab","Noxious Fumes+1","Cloak And Dagger","Footwork+1","Bane","Storm of Steel","PiercingWail","Poisoned Stab","Dagger Throw+1","After Image+1","Cloak And Dagger","Acrobatics","Acrobatics","Footwork"],"relics":["Ring of the Snake","NeowsBlessing","Matryoshka","Vajra","Blue Candle","WristBlade","Whetstone","Strawberry","ClockworkSouvenir"],"acts_visited":["Exordium","TheCity"],"potions_floor_usage":[10,10,16,16,20,21,28],"damage_taken":[{"damage":0,"enemies":"2 Louse","floor":1,"turns":1},{"damage":0,"enemies":"Cultist","floor":5,"turns":1},{"damage":0,"enemies":"Lagavulin","floor":6,"turns":1},{"damage":2,"enemies":"Small Slimes","floor":7,"turns":5},{"damage":12,"enemies":"Gremlin Gang","floor":8,"turns":6},{"damage":0,"enemies":"Blue Slaver","floor":10,"turns":3},{"damage":6,"enemies":"Large Slime","floor":14,"turns":7},{"damage":38,"enemies":"The Guardian","floor":16,"turns":8},{"damage":18,"enemies":"2 Thieves","floor":18,"turns":5},{"damage":0,"enemies":"Spheric Guardian","floor":19,"turns":1},{"damage":0,"enemies":"Snake Plant","floor":20,"turns":5},{"damage":33,"enemies":"Shelled Parasite and Fungi","floor":21,"turns":6},{"damage":20,"enemies":"Centurion and Healer","floor":22,"turns":5},{"damage":17,"enemies":"Snake Plant","floor":27,"turns":5},{"damage":21,"enemies":"Cultist and Chosen","floor":28,"turns":6},{"damage":1,"enemies":"Snecko","floor":29,"turns":7},{"damage":0,"enemies":"Slavers","floor":31,"turns":1}],"seed_played":"-4679145301496274964","potions_obtained":[{"floor":1,"key":"Fruit Juice"},{"floor":5,"key":"LiquidBronze"},{"floor":8,"key":"Fire Potion"},{"floor":10,"key":"Fire Potion"},{"floor":19,"key":"SpeedPotion"},{"floor":20,"key":"PowerPotion"},{"floor":27,"key":"Poison Potion"}],"is_trial":false,"path_per_floor":["M","$","?","?","M","E","M","M","T","M","$","$","R","M","R","B",null,"M","M","M","M","M","R","?","R","T","M","M","M","$","E"],"character_chosen":"THE_SILENT","items_purchased":["Footwork","Footwork","ClockworkSouvenir"],"campfire_rested":1,"item_purchase_floors":[11,30,30],"current_hp_per_floor":[70,70,63,70,70,70,68,56,56,61,61,61,61,55,55,17,75,57,57,57,24,4,26,51,51,58,41,20,19,19,19,19],"gold":71,"neow_bonus":"THREE_ENEMY_KILL","is_daily":false,"chose_seed":false,"campfire_upgraded":3,"win_rate":0.0,"timestamp":1612279373,"path_taken":["M","$","?","?","?","E","M","M","T","M","?","$","R","M","R","BOSS","M","M","M","M","M","R","?","R","T","M","M","M","$","E"],"items_purchased_type":["Card","Card","Relic"],"build_version":"2020-12-22","purchased_purges":2,"victory":false,"max_hp_per_floor":[70,70,70,70,70,70,70,70,70,75,75,75,75,75,75,75,75,75,75,75,75,75,75,75,75,82,82,82,82,82,82,82],"card_choices":[{"not_picked":["Escape Plan","Outmaneuver"],"picked":"Well Laid Plans","floor":1},{"not_picked":["Dagger Spray","Masterful Stab"],"picked":"Reflex","floor":5},{"not_picked":["Flying Knee","Prepared"],"picked":"Accuracy","floor":6},{"not_picked":["Sucker Punch","Outmaneuver"],"picked":"Poisoned Stab","floor":7},{"not_picked":["Acrobatics","Deflect"],"picked":"Noxious Fumes","floor":8},{"not_picked":["Slice","Endless Agony"],"picked":"Cloak And Dagger","floor":10},{"not_picked":["Tactician","Sucker Punch"],"picked":"Bane","floor":14},{"not_picked":["Corpse Explosion","Unload"],"picked":"Storm of Steel","floor":16},{"not_picked":["Slice","Masterful Stab"],"picked":"PiercingWail","floor":18},{"not_picked":["Prepared","Underhanded Strike"],"picked":"Poisoned Stab","floor":19},{"not_picked":["Eviscerate","PiercingWail"],"picked":"Dagger Throw+1","floor":20},{"not_picked":["Endless Agony","Eviscerate","Poisoned Stab"],"picked":"SKIP","floor":21},{"not_picked":["Finisher","Underhanded Strike+1"],"picked":"After Image","floor":22},{"not_picked":["Footwork","Backstab"],"picked":"Cloak And Dagger","floor":27},{"not_picked":["Bane","Deflect+1"],"picked":"Acrobatics","floor":28},{"not_picked":["Deadly Poison","Corpse Explosion"],"picked":"Acrobatics","floor":29}],"player_experience":203895,"relics_obtained":[{"floor":6,"key":"Matryoshka"},{"floor":9,"key":"Vajra"},{"floor":9,"key":"Blue Candle"},{"floor":26,"key":"Whetstone"},{"floor":26,"key":"Strawberry"}],"event_choices":[{"cards_removed":["Defend_G"],"damage_healed":0,"gold_gain":0,"player_choice":"Card Removal","damage_taken":7,"max_hp_gain":0,"max_hp_loss":0,"event_name":"Golden Wing","floor":3,"gold_loss":0},{"cards_removed":["Well Laid Plans"],"damage_healed":7,"gold_gain":0,"player_choice":"Offered Uncommon","damage_taken":0,"max_hp_gain":0,"max_hp_loss":0,"event_name":"Bonfire Elementals","floor":4,"gold_loss":0},{"damage_healed":25,"gold_gain":0,"player_choice":"Heal","damage_taken":0,"max_hp_gain":0,"max_hp_loss":0,"event_name":"The Library","floor":24,"gold_loss":0}],"is_beta":false,"boss_relics":[{"not_picked":["Black Star","Sozu"],"picked":"WristBlade"}],"items_purged_floors":[2,30],"is_endless":false,"potions_floor_spawned":[1,5,8,10,19,20,27],"killed_by":"Slavers","ascension_level":0}}