{"host":"49pjgf1q9ev52n8z","time":1612306533,"event":{"mods":["BaseMod","Bestiary","Colored Map","Minty Spire (QoL Compilation)","Practice Mode","Relic Stats","StSLib"],"gold_per_floor":[113,113,130,130,142,176,176,191,191,191,225,117,137,149,149,149,149],"floor_reached":16,"language":"ENG","playtime":905,"items_purged":[],"score":218,"play_id":"acb4dc6b-9c9a-4f5c-b595-5e8e387da990","local_time":"20210202145533","is_ascension_mode":true,"campfire_choices":[{"data":"Skewer","floor":7.0,"key":"SMITH"},{"floor":10.0,"key":"REST"},{"floor":15.0,"key":"REST"}],"circlet_count":0,"master_deck":["AscendersBane","Strike_G","Strike_G","Strike_G","Strike_G","Strike_G","Defend_G","Defend_G","Defend_G","Defend_G","Defend_G","Survivor","Neutralize","Noxious Fumes","Quick Slash+1","Sucker Punch","Skewer+1","Dagger Spray","Catalyst","Blur"],"relics":["Ring of the Snake","NeowsBlessing","Pantograph","Molten Egg 2","InkBottle"],"acts_visited":["Exordium"],"potions_floor_usage":[],"damage_taken":[{"damage":0.0,"enemies":"2 Louse","floor":1.0,"turns":1.0},{"damage":0.0,"enemies":"Jaw Worm","floor":3.0,"turns":1.0},{"damage":0.0,"enemies":"Cultist","floor":5.0,"turns":1.0},{"damage":16.0,"enemies":"3 Sentries","floor":6.0,"turns":8.0},{"damage":23.0,"enemies":"Gremlin Gang","floor":8.0,"turns":4.0},{"damage":28.0,"enemies":"Lagavulin","floor":11.0,"turns":6.0},{"damage":2.0,"enemies":"Blue Slaver","floor":13.0,"turns":3.0},{"damage":6.0,"enemies":"Exordium Thugs","floor":14.0,"turns":4.0},{"damage":48,"enemies":"Slime Boss","floor":16,"turns":7}],"seed_played":"4225902356189191851","potions_obtained":[{"floor":1.0,"key":"Swift Potion"},{"floor":8.0,"key":"GhostInAJar"},{"floor":11.0,"key":"Fire Potion"}],"is_trial":false,"path_per_floor":["M","?","M","?","M","E","R","M","T","R","E","$","M","M","R","B"],"character_chosen":"THE_SILENT","items_purchased":["GhostInAJar"],"campfire_rested":2,"item_purchase_floors":[12],"current_hp_per_floor":[59,59,59,59,59,43,43,20,20,39,11,11,9,3,22,0,0],"gold":149,"neow_bonus":"THREE_ENEMY_KILL","is_daily":false,"chose_seed":false,"campfire_upgraded":1,"win_rate":0.0,"timestamp":1612306533,"path_taken":["M","?","M","?","M","E","R","M","T","R","E","$","M","M","R","BOSS"],"items_purchased_type":["Potion"],"build_version":"2020-12-22","purchased_purges":0,"victory":false,"max_hp_per_floor":[66,66,66,66,66,66,66,66,66,66,66,66,66,66,66,66,66],"relic_stats":{"counters":[9,35],"Pantograph":25,"obtain_stats":[{"NeowsBlessing":0,"Pantograph":6,"Molten Egg 2":9,"InkBottle":11,"Ring of the Snake":0},{"NeowsBlessing":0,"Pantograph":4,"Molten Egg 2":5,"InkBottle":6,"Ring of the Snake":0},{"NeowsBlessing":0,"Pantograph":11,"Molten Egg 2":15,"InkBottle":21,"Ring of the Snake":0}],"InkBottle":[4],"Ring of the Snake":[18]},"card_choices":[{"not_picked":["Dagger Throw","Deflect"],"picked":"Noxious Fumes","floor":1.0},{"not_picked":["Dodge and Roll","Footwork"],"picked":"Quick Slash","floor":3.0},{"not_picked":["Tactician","PiercingWail"],"picked":"Sucker Punch","floor":5.0},{"not_picked":["Expertise","Riddle With Holes"],"picked":"Skewer","floor":6.0},{"not_picked":["Poisoned Stab","Endless Agony"],"picked":"Dagger Spray","floor":8.0},{"not_picked":["Doppelganger","Dagger Spray+1","Deflect"],"picked":"SKIP","floor":11.0},{"not_picked":["Flying Knee+1","Deflect"],"picked":"Catalyst","floor":13.0},{"not_picked":["Sucker Punch+1","Dagger Spray+1"],"picked":"Blur","floor":14.0}],"player_experience":684694,"relics_obtained":[{"floor":6.0,"key":"Pantograph"},{"floor":9.0,"key":"Molten Egg 2"},{"floor":11.0,"key":"InkBottle"}],"event_choices":[{"damage_healed":0.0,"max_hp_gain":0.0,"max_hp_loss":0.0,"gold_gain":0.0,"event_name":"Golden Wing","player_choice":"Ignored","floor":2.0,"gold_loss":0.0,"damage_taken":0.0},{"damage_healed":0.0,"max_hp_gain":0.0,"max_hp_loss":0.0,"gold_gain":0.0,"event_name":"Living Wall","player_choice":"Grow","floor":4.0,"gold_loss":0.0,"damage_taken":0.0,"cards_upgraded":["Quick Slash"]}],"is_beta":false,"boss_relics":[],"items_purged_floors":[],"is_endless":false,"potions_floor_spawned":[1,8,11],"killed_by":"Slime Boss","ascension_level":19}}