{"host":"Jedit","time":1612224550,"event":{"mods":["BaseMod","Downfall","Minty Spire (QoL Compilation)","Relic Stats","StSLib"],"gold_per_floor":[110,122,33,53,53,53,86,86,86,100,118,146,43,61,61,158,158,173,193,193,37,37,37,37,47,71,71,71,71,86,86,86,86],"floor_reached":31,"language":"ENG","playtime":1421,"items_purged":["bronze:ThunderWave+1"],"score":338,"play_id":"b4ec5321-58e4-472c-8b52-8e5a9a79cf56","local_time":"20210202000910","is_ascension_mode":true,"campfire_choices":[{"floor":6.0,"key":"REST"},{"floor":8,"key":"REST"},{"floor":15,"key":"DIG"},{"floor":23,"key":"REST"},{"floor":27,"key":"DIG"},{"floor":29,"key":"DIG"}],"circlet_count":0,"master_deck":["bronze:Replicate+1","bronze:Goto","bronze:WhirlingStrike+1","bronze:Verify","bronze:Repulsor","bronze:OilSpill","bronze:GetLatest","bronze:Allocate","bronze:Overheat","bronze:DarkDash","bronze:Constructor","bronze:NullPointer","bronze:Branch+1","bronze:DarkDash","bronze:DelayedGuard","bronze:FineTuning","bronze:Repair","bronze:BronzeOrb","bronze:Frontload","bronze:Branch","bronze:TinkerersToolbox","bronze:Repair","bronze:ItsAFeature","bronze:Overheat","bronze:Repair","Decay","bronze:ForceShield"],"relics":["Pandora\u0027s Box","Torii","Shovel","bronze:BronzeIdol","Whetstone","bronze:ElectromagneticCoil","MutagenicStrength","Bottled Flame","bronze:ProtectiveGoggles"],"acts_visited":["TheCity"],"potions_floor_usage":[12,16,19,25,25,25,25,30,31],"damage_taken":[{"damage":6.0,"enemies":"Cultist","floor":1.0,"turns":3.0},{"damage":22.0,"enemies":"2 Louse","floor":2.0,"turns":3.0},{"damage":8.0,"enemies":"Small Slimes","floor":4.0,"turns":3.0},{"damage":21,"enemies":"Lagavulin","floor":7,"turns":7},{"damage":1,"enemies":"Looter","floor":10,"turns":2},{"damage":1,"enemies":"Exordium Wildlife","floor":11,"turns":4},{"damage":0,"enemies":"3 Sentries","floor":12,"turns":6},{"damage":0,"enemies":"2 Fungi Beasts","floor":14,"turns":4},{"damage":18,"enemies":"Slime Boss","floor":16,"turns":10},{"damage":42,"enemies":"Chosen","floor":18,"turns":8},{"damage":21,"enemies":"2 Thieves","floor":19,"turns":5},{"damage":14,"enemies":"Snake Plant","floor":25,"turns":6},{"damage":23,"enemies":"Snecko","floor":30,"turns":6},{"damage":34,"enemies":"Gremlin Leader","floor":31,"turns":8}],"seed_played":"-4739360439610617830","potions_obtained":[{"floor":2.0,"key":"bronze:BurnAndBuffPotion"},{"floor":4.0,"key":"CultistPotion"},{"floor":11,"key":"ColorlessPotion"},{"floor":14,"key":"Weak Potion"},{"floor":16,"key":"EntropicBrew"},{"floor":25,"key":"SkillPotion"}],"is_trial":false,"path_per_floor":["M","M","$","M","?","R","E","R","T","M","M","E","$","M","R","B",null,"M","M","?","$","?","R","?","M","T","R","?","R","M","E"],"character_chosen":"THE_AUTOMATON","items_purchased":["bronze:Constructor","bronze:NullPointer","bronze:BronzeOrb","bronze:Frontload","bronze:ItsAFeature","bronze:Overheat"],"campfire_rested":3,"item_purchase_floors":[3,3,13,13,21,21],"current_hp_per_floor":[64,42,42,34,20,41,20,41,41,40,39,39,39,46,46,35,61,27,13,13,13,13,34,34,48,48,48,48,48,39,21,21,21],"gold":86,"neow_bonus":"BOSS_RELIC","is_daily":false,"chose_seed":false,"campfire_upgraded":0,"win_rate":0.0,"timestamp":1612224550,"path_taken":["M","M","?","M","?","R","E","R","T","M","M","E","$","M","R","BOSS","M","M","?","$","?","R","?","?","T","R","?","R","M","E"],"items_purchased_type":["Card","Card","Card","Card","Card","Card"],"build_version":"2020-12-18","purchased_purges":1,"victory":false,"max_hp_per_floor":[70,70,70,70,70,70,70,70,70,70,70,70,70,70,70,70,70,70,70,70,70,70,70,70,70,70,70,70,70,70,70,70,70],"relic_stats":{"Shovel":3,"Torii":11,"counters":[14,75],"Pandora\u0027s Box":["bronze:WhirlingStrike","bronze:Verify","bronze:Repulsor","bronze:OilSpill","bronze:GetLatest","bronze:Allocate","bronze:ThunderWave","bronze:Return"],"Whetstone":["bronze:WhirlingStrike","bronze:ThunderWave"],"obtain_stats":[{"bronze:ElectromagneticCoil":17,"Bottled Flame":27,"bronze:BronzeCore":0,"Shovel":9,"Torii":7,"bronze:ProtectiveGoggles":29,"MutagenicStrength":24,"Pandora\u0027s Box":0,"Whetstone":15,"bronze:BronzeIdol":12},{"bronze:ElectromagneticCoil":9,"Bottled Flame":12,"bronze:BronzeCore":0,"Shovel":4,"Torii":4,"bronze:ProtectiveGoggles":12,"MutagenicStrength":11,"Pandora\u0027s Box":0,"Whetstone":8,"bronze:BronzeIdol":7},{"bronze:ElectromagneticCoil":42,"Bottled Flame":61,"bronze:BronzeCore":0,"Shovel":16,"Torii":16,"bronze:ProtectiveGoggles":61,"MutagenicStrength":55,"Pandora\u0027s Box":0,"Whetstone":32,"bronze:BronzeIdol":28}]},"card_choices":[{"not_picked":["bronze:Invalidate","bronze:WildBeam"],"picked":"bronze:Overheat","floor":1.0},{"not_picked":["bronze:Fortify","bronze:BugBarrage"],"picked":"bronze:DarkDash","floor":2.0},{"not_picked":["bronze:Shield","bronze:FineTuning"],"picked":"bronze:Branch","floor":4.0},{"not_picked":["bronze:WhirlingStrike","bronze:Allocate"],"picked":"bronze:DarkDash","floor":7},{"not_picked":["bronze:Shield","bronze:Overheat"],"picked":"bronze:DelayedGuard","floor":10},{"not_picked":["bronze:HyperBeam","bronze:BuggyMess"],"picked":"bronze:FineTuning","floor":11},{"not_picked":["bronze:DelayedGuard","bronze:TinkerersToolbox"],"picked":"bronze:Repair","floor":12},{"not_picked":["bronze:DelayedSlice","bronze:Boost"],"picked":"bronze:Branch","floor":14},{"not_picked":["bronze:AlphaBuild","bronze:ShipIt"],"picked":"bronze:TinkerersToolbox","floor":16},{"not_picked":["bronze:OilSpill","bronze:Invalidate","bronze:Return"],"picked":"SKIP","floor":18},{"not_picked":["bronze:ClassDefault","bronze:Separator"],"picked":"bronze:Repair","floor":19},{"not_picked":["bronze:CutThrough","bronze:Flail"],"picked":"bronze:Repair","floor":25},{"not_picked":["bronze:BitShift","bronze:CutThrough"],"picked":"bronze:ForceShield","floor":30}],"player_experience":3720520,"relics_obtained":[{"floor":7,"key":"Torii"},{"floor":9,"key":"Shovel"},{"floor":12,"key":"bronze:BronzeIdol"},{"floor":15,"key":"Whetstone"},{"floor":27,"key":"Bottled Flame"},{"floor":29,"key":"bronze:ProtectiveGoggles"}],"event_choices":[{"damage_healed":0.0,"max_hp_gain":0.0,"max_hp_loss":0.0,"gold_gain":0.0,"event_name":"Shining Light","player_choice":"Entered Light","floor":5.0,"gold_loss":0.0,"damage_taken":14.0,"cards_upgraded":["bronze:Replicate","bronze:Branch"]},{"damage_healed":0,"gold_gain":0,"player_choice":"Ignored","damage_taken":0,"max_hp_gain":0,"max_hp_loss":0,"event_name":"Vampires","floor":20,"gold_loss":0},{"damage_healed":0,"gold_gain":0,"player_choice":"Inject Mutagens","damage_taken":0,"relics_obtained":["MutagenicStrength"],"max_hp_gain":0,"max_hp_loss":0,"event_name":"Drug Dealer","floor":24,"gold_loss":0},{"damage_healed":0,"gold_gain":0,"player_choice":"Smashed Altar","damage_taken":0,"max_hp_gain":0,"max_hp_loss":0,"event_name":"Forgotten Altar","floor":28,"gold_loss":0,"cards_obtained":["Decay"]}],"is_beta":true,"boss_relics":[{"not_picked":["Busted Crown","Philosopher\u0027s Stone"],"picked":"bronze:ElectromagneticCoil"}],"items_purged_floors":[21],"is_endless":false,"potions_floor_spawned":[2,4,11,14,16,25],"killed_by":"Gremlin Leader","ascension_level":5}}