{"host":"9rexl4trwadr43zo","time":1612283804,"event":{"mods":["BaseMod","Colored Map","Minty Spire (QoL Compilation)"],"gold_per_floor":[116,116,116,126,142,142,172,172,172,185,62,62,96,96,96,197,197,215,61,61,85,97,97,107,107,107,117,117,148,148,158,158,255,255,272,286,286,296,307,307,307,307,307,323,349,349,364,0,0,0],"floor_reached":51,"language":"ENG","playtime":2590,"items_purged":["Strike_R","Strike_R"],"score":788,"play_id":"784fbcae-02ab-4c7d-a0f8-4c363c90110f","local_time":"20210202163644","is_ascension_mode":true,"campfire_choices":[{"data":"Iron Wave","floor":6,"key":"SMITH"},{"data":"Body Slam","floor":8,"key":"SMITH"},{"data":"Whirlwind","floor":12,"key":"SMITH"},{"floor":15,"key":"REST"},{"data":"Body Slam","floor":23,"key":"SMITH"},{"data":"Battle Trance","floor":28,"key":"SMITH"},{"data":"Evolve","floor":30,"key":"SMITH"},{"floor":32,"key":"REST"},{"data":"Barricade","floor":40,"key":"SMITH"},{"data":"Juggernaut","floor":42,"key":"SMITH"},{"floor":49,"key":"REST"}],"circlet_count":0,"master_deck":["Strike_R","Strike_R","Strike_R","Defend_R","Defend_R","Defend_R","Bash","Iron Wave+1","Body Slam+1","Whirlwind+1","Shrug It Off+1","Evolve+1","Body Slam+1","Shrug It Off","Battle Trance+1","Shrug It Off","Inflame+1","Juggernaut+1","Parasite","Barricade+1","Shrug It Off+1","Madness","Madness"],"relics":["Burning Blood","Ginger","Shovel","Sundial","Velvet Choker","MutagenicStrength","PreservedInsect","Gremlin Horn","Lantern","Mark of Pain","Shuriken","Strawberry","Red Mask"],"acts_visited":["Exordium","TheCity","TheBeyond"],"potions_floor_usage":[31,33,33,50,50,50],"damage_taken":[{"damage":1,"enemies":"Cultist","floor":1,"turns":3},{"damage":6,"enemies":"Jaw Worm","floor":4,"turns":4},{"damage":0,"enemies":"2 Louse","floor":5,"turns":3},{"damage":23,"enemies":"3 Sentries","floor":7,"turns":12},{"damage":32,"enemies":"Exordium Thugs","floor":10,"turns":7},{"damage":24,"enemies":"Lagavulin","floor":13,"turns":9},{"damage":35,"enemies":"The Guardian","floor":16,"turns":13},{"damage":22,"enemies":"Spheric Guardian","floor":18,"turns":6},{"damage":0,"enemies":"3 Byrds","floor":22,"turns":3},{"damage":10,"enemies":"Sentry and Sphere","floor":24,"turns":4},{"damage":22,"enemies":"Centurion and Healer","floor":27,"turns":8},{"damage":2,"enemies":"Slavers","floor":29,"turns":4},{"damage":18,"enemies":"Snecko","floor":31,"turns":5},{"damage":49,"enemies":"Automaton","floor":33,"turns":10},{"damage":5,"enemies":"Orb Walker","floor":35,"turns":3},{"damage":17,"enemies":"3 Darklings","floor":36,"turns":2},{"damage":13,"enemies":"Writhing Mass","floor":38,"turns":6},{"damage":17,"enemies":"Transient","floor":39,"turns":5},{"damage":8,"enemies":"3 Darklings","floor":44,"turns":5},{"damage":0,"enemies":"Maw","floor":47,"turns":6},{"damage":57,"enemies":"Time Eater","floor":50,"turns":11}],"seed_played":"-5388472490713467631","potions_obtained":[{"floor":1,"key":"LiquidBronze"},{"floor":10,"key":"GamblersBrew"},{"floor":16,"key":"Swift Potion"},{"floor":18,"key":"AttackPotion"},{"floor":24,"key":"Fruit Juice"},{"floor":36,"key":"GamblersBrew"},{"floor":38,"key":"SteroidPotion"},{"floor":47,"key":"PowerPotion"}],"is_trial":false,"path_per_floor":["M","?","?","M","M","R","E","R","T","M","$","R","E","?","R","B",null,"M","$","?","T","M","R","M","?","T","M","R","E","R","M","R","B",null,"M","M","?","M","M","R","?","R","T","M","T","?","M","?","R","B",null],"character_chosen":"IRONCLAD","items_purchased":["Shrug It Off","Shrug It Off"],"campfire_rested":3,"item_purchase_floors":[11,19],"current_hp_per_floor":[88,88,88,88,88,88,71,71,71,45,45,45,27,27,53,24,88,72,72,72,72,78,78,74,74,74,58,58,62,62,50,76,38,93,93,82,82,75,64,64,52,52,52,50,57,57,63,63,93,42],"gold":0,"neow_bonus":"TEN_PERCENT_HP_BONUS","is_daily":false,"chose_seed":false,"campfire_upgraded":8,"win_rate":0.0,"timestamp":1612283804,"path_taken":["M","?","?","?","M","R","E","R","T","M","$","R","E","?","R","BOSS","M","$","?","?","M","R","M","?","T","M","R","E","R","M","R","BOSS","M","M","?","M","M","R","?","R","T","M","?","?","?","?","R","BOSS"],"items_purchased_type":["Card","Card"],"build_version":"2020-12-22","purchased_purges":2,"victory":true,"max_hp_per_floor":[88,88,88,88,88,88,88,88,88,88,88,88,88,88,88,88,88,88,88,88,88,88,88,88,88,88,88,88,88,88,88,88,93,93,93,93,93,93,93,93,93,93,93,93,100,100,100,100,100,100],"card_choices":[{"not_picked":["Combust","Armaments","Headbutt"],"picked":"SKIP","floor":1},{"not_picked":["Flame Barrier","Clash","Havoc"],"picked":"SKIP","floor":4},{"not_picked":["Shrug It Off","Infernal Blade"],"picked":"Iron Wave","floor":5},{"not_picked":["Immolate","Flame Barrier"],"picked":"Body Slam","floor":7},{"not_picked":["Blood for Blood","Headbutt"],"picked":"Whirlwind","floor":10},{"not_picked":["Impervious","Anger"],"picked":"Evolve","floor":13},{"not_picked":["Spot Weakness","Thunderclap"],"picked":"Body Slam","floor":18},{"not_picked":["Armaments","Whirlwind"],"picked":"Battle Trance","floor":22},{"not_picked":["Anger","Cleave"],"picked":"Shrug It Off","floor":24},{"not_picked":["Exhume","Armaments","Power Through"],"picked":"SKIP","floor":27},{"not_picked":["Intimidate","Iron Wave"],"picked":"Inflame+1","floor":29},{"not_picked":["True Grit","Warcry","Perfected Strike"],"picked":"SKIP","floor":31},{"not_picked":["Feed","Fiend Fire"],"picked":"Juggernaut","floor":33},{"not_picked":["Perfected Strike","Twin Strike+1","Thunderclap"],"picked":"SKIP","floor":35},{"not_picked":["Dual Wield","Heavy Blade+1","Carnage+1"],"picked":"SKIP","floor":36},{"not_picked":["Hemokinesis+1","Second Wind"],"picked":"Barricade","floor":38},{"not_picked":["Warcry","Heavy Blade"],"picked":"Shrug It Off+1","floor":39},{"not_picked":["Twin Strike+1","Warcry","Ghostly Armor+1"],"picked":"SKIP","floor":44},{"not_picked":["Fiend Fire","Fire Breathing","True Grit"],"picked":"SKIP","floor":47}],"player_experience":282897,"relics_obtained":[{"floor":7,"key":"Ginger"},{"floor":9,"key":"Shovel"},{"floor":13,"key":"Sundial"},{"floor":21,"key":"PreservedInsect"},{"floor":26,"key":"Gremlin Horn"},{"floor":29,"key":"Lantern"},{"floor":43,"key":"Shuriken"},{"floor":45,"key":"Strawberry"}],"event_choices":[{"damage_healed":0,"gold_gain":0,"player_choice":"Ignored","damage_taken":0,"max_hp_gain":0,"max_hp_loss":0,"event_name":"Golden Idol","floor":2,"gold_loss":0},{"damage_healed":0,"gold_gain":0,"player_choice":"Upgraded","damage_taken":0,"max_hp_gain":0,"max_hp_loss":0,"event_name":"Upgrade Shrine","floor":3,"gold_loss":0,"cards_upgraded":["Defend_R"]},{"damage_healed":0,"gold_gain":0,"player_choice":"Ignored","damage_taken":0,"max_hp_gain":0,"max_hp_loss":0,"event_name":"Liars Game","floor":14,"gold_loss":0},{"damage_healed":0,"gold_gain":0,"player_choice":"Inject Mutagens","damage_taken":0,"relics_obtained":["MutagenicStrength"],"max_hp_gain":0,"max_hp_loss":0,"event_name":"Drug Dealer","floor":20,"gold_loss":0},{"damage_healed":0,"gold_gain":0,"player_choice":"Upgraded","damage_taken":0,"max_hp_gain":0,"max_hp_loss":0,"event_name":"Upgrade Shrine","floor":25,"gold_loss":0,"cards_upgraded":["Shrug It Off"]},{"damage_healed":0,"gold_gain":0,"player_choice":"Ignored","damage_taken":0,"max_hp_gain":0,"max_hp_loss":0,"event_name":"Mysterious Sphere","floor":37,"gold_loss":0},{"damage_healed":0,"gold_gain":0,"player_choice":"Embrace Madness","damage_taken":12,"max_hp_gain":0,"max_hp_loss":0,"event_name":"Winding Halls","floor":41,"gold_loss":0,"cards_obtained":["Madness","Madness"]},{"cards_removed":["Defend_R"],"damage_healed":0,"gold_gain":0,"player_choice":"Removed Skill","damage_taken":0,"max_hp_gain":0,"max_hp_loss":0,"event_name":"Falling","floor":46,"gold_loss":0},{"damage_healed":0,"gold_gain":0,"player_choice":"Paid","damage_taken":0,"relics_obtained":["Red Mask"],"max_hp_gain":0,"max_hp_loss":0,"event_name":"Tomb of Lord Red Mask","floor":48,"gold_loss":364}],"is_beta":false,"boss_relics":[{"not_picked":["Runic Dome","Coffee Dripper"],"picked":"Velvet Choker"},{"not_picked":["SlaversCollar","Astrolabe"],"picked":"Mark of Pain"}],"items_purged_floors":[11,19],"is_endless":false,"potions_floor_spawned":[1,10,16,18,24,27,36,38,47],"ascension_level":2}}