{"host":"vfg9szunmpjwj08o","time":1612262013,"event":{"mods":["Act Like it!","BaseMod","Challenge The Spire","Colored Map","Colored Powertips","Conspire","Dark Map","Minty Spire (QoL Compilation)","Relic Stats","StSLib","Waifu the Spire"],"gold_per_floor":[119,130,140,53,63,91,91,91,137,137,178,27,61,83,83,192,192,213,229,239,103,103,103,112,143,225,241,241,241],"floor_reached":28,"language":"ENG","playtime":1281,"items_purged":["Strike_P"],"score":447,"play_id":"0db69a7c-a875-4a30-94bf-2bf8f0cd5fe4","local_time":"20210202113333","is_ascension_mode":true,"campfire_choices":[{"floor":8,"key":"RECALL"},{"data":"Perseverance","floor":10,"key":"SMITH"},{"data":"Adaptation","floor":15,"key":"SMITH"},{"floor":23,"key":"REST"}],"circlet_count":0,"master_deck":["Strike_P","Strike_P","Strike_P","Defend_P","Defend_P","Defend_P","Defend_P","Eruption+1","Vigilance","SandsOfTime","WheelKick","Perseverance+1","MentalFortress","CutThroughFate","CutThroughFate","Adaptation+1","Brilliance","Prostrate","DevaForm","EmptyBody","Alpha","CutThroughFate","EmptyMind","Vengeance","Parasite"],"relics":["PureWater","Calipers","Singing Bowl","CeramicFish","Oddly Smooth Stone","Blood Vial","Cursed Key","Question Card","Centennial Puzzle"],"acts_visited":["Exordium","TheCity"],"potions_floor_usage":[6,11,13,16,20,25],"damage_taken":[{"damage":5,"enemies":"2 Louse","floor":1,"turns":3},{"damage":0,"enemies":"Jaw Worm","floor":2,"turns":2},{"damage":1,"enemies":"conspire:RoseBush","floor":3,"turns":4},{"damage":8,"enemies":"Looter","floor":5,"turns":4},{"damage":0,"enemies":"Gremlin Nob","floor":6,"turns":3},{"damage":22,"enemies":"3 Sentries","floor":11,"turns":6},{"damage":0,"enemies":"Gremlin Nob","floor":13,"turns":2},{"damage":2,"enemies":"Blue Slaver","floor":14,"turns":3},{"damage":20,"enemies":"The Guardian","floor":16,"turns":8},{"damage":24,"enemies":"conspire:FuzzyDice","floor":18,"turns":4},{"damage":12,"enemies":"Chosen","floor":19,"turns":5},{"damage":10,"enemies":"Snecko","floor":20,"turns":4},{"damage":31,"enemies":"Book of Stabbing","floor":25,"turns":5},{"damage":6,"enemies":"Snake Plant","floor":27,"turns":4},{"damage":12,"enemies":"Masked Bandits","floor":28,"turns":1}],"seed_played":"5979931926066060987","potions_obtained":[{"floor":2,"key":"LiquidMemories"},{"floor":3,"key":"SteroidPotion"},{"floor":5,"key":"PowerPotion"},{"floor":11,"key":"Block Potion"},{"floor":14,"key":"DuplicationPotion"},{"floor":18,"key":"BottledMiracle"}],"is_trial":false,"path_per_floor":["M","M","M","$","M","E","?","R","T","R","E","$","E","M","R","B",null,"M","M","M","$","?","R","?","E","T","M","?"],"character_chosen":"WATCHER","items_purchased":["MentalFortress","CutThroughFate","Brilliance","Prostrate","EmptyMind"],"campfire_rested":1,"item_purchase_floors":[4,4,12,12,21],"current_hp_per_floor":[60,60,59,59,51,53,53,53,53,53,31,31,31,31,31,13,54,32,24,18,18,18,39,39,12,12,10,0,0],"gold":241,"neow_bonus":"ONE_RARE_RELIC","is_daily":false,"chose_seed":false,"campfire_upgraded":2,"win_rate":0.0,"timestamp":1612262013,"path_taken":["M","M","M","$","M","E","?","R","T","R","E","$","E","M","R","BOSS","M","M","M","$","?","R","?","E","T","M","?"],"items_purchased_type":["Card","Card","Card","Card","Card"],"build_version":"2020-12-22","purchased_purges":1,"victory":false,"max_hp_per_floor":[65,65,65,65,65,67,67,67,67,67,67,67,67,67,67,67,67,67,69,71,71,71,71,71,73,73,75,75,75],"relic_stats":{"Blood Vial":16,"Centennial Puzzle":[3],"Singing Bowl":10,"counters":[15,58],"CeramicFish":90,"Cursed Key":1,"Question Card":2,"obtain_stats":[{"Blood Vial":13,"Centennial Puzzle":25,"Calipers":0,"Singing Bowl":6,"CeramicFish":9,"Oddly Smooth Stone":11,"PureWater":0,"Cursed Key":17,"Question Card":22},{"Blood Vial":7,"Centennial Puzzle":13,"Calipers":0,"Singing Bowl":5,"CeramicFish":5,"Oddly Smooth Stone":6,"PureWater":0,"Cursed Key":9,"Question Card":12},{"Blood Vial":24,"Centennial Puzzle":53,"Calipers":0,"Singing Bowl":16,"CeramicFish":16,"Oddly Smooth Stone":22,"PureWater":0,"Cursed Key":35,"Question Card":48}]},"card_choices":[{"not_picked":["SashWhip","FollowUp"],"picked":"SandsOfTime","floor":1},{"not_picked":["Halt","Weave"],"picked":"WheelKick","floor":2},{"not_picked":["Crescendo","WreathOfFlame"],"picked":"Perseverance","floor":3},{"not_picked":["Perseverance","Evaluate"],"picked":"CutThroughFate","floor":5},{"not_picked":["BowlingBash","FlyingSleeves","ClearTheMind"],"picked":"Singing Bowl","floor":6},{"not_picked":["CutThroughFate","Tantrum"],"picked":"Adaptation","floor":11},{"not_picked":["ThirdEye","SashWhip"],"picked":"DevaForm","floor":13},{"not_picked":["Tantrum","Crescendo"],"picked":"EmptyBody","floor":14},{"not_picked":["Blasphemy","DeusExMachina"],"picked":"Alpha","floor":16},{"not_picked":["Wireheading","PathToVictory+1"],"picked":"CutThroughFate","floor":18},{"not_picked":["SignatureMove","BowlingBash","Consecrate"],"picked":"Singing Bowl","floor":19},{"not_picked":["BowlingBash+1","EmptyFist","DeceiveReality+1"],"picked":"Singing Bowl","floor":20},{"not_picked":["CrushJoints","LikeWater","Vengeance","WreathOfFlame"],"picked":"Singing Bowl","floor":25},{"not_picked":["FlyingSleeves","EmptyFist+1","Crescendo+1","BowlingBash"],"picked":"Singing Bowl","floor":27}],"player_experience":1091050,"relics_obtained":[{"floor":6,"key":"Singing Bowl"},{"floor":9,"key":"CeramicFish"},{"floor":11,"key":"Oddly Smooth Stone"},{"floor":13,"key":"Blood Vial"},{"floor":25,"key":"Centennial Puzzle"}],"event_choices":[{"damage_healed":0,"gold_gain":0,"player_choice":"Upgraded","damage_taken":0,"max_hp_gain":0,"max_hp_loss":0,"event_name":"Upgrade Shrine","floor":7,"gold_loss":0,"cards_upgraded":["Eruption"]},{"damage_healed":0,"gold_gain":0,"player_choice":"Opened","damage_taken":0,"relics_obtained":["Question Card"],"max_hp_gain":0,"max_hp_loss":0,"event_name":"The Mausoleum","floor":22,"gold_loss":0},{"damage_healed":0,"gold_gain":0,"player_choice":"Read","damage_taken":0,"max_hp_gain":0,"max_hp_loss":0,"event_name":"The Library","floor":24,"gold_loss":0,"cards_obtained":["Vengeance"]},{"damage_healed":0,"gold_gain":0,"player_choice":"Fought Bandits","damage_taken":0,"max_hp_gain":0,"max_hp_loss":0,"event_name":"Masked Bandits","floor":28,"gold_loss":0}],"is_beta":false,"boss_relics":[{"not_picked":["Runic Dome","HolyWater"],"picked":"Cursed Key"}],"items_purged_floors":[21],"is_endless":false,"potions_floor_spawned":[2,3,5,11,14,18],"killed_by":"Masked Bandits","ascension_level":9}}