{"host":"qgvpd00zvzorrg7j","time":1612231664,"event":{"mods":["BaseMod","Colored Map","Downfall","Minty Spire (QoL Compilation)","Quick Restart","StSLib"],"gold_per_floor":[99,99,24,199,199,199,245,245,261,79,91,91,107,171,188,286,286,286,314,51,72,84,289,289,324,343,369,378,378,378,378,403,506,533,533,545,545,423,440,540,567,589,589,21,45,61,81,81,99,99],"floor_reached":51,"language":"ENG","playtime":2954,"items_purged":["Slimebound:Defend_Slimebound","Slimebound:Strike_Slimebound","Slimebound:Strike_Slimebound"],"score":684,"play_id":"42440d59-7b36-4901-af94-1942362d53e1","local_time":"20210201210744","is_ascension_mode":false,"campfire_choices":[{"data":"Slimebound:CorrosiveSpit","floor":1.0,"key":"SMITH"},{"data":"Slimebound:SlimeSlap","floor":12.0,"key":"SMITH"},{"data":"Slimebound:LeechEnergy","floor":18.0,"key":"SMITH"},{"data":"Slimebound:Nibble","floor":29.0,"key":"SMITH"},{"data":"Slimebound:OozeBath","floor":35.0,"key":"SMITH"},{"floor":43.0,"key":"RECALL"}],"circlet_count":0,"master_deck":["Slimebound:Split","Slimebound:CorrosiveSpit+1","Slimebound:LeechEnergy+1","Slimebound:SamplingLick","Slimebound:ComboTackle","Slimebound:SlimeSlap+1","Slimebound:Schlurp+1","Slimebound:GoopSpray","Slimebound:Nibble+1","Slimebound:OozeBath+1","Slimebound:SplitBruiser+1","Slimebound:SamplingLick+1","Slimebound:SplitMire+1","Slimebound:MassRepurpose","Slimebound:SamplingLick+1","Slimebound:Equalize+1","Slimebound:Schlurp+1","Slimebound:GoopTackle+1","Slimebound:Dissolve","Slimebound:AcidTongue+1","Slimebound:LeadByExample+1"],"relics":["Slimebound:AbsorbEndCombat","downfall:HeartsMalice","Happy Flower","CeramicFish","Runic Pyramid","Kunai","The Courier","HornCleat","Astrolabe","Bag of Marbles","Potion Belt","War Paint","CaptainsWheel","Bronze Scales","Ornamental Fan"],"acts_visited":["Exordium","TheCity","TheBeyond"],"potions_floor_usage":[50],"damage_taken":[{"damage":0.0,"enemies":"Jaw Worm","floor":2.0,"turns":1.0},{"damage":0.0,"enemies":"downfall:FleeingMerchant","floor":3.0,"turns":1.0},{"damage":0.0,"enemies":"Cultist","floor":6.0,"turns":1.0},{"damage":0.0,"enemies":"2 Louse","floor":9.0,"turns":2.0},{"damage":0.0,"enemies":"downfall:FleeingMerchant","floor":10.0,"turns":4.0},{"damage":6.0,"enemies":"Large Slime","floor":11.0,"turns":3.0},{"damage":9.0,"enemies":"Exordium Thugs","floor":13.0,"turns":3.0},{"damage":7.0,"enemies":"Lagavulin Event","floor":14.0,"turns":3.0},{"damage":3.0,"enemies":"2 Fungi Beasts","floor":15.0,"turns":3.0},{"damage":26.0,"enemies":"WA_ARCHETYPE_RETAIN","floor":16.0,"turns":6.0},{"damage":0.0,"enemies":"Chosen","floor":19.0,"turns":3.0},{"damage":0.0,"enemies":"downfall:FleeingMerchant","floor":20.0,"turns":4.0},{"damage":0.0,"enemies":"3 Byrds","floor":21.0,"turns":4.0},{"damage":2.0,"enemies":"Centurion and Healer","floor":22.0,"turns":4.0},{"damage":3.0,"enemies":"downfall:FleeingMerchant","floor":23.0,"turns":4.0},{"damage":9.0,"enemies":"Gremlin Leader","floor":25.0,"turns":4.0},{"damage":0.0,"enemies":"Snecko","floor":26.0,"turns":4.0},{"damage":0.0,"enemies":"3 Cultists","floor":27.0,"turns":4.0},{"damage":0.0,"enemies":"Chosen and Byrds","floor":32.0,"turns":4.0},{"damage":28.0,"enemies":"DF_ARCHETYPE_CLAW","floor":33.0,"turns":6.0},{"damage":0.0,"enemies":"Orb Walker","floor":36.0,"turns":2.0},{"damage":4.0,"enemies":"Orb Walker","floor":37.0,"turns":4.0},{"damage":5.0,"enemies":"3 Shapes","floor":39.0,"turns":2.0},{"damage":0.0,"enemies":"downfall:LadyInBlue","floor":40.0,"turns":4.0},{"damage":0.0,"enemies":"Transient","floor":42.0,"turns":5.0},{"damage":1.0,"enemies":"Jaw Worm Horde","floor":45.0,"turns":3.0},{"damage":5.0,"enemies":"Maw","floor":46.0,"turns":5.0},{"damage":18.0,"enemies":"Writhing Mass","floor":47.0,"turns":3.0},{"damage":0,"enemies":"Transient","floor":49,"turns":5},{"damage":45,"enemies":"IC_BLOCK_ARCHETYPE","floor":50,"turns":9}],"seed_played":"5450016882047480741","potions_obtained":[{"floor":9.0,"key":"DuplicationPotion"},{"floor":13.0,"key":"Ancient Potion"},{"floor":19.0,"key":"BlessingOfTheForge"},{"floor":22.0,"key":"DuplicationPotion"},{"floor":25.0,"key":"SkillPotion"},{"floor":33.0,"key":"EntropicBrew"},{"floor":40.0,"key":"DuplicationPotion"},{"floor":40.0,"key":"PowerPotion"},{"floor":40.0,"key":"champ:CounterPotion"},{"floor":40.0,"key":"Block Potion"}],"is_trial":false,"path_per_floor":["R","M","$","?","?","M","T","?","M","$","M","R","M","?","M","B",null,"R","M","$","M","M","$","T","E","M","M","?","R","?","?","M","B",null,"R","M","?","$","M","?","T","M","R","$","M","M","M","T","M","B",null],"character_chosen":"SLIMEBOUND","items_purchased":["Slimebound:SlimeSlap","Kunai","Bag of Marbles","CaptainsWheel","Bronze Scales","Ornamental Fan"],"campfire_rested":0,"item_purchase_floors":[10,20,38,44,44,44],"current_hp_per_floor":[65,65,65,65,65,65,65,65,65,65,63,63,62,61,65,42,65,65,65,65,65,63,64,64,56,64,65,65,65,54,54,62,42,70,70,70,70,70,70,70,70,70,70,70,70,67,59,59,67,37],"gold":99,"neow_bonus":"THREE_ENEMY_KILL","is_daily":false,"chose_seed":false,"campfire_upgraded":5,"win_rate":0.0,"timestamp":1612231664,"path_taken":["R","M","$","?","?","?","T","?","M","$","M","R","M","?","M","BOSS","R","M","$","M","M","$","T","E","M","M","?","R","?","?","M","BOSS","R","M","?","$","M","?","T","?","R","$","M","M","M","?","M","BOSS"],"items_purchased_type":["Card","Relic","Relic","Relic","Relic","Relic"],"build_version":"2020-12-22","purchased_purges":3,"victory":true,"max_hp_per_floor":[65,65,65,65,65,65,65,65,65,65,65,65,65,65,65,65,65,65,65,65,65,65,65,65,65,65,65,65,65,70,70,70,70,70,70,70,70,70,70,70,70,70,70,70,70,70,70,70,70,70],"card_choices":[{"not_picked":["Slimebound:GoopTackle","Slimebound:LivingWall","Slimebound:LeadByExample"],"picked":"SKIP","floor":2.0},{"not_picked":["Slimebound:FinishingTackle","Slimebound:SlimeTap"],"picked":"Slimebound:LeechEnergy","floor":3.0},{"not_picked":["Slimebound:Prepare","Slimebound:ProtectTheBoss"],"picked":"Slimebound:SamplingLick","floor":6.0},{"not_picked":["Slimebound:RollThrough","Slimebound:LeechingTouch","Slimebound:SplitAcid"],"picked":"SKIP","floor":9.0},{"not_picked":["Slimebound:SplitAcid","Slimebound:SelfFormingGoo"],"picked":"Slimebound:ComboTackle","floor":10.0},{"not_picked":["Slimebound:ItLooksTasty","Slimebound:SplitAcid"],"picked":"Slimebound:Schlurp","floor":11.0},{"not_picked":["Slimebound:ItLooksTasty","Slimebound:HauntingLick"],"picked":"Slimebound:GoopSpray","floor":13.0},{"not_picked":["Slimebound:TongueLash","Slimebound:LeechingTouch","Slimebound:LevelUp"],"picked":"SKIP","floor":15.0},{"not_picked":["Slimebound:SplitAcid","Slimebound:Replication"],"picked":"Slimebound:Nibble","floor":19.0},{"not_picked":["Slimebound:Repurpose","Slimebound:SlimeSpikes"],"picked":"Slimebound:OozeBath","floor":20.0},{"not_picked":["Slimebound:LivingWall","Slimebound:GoopTackle+1"],"picked":"Slimebound:SplitBruiser+1","floor":21.0},{"not_picked":["Slimebound:GoopTackle","Slimebound:ServeAndProtect","Slimebound:LeechEnergy"],"picked":"SKIP","floor":22.0},{"not_picked":["Slimebound:SplitMire","Slimebound:SlimeSpikes","Slimebound:LivingWall"],"picked":"SKIP","floor":23.0},{"not_picked":["Slimebound:SplitBruiser","Slimebound:RollThrough+1","Slimebound:GoopTackle+1"],"picked":"SKIP","floor":25.0},{"not_picked":["Slimebound:FlameTackle","Slimebound:RollThrough"],"picked":"Slimebound:SamplingLick","floor":26.0},{"not_picked":["Slimebound:LeechingTouch","Slimebound:GoopSpray"],"picked":"Slimebound:SplitMire+1","floor":27.0},{"not_picked":["Slimebound:RejuvenatingLick+1","Slimebound:FormOfPuddle+1"],"picked":"Slimebound:SamplingLick+1","floor":32.0},{"not_picked":["Slimebound:FlameTackle","Slimebound:Schlurp","Slimebound:SplitLeeching"],"picked":"SKIP","floor":36.0},{"not_picked":["Slimebound:LeechEnergy","Slimebound:LivingWall+1","Slimebound:ServeAndProtect"],"picked":"SKIP","floor":39.0},{"not_picked":["Slimebound:ComboTackle+1","Slimebound:RollThrough+1"],"picked":"Slimebound:Dissolve","floor":42.0},{"not_picked":["Slimebound:ComboTackle+1","Slimebound:GoopSpray"],"picked":"Slimebound:AcidTongue+1","floor":45.0},{"not_picked":["Slimebound:RainOfGoop+1","Slimebound:Schlurp+1","Slimebound:MassRepurpose"],"picked":"SKIP","floor":46.0},{"not_picked":["Slimebound:Prepare+1","Slimebound:PressTheAttack+1"],"picked":"Slimebound:LeadByExample+1","floor":47.0},{"not_picked":["Slimebound:PressTheAttack+1","Slimebound:FormOfPuddle","Slimebound:Replication+1"],"picked":"SKIP","floor":49}],"player_experience":596296,"relics_obtained":[{"floor":7.0,"key":"Happy Flower"},{"floor":24.0,"key":"The Courier"},{"floor":25.0,"key":"HornCleat"},{"floor":40.0,"key":"Potion Belt"},{"floor":41.0,"key":"War Paint"}],"event_choices":[{"cards_removed":["downfall:Icky"],"damage_healed":0.0,"max_hp_gain":0.0,"max_hp_loss":0.0,"gold_gain":0.0,"event_name":"Living Wall","player_choice":"Forget","floor":8.0,"gold_loss":0.0,"damage_taken":0.0},{"damage_healed":0.0,"max_hp_gain":0.0,"max_hp_loss":0.0,"gold_gain":0.0,"event_name":"The Library","player_choice":"Read","floor":28.0,"gold_loss":0.0,"damage_taken":0.0,"cards_obtained":["Slimebound:MassRepurpose"]},{"damage_healed":0.0,"max_hp_gain":0.0,"max_hp_loss":0.0,"gold_gain":0.0,"event_name":"Ghosts","player_choice":"Ignored","floor":31.0,"gold_loss":0.0,"damage_taken":0.0}],"is_beta":false,"boss_relics":[{"not_picked":["Cursed Key","SlaversCollar"],"picked":"Runic Pyramid"},{"not_picked":["Sozu","Snecko Eye"],"picked":"Astrolabe"}],"items_purged_floors":[3,10,23],"is_endless":false,"potions_floor_spawned":[9,13,19,22,25,27,33,36,39,40],"ascension_level":0}}