{"host":"0ueeacaatm8t6jyh","time":1612242212,"event":{"mods":["AchievementEnabler","BaseMod","Colored Powertips","Minty Spire (QoL Compilation)","Quick Restart","Rare Cards Sparkle","Shop Mod","StSLib"],"gold_per_floor":[116,116,116,116,116,116,116,143,143,169,169,169,169,199,211,90,102,102,102,206,256,266,8,83,43,58,71,106,84,100,100,100,125,142,161,173,173,173,278,278,293,43,43,63,0,0,0,33,33,82,114,124,179,192,192,192,192,192],"floor_reached":59,"language":"ZHS","playtime":5229,"items_purged":["Strike_G"],"score":1420,"play_id":"3ddec472-ae4a-436d-ab0d-d656b399fd2c","local_time":"20210202130332","is_ascension_mode":true,"campfire_choices":[{"data":"Neutralize","floor":7.0,"key":"SMITH"},{"data":"Eviscerate","floor":9.0,"key":"SMITH"},{"data":"Reflex","floor":13.0,"key":"SMITH"},{"data":"Adrenaline","floor":18.0,"key":"SMITH"},{"data":"A Thousand Cuts","floor":19.0,"key":"SMITH"},{"data":"Adrenaline","floor":37.0,"key":"SMITH"},{"data":"Footwork","floor":38.0,"key":"SMITH"},{"data":"Bullet Time","floor":46,"key":"SMITH"},{"data":"Footwork","floor":49,"key":"SMITH"},{"data":"Tactician","floor":56,"key":"SMITH"},{"data":"1","floor":57,"key":"LIFT"}],"circlet_count":0,"master_deck":["AscendersBane","Defend_G","Defend_G","Defend_G","Survivor+1","Neutralize+1","Reflex+1","Eviscerate+1","Adrenaline+1","Prepared","Backflip","A Thousand Cuts+1","Bullet Time+1","Prepared","Footwork+1","Terror","Acrobatics+1","Adrenaline+1","Footwork+1","Envenom","Heel Hook+1","Deflect+1","Footwork+1","Tactician+1","Acrobatics+1"],"relics":["Ring of the Snake","NeowsBlessing","Girya","Mummified Hand","Potion Belt","Mango","Whetstone","Tiny House","Matryoshka","Shovel","Pocketwatch","Bottled Flame","Pantograph","Astrolabe","Membership Card","Bag of Preparation","Red Mask","Singing Bowl","Akabeko","Vajra","Strawberry","Oddly Smooth Stone","Tough Bandages"],"acts_visited":["Exordium","TheCity","TheBeyond"],"potions_floor_usage":[58,58],"damage_taken":[{"damage":0.0,"enemies":"Small Slimes","floor":1.0,"turns":1.0},{"damage":0.0,"enemies":"3 Sentries","floor":8.0,"turns":1.0},{"damage":0.0,"enemies":"Gremlin Nob","floor":14.0,"turns":1.0},{"damage":0.0,"enemies":"Jaw Worm","floor":15.0,"turns":2.0},{"damage":0.0,"enemies":"2 Louse","floor":17.0,"turns":1.0},{"damage":69.0,"enemies":"Hexaghost","floor":20.0,"turns":16.0},{"damage":0.0,"enemies":"Chosen","floor":22.0,"turns":4.0},{"damage":0.0,"enemies":"Shell Parasite","floor":26.0,"turns":5.0},{"damage":0.0,"enemies":"Snecko","floor":27.0,"turns":6.0},{"damage":0.0,"enemies":"Gremlin Leader","floor":28.0,"turns":6.0},{"damage":9.0,"enemies":"Shelled Parasite and Fungi","floor":30.0,"turns":3.0},{"damage":9.0,"enemies":"Slavers","floor":33.0,"turns":7.0},{"damage":0.0,"enemies":"3 Cultists","floor":34.0,"turns":3.0},{"damage":3.0,"enemies":"Snake Plant","floor":35.0,"turns":4.0},{"damage":16.0,"enemies":"Sentry and Sphere","floor":36.0,"turns":5.0},{"damage":29.0,"enemies":"Automaton","floor":39.0,"turns":10.0},{"damage":2.0,"enemies":"Orb Walker","floor":41.0,"turns":3.0},{"damage":0.0,"enemies":"3 Shapes","floor":44.0,"turns":3.0},{"damage":0,"enemies":"Giant Head","floor":48,"turns":7},{"damage":4,"enemies":"Nemesis","floor":51,"turns":5},{"damage":3,"enemies":"Writhing Mass","floor":52,"turns":4},{"damage":0,"enemies":"2 Orb Walkers","floor":53,"turns":4},{"damage":0,"enemies":"Jaw Worm Horde","floor":54,"turns":4},{"damage":9,"enemies":"Awakened One","floor":58,"turns":3}],"seed_played":"2821839113629943444","potions_obtained":[{"floor":15.0,"key":"BlessingOfTheForge"},{"floor":17.0,"key":"Fruit Juice"},{"floor":21.0,"key":"CunningPotion"},{"floor":27.0,"key":"Strength Potion"},{"floor":30.0,"key":"SkillPotion"},{"floor":34.0,"key":"SteroidPotion"},{"floor":35.0,"key":"DuplicationPotion"},{"floor":39.0,"key":"SkillPotion"},{"floor":51,"key":"FearPotion"}],"is_trial":false,"path_per_floor":["M","?","$","?","$","?","R","E","R","T","T","?","R","E","M","$","M","R","R","B",null,"M","$","?","$","M","M","E","$","M","T","?","E","M","M","M","R","R","B",null,"M","$","?","M","?","R","?","E","R","T","E","M","?","M","?","R","R","B",null],"character_chosen":"THE_SILENT","items_purchased":["Backflip","Matryoshka","Footwork","Acrobatics","Membership Card","Tactician","Bag of Preparation"],"campfire_rested":0,"item_purchase_floors":[16,23,25,29,42,42,42],"current_hp_per_floor":[63,56,56,61,61,58,58,58,58,58,72,72,72,72,72,72,77,77,77,8,78,78,78,69,69,69,69,69,69,60,60,60,51,51,48,32,32,32,28,81,79,79,79,79,79,79,79,81,81,88,86,83,85,87,87,87,87,103],"gold":192,"neow_bonus":"THREE_ENEMY_KILL","is_daily":false,"chose_seed":false,"campfire_upgraded":10,"win_rate":0.0,"timestamp":1612242212,"path_taken":["M","?","?","?","$","?","R","E","R","T","T","?","R","E","?","$","M","R","R","BOSS","M","$","?","$","M","?","E","?","M","T","?","E","?","M","M","R","R","BOSS","M","$","?","?","?","R","?","E","R","T","E","?","?","M","?","R","R","BOSS"],"items_purchased_type":["Card","Relic","Card","Card","Relic","Card","Relic"],"build_version":"2020-12-22","purchased_purges":1,"victory":true,"max_hp_per_floor":[70,70,70,75,75,75,75,75,75,75,89,89,89,89,89,89,94,94,94,94,99,99,99,99,99,99,99,99,99,99,99,99,99,99,99,99,99,99,99,99,99,99,99,99,99,99,99,101,101,108,110,110,112,114,114,114,114,114],"card_choices":[{"not_picked":["PiercingWail","Dash"],"picked":"Reflex","floor":1.0},{"not_picked":["Well Laid Plans","Sucker Punch"],"picked":"Eviscerate","floor":8.0},{"not_picked":["Riddle With Holes","PiercingWail"],"picked":"Adrenaline","floor":14.0},{"not_picked":["PiercingWail","Flying Knee"],"picked":"Prepared","floor":15.0},{"not_picked":["Accuracy","Quick Slash"],"picked":"A Thousand Cuts","floor":17.0},{"not_picked":["Tools of the Trade","Unload"],"picked":"Bullet Time","floor":20.0},{"not_picked":["Finisher","Deadly Poison"],"picked":"Prepared","floor":21.0},{"not_picked":["Bane","Sucker Punch","Predator+1"],"picked":"SKIP","floor":22.0},{"not_picked":["Cloak And Dagger","Outmaneuver","Bane"],"picked":"SKIP","floor":26.0},{"not_picked":["Dodge and Roll+1","Flying Knee+1"],"picked":"Terror","floor":27.0},{"not_picked":["Backflip","Poisoned Stab+1","Riddle With Holes"],"picked":"SKIP","floor":28.0},{"not_picked":["Skewer","Noxious Fumes","Slice+1"],"picked":"SKIP","floor":30.0},{"not_picked":["Prepared","Slice"],"picked":"Adrenaline","floor":33.0},{"not_picked":["Deflect","All Out Attack"],"picked":"Footwork","floor":34.0},{"not_picked":["Accuracy+1","Noxious Fumes+1","Cloak And Dagger"],"picked":"SKIP","floor":35.0},{"not_picked":["Reflex+1","PiercingWail","Dagger Throw"],"picked":"SKIP","floor":36.0},{"not_picked":["Corpse Explosion","A Thousand Cuts"],"picked":"Envenom","floor":39.0},{"not_picked":["Terror+1","Bane+1","Dagger Throw"],"picked":"SKIP","floor":41.0},{"not_picked":["All Out Attack","Flying Knee+1","Underhanded Strike+1"],"picked":"SKIP","floor":44.0},{"not_picked":["Skewer+1","Blade Dance","Backflip"],"picked":"Singing Bowl","floor":48},{"not_picked":["Dash","Doppelganger","Poisoned Stab"],"picked":"Singing Bowl","floor":51},{"not_picked":["Dagger Spray","Infinite Blades"],"picked":"Acrobatics+1","floor":52},{"not_picked":["Terror","Cloak And Dagger","Dodge and Roll+1"],"picked":"Singing Bowl","floor":53},{"not_picked":["Acrobatics","Corpse Explosion","Outmaneuver"],"picked":"Singing Bowl","floor":54}],"player_experience":487283,"relics_obtained":[{"floor":8.0,"key":"Mummified Hand"},{"floor":10.0,"key":"Potion Belt"},{"floor":11.0,"key":"Mango"},{"floor":14.0,"key":"Whetstone"},{"floor":28.0,"key":"Shovel"},{"floor":31.0,"key":"Pocketwatch"},{"floor":31.0,"key":"Bottled Flame"},{"floor":33.0,"key":"Pantograph"},{"floor":48,"key":"Akabeko"},{"floor":50,"key":"Vajra"},{"floor":50,"key":"Strawberry"},{"floor":51,"key":"Oddly Smooth Stone"},{"floor":53,"key":"Tough Bandages"}],"event_choices":[{"cards_removed":["Strike_G"],"damage_healed":0.0,"max_hp_gain":0.0,"max_hp_loss":0.0,"gold_gain":0.0,"event_name":"Golden Wing","player_choice":"Card Removal","floor":2.0,"gold_loss":0.0,"damage_taken":7.0},{"damage_healed":0.0,"max_hp_gain":5.0,"max_hp_loss":0.0,"gold_gain":0.0,"event_name":"Big Fish","player_choice":"Donut","floor":4.0,"gold_loss":0.0,"damage_taken":0.0},{"damage_healed":0.0,"max_hp_gain":0.0,"max_hp_loss":0.0,"gold_gain":0.0,"event_name":"Scrap Ooze","player_choice":"Success","floor":6.0,"gold_loss":0.0,"damage_taken":3.0,"relics_obtained":["Girya"]},{"cards_removed":["Strike_G"],"damage_healed":0.0,"max_hp_gain":0.0,"max_hp_loss":0.0,"gold_gain":0.0,"event_name":"Purifier","player_choice":"Purged","floor":12.0,"gold_loss":0.0,"damage_taken":0.0},{"damage_healed":0.0,"max_hp_gain":0.0,"max_hp_loss":0.0,"gold_gain":75.0,"event_name":"FaceTrader","player_choice":"Touch","floor":24.0,"gold_loss":0.0,"damage_taken":9.0},{"damage_healed":0.0,"max_hp_gain":0.0,"max_hp_loss":0.0,"gold_gain":0.0,"event_name":"Upgrade Shrine","player_choice":"Upgraded","floor":32.0,"gold_loss":0.0,"damage_taken":0.0,"cards_upgraded":["Acrobatics"]},{"cards_removed":["Strike_G"],"damage_healed":0.0,"max_hp_gain":0.0,"max_hp_loss":0.0,"gold_gain":0.0,"event_name":"Purifier","player_choice":"Purged","floor":43.0,"gold_loss":0.0,"damage_taken":0.0},{"damage_healed":0.0,"max_hp_gain":0.0,"max_hp_loss":0.0,"gold_gain":0.0,"event_name":"Tomb of Lord Red Mask","player_choice":"Paid","floor":45.0,"gold_loss":63.0,"damage_taken":0.0,"relics_obtained":["Red Mask"]},{"damage_healed":0,"gold_gain":0,"player_choice":"Gave Potion","damage_taken":0,"relics_obtained":["Singing Bowl"],"max_hp_gain":0,"max_hp_loss":0,"event_name":"WeMeetAgain","floor":47,"gold_loss":0},{"damage_healed":0,"gold_gain":0,"player_choice":"Fight","damage_taken":0,"max_hp_gain":0,"max_hp_loss":0,"event_name":"Mysterious Sphere","floor":53,"gold_loss":0},{"damage_healed":0,"gold_gain":0,"player_choice":"Ignored","damage_taken":0,"max_hp_gain":0,"max_hp_loss":0,"event_name":"SecretPortal","floor":55,"gold_loss":0}],"is_beta":false,"boss_relics":[{"not_picked":["Sozu","Ectoplasm"],"picked":"Tiny House"},{"not_picked":["Snecko Eye","Philosopher\u0027s Stone"],"picked":"Astrolabe"}],"items_purged_floors":[16],"is_endless":false,"potions_floor_spawned":[15,17,27,30,34,35,39,41,44,51,54],"ascension_level":11}}