{"host":"vhu12qr9yy4p5pn7","time":1612276853,"event":{"mods":["Arknights","BaseMod","Decade(Õı–°√˜)","GungeonMod","KinomotoSakuraMod(ƒæ÷Æ±æ”£)","Kratos Character Expansion","Minty Spire (QoL Compilation)","Pikachu Mod","Reimu£®≤©¿ˆ¡È√Œ£©","Replay The Spire","StSLib","The Bug Knight","The Dragon Tamer","Warlord Emblem","Youmu£®ªÍ∆«—˝√Œ£©"],"gold_per_floor":[112,112,122,134,82,82,96,61,88,88,88,100,100,28,28,131,131,143,109,30,30,30],"floor_reached":21,"language":"ZHS","playtime":691,"items_purged":[],"score":169,"play_id":"acfc2dc8-b27a-47c7-bfb3-8fc1417d1a4a","local_time":"20210202224053","is_ascension_mode":false,"campfire_choices":[{"floor":6,"key":"REST"},{"floor":13,"key":"REST"},{"data":"Strike_B","floor":15,"key":"SMITH"}],"circlet_count":0,"master_deck":["Strike_B+1","Strike_B","Strike_B","Strike_B","Defend_B","Defend_B","Defend_B","Zap","Dualcast","Streamline","FIFO Queue","Rainbow","Conserve Battery","Redo","Barrage","Doom and Gloom","Thunder Strike","BasicCrystalCard+1","Rebound"],"relics":["Cracked Core","Replay:Baseball","ReplayFunnel","Inserter","DemoMod:GlassGuonStoneRelic"],"acts_visited":["Exordium","TheCity"],"potions_floor_usage":[],"damage_taken":[{"damage":1,"enemies":"Jaw Worm","floor":1,"turns":3},{"damage":10,"enemies":"Cultist","floor":3,"turns":4},{"damage":8,"enemies":"2 Louse","floor":4,"turns":4},{"damage":11,"enemies":"Large Slime","floor":7,"turns":6},{"damage":13,"enemies":"3 Louse","floor":12,"turns":4},{"damage":51,"enemies":"Slime Boss","floor":16,"turns":11},{"damage":13,"enemies":"Chosen","floor":18,"turns":6},{"damage":63,"enemies":"2 Thieves","floor":19,"turns":5},{"damage":4,"enemies":"Cultist and Chosen","floor":21,"turns":1}],"seed_played":"5399671114566519321","potions_obtained":[{"floor":3,"key":"FearPotion"},{"floor":18,"key":"Strength Potion"},{"floor":19,"key":"Block Potion"}],"is_trial":false,"path_per_floor":["M","?","M","M","$","R","M","?","T","?","?","M","R","$","R","B",null,"M","M","$","M"],"character_chosen":"DEFECT","items_purchased":["Conserve Battery","Doom and Gloom","LifebloodPotion"],"campfire_rested":2,"item_purchase_floors":[5,14,20],"current_hp_per_floor":[74,74,64,56,56,75,64,75,75,80,80,67,80,80,80,29,80,67,4,4,0,0],"gold":30,"neow_bonus":"RANDOM_COMMON_RELIC","is_daily":false,"chose_seed":false,"campfire_upgraded":1,"win_rate":0.0,"timestamp":1612276853,"path_taken":["M","?","?","?","$","R","M","?","T","?","?","M","R","$","R","BOSS","M","M","$","M"],"items_purchased_type":["Card","Card","Potion"],"build_version":"2020-12-22","purchased_purges":0,"victory":false,"max_hp_per_floor":[75,75,75,75,75,75,75,75,75,80,80,80,80,80,80,80,80,80,80,80,80,80],"card_choices":[{"not_picked":["Barrage","Compile Driver"],"picked":"Streamline","floor":1},{"not_picked":["ReplaySolidLightProjector","Stack"],"picked":"FIFO Queue","floor":3},{"not_picked":["Barrage","Leap"],"picked":"Rainbow","floor":4},{"not_picked":["White Noise","Recycle"],"picked":"Redo","floor":7},{"not_picked":["Reboot","Go for the Eyes"],"picked":"Barrage","floor":12},{"not_picked":["Buffer","Fission"],"picked":"Thunder Strike","floor":16},{"not_picked":["Heatsinks","FIFO Queue"],"picked":"BasicCrystalCard+1","floor":18},{"not_picked":["White Noise","Cold Snap"],"picked":"Rebound","floor":19}],"player_experience":163099,"relics_obtained":[{"floor":9,"key":"ReplayFunnel"}],"event_choices":[{"cards_removed":["Defend_B"],"damage_healed":0,"gold_gain":0,"player_choice":"Card Removal","damage_taken":0,"max_hp_gain":0,"max_hp_loss":0,"event_name":"Wheel of Change","floor":2,"gold_loss":0},{"damage_healed":18,"gold_gain":0,"player_choice":"Healed","damage_taken":0,"max_hp_gain":0,"max_hp_loss":0,"event_name":"The Cleric","floor":8,"gold_loss":35},{"damage_healed":0,"gold_gain":0,"player_choice":"Donut","damage_taken":0,"max_hp_gain":5,"max_hp_loss":0,"event_name":"Big Fish","floor":10,"gold_loss":0},{"damage_healed":0,"gold_gain":0,"player_choice":"Ignored","damage_taken":0,"max_hp_gain":0,"max_hp_loss":0,"event_name":"Golden Idol","floor":11,"gold_loss":0}],"is_beta":false,"boss_relics":[{"not_picked":["Snecko Eye","Busted Crown"],"picked":"Inserter"}],"items_purged_floors":[],"is_endless":false,"potions_floor_spawned":[3,18,19],"killed_by":"Cultist and Chosen","ascension_level":0}}