{"host":"z5bn7jsck728mmiq","time":1612229971,"event":{"mods":["BaseMod","Bestiary","DeckTracker","Minty Spire (QoL Compilation)","StSLib"],"gold_per_floor":[119,119,18,18,18,18,44,44,44,44,44,79,94,110,110,207,207,244,279,279,315,240,240,287,287,287,622,622,622,254,295,295,295,295],"floor_reached":33,"language":"ENG","playtime":1039,"items_purged":["Strike_P","Writhe"],"score":296,"play_id":"0c2ca245-12a4-4bbd-8e73-af38cda1bdd4","local_time":"20210201173931","is_ascension_mode":false,"campfire_choices":[{"data":"Eruption","floor":6,"key":"SMITH"},{"floor":8,"key":"REST"},{"data":"TalkToTheHand","floor":10,"key":"SMITH"},{"data":"ClearTheMind","floor":15,"key":"SMITH"},{"data":"Wish","floor":23,"key":"SMITH"},{"data":"TalkToTheHand","floor":29,"key":"SMITH"},{"data":"Ragnarok","floor":32,"key":"SMITH"}],"circlet_count":0,"master_deck":["Strike_P","Defend_P+1","Defend_P","Eruption+1","Vigilance+1","FlurryOfBlows","FlyingSleeves","TalkToTheHand+1","Wireheading","ClearTheMind+1","DeceiveReality","PathToVictory","Wish+1","EmptyFist","Sanctity+1","Crescendo+1","TalkToTheHand+1","SashWhip","Ragnarok+1","PathToVictory","BattleHymn+1"],"relics":["PureWater","Boot","War Paint","HornCleat","Sozu","Enchiridion","Meat on the Bone","FossilizedHelix","Old Coin","Anchor"],"acts_visited":["Exordium","TheCity"],"potions_floor_usage":[16],"damage_taken":[{"damage":9,"enemies":"2 Louse","floor":1,"turns":3},{"damage":29,"enemies":"Gremlin Nob","floor":7,"turns":3},{"damage":0,"enemies":"Lagavulin","floor":12,"turns":4},{"damage":0,"enemies":"Jaw Worm","floor":13,"turns":2},{"damage":10,"enemies":"Small Slimes","floor":14,"turns":3},{"damage":23,"enemies":"The Guardian","floor":16,"turns":7},{"damage":0,"enemies":"Chosen","floor":18,"turns":6},{"damage":0,"enemies":"Spheric Guardian","floor":19,"turns":5},{"damage":0,"enemies":"Centurion and Healer","floor":21,"turns":8},{"damage":0,"enemies":"Chosen and Byrds","floor":24,"turns":7},{"damage":23,"enemies":"Slavers","floor":27,"turns":9},{"damage":0,"enemies":"Shelled Parasite and Fungi","floor":31,"turns":5},{"damage":75,"enemies":"Champ","floor":33,"turns":7}],"seed_played":"475622881998012143","potions_obtained":[{"floor":12,"key":"PowerPotion"},{"floor":13,"key":"SteroidPotion"},{"floor":16,"key":"Strength Potion"}],"is_trial":false,"path_per_floor":["M","?","$","?","$","R","E","R","T","R","?","E","M","M","R","B",null,"M","M","?","M","?","R","M","?","T","E","?","R","$","M","R","B"],"character_chosen":"WATCHER","items_purchased":["FlyingSleeves","Ragnarok","Anchor","PathToVictory"],"campfire_rested":1,"item_purchase_floors":[3,30,30,30],"current_hp_per_floor":[63,56,56,61,61,61,32,55,55,55,55,55,55,45,45,22,77,77,77,61,61,61,61,61,61,61,50,50,50,50,50,50,0,0],"gold":295,"neow_bonus":"REMOVE_CARD","is_daily":false,"chose_seed":false,"campfire_upgraded":6,"win_rate":0.0,"timestamp":1612229971,"path_taken":["M","?","$","?","$","R","E","R","T","R","?","E","M","?","R","BOSS","M","M","?","M","?","R","M","?","T","E","?","R","$","M","R","BOSS"],"items_purchased_type":["Card","Card","Relic","Card"],"build_version":"2020-12-22","purchased_purges":2,"victory":false,"max_hp_per_floor":[72,72,72,77,77,77,77,77,77,77,77,77,77,77,77,77,77,77,77,77,77,77,77,77,77,77,77,77,77,77,77,77,77,77],"card_choices":[{"not_picked":["ClearTheMind","Collect"],"picked":"FlurryOfBlows","floor":1},{"not_picked":["ReachHeaven","Sanctity"],"picked":"TalkToTheHand","floor":7},{"not_picked":["ConjureBlade","Perseverance"],"picked":"ClearTheMind","floor":12},{"not_picked":["WindmillStrike","FollowUp"],"picked":"DeceiveReality","floor":13},{"not_picked":["EmptyBody","CarveReality"],"picked":"PathToVictory","floor":14},{"not_picked":["SpiritShield","Alpha"],"picked":"Wish","floor":16},{"not_picked":["FlurryOfBlows","Study"],"picked":"EmptyFist","floor":18},{"not_picked":["DeceiveReality","ThirdEye"],"picked":"Sanctity+1","floor":19},{"not_picked":["MentalFortress","SashWhip"],"picked":"Crescendo+1","floor":21},{"not_picked":["WheelKick","Worship"],"picked":"TalkToTheHand","floor":24},{"not_picked":["Adaptation+1","CutThroughFate"],"picked":"SashWhip","floor":27},{"not_picked":["Protect","FlyingSleeves+1"],"picked":"BattleHymn+1","floor":31}],"player_experience":99169,"relics_obtained":[{"floor":7,"key":"Boot"},{"floor":9,"key":"War Paint"},{"floor":12,"key":"HornCleat"},{"floor":20,"key":"Enchiridion"},{"floor":26,"key":"FossilizedHelix"},{"floor":27,"key":"Old Coin"}],"event_choices":[{"cards_removed":["Defend_P"],"damage_healed":0,"gold_gain":0,"player_choice":"Card Removal","damage_taken":7,"max_hp_gain":0,"max_hp_loss":0,"event_name":"Golden Wing","floor":2,"gold_loss":0},{"damage_healed":0,"gold_gain":0,"player_choice":"Donut","damage_taken":0,"max_hp_gain":5,"max_hp_loss":0,"event_name":"Big Fish","floor":4,"gold_loss":0},{"damage_healed":0,"gold_gain":0,"cards_transformed":["Strike_P"],"player_choice":"Transformed","damage_taken":0,"max_hp_gain":0,"max_hp_loss":0,"event_name":"Transmorgrifier","floor":11,"gold_loss":0,"cards_obtained":["Wireheading"]},{"damage_healed":0,"gold_gain":0,"player_choice":"Obtained Book","damage_taken":16,"max_hp_gain":0,"max_hp_loss":0,"event_name":"Cursed Tome","floor":20,"gold_loss":0},{"cards_removed":["Defend_P"],"damage_healed":0,"gold_gain":0,"player_choice":"Gave Gold","damage_taken":0,"max_hp_gain":0,"max_hp_loss":0,"event_name":"Beggar","floor":22,"gold_loss":75},{"damage_healed":0,"gold_gain":0,"player_choice":"Opened","damage_taken":0,"relics_obtained":["Meat on the Bone"],"max_hp_gain":0,"max_hp_loss":0,"event_name":"The Mausoleum","floor":25,"gold_loss":0,"cards_obtained":["Writhe"]},{"damage_healed":0,"gold_gain":0,"player_choice":"Ignored","damage_taken":0,"max_hp_gain":0,"max_hp_loss":0,"event_name":"Ghosts","floor":28,"gold_loss":0}],"is_beta":false,"boss_relics":[{"not_picked":["Fusion Hammer","Coffee Dripper"],"picked":"Sozu"}],"items_purged_floors":[3,30],"is_endless":false,"potions_floor_spawned":[12,13,16,18,24,31],"killed_by":"Champ","ascension_level":0}}