{"host":"eaiphzh066bwqdh7","time":1612227379,"event":{"mods":["BaseMod","Better Note","Halation","Hubris","Minty Spire (QoL Compilation)","Reliquary","Replay The Spire","StSLib"],"gold_per_floor":[114,39,54,72,87,87,120,120,143,143,143,162,196,7,7,108,108,128,128,3,16,29,29,39,39,39],"floor_reached":25,"language":"ENG","playtime":664,"items_purged":["Defend_B","Injury","Strike_B"],"score":233,"play_id":"7987c301-db49-49da-a28e-6da306fcb377","local_time":"20210201195619","is_ascension_mode":true,"campfire_choices":[{"floor":6,"key":"REST"},{"floor":8,"key":"REST"},{"floor":10,"key":"REST"},{"floor":15,"key":"REST"},{"floor":23,"key":"REST"}],"circlet_count":0,"master_deck":["Strike_B","Strike_B","Strike_B","Defend_B","Defend_B","Defend_B","Zap","Dualcast","Secret Weapon","Leap","Chaos","Static Discharge+1","Sunder","Self Repair","Dramatic Entrance","Rainbow","BootSequence","Creative AI"],"relics":["Cracked Core","Question Card","Nunchaku","hubris:GlazedTorus"],"acts_visited":["Exordium","TheCity"],"potions_floor_usage":[7,12,12,24,24,24,24,24],"damage_taken":[{"damage":0,"enemies":"Cultist","floor":1,"turns":2},{"damage":6,"enemies":"2 Louse","floor":3,"turns":2},{"damage":0,"enemies":"Small Slimes","floor":4,"turns":3},{"damage":14,"enemies":"Red Slaver","floor":5,"turns":4},{"damage":38,"enemies":"Lagavulin","floor":7,"turns":6},{"damage":1,"enemies":"2 Fungi Beasts","floor":12,"turns":3},{"damage":55,"enemies":"Hexaghost","floor":16,"turns":9},{"damage":21,"enemies":"Spheric Guardian","floor":18,"turns":3},{"damage":36,"enemies":"Chosen","floor":21,"turns":5},{"damage":29,"enemies":"Snake Plant","floor":22,"turns":2},{"damage":0,"enemies":"Sentry and Sphere","floor":24,"turns":2},{"damage":33,"enemies":"Centurion and Healer","floor":25,"turns":5}],"seed_played":"6895474773803854415","potions_obtained":[{"floor":3,"key":"ColorlessPotion"},{"floor":5,"key":"Adrenaline Potion"},{"floor":7,"key":"AttackPotion"},{"floor":18,"key":"Energy Potion"},{"floor":19,"key":"EssenceOfDarkness"},{"floor":19,"key":"EntropicBrew"},{"floor":22,"key":"AttackPotion"}],"is_trial":false,"path_per_floor":["M","$","M","M","M","R","E","R","T","R","?","M","?","$","R","B",null,"M","?","$","M","M","R","M","M"],"character_chosen":"DEFECT","items_purchased":["Dramatic Entrance"],"campfire_rested":5,"item_purchase_floors":[14],"current_hp_per_floor":[75,75,69,69,55,75,37,59,59,75,75,74,44,44,66,18,75,61,61,61,32,3,25,25,0,0],"gold":39,"neow_bonus":"RANDOM_COLORLESS_2","is_daily":false,"chose_seed":false,"campfire_upgraded":0,"win_rate":0.0,"timestamp":1612227379,"path_taken":["M","?","M","M","M","R","E","R","T","R","?","?","?","$","R","BOSS","M","?","$","M","M","R","?","M"],"items_purchased_type":["Card"],"build_version":"2020-12-22","purchased_purges":3,"victory":false,"max_hp_per_floor":[75,75,75,75,75,75,75,75,75,75,75,75,75,75,75,75,75,75,75,75,75,75,75,75,75,75],"card_choices":[{"not_picked":["Master of Strategy","Transmutation"],"picked":"Secret Weapon","floor":0},{"not_picked":["Hologram","Steam"],"picked":"Leap","floor":1},{"not_picked":["Barrage","Stack","Meteor Strike"],"picked":"SKIP","floor":3},{"not_picked":["Leap","Time Bomb"],"picked":"Chaos","floor":4},{"not_picked":["Hologram","Ball Lightning"],"picked":"Static Discharge","floor":5},{"not_picked":["Barrage","Hologram","Stack"],"picked":"SKIP","floor":7},{"not_picked":["ReplayTheSpireMod:Reroute Power","ReplaySort","Stack"],"picked":"Sunder","floor":12},{"not_picked":["Leap","Hologram","Compile Driver"],"picked":"Self Repair","floor":13},{"not_picked":["Multi-Cast","Reboot","Creative AI"],"picked":"Rainbow","floor":16},{"not_picked":["Rip and Tear","Go for the Eyes+1","ReplayTheSpireMod:GoodbyeWorld","Darkness"],"picked":"SKIP","floor":18},{"not_picked":["Steam","FIFO Queue","Gash"],"picked":"BootSequence","floor":21},{"not_picked":["hubris:Ukulele","Conserve Battery","Go for the Eyes","Hologram+1"],"picked":"SKIP","floor":22},{"not_picked":["Barrage","Auto Shields","Compile Driver"],"picked":"Creative AI","floor":24}],"player_experience":228843,"relics_obtained":[{"floor":7,"key":"Question Card"},{"floor":9,"key":"Nunchaku"},{"floor":13,"key":"hubris:GlazedTorus"}],"event_choices":[{"damage_healed":0,"gold_gain":0,"player_choice":"Forge","damage_taken":0,"max_hp_gain":0,"max_hp_loss":0,"event_name":"Accursed Blacksmith","floor":11,"gold_loss":0,"cards_upgraded":["Static Discharge"]},{"damage_healed":0,"gold_gain":0,"player_choice":"Got Potions","damage_taken":0,"max_hp_gain":0,"max_hp_loss":0,"event_name":"Lab","floor":19,"gold_loss":0}],"is_beta":false,"boss_relics":[{"not_picked":["halation:SmartPhone","hubris:VirtuousBlindfold","Fusion Hammer"]}],"items_purged_floors":[2,14,20],"is_endless":false,"potions_floor_spawned":[3,5,7,18,22],"killed_by":"Centurion and Healer","ascension_level":3}}