{"host":"tj0gkcptyee3rmkt","time":1612236206,"event":{"mods":["BaseMod","Colored Powertips","Downfall","Duelist Mod","Minty Spire (QoL Compilation)","Replay The Spire","Shop Mod","Spicy Shops","StSLib"],"gold_per_floor":[99,114,129,144,159,174,174,189,204,254,254,254,269,69,113,128,143,143,143,143],"floor_reached":18,"language":"ZHS","playtime":626,"items_purged":[],"score":110,"play_id":"e2a8d79b-1fa6-42d9-87bb-f3604debe054","local_time":"20210202112326","daily_mods":["SealedDeck","Colorless Cards","Lethality"],"is_ascension_mode":false,"campfire_choices":[{"floor":1,"key":"RECALL"}],"circlet_count":0,"master_deck":["bronze:Frontload","bronze:Frontload","bronze:Allocate","bronze:Branch","bronze:OilSpill","Finesse","bronze:Invalidate","bronze:Optimize","Swift Strike","bronze:Deprecate","Dramatic Entrance","Flash of Steel","bronze:Overheat","bronze:Repulsor","bronze:BuggyMess","bronze:Frontload","bronze:FineTuning","Languid","bronze:FineTuning","bronze:InfiniteLoop+1","Madness","bronze:ClassDefault"],"relics":["bronze:BronzeCore","Ring of Greed","ReplayTheSpireMod:Ring of Addiction","Golden Egg","Tiny Chest","White Beast Statue","Chameleon Ring","downfall:HeartBlessingRed","downfall:HeartBlessingBlue","Mummified Hand"],"acts_visited":["Exordium"],"potions_floor_usage":[15,17,18],"damage_taken":[{"damage":0,"enemies":"Cultist","floor":2,"turns":2},{"damage":0,"enemies":"Small Slimes","floor":3,"turns":2},{"damage":0,"enemies":"2 Louse","floor":4,"turns":1},{"damage":0,"enemies":"Blue Slaver","floor":5,"turns":2},{"damage":0,"enemies":"Exordium Thugs","floor":6,"turns":2},{"damage":2,"enemies":"Exordium Wildlife","floor":8,"turns":3},{"damage":0,"enemies":"Large Slime","floor":9,"turns":4},{"damage":7,"enemies":"Blue Slaver","floor":13,"turns":2},{"damage":18,"enemies":"3 Sentries","floor":15,"turns":4},{"damage":0,"enemies":"Exordium Wildlife","floor":16,"turns":3},{"damage":18,"enemies":"2 Fungi Beasts","floor":17,"turns":2},{"damage":40,"enemies":"DF_ARCHETYPE_STREAMLINE","floor":18,"turns":4}],"seed_played":"-9070903199233054170","potions_obtained":[{"floor":2,"key":"bronze:CleanCodePotion"},{"floor":9,"key":"LifebloodPotion"},{"floor":10,"key":"AttackPotion"},{"floor":10,"key":"Strength Potion"},{"floor":15,"key":"SteroidPotion"},{"floor":17,"key":"bronze:FreeFunctionsPotion"}],"is_trial":false,"path_per_floor":["R","M","M","M","M","M","T","M","M","?","PTL","PTL","M","R","?","M","M","B"],"character_chosen":"THE_AUTOMATON","items_purchased":[],"campfire_rested":0,"item_purchase_floors":[],"current_hp_per_floor":[70,70,70,70,70,70,70,68,68,68,68,68,61,71,53,53,35,0,0,0],"gold":143,"neow_bonus":"","is_daily":true,"chose_seed":false,"campfire_upgraded":0,"win_rate":0.0,"timestamp":1612236206,"path_taken":["R","M","M","M","M","M","T","?","M","?","PTL","PTL","M","R","?","M","M","BOSS"],"items_purchased_type":[],"build_version":"2020-12-22","purchased_purges":0,"victory":false,"max_hp_per_floor":[70,70,70,70,70,70,70,70,70,70,70,70,70,78,78,78,78,78,78,78],"card_choices":[{"not_picked":["bronze:ForceShield","bronze:Turbo"],"picked":"Dramatic Entrance","floor":2},{"not_picked":["Blind","Enlightenment"],"picked":"Flash of Steel","floor":3},{"not_picked":["bronze:Separator","Trip"],"picked":"bronze:Overheat","floor":4},{"not_picked":["bronze:OilSpill","bronze:Iterate"],"picked":"bronze:Repulsor","floor":5},{"not_picked":["bronze:Break","bronze:OilSpill"],"picked":"bronze:BuggyMess","floor":6},{"not_picked":["Good Instincts","bronze:Turbo"],"picked":"bronze:Frontload","floor":8},{"not_picked":["bronze:NullPointer","Discovery"],"picked":"bronze:FineTuning","floor":9},{"not_picked":["Specialist","bronze:Repair"],"picked":"bronze:FineTuning","floor":13},{"not_picked":["Blind","bronze:BitShift"],"picked":"bronze:InfiniteLoop","floor":15},{"not_picked":["bronze:Branch","bronze:FineTuning"],"picked":"Madness","floor":16},{"not_picked":["bronze:Constructor","bronze:Invalidate"],"picked":"bronze:ClassDefault","floor":17}],"player_experience":37446,"relics_obtained":[{"floor":10,"key":"Ring of Greed"},{"floor":10,"key":"ReplayTheSpireMod:Ring of Addiction"},{"floor":10,"key":"Golden Egg"},{"floor":10,"key":"Tiny Chest"},{"floor":10,"key":"White Beast Statue"},{"floor":10,"key":"Chameleon Ring"}],"event_choices":[],"is_beta":false,"boss_relics":[],"items_purged_floors":[],"is_endless":false,"potions_floor_spawned":[2,6,9,13,15,16,17],"killed_by":"DF_ARCHETYPE_STREAMLINE","ascension_level":0}}