{"host":"utqe55yv0jihe4d6","time":1612303167,"event":{"mods":["2.2 Compatiblity","AchievementEnabler","BaseMod","Block Reminder","Colored Map","Colored Powertips","Minty Spire (QoL Compilation)","Quick Restart","Rare Cards Sparkle","Relic Stats","SuperFastMode"],"gold_per_floor":[114,129,129,143,143,143,178,178,202,217,217,242,261,295,295,295,295],"floor_reached":16,"language":"ENG","playtime":373,"items_purged":[],"score":224,"play_id":"7734d785-5697-4ac7-92f4-af2ad23526e4","local_time":"20210202165927","is_ascension_mode":true,"campfire_choices":[{"data":"Wild Strike","floor":6.0,"key":"SMITH"},{"data":"Power Through","floor":8.0,"key":"SMITH"},{"data":"Demon Form","floor":11,"key":"SMITH"},{"data":"Entrench","floor":15,"key":"SMITH"}],"circlet_count":0,"master_deck":["AscendersBane","Strike_R","Strike_R","Strike_R","Strike_R","Strike_R","Defend_R","Defend_R","Defend_R","Defend_R","Bash","Power Through+1","Wild Strike+1","Cleave","Demon Form+1","Spot Weakness","Entrench+1","Twin Strike","Evolve"],"relics":["Burning Blood","Calipers","Golden Idol","Red Skull","Regal Pillow","Boot"],"acts_visited":["Exordium"],"potions_floor_usage":[10,13],"damage_taken":[{"damage":1.0,"enemies":"Small Slimes","floor":1.0,"turns":4.0},{"damage":1.0,"enemies":"2 Louse","floor":2.0,"turns":3.0},{"damage":0.0,"enemies":"Jaw Worm","floor":4.0,"turns":3.0},{"damage":5.0,"enemies":"Lagavulin","floor":7.0,"turns":7.0},{"damage":0,"enemies":"Gremlin Gang","floor":10,"turns":3},{"damage":8,"enemies":"Blue Slaver","floor":12,"turns":3},{"damage":24,"enemies":"Exordium Thugs","floor":13,"turns":6},{"damage":10,"enemies":"3 Sentries","floor":14,"turns":5},{"damage":35,"enemies":"The Guardian","floor":16,"turns":5}],"seed_played":"8266376518911200558","potions_obtained":[{"floor":2.0,"key":"PowerPotion"},{"floor":4.0,"key":"Weak Potion"},{"floor":7.0,"key":"DistilledChaos"},{"floor":12,"key":"CultistPotion"}],"is_trial":false,"path_per_floor":["M","M","?","M","?","R","E","R","T","M","R","M","M","E","R","B"],"character_chosen":"IRONCLAD","items_purchased":[],"campfire_rested":0,"item_purchase_floors":[],"current_hp_per_floor":[68,68,68,68,45,45,46,46,46,52,52,50,32,28,28,0,0],"gold":295,"neow_bonus":"ONE_RARE_RELIC","is_daily":false,"chose_seed":false,"campfire_upgraded":4,"win_rate":0.0,"timestamp":1612303167,"path_taken":["M","M","?","M","?","R","E","R","T","M","R","M","M","E","R","BOSS"],"items_purchased_type":[],"build_version":"2020-12-22","purchased_purges":0,"victory":false,"max_hp_per_floor":[68,68,68,68,68,68,68,68,68,68,68,68,68,68,68,68,68],"relic_stats":{"Regal Pillow":0,"counters":[9,39],"Golden Idol":26,"Boot":[3],"obtain_stats":[{"Regal Pillow":9,"Calipers":0,"Golden Idol":5,"Boot":14,"Burning Blood":0,"Red Skull":7},{"Regal Pillow":4,"Calipers":0,"Golden Idol":3,"Boot":8,"Burning Blood":0,"Red Skull":4},{"Regal Pillow":17,"Calipers":0,"Golden Idol":10,"Boot":34,"Burning Blood":0,"Red Skull":17}],"Burning Blood":32},"card_choices":[{"not_picked":["Flex","Armaments"],"picked":"Power Through","floor":1.0},{"not_picked":["Armaments","Hemokinesis"],"picked":"Wild Strike","floor":2.0},{"not_picked":["Thunderclap","Clothesline"],"picked":"Cleave","floor":4.0},{"not_picked":["Warcry","Wild Strike"],"picked":"Demon Form","floor":7.0},{"not_picked":["Sever Soul","Perfected Strike"],"picked":"Spot Weakness","floor":10},{"not_picked":["Havoc","Pummel"],"picked":"Entrench","floor":12},{"not_picked":["Power Through","Carnage"],"picked":"Twin Strike","floor":13},{"not_picked":["Limit Break","Cleave"],"picked":"Evolve","floor":14}],"player_experience":2991525,"relics_obtained":[{"floor":7.0,"key":"Red Skull"},{"floor":9.0,"key":"Regal Pillow"},{"floor":14,"key":"Boot"}],"event_choices":[{"damage_healed":0.0,"max_hp_gain":0.0,"max_hp_loss":0.0,"gold_gain":0.0,"event_name":"Liars Game","player_choice":"Ignored","floor":3.0,"gold_loss":0.0,"damage_taken":0.0},{"damage_healed":0.0,"max_hp_gain":0.0,"max_hp_loss":0.0,"gold_gain":0.0,"event_name":"Golden Idol","player_choice":"Take Damage","floor":5.0,"gold_loss":0.0,"damage_taken":23.0,"relics_obtained":["Golden Idol"]}],"is_beta":false,"boss_relics":[],"items_purged_floors":[],"is_endless":false,"potions_floor_spawned":[2,4,7,12],"killed_by":"The Guardian","ascension_level":20}}