{"host":"3498uni0c31c9bdm","time":1612284894,"event":{"mods":["BaseMod","Better Third Choice","Minty Spire (QoL Compilation)","Replay The Spire","StSLib"],"gold_per_floor":[109,125,125,187,187,212,240,240,240,118,135,166,166,194,194,269,269,295,295,308,363,98,146,208,237,282,309,309,7,64,106,106,208,208,257,257,269,269,311,311,334,413,413,446,512,512,512,24,24,54,54,54,2,36,36,36],"floor_reached":55,"language":"ENG","playtime":3142,"items_purged":["Pain"],"score":1214,"play_id":"074b222d-1574-411e-a585-6db1b74124e5","local_time":"20210203035454","is_ascension_mode":true,"campfire_choices":[{"floor":8,"key":"REST"},{"floor":13,"key":"REST"},{"floor":15,"key":"RECALL"},{"floor":28,"key":"REST"},{"floor":32,"key":"REST"},{"floor":40,"key":"REST"},{"floor":49,"key":"REST"}],"circlet_count":0,"master_deck":["AscendersBane","Strike_P","Strike_P","Strike_P","Defend_P","Defend_P","Defend_P","Defend_P","Eruption","Vigilance","FollowUp","BattleHymn+1","Prostrate","WaveOfTheHand","LikeWater","Apotheosis","Replay:Sssssssssshield","CrushJoints","Wish","ForeignInfluence","Wish","BowlingBash","CrushJoints","LikeWater","Replay:Hysterical Blindness","DevaForm","PathToVictory","ClearTheMind","SpiritShield","SignatureMove","BowlingBash","Fasting2","Establishment","FlurryOfBlows","ReachHeaven+1","Protect+1","FollowUp","PathToVictory+1","CutThroughFate+1","Prostrate","PathToVictory","CrushJoints+1"],"relics":["PureWater","Replay:Rubber Ducky","ReplayTheSpireMod:Ring of Challenge","Ring of Peace","Question Card","Pantograph","ReplayTheSpireMod:ShopPack","Orichalcum","Damaru","ChewingGum","ReplayTheSpireMod:CursedCoin","Replay:Bottled Snecko","Pen Nib","Art of War","Incense Burner","Tiny Chest","Vajra","Replay:Grab Bag","ReplayTheSpireMod:DimensionalGlitch","ReplayTheSpireMod:Onyx Gauntlets","Black Star","WarpedTongs","Regal Pillow","Smiling Mask","Bottled Tornado","Chameleon Ring","Ice Cream","Molten Egg 2","Strawberry","Sundial","Anchor","Toy Ornithopter"],"acts_visited":["Exordium","TheCity","TheBeyond","TheEnding"],"potions_floor_usage":[7,7,12,14,23,23,24,31,33,45,54,55],"damage_taken":[{"damage":2,"enemies":"Jaw Worm","floor":1,"turns":4},{"damage":11,"enemies":"Small Slimes","floor":2,"turns":2},{"damage":20,"enemies":"Cultist","floor":4,"turns":4},{"damage":8,"enemies":"Replay:BlueRogue","floor":6,"turns":9},{"damage":4,"enemies":"Exordium Thugs","floor":7,"turns":5},{"damage":0,"enemies":"Looter","floor":11,"turns":4},{"damage":10,"enemies":"3 Sentries","floor":12,"turns":7},{"damage":15,"enemies":"Gremlin Nob","floor":14,"turns":4},{"damage":0,"enemies":"The Guardian","floor":16,"turns":7},{"damage":0,"enemies":"Chosen","floor":18,"turns":3},{"damage":0,"enemies":"Spheric Guardian","floor":20,"turns":4},{"damage":11,"enemies":"Centurion and Healer","floor":21,"turns":5},{"damage":9,"enemies":"Gremlin Leader","floor":23,"turns":7},{"damage":2,"enemies":"Shelled Parasite and Fungi","floor":24,"turns":6},{"damage":28,"enemies":"Book of Stabbing","floor":25,"turns":5},{"damage":0,"enemies":"Snake Plant","floor":27,"turns":4},{"damage":28,"enemies":"3 Cultists","floor":30,"turns":6},{"damage":11,"enemies":"Gremlin Leader","floor":31,"turns":5},{"damage":17,"enemies":"Collector","floor":33,"turns":12},{"damage":4,"enemies":"3 Shapes","floor":35,"turns":7},{"damage":4,"enemies":"Orb Walker","floor":37,"turns":4},{"damage":20,"enemies":"4 Shapes","floor":39,"turns":7},{"damage":4,"enemies":"Nemesis","floor":42,"turns":7},{"damage":27,"enemies":"Transient","floor":44,"turns":5},{"damage":28,"enemies":"2 Orb Walkers","floor":45,"turns":6},{"damage":0,"enemies":"Replay:Hell Engine","floor":50,"turns":8},{"damage":26,"enemies":"Shield and Spear","floor":54,"turns":7},{"damage":68,"enemies":"The Heart","floor":55,"turns":8}],"seed_played":"1110899196933713334","potions_obtained":[{"floor":4,"key":"SkillPotion"},{"floor":6,"key":"FearPotion"},{"floor":7,"key":"ColorlessPotion"},{"floor":12,"key":"FearPotion"},{"floor":16,"key":"BottledMiracle"},{"floor":21,"key":"SkillPotion"},{"floor":23,"key":"ColorlessPotion"},{"floor":24,"key":"SpeedPotion"},{"floor":27,"key":"StancePotion"},{"floor":31,"key":"Energy Potion"},{"floor":33,"key":"BlessingOfTheForge"},{"floor":52,"key":"Elixir"},{"floor":52,"key":"SneckoOil"}],"is_trial":false,"path_per_floor":["M","M","?","M","?","E","M","R","T","$","M","E","R","E","R","B",null,"M","?","M","M","$","E","M","E","T","M","R","$","M","E","R","B",null,"M","?","M","?","M","R","T","E","T","M","?","?","T","$","R","B",null,"R","$","E","B"],"character_chosen":"WATCHER","items_purchased":["ReplayTheSpireMod:ShopPack","ReplayTheSpireMod:CursedCoin","DevaForm","Replay:Bottled Snecko","Incense Burner","Strawberry","Prostrate","Sundial","PathToVictory"],"campfire_rested":6,"item_purchase_floors":[10,22,22,22,29,48,48,48,53],"current_hp_per_floor":[63,52,52,32,32,24,20,41,41,41,45,39,60,49,49,72,72,72,72,72,61,61,56,60,38,38,38,59,59,35,28,49,61,69,67,67,65,65,45,66,66,62,62,35,7,7,7,14,52,65,76,76,76,50,0,0],"gold":36,"neow_bonus":"RANDOM_COMMON_RELIC","is_daily":false,"chose_seed":false,"campfire_upgraded":0,"win_rate":0.0,"timestamp":1612284894,"path_taken":["M","M","?","M","?","E","?","R","T","?","M","E","R","E","R","BOSS","M","?","M","M","$","E","M","E","T","?","R","$","M","E","R","BOSS","M","?","?","?","M","R","?","E","T","?","?","?","?","$","R","BOSS","R","$","E","BOSS"],"items_purchased_type":["Relic","Relic","Card","Relic","Relic","Relic","Card","Relic","Card"],"build_version":"2020-12-22","purchased_purges":1,"victory":false,"max_hp_per_floor":[72,72,72,72,72,72,72,72,72,72,72,72,72,72,72,72,72,72,72,72,72,72,72,72,72,72,72,72,72,72,72,72,72,72,72,72,72,72,72,72,72,72,72,72,72,72,72,79,79,79,79,79,79,79,79,79],"card_choices":[{"not_picked":["Replay:DivineShield","Halt"],"picked":"FollowUp","floor":1},{"not_picked":["Protect","Evaluate"],"picked":"BattleHymn","floor":2},{"not_picked":["Consecrate","Wireheading"],"picked":"Prostrate","floor":4},{"not_picked":["ThirdEye","Prostrate"],"picked":"WaveOfTheHand","floor":6},{"not_picked":["Replay:BluntJabs","Indignation","JustLucky"],"picked":"LikeWater","floor":7},{"not_picked":["Secret Weapon","Magnetism","Poisoned Strike"],"picked":"Apotheosis","floor":10},{"not_picked":["Deep Breath","PanicButton","Dramatic Entrance"],"picked":"Replay:Sssssssssshield","floor":10},{"not_picked":["The Bomb","Flash of Steel","ReplayTheSpireMod:Private Reserves"],"picked":"Bandage Up","floor":10},{"not_picked":["Replay:Battleflow","Collect","Crescendo"],"picked":"CrushJoints","floor":11},{"not_picked":["Replay:Anticipation","JustLucky","FlurryOfBlows"],"picked":"Wish","floor":12},{"not_picked":["WheelKick","BowlingBash","SandsOfTime"],"picked":"ForeignInfluence","floor":14},{"not_picked":["SpiritShield","Omniscience","Replay:AllIn"],"picked":"Wish","floor":16},{"not_picked":["Vengeance","Replay:BluntJabs","Nirvana"],"picked":"BowlingBash","floor":18},{"not_picked":["FollowUp","Weave","JustLucky"],"picked":"CrushJoints","floor":20},{"not_picked":["Replay:BluntJabs","EmptyFist","ThirdEye"],"picked":"LikeWater","floor":21},{"not_picked":["BowlingBash","Protect","CutThroughFate"],"picked":"PathToVictory","floor":23},{"not_picked":["JustLucky","CrushJoints","Adaptation"],"picked":"ClearTheMind","floor":24},{"not_picked":["BowlingBash+1","ClearTheMind","JustLucky"],"picked":"SpiritShield","floor":25},{"not_picked":["ClearTheMind","Evaluate","Halt"],"picked":"SignatureMove","floor":27},{"not_picked":["JustLucky","ThirdEye","Replay:Anticipation"],"picked":"BowlingBash","floor":30},{"not_picked":["Brilliance","Consecrate","Adaptation"],"picked":"Fasting2","floor":31},{"not_picked":["Replay:LoomingThreat","Ragnarok","Blasphemy"],"picked":"Establishment","floor":33},{"not_picked":["ThirdEye+1","Fasting2","CrushJoints"],"picked":"FlurryOfBlows","floor":35},{"not_picked":["Halt","WaveOfTheHand","Fasting2"],"picked":"ReachHeaven+1","floor":37},{"not_picked":["SashWhip","FlurryOfBlows","WreathOfFlame"],"picked":"Protect+1","floor":39},{"not_picked":["Indignation","Crescendo","Scrawl"],"picked":"FollowUp","floor":42},{"not_picked":["Nirvana+1","CutThroughFate","Halt+1"],"picked":"PathToVictory+1","floor":44},{"not_picked":["Replay:Battleflow","Protect","Replay:Anticipation"],"picked":"CutThroughFate+1","floor":45},{"not_picked":["SignatureMove+1","Protect+1","Crescendo"],"picked":"CrushJoints+1","floor":54}],"player_experience":814143,"relics_obtained":[{"floor":3,"key":"ReplayTheSpireMod:Ring of Challenge"},{"floor":3,"key":"Ring of Peace"},{"floor":6,"key":"Question Card"},{"floor":9,"key":"Pantograph"},{"floor":12,"key":"Orichalcum"},{"floor":14,"key":"Damaru"},{"floor":23,"key":"Pen Nib"},{"floor":25,"key":"Art of War"},{"floor":30,"key":"Tiny Chest"},{"floor":31,"key":"Vajra"},{"floor":41,"key":"Regal Pillow"},{"floor":42,"key":"Smiling Mask"},{"floor":42,"key":"Bottled Tornado"},{"floor":43,"key":"Chameleon Ring"},{"floor":45,"key":"Ice Cream"},{"floor":47,"key":"Molten Egg 2"},{"floor":54,"key":"Anchor"},{"floor":54,"key":"Toy Ornithopter"}],"event_choices":[{"damage_healed":0,"gold_gain":0,"player_choice":"Grow","damage_taken":0,"max_hp_gain":0,"max_hp_loss":0,"event_name":"Living Wall","floor":5,"gold_loss":0,"cards_upgraded":["BattleHymn"]},{"cards_removed":["Strike_P"],"damage_healed":0,"gold_gain":0,"player_choice":"Purged","damage_taken":0,"max_hp_gain":0,"max_hp_loss":0,"event_name":"Purifier","floor":19,"gold_loss":0},{"damage_healed":0,"gold_gain":0,"player_choice":"Rummage","damage_taken":0,"relics_obtained":["WarpedTongs"],"max_hp_gain":0,"max_hp_loss":0,"event_name":"Accursed Blacksmith","floor":36,"gold_loss":0,"cards_obtained":["Pain"]},{"cards_removed":["Bandage Up"],"damage_healed":0,"gold_gain":0,"player_choice":"Removed Skill","damage_taken":0,"max_hp_gain":0,"max_hp_loss":0,"event_name":"Falling","floor":38,"gold_loss":0},{"damage_healed":0,"gold_gain":0,"player_choice":"Fight","damage_taken":0,"max_hp_gain":0,"max_hp_loss":0,"event_name":"Mysterious Sphere","floor":45,"gold_loss":0},{"damage_healed":0,"gold_gain":0,"player_choice":"Ignored","damage_taken":0,"max_hp_gain":0,"max_hp_loss":0,"event_name":"Tomb of Lord Red Mask","floor":46,"gold_loss":0}],"is_beta":false,"boss_relics":[{"not_picked":["Runic Pyramid","Sozu"],"picked":"ChewingGum"},{"not_picked":["Astrolabe","Kintsugi"],"picked":"Replay:Grab Bag"},{"not_picked":["Painkiller Herb","Busted Crown"],"picked":"ReplayTheSpireMod:DimensionalGlitch"},{"not_picked":["Philosopher\u0027s Stone","Runic Dome"],"picked":"ReplayTheSpireMod:Onyx Gauntlets"},{"not_picked":["VioletLotus","Replay:Drink Me"],"picked":"Black Star"}],"items_purged_floors":[48],"is_endless":false,"potions_floor_spawned":[4,6,7,12,16,21,23,24,27,31,33,35,37,42],"killed_by":"The Heart","ascension_level":13}}