{"host":"3l94tha3a4jgu0q4","time":1612251830,"event":{"mods":["2.2 Compatiblity","AchievementEnabler","BaseMod","Colored Map","Colored Powertips","Downfall","Highlight Path","Minty Spire (QoL Compilation)","Permanent Neow","StSLib","SuperFastMode","The IronCluck","slay the spire mod where everything is the same but ironclad has a cowboy hat"],"gold_per_floor":[111,111,111,186,205,239,258,183,209,228,228,247,265,86,86,185,185,203,218,252,77,77,77,92,92,92,92,92],"floor_reached":27,"language":"ENG","playtime":704,"items_purged":["Strike_R","Strike_R","Strike_R"],"score":213,"play_id":"d3946e60-c1e6-4ead-b4c0-ffc72cd27ca5","local_time":"20210201234350","is_ascension_mode":false,"campfire_choices":[{"data":"True Grit","floor":11,"key":"SMITH"},{"floor":15,"key":"REST"},{"floor":23,"key":"REST"}],"circlet_count":0,"master_deck":["Strike_R","Strike_R","Defend_R","Defend_R","Defend_R","Defend_R","Bash","Fiend Fire","Dark Embrace","Wild Strike","Disarm","True Grit+1","Wild Strike","Armaments","Cleave","Seeing Red","Double Tap","Flame Barrier","Clash+1","Shrug It Off","Shame","Headbutt+1"],"relics":["Burning Blood","Ancient Tea Set","Bronze Scales","SlaversCollar","Red Mask","Oddly Smooth Stone","Molten Egg 2"],"acts_visited":["Exordium","TheCity"],"potions_floor_usage":[6,16,20,20,20],"damage_taken":[{"damage":1,"enemies":"Cultist","floor":1,"turns":3},{"damage":0,"enemies":"Small Slimes","floor":5,"turns":3},{"damage":44,"enemies":"3 Sentries","floor":6,"turns":8},{"damage":11,"enemies":"Jaw Worm","floor":7,"turns":4},{"damage":10,"enemies":"Blue Slaver","floor":10,"turns":3},{"damage":16,"enemies":"Gremlin Gang","floor":12,"turns":4},{"damage":14,"enemies":"Large Slime","floor":13,"turns":8},{"damage":39,"enemies":"Slime Boss","floor":16,"turns":14},{"damage":21,"enemies":"Shell Parasite","floor":18,"turns":6},{"damage":45,"enemies":"Spheric Guardian","floor":19,"turns":7},{"damage":29,"enemies":"Masked Bandits","floor":20,"turns":7},{"damage":31,"enemies":"Cultist and Chosen","floor":24,"turns":10},{"damage":11,"enemies":"Snecko","floor":27,"turns":2}],"seed_played":"5266780057755457882","potions_obtained":[{"floor":1,"key":"BlessingOfTheForge"},{"floor":6,"key":"Swift Potion"},{"floor":12,"key":"BlessingOfTheForge"},{"floor":16,"key":"DuplicationPotion"},{"floor":19,"key":"Dexterity Potion"}],"is_trial":false,"path_per_floor":["M","?","?","?","M","E","M","$","T","M","R","M","M","$","R","B",null,"M","M","?","$","?","R","M","$","T","M"],"character_chosen":"IRONCLAD","items_purchased":["Seeing Red","Shrug It Off"],"campfire_rested":2,"item_purchase_floors":[14,21],"current_hp_per_floor":[80,85,85,74,80,42,37,37,37,33,33,23,15,15,40,7,85,70,31,8,8,8,33,8,8,8,0,0],"gold":92,"neow_bonus":"ONE_RANDOM_RARE_CARD","is_daily":false,"chose_seed":false,"campfire_upgraded":1,"win_rate":0.0,"timestamp":1612251830,"path_taken":["M","?","?","?","M","E","M","?","T","M","R","M","?","$","R","BOSS","M","?","?","$","?","R","M","$","T","M"],"items_purchased_type":["Card","Card"],"build_version":"2020-12-22","purchased_purges":3,"victory":false,"max_hp_per_floor":[80,85,85,85,85,85,85,85,85,85,85,85,85,85,85,85,85,85,85,85,85,85,85,85,85,85,85,85],"card_choices":[{"not_picked":["Seeing Red","Clash"],"picked":"Dark Embrace","floor":1},{"not_picked":["Metallicize","Armaments"],"picked":"Wild Strike","floor":5},{"not_picked":["Uppercut","Heavy Blade"],"picked":"Disarm","floor":6},{"not_picked":["Clash","Cleave"],"picked":"True Grit","floor":7},{"not_picked":["Clothesline","Perfected Strike"],"picked":"Wild Strike","floor":10},{"not_picked":["Thunderclap","Heavy Blade"],"picked":"Armaments","floor":12},{"not_picked":["Juggernaut","Bloodletting"],"picked":"Cleave","floor":13},{"not_picked":["Impervious","Immolate"],"picked":"Double Tap","floor":16},{"not_picked":["Bloodletting","Body Slam","True Grit"],"picked":"SKIP","floor":18},{"not_picked":["Clothesline","Metallicize"],"picked":"Flame Barrier","floor":19},{"not_picked":["Warcry","Power Through"],"picked":"Clash+1","floor":20},{"not_picked":["Cleave","Dropkick"],"picked":"Headbutt+1","floor":24}],"player_experience":2062072,"relics_obtained":[{"floor":6,"key":"Ancient Tea Set"},{"floor":9,"key":"Bronze Scales"},{"floor":20,"key":"Red Mask"},{"floor":26,"key":"Molten Egg 2"}],"event_choices":[{"damage_healed":0,"gold_gain":0,"player_choice":"Donut","damage_taken":0,"max_hp_gain":5,"max_hp_loss":0,"event_name":"Big Fish","floor":2,"gold_loss":0},{"damage_healed":0,"gold_gain":0,"player_choice":"Ignored","damage_taken":0,"max_hp_gain":0,"max_hp_loss":0,"event_name":"Liars Game","floor":3,"gold_loss":0},{"damage_healed":0,"gold_gain":75,"player_choice":"Gather Gold","damage_taken":11,"max_hp_gain":0,"max_hp_loss":0,"event_name":"World of Goop","floor":4,"gold_loss":0},{"damage_healed":0,"gold_gain":0,"player_choice":"Fought Bandits","damage_taken":0,"max_hp_gain":0,"max_hp_loss":0,"event_name":"Masked Bandits","floor":20,"gold_loss":0},{"damage_healed":0,"gold_gain":0,"player_choice":"Stole Relic","damage_taken":0,"relics_obtained":["Oddly Smooth Stone"],"max_hp_gain":0,"max_hp_loss":0,"event_name":"Addict","floor":22,"gold_loss":0,"cards_obtained":["Shame"]}],"is_beta":false,"boss_relics":[{"not_picked":["Calling Bell","SacredBark"],"picked":"SlaversCollar"}],"items_purged_floors":[8,14,21],"is_endless":false,"potions_floor_spawned":[1,6,12,16,19],"killed_by":"Snecko","ascension_level":0}}