{"host":"Oniwa","time":1612267410,"event":{"mods":["BaseMod","Colored Map","Colored Powertips","Minty Spire (QoL Compilation)","Relic Stats","Slay the Relics Exporter","SpireBot","StSLib","ojb\u0027s Better Paths Mod","ojb\u0027s Info Mod"],"gold_per_floor":[115,133,208,208,0,26,6,6,32,49,49,68,93,110,110,188,188,201,215,230,150,184,184,24,24,24],"floor_reached":25,"language":"JPN","playtime":1162,"items_purged":["Strike_B"],"score":422,"play_id":"f6a71e2b-6821-4215-bad5-fd760e17186e","local_time":"20210202210330","is_ascension_mode":true,"campfire_choices":[{"data":"Loop","floor":8.0,"key":"SMITH"},{"data":"Darkness","floor":11.0,"key":"SMITH"},{"data":"Lockon","floor":15.0,"key":"SMITH"},{"floor":23,"key":"REST"}],"circlet_count":0,"master_deck":["AscendersBane","Strike_B","Strike_B","Defend_B","Defend_B","Defend_B","Zap","Dualcast","Cold Snap","Lockon+1","Tempest","Loop+1","Darkness+1","Glacier","Ball Lightning+1","Heatsinks","Rip and Tear+1","Multi-Cast","Turbo+1","Reinforced Body","Beam Cell+1","Doom and Gloom+1","Fission","Aggregate"],"relics":["Empty Cage","Membership Card","Molten Egg 2","Lantern","Dream Catcher","Cursed Key","Red Mask","Pocketwatch"],"acts_visited":["Exordium","TheCity"],"potions_floor_usage":[22,22],"damage_taken":[{"damage":4.0,"enemies":"Small Slimes","floor":1.0,"turns":3.0},{"damage":5.0,"enemies":"Jaw Worm","floor":2.0,"turns":5.0},{"damage":11.0,"enemies":"Gremlin Nob","floor":6.0,"turns":3.0},{"damage":0.0,"enemies":"Cultist","floor":10.0,"turns":3.0},{"damage":11.0,"enemies":"Blue Slaver","floor":12.0,"turns":3.0},{"damage":2.0,"enemies":"Lagavulin","floor":13.0,"turns":6.0},{"damage":0.0,"enemies":"Large Slime","floor":14.0,"turns":5.0},{"damage":24.0,"enemies":"Slime Boss","floor":16.0,"turns":4.0},{"damage":10,"enemies":"Spheric Guardian","floor":18,"turns":4},{"damage":18,"enemies":"2 Thieves","floor":19,"turns":3},{"damage":17,"enemies":"Cultist and Chosen","floor":20,"turns":7},{"damage":11,"enemies":"Masked Bandits","floor":22,"turns":3},{"damage":25,"enemies":"Centurion and Healer","floor":25,"turns":2}],"seed_played":"-710425591254509652","potions_obtained":[{"floor":6.0,"key":"SteroidPotion"},{"floor":12.0,"key":"Fire Potion"},{"floor":22,"key":"BlessingOfTheForge"}],"is_trial":false,"path_per_floor":["M","M","?","?","$","E","$","R","T","M","R","M","E","M","R","B",null,"M","M","M","$","?","R","$","M"],"character_chosen":"DEFECT","items_purchased":["Membership Card","Tempest","Fire Potion","Darkness","Doom and Gloom+1","Pocketwatch"],"campfire_rested":1,"item_purchase_floors":[5,5,5,7,21,24],"current_hp_per_floor":[60,55,44,67,67,56,56,56,56,56,56,45,43,43,43,19,58,48,30,13,13,2,23,23,0,0],"gold":24,"neow_bonus":"BOSS_RELIC","is_daily":false,"chose_seed":false,"campfire_upgraded":3,"win_rate":0.0,"timestamp":1612267410,"path_taken":["M","M","?","?","$","E","?","R","T","?","R","M","E","M","R","BOSS","M","M","M","$","?","R","$","M"],"items_purchased_type":["Relic","Card","Potion","Card","Card","Relic"],"build_version":"2020-12-18","purchased_purges":1,"victory":false,"max_hp_per_floor":[71,71,71,71,71,71,71,71,71,71,71,71,71,71,71,71,71,71,71,71,71,71,71,71,71,71],"relic_stats":{"Dream Catcher":1,"counters":[13,51],"Cursed Key":0,"obtain_stats":[{"Lantern":9,"Dream Catcher":13,"Molten Egg 2":6,"Red Mask":22,"Membership Card":5,"Cracked Core":0,"Empty Cage":0,"Cursed Key":17,"Pocketwatch":24},{"Lantern":3,"Dream Catcher":6,"Molten Egg 2":3,"Red Mask":12,"Membership Card":2,"Cracked Core":0,"Empty Cage":0,"Cursed Key":8,"Pocketwatch":12},{"Lantern":11,"Dream Catcher":23,"Molten Egg 2":11,"Red Mask":49,"Membership Card":8,"Cracked Core":0,"Empty Cage":0,"Cursed Key":32,"Pocketwatch":49}],"Pocketwatch":[0]},"card_choices":[{"not_picked":["Gash","Storm"],"picked":"Cold Snap","floor":1.0},{"not_picked":["Sweeping Beam","Hologram"],"picked":"Lockon","floor":2.0},{"not_picked":["Stack","Beam Cell+1"],"picked":"Loop","floor":6.0},{"not_picked":["Beam Cell+1","Rebound+1"],"picked":"Glacier","floor":10.0},{"not_picked":["Multi-Cast","Streamline+1"],"picked":"Ball Lightning+1","floor":12.0},{"not_picked":["Scrape+1","Double Energy"],"picked":"Heatsinks","floor":13.0},{"not_picked":["Reprogram","Chaos"],"picked":"Rip and Tear+1","floor":14.0},{"not_picked":["Amplify","All For One+1"],"picked":"Multi-Cast","floor":16.0},{"not_picked":["Go for the Eyes+1","Ball Lightning+1"],"picked":"Turbo+1","floor":18},{"not_picked":["Scrape+1","Conserve Battery"],"picked":"Reinforced Body","floor":19},{"not_picked":["Leap","Stack"],"picked":"Beam Cell+1","floor":20},{"not_picked":["Ball Lightning+1","Turbo+1"],"picked":"Fission","floor":22},{"not_picked":["Blizzard+1","Sunder+1"],"picked":"Aggregate","floor":23}],"player_experience":2645447,"relics_obtained":[{"floor":6.0,"key":"Molten Egg 2"},{"floor":9.0,"key":"Lantern"},{"floor":13.0,"key":"Dream Catcher"},{"floor":22,"key":"Red Mask"}],"event_choices":[{"damage_healed":0.0,"max_hp_gain":0.0,"max_hp_loss":0.0,"gold_gain":75.0,"event_name":"World of Goop","player_choice":"Gather Gold","floor":3.0,"gold_loss":0.0,"damage_taken":11.0},{"damage_healed":23.0,"max_hp_gain":0.0,"max_hp_loss":0.0,"gold_gain":0.0,"event_name":"Big Fish","player_choice":"Banana","floor":4.0,"gold_loss":0.0,"damage_taken":0.0},{"damage_healed":0,"gold_gain":0,"player_choice":"Fought Bandits","damage_taken":0,"max_hp_gain":0,"max_hp_loss":0,"event_name":"Masked Bandits","floor":22,"gold_loss":0}],"is_beta":true,"boss_relics":[{"not_picked":["Pandora\u0027s Box","Runic Dome"],"picked":"Cursed Key"}],"items_purged_floors":[21],"is_endless":false,"potions_floor_spawned":[6,12,14,20,22],"killed_by":"Centurion and Healer","ascension_level":20}}