{"host":"lzrwpfoki0hksi4s","time":1612266584,"event":{"mods":["100% Spire Juice","Arknights","BaseMod","CapriCore","Lobotomy","Minty Spire (QoL Compilation)","StSLib","WarShipGirlsR/??á´Ò³R mod"],"gold_per_floor":[116,116,116,116,135,135,151,151,204,235,235,160,160,173,173,272,272,291,67,67,78,94,3,3,34,60,60,77,77,87,100,100,199,199,211,211,228,128,178,178,197,209,209,209,220,231,0,20,20,20,20,20,20,20,51,51,51],"floor_reached":56,"language":"KOR","playtime":3776,"items_purged":["Moonworks:Defend","Moonworks:Strike"],"score":691,"play_id":"46573982-50b4-4e28-9b8a-ab7495b24adc","local_time":"20210202204944","is_ascension_mode":false,"campfire_choices":[{"data":"Moonworks:LuckyCharm","floor":6.0,"key":"SMITH"},{"data":"Moonworks:WindyEnchantment","floor":8.0,"key":"SMITH"},{"data":"Moonworks:CloudOfSeagulls","floor":13.0,"key":"SMITH"},{"data":"Moonworks:LongDistanceShot","floor":15.0,"key":"SMITH"},{"data":"Moonworks:Encore","floor":24.0,"key":"SMITH"},{"data":"Moonworks:Accelerator","floor":32.0,"key":"SMITH"},{"data":"Moonworks:ShieldCounter","floor":40.0,"key":"SMITH"},{"floor":49,"key":"RECALL"},{"data":"Moonworks:NicePresent","floor":53,"key":"SMITH"}],"circlet_count":0,"master_deck":["Moonworks:Strike+1","Moonworks:Defend","Moonworks:Defend","Moonworks:Defend+1","Moonworks:Ambush+1","Moonworks:LongDistanceShot+1","Moonworks:LuckyCharm+1","Moonworks:WindyEnchantment+1","Moonworks:NicePresent+1","Moonworks:CloudOfSeagulls+1","Moonworks:NicePresent","Moonworks:Encore+1","Moonworks:FinalSurgery","Moonworks:MiracleRedBeanIceCream","Moonworks:CloudOfSeagulls+1","Moonworks:FullSpeedAlicianrone+1","Moonworks:ReproductionOfRecords","Moonworks:CloudOfSeagulls+1","Moonworks:Accelerator+1","Moonworks:Bloodlust","Moonworks:ShieldCounter+1","Moonworks:NicePresent+1","Moonworks:LulusLuckyEgg+1"],"relics":["Moonworks:BrokenBomb","Moonworks:Homemark","Moonworks:LittleGull","SacredBark","Strawberry","Bottled Tornado","Omamori","Coffee Dripper","WarpedTongs","Torii","Bottled Flame","Red Mask","Pantograph"],"acts_visited":["Exordium","TheCity","TheBeyond","TheEnding"],"potions_floor_usage":[48,50,56],"damage_taken":[{"damage":2.0,"enemies":"2 Louse","floor":1.0,"turns":2.0},{"damage":0.0,"enemies":"Small Slimes","floor":5.0,"turns":3.0},{"damage":3.0,"enemies":"Jaw Worm","floor":7.0,"turns":3.0},{"damage":13.0,"enemies":"Lagavulin","floor":10.0,"turns":5.0},{"damage":0.0,"enemies":"3 Louse","floor":14.0,"turns":2.0},{"damage":24.0,"enemies":"Hexaghost","floor":16.0,"turns":8.0},{"damage":22.0,"enemies":"2 Thieves","floor":18.0,"turns":3.0},{"damage":5.0,"enemies":"Shell Parasite","floor":19.0,"turns":2.0},{"damage":1.0,"enemies":"Chosen and Byrds","floor":21.0,"turns":4.0},{"damage":0.0,"enemies":"Snake Plant","floor":22.0,"turns":2.0},{"damage":9.0,"enemies":"Book of Stabbing","floor":23.0,"turns":3.0},{"damage":0.0,"enemies":"Gremlin Leader","floor":25.0,"turns":4.0},{"damage":10.0,"enemies":"Centurion and Healer","floor":28.0,"turns":3.0},{"damage":3.0,"enemies":"Cultist and Chosen","floor":30.0,"turns":3.0},{"damage":12.0,"enemies":"3 Cultists","floor":31.0,"turns":3.0},{"damage":32.0,"enemies":"Automaton","floor":33.0,"turns":6.0},{"damage":12.0,"enemies":"Orb Walker","floor":35.0,"turns":3.0},{"damage":49.0,"enemies":"3 Shapes","floor":37.0,"turns":3.0},{"damage":43.0,"enemies":"2 Orb Walkers","floor":39.0,"turns":3.0},{"damage":4.0,"enemies":"3 Darklings","floor":41.0,"turns":2.0},{"damage":8.0,"enemies":"Maw","floor":42.0,"turns":4.0},{"damage":6.0,"enemies":"Sphere and 2 Shapes","floor":45.0,"turns":3.0},{"damage":8.0,"enemies":"3 Darklings","floor":46.0,"turns":2.0},{"damage":4,"enemies":"Writhing Mass","floor":48,"turns":3},{"damage":67,"enemies":"Time Eater","floor":50,"turns":7},{"damage":70,"enemies":"Shield and Spear","floor":55,"turns":4},{"damage":69,"enemies":"The Heart","floor":56,"turns":4}],"seed_played":"2854008708728974407","potions_obtained":[{"floor":14.0,"key":"Explosive Potion"},{"floor":19.0,"key":"GamblersBrew"},{"floor":21.0,"key":"Swift Potion"},{"floor":22.0,"key":"SneckoOil"},{"floor":25.0,"key":"SpeedPotion"},{"floor":30.0,"key":"DuplicationPotion"},{"floor":37.0,"key":"Block Potion"},{"floor":41.0,"key":"Block Potion"}],"is_trial":false,"path_per_floor":["M","?","?","?","M","R","M","R","T","E","?","$","R","M","R","B",null,"M","M","?","M","M","E","R","E","T","?","M","$","M","M","R","B",null,"M","?","M","$","?","R","M","M","T","?","M","M","?","M","R","B",null,null,"R","$","E","B"],"character_chosen":"THE_STARBREAKER","items_purchased":[],"campfire_rested":0,"item_purchase_floors":[],"current_hp_per_floor":[58,46,39,44,44,44,41,41,41,28,28,28,28,28,28,4,65,43,38,38,42,47,50,50,55,55,55,50,50,52,45,45,32,72,70,70,25,25,1,1,14,31,31,49,53,64,64,72,72,23,23,72,72,72,21,0,0],"gold":51,"neow_bonus":"UPGRADE_CARD","is_daily":false,"chose_seed":false,"campfire_upgraded":8,"win_rate":0.0,"timestamp":1612266584,"path_taken":["M","?","?","?","M","R","M","R","T","E","?","$","R","?","R","BOSS","M","M","?","M","M","E","R","E","T","?","?","$","M","M","R","BOSS","M","?","M","?","?","R","M","M","T","?","M","M","?","?","R","BOSS","R","$","E","BOSS"],"items_purchased_type":[],"build_version":"2020-12-22","purchased_purges":2,"victory":false,"max_hp_per_floor":[60,60,60,65,65,65,65,65,65,65,65,65,65,65,65,65,65,65,65,65,65,65,72,72,72,72,72,72,72,72,72,72,72,72,72,72,72,72,72,72,72,72,72,72,72,72,72,72,72,72,72,72,72,72,72,72,72],"card_choices":[{"not_picked":["Moonworks:SakisCookie","Moonworks:JonathanRush"],"picked":"Moonworks:LuckyCharm","floor":1.0},{"not_picked":["Moonworks:LulusLuckyEgg","Moonworks:IndiscriminateFireSupport"],"picked":"Moonworks:WindyEnchantment","floor":5.0},{"not_picked":["Moonworks:Assault","Moonworks:EvilSpyWorkPreparation"],"picked":"Moonworks:NicePresent","floor":7.0},{"not_picked":["Moonworks:TacticalRetreat","Moonworks:RedAndBlue"],"picked":"Moonworks:CloudOfSeagulls","floor":10.0},{"not_picked":["Moonworks:LulusLuckyEgg","Moonworks:IndiscriminateFireSupport"],"picked":"Moonworks:NicePresent","floor":14.0},{"not_picked":["Moonworks:Wanted","Moonworks:EvilMastermind"],"picked":"Moonworks:Encore","floor":16.0},{"not_picked":["Moonworks:BigMagnum+1","Moonworks:DeployBits"],"picked":"Moonworks:FinalSurgery","floor":18.0},{"not_picked":["Moonworks:ImmovableObject","Moonworks:EvilSpyWorkPreparation","Moonworks:LulusLuckyEgg"],"picked":"SKIP","floor":19.0},{"not_picked":["Moonworks:IntelligenceOfficer","Moonworks:x16BigRocket","Moonworks:EvilSpyWorkPreparation"],"picked":"SKIP","floor":21.0},{"not_picked":["Moonworks:Assault","Moonworks:StiffCrystal"],"picked":"Moonworks:CloudOfSeagulls+1","floor":22.0},{"not_picked":["Moonworks:BackdoorTrade","Moonworks:Blazing"],"picked":"Moonworks:FullSpeedAlicianrone+1","floor":23.0},{"not_picked":["Moonworks:ImOnFire","Moonworks:Assault","Moonworks:Heat300Percent"],"picked":"SKIP","floor":25.0},{"not_picked":["Moonworks:BigMagnum","Moonworks:DeployBits"],"picked":"Moonworks:CloudOfSeagulls+1","floor":28.0},{"not_picked":["Moonworks:ExtendedPhotonRifle","Moonworks:FullSpeedAlicianrone"],"picked":"Moonworks:Accelerator","floor":30.0},{"not_picked":["Moonworks:NicePresent","Moonworks:LulusLuckyEgg+1"],"picked":"Moonworks:Bloodlust","floor":31.0},{"not_picked":["Moonworks:SubspaceTunnel","Moonworks:WeAreWaruda"],"picked":"Moonworks:ShieldCounter","floor":33.0},{"not_picked":["Moonworks:EvilSpyWorkPreparation+1","Moonworks:IndiscriminateFireSupport","Moonworks:DeployBits+1"],"picked":"SKIP","floor":35.0},{"not_picked":["Moonworks:SealedMemories","Moonworks:JonathanRush","Moonworks:RagingMadness+1"],"picked":"SKIP","floor":37.0},{"not_picked":["Moonworks:ImOnFire","Moonworks:EvilSpyWorkPreparation+1","Moonworks:DeployBits"],"picked":"SKIP","floor":41.0},{"not_picked":["Moonworks:IndiscriminateFireSupport+1","Moonworks:DeployBits+1","Moonworks:BigMagnum"],"picked":"SKIP","floor":42.0},{"not_picked":["Moonworks:Dash","Moonworks:MetallicMonocoque"],"picked":"Moonworks:NicePresent+1","floor":45.0},{"not_picked":["Moonworks:Assault+1","Moonworks:BigMagnum+1","Moonworks:CloudOfSeagulls"],"picked":"SKIP","floor":46.0},{"not_picked":["Moonworks:ExtendedPhotonRifle","Moonworks:RagingMadness","Moonworks:BigMagnum"],"picked":"SKIP","floor":48},{"not_picked":["Moonworks:MixPhenomenon","Moonworks:WindyEnchantment+1"],"picked":"Moonworks:LulusLuckyEgg+1","floor":55}],"player_experience":483081,"relics_obtained":[{"floor":10.0,"key":"Moonworks:LittleGull"},{"floor":23.0,"key":"Strawberry"},{"floor":25.0,"key":"Bottled Tornado"},{"floor":26.0,"key":"Omamori"},{"floor":39.0,"key":"Torii"},{"floor":43.0,"key":"Bottled Flame"},{"floor":55,"key":"Pantograph"}],"event_choices":[{"damage_healed":0.0,"max_hp_gain":0.0,"max_hp_loss":0.0,"gold_gain":0.0,"event_name":"Shining Light","player_choice":"Entered Light","floor":2.0,"gold_loss":0.0,"damage_taken":12.0,"cards_upgraded":["Moonworks:Defend","Moonworks:Strike"]},{"cards_removed":["Moonworks:Strike"],"damage_healed":0.0,"max_hp_gain":0.0,"max_hp_loss":0.0,"gold_gain":0.0,"event_name":"Golden Wing","player_choice":"Card Removal","floor":3.0,"gold_loss":0.0,"damage_taken":7.0},{"damage_healed":0.0,"max_hp_gain":5.0,"max_hp_loss":0.0,"gold_gain":0.0,"event_name":"Big Fish","player_choice":"Donut","floor":4.0,"gold_loss":0.0,"damage_taken":0.0},{"damage_healed":0.0,"max_hp_gain":0.0,"max_hp_loss":0.0,"gold_gain":0.0,"event_name":"Liars Game","player_choice":"Ignored","floor":11.0,"gold_loss":0.0,"damage_taken":0.0},{"damage_healed":0.0,"max_hp_gain":0.0,"max_hp_loss":0.0,"gold_gain":0.0,"event_name":"The Library","player_choice":"Read","floor":20.0,"gold_loss":0.0,"damage_taken":0.0,"cards_obtained":["Moonworks:MiracleRedBeanIceCream"]},{"damage_healed":0.0,"max_hp_gain":0.0,"max_hp_loss":0.0,"gold_gain":0.0,"cards_transformed":["Moonworks:Strike"],"event_name":"Transmorgrifier","player_choice":"Transformed","floor":27.0,"gold_loss":0.0,"damage_taken":0.0,"cards_obtained":["Moonworks:ReproductionOfRecords"]},{"damage_healed":0.0,"max_hp_gain":0.0,"max_hp_loss":0.0,"gold_gain":0.0,"event_name":"Accursed Blacksmith","player_choice":"Rummage","floor":36.0,"gold_loss":0.0,"damage_taken":0.0,"relics_obtained":["WarpedTongs"],"cards_obtained":["Pain"]},{"damage_healed":0.0,"max_hp_gain":0.0,"max_hp_loss":0.0,"gold_gain":0.0,"event_name":"Mysterious Sphere","player_choice":"Fight","floor":39.0,"gold_loss":0.0,"damage_taken":0.0},{"damage_healed":18.0,"max_hp_gain":0.0,"max_hp_loss":0.0,"gold_gain":0.0,"event_name":"Winding Halls","player_choice":"Writhe","floor":44.0,"gold_loss":0.0,"damage_taken":0.0,"cards_obtained":["Writhe"]},{"damage_healed":0,"gold_gain":0,"player_choice":"Paid","damage_taken":0,"relics_obtained":["Red Mask"],"max_hp_gain":0,"max_hp_loss":0,"event_name":"Tomb of Lord Red Mask","floor":47,"gold_loss":111}],"is_beta":false,"boss_relics":[{"not_picked":["Calling Bell","Tiny House"],"picked":"SacredBark"},{"not_picked":["Snecko Eye","SlaversCollar"],"picked":"Coffee Dripper"}],"items_purged_floors":[12,38],"is_endless":false,"potions_floor_spawned":[14,19,21,22,25,30,37,41,45],"killed_by":"The Heart","ascension_level":0}}