{"host":"npaoev7ccr7c867s","time":1612245504,"event":{"mods":["AchievementEnabler","Act Like it!","Aspiration","Bard","BaseMod","Beaked The Cultist","Better Altar","Better Match","Better Note","Better Sensory Stone","Better Skull","Better Third Choice","BetterRewards","CCEM2","Clawfect","Colored Map","Conspire","Downfall","GifTheSpireLib","Halation","Hermit","Highlight Path","Hubris","Hunter ??","Infinite Spire","Jedi Mod","Jorbs\u0027s Wanderer Trilogy","Mad Scientist","Marisa????????","Mimic Mod","Minty Spire (QoL Compilation)","Permanent Neow","Replay The Spire","SIMod","SOS???????","Shade Mod","Shop Mod","Spicy Shops","StSLib","Stuff the Spire","The Animator","The Blackbeard","The Construct","The Cursed","The Disciple","The Gatherer","The Hierophant","The IronCluck","The Jungle","The Mystic","The Necromancer","The Problem Sleuth","The Runesmith","The Servant 0.9.4","The Spell Scribe","The Wild Card","The Witch","TheSurvivalist","TheVacant","Unceasing Turn Reminder","everything is the same but u backflip on backflip","slay the spire mod where everything is the same but ironclad has a cowboy hat"],"gold_per_floor":[115,125,0,0,10,10,10,10,88,88,104,119,134,144,144,241,241,261,261,273,273,288,288,213,213,213,213,43,60,79,3,3,104,104,118,118,118,20,20,20,39,57,81,91,106,106,122,5,5,5],"floor_reached":51,"language":"ENG","playtime":5319,"items_purged":["Runesmith:Permafrost"],"score":666,"play_id":"734ffb07-ddb9-4c1a-86a4-8cec5fce7ed4","local_time":"20210201215824","is_ascension_mode":false,"campfire_choices":[{"data":"Runesmith:CraftFirestone","floor":6,"key":"SMITH"},{"floor":8,"key":"REST"},{"data":"Runesmith:FrozenChisel","floor":10,"key":"SMITH"},{"data":"Runesmith:HammerTime","floor":15,"key":"SMITH"},{"data":"Runesmith:LightningRod","floor":23,"key":"SMITH"},{"data":"Runesmith:HammerAndChisel","floor":25,"key":"SMITH"},{"data":"Runesmith:Firestorm","floor":32,"key":"SMITH"},{"data":"hubris:Fate","floor":40,"key":"SMITH"},{"data":"Runesmith:ElementalConversion","floor":49,"key":"SMITH"}],"circlet_count":0,"master_deck":["Runesmith:Strike_RS","Runesmith:Strike_RS","Runesmith:Strike_RS","Runesmith:Strike_RS","Runesmith:Defend_RS","Runesmith:Defend_RS","Runesmith:Defend_RS","Runesmith:Defend_RS","Runesmith:CraftFirestone+1","Runesmith:Fortify","Runesmith:Terraform","Runesmith:BackupBattery","Runesmith:EnergizedChisel","Runesmith:RuneHurl","Metamorphosis+1","Runesmith:FrozenChisel+1","Specialist+1","Runesmith:EnergizedChisel","Enlightenment","Replay:BasicMightCard+1","Runesmith:HeatExchange","Runesmith:HammerTime+1","Runesmith:HeatedChisel","Runesmith:HammerAndChisel+1","Runesmith:CraftProtectio","Runesmith:LightningRod+1","Runesmith:DoubleUp+1","Runesmith:EarthShield","mysticmod:CorrosiveTouch","Runesmith:EarthShield","Runesmith:CraftSpiculum+1","infinitespire:TheBestDefense","Runesmith:Firestorm+1","Runesmith:GoWithTheFlow","Runesmith:Firestorm","Runesmith:ArcReactor","Runesmith:Firewall","Runesmith:CreatorForm","Runesmith:OneForEveryone","hubris:Fate+1","Runesmith:CraftReservo","Runesmith:GoWithTheFlow+1","Runesmith:Repurpose+1","Parasite","Runesmith:CraftIncendium+1","Runesmith:ChiselStab+1","Runesmith:EarthShield+1","Runesmith:ElementalConversion+1"],"relics":["Runesmith:BrokenRuby","Bronze Scales","CCEMRelics:FestiveHat","StuffTheSpire:ForceGauntlet","Honey Jar","CCEMRelics:DerglesHeadphones","Lizard Tail","CCEMRelics:DarkMatter","StuffTheSpire:Gunfinga","hubris:Icosahedron"],"acts_visited":["Exordium","TheCity","TheBeyond"],"potions_floor_usage":[16,20,20,33,44,47,50,50,50],"damage_taken":[{"damage":11,"enemies":"Jaw Worm","floor":1,"turns":5},{"damage":4,"enemies":"conspire:RoseBush","floor":2,"turns":2},{"damage":19,"enemies":"infinitespire:Voidling","floor":5,"turns":4},{"damage":13,"enemies":"Red Slaver","floor":11,"turns":2},{"damage":7,"enemies":"Blue Slaver","floor":12,"turns":3},{"damage":3,"enemies":"Large Slime","floor":13,"turns":5},{"damage":8,"enemies":"Exordium Thugs","floor":14,"turns":3},{"damage":7,"enemies":"Slime Boss","floor":16,"turns":6},{"damage":3,"enemies":"Chosen","floor":18,"turns":4},{"damage":0,"enemies":"2 Thieves","floor":20,"turns":4},{"damage":0,"enemies":"conspire:HollyBat","floor":22,"turns":6},{"damage":7,"enemies":"Centurion and Healer","floor":29,"turns":5},{"damage":16,"enemies":"Sentry and Sphere","floor":30,"turns":5},{"damage":12,"enemies":"hubris:MusketHawk","floor":33,"turns":9},{"damage":3,"enemies":"Orb Walker","floor":35,"turns":3},{"damage":20,"enemies":"3 Darklings","floor":41,"turns":5},{"damage":29,"enemies":"Sphere and 2 Shapes","floor":42,"turns":5},{"damage":10,"enemies":"Writhing Mass","floor":44,"turns":6},{"damage":0,"enemies":"Maw","floor":45,"turns":7},{"damage":16,"enemies":"Spire Growth","floor":47,"turns":5},{"damage":38,"enemies":"conspire:OrnateMirror","floor":50,"turns":9}],"seed_played":"5686930344318042703","potions_obtained":[{"floor":1,"key":"jedi:wingpotion"},{"floor":5,"key":"Weak Potion"},{"floor":12,"key":"Flashbang"},{"floor":14,"key":"Swift Potion"},{"floor":18,"key":"SteroidPotion"},{"floor":19,"key":"Elixir"},{"floor":19,"key":"SkillPotion"},{"floor":19,"key":"AttackPotion"},{"floor":20,"key":"SteroidPotion"},{"floor":35,"key":"BlessingOfTheForge"},{"floor":44,"key":"Explosive Potion"}],"is_trial":false,"path_per_floor":["M","M","?","$","M","R","?","R","T","R","M","M","M","M","R_BF","B",null,"M","?","M","?","M","R","?","R","T","AVR","$","M","M","$","R","B",null,"M","?","?","$","AVR","R","M","M","T","M","M","?","M","$","R","B",null],"character_chosen":"RUNESMITH_CLASS","items_purchased":["Runesmith:Terraform","Runesmith:Permafrost","Runesmith:BackupBattery","Runesmith:EnergizedChisel","Runesmith:RuneHurl","Bronze Scales","CCEMRelics:FestiveHat","Runesmith:Firestorm","Runesmith:GoWithTheFlow","Runesmith:Firewall","Runesmith:CraftReservo","Runesmith:ElementalConversion","Adrenaline Potion"],"campfire_rested":1,"item_purchase_floors":[0,0,0,0,0,0,0,28,28,31,38,48,48],"current_hp_per_floor":[59,55,61,61,42,42,42,64,64,64,51,44,41,33,33,26,76,73,73,73,73,73,73,73,73,73,73,73,66,50,50,62,50,76,73,73,53,53,53,65,45,16,16,6,6,6,57,57,69,31],"gold":5,"neow_bonus":"","is_daily":false,"chose_seed":false,"campfire_upgraded":8,"win_rate":0.0,"timestamp":1612245504,"path_taken":["M","M","?","$","M","R","?","R","T","R","M","M","?","?","R_BF","BOSS","M","?","M","?","M","R","?","R","T","AVR","?","M","M","$","R","BOSS","M","?","?","?","AVR","R","M","?","T","M","M","?","?","?","R","BOSS"],"items_purchased_type":["Card","Card","Card","Card","Card","Relic","Relic","Card","Card","Card","Card","Card","Potion"],"build_version":"2020-12-22","purchased_purges":1,"victory":true,"max_hp_per_floor":[70,70,76,76,76,76,76,76,76,76,76,76,76,76,76,76,76,76,76,76,76,76,76,76,76,76,76,76,76,76,76,76,76,76,76,76,76,76,76,76,76,76,76,76,76,76,76,76,76,76],"card_choices":[{"not_picked":["Replay:Bootleg Shield Generator+1","Thinking Ahead+1"],"picked":"Metamorphosis+1","floor":1},{"not_picked":["Runesmith:NanitesCloud","Runesmith:HammerThrow"],"picked":"Runesmith:FrozenChisel","floor":1},{"not_picked":["HandOfGreed+1","Panacea+1"],"picked":"Specialist+1","floor":2},{"not_picked":["Runesmith:Permafrost","Runesmith:HammerAndChisel"],"picked":"Runesmith:EnergizedChisel","floor":2},{"not_picked":["Dark Shackles+1","Thinking Ahead+1"],"picked":"Replay:BasicMightCard+1","floor":5},{"not_picked":["Runesmith:BackupBattery","Runesmith:Terraform"],"picked":"Runesmith:HeatExchange","floor":5},{"not_picked":["Runesmith:MakeshiftArmor","Runesmith:CraftMagma"],"picked":"Runesmith:HammerTime","floor":11},{"not_picked":["Runesmith:FrozenChisel","Runesmith:Accelerate"],"picked":"Runesmith:HeatedChisel","floor":12},{"not_picked":["Runesmith:EnergizedChisel","Runesmith:HeatExchange"],"picked":"Runesmith:HammerAndChisel","floor":13},{"not_picked":["Runesmith:HammerThrow","Runesmith:FrozenChisel"],"picked":"Runesmith:CraftProtectio","floor":14},{"not_picked":["Runesmith:CraftMedicinae","Runesmith:GenerateForcefield"],"picked":"Runesmith:LightningRod","floor":16},{"not_picked":["Runesmith:UnstableHammer","Runesmith:StaticCage","Runesmith:ChiselStab+1"],"picked":"Runesmith:DoubleUp+1","floor":18},{"not_picked":["Runesmith:CraftProtectio+1","Runesmith:Overpower","Runesmith:EnergizedChisel"],"picked":"Runesmith:EarthShield","floor":20},{"not_picked":["Runesmith:HammerTime","Runesmith:StaticCage","Runesmith:HeatExchange+1"],"picked":"Runesmith:EarthShield","floor":22},{"not_picked":["Runesmith:FieryHammer+1","aspiration:UnbridledHammer+1","Runesmith:DoubleUp+1"],"picked":"Runesmith:CraftSpiculum+1","floor":24},{"not_picked":["Runesmith:ChaoticBlast","Runesmith:Repurpose","aspiration:UnbridledHammer+1"],"picked":"Runesmith:Firestorm","floor":29},{"not_picked":["Runesmith:StaticCage","Runesmith:HammerThrow","Runesmith:UnstableHammer"],"picked":"Runesmith:ArcReactor","floor":30},{"not_picked":["Runesmith:FissionHammer","Runesmith:LightningRod","Runesmith:Supernova"],"picked":"Runesmith:CreatorForm","floor":33},{"not_picked":["Runesmith:FrozenChisel+1","Runesmith:StaticCage+1","Runesmith:RuneHurl+1"],"picked":"Runesmith:OneForEveryone","floor":35},{"not_picked":["infinitespire:Oblivion","hubris:InfiniteBlow"],"picked":"hubris:Fate","floor":37},{"not_picked":["Runesmith:Terraform","Runesmith:MakeshiftArmor","Runesmith:ShiftingStrike+1"],"picked":"Runesmith:GoWithTheFlow+1","floor":41},{"not_picked":["Runesmith:DoubleUp","Runesmith:CraftReservo","Runesmith:StaticCage+1"],"picked":"Runesmith:Repurpose+1","floor":42},{"not_picked":["Runesmith:ShiftingStrike+1","Runesmith:Repurpose","Runesmith:RuneHurl+1"],"picked":"Runesmith:CraftIncendium+1","floor":44},{"not_picked":["Runesmith:ShiftingStrike+1","Runesmith:CraftSpiculum+1","Runesmith:StaticCage"],"picked":"Runesmith:ChiselStab+1","floor":45},{"not_picked":["Runesmith:ShiftingStrike","Runesmith:FissionHammer","Runesmith:EnergizedChisel+1"],"picked":"Runesmith:EarthShield+1","floor":47}],"player_experience":211901,"relics_obtained":[{"floor":9,"key":"StuffTheSpire:ForceGauntlet"},{"floor":26,"key":"CCEMRelics:DerglesHeadphones"},{"floor":43,"key":"StuffTheSpire:Gunfinga"}],"event_choices":[{"damage_healed":0,"gold_gain":0,"player_choice":"RENOUNCE","damage_taken":125,"max_hp_gain":0,"max_hp_loss":0,"event_name":"betterThird:BetterSerpent","floor":3,"gold_loss":125,"cards_obtained":["Enlightenment"]},{"damage_healed":0,"gold_gain":0,"player_choice":"Leave","damage_taken":0,"max_hp_gain":0,"max_hp_loss":0,"event_name":"FaceTrader","floor":7,"gold_loss":0},{"damage_healed":0,"gold_gain":0,"player_choice":"Got Potions","damage_taken":0,"max_hp_gain":0,"max_hp_loss":0,"event_name":"Lab","floor":19,"gold_loss":0},{"cards_removed":["Enlightenment"],"damage_healed":0,"gold_gain":0,"player_choice":"Take \u0026 Give","damage_taken":0,"max_hp_gain":0,"max_hp_loss":0,"event_name":"betterNote:BetterNote","floor":21,"gold_loss":0,"cards_obtained":["mysticmod:CorrosiveTouch"]},{"damage_healed":0,"gold_gain":0,"player_choice":"2","damage_taken":0,"max_hp_gain":0,"max_hp_loss":0,"event_name":"betterMatch:BetterMatch","floor":24,"gold_loss":0,"cards_obtained":["betterMatch:UncommonCard"]},{"damage_healed":0,"gold_gain":0,"player_choice":"Leave","damage_taken":0,"max_hp_gain":0,"max_hp_loss":0,"event_name":"conspire:Investor","floor":36,"gold_loss":0}],"is_beta":false,"boss_relics":[{"not_picked":["StuffTheSpire:RunicHypercube","Velvet Choker"],"picked":"Honey Jar"},{"not_picked":["CCEMRelics:ReaperScythe","hubris:RunicObelisk"],"picked":"CCEMRelics:DarkMatter"}],"items_purged_floors":[27],"is_endless":false,"potions_floor_spawned":[1,5,12,14,18,20,35,44],"ascension_level":0}}