{"host":"Ringo","time":1612243932,"event":{"mods":["BaseMod","Colored Map","Conspire","Dota2Spire","Hubris","Minty Spire (QoL Compilation)","Replay The Spire","StSLib","The Construct","[IsaacMod]ÒÔÈö¼âËþ","¡¾ÒÅÎï¿¨ÅÆ¡¿REMEMod"],"gold_per_floor":[144,204,264,324,369,447,540,618,618,714,816,903,984,1080,1080,1311,1311,1359,1407,1437,1476,1506,1581,1581,1686,1686,1773,1827,1932,773,833,833,1064,1064,1094,480,319,361,406,496,601,703,777,879,930,1023,1119,1170,1170,1170,1170],"floor_reached":52,"language":"ZHS","playtime":1284,"items_purged":["Seeing Red"],"score":3793,"play_id":"10f367aa-107f-40d9-871d-16cf303fd4d3","local_time":"20210202133212","daily_mods":["SealedDeck","Vintage","Colorless Cards","Heirloom","Time Dilation","Flight","DeadlyEvents","Elite Swarm","Lethality","Midas","Binary"],"is_ascension_mode":true,"campfire_choices":[{"data":"1","floor":15,"key":"LIFT"},{"data":"2","floor":24,"key":"LIFT"},{"data":"3","floor":32,"key":"LIFT"},{"floor":49,"key":"REST"}],"circlet_count":0,"master_deck":["AscendersBane","Thunderclap+1","Trip","Clash","Twin Strike+1","Spot Weakness","Sword Boomerang","Twin Strike","Twin Strike","Swift Strike","Armaments","hubris:EnhanceAbility","Shrug It Off","Pot Of Greed","Pot Of Greed","Iron Wave+1","Shrug It Off","Inflame+1","construct:Bunker","Sadistic Nature","construct:ShieldBurst+1","Vault","Berserk"],"relics":["Burning Blood","Busted Crown","HushsDoor","replay:Trail_Library","Girya","Void","GuppysTail","Anchor","Self Forming Clay","EdensBlessing","Dota2Spire:PowerTreads","Bag of Preparation","Boot","Potion Belt","Calipers","REME_DuelDisc","GuppysCollar","Damocles","ReplayFunnel","HornCleat","Replay:Rubber Ducky","Blue Doll","Blue Candle","Dota2Spire:BladeMail","Dota2Spire:PhaseBoots","Charon\u0027s Ashes","Replay:Baseball","Replay:Bottled Flurry","Lantern","Ancient Tea Set","BelialBook","Grinning Jar","Dota2Spire:AssaultCuirass","Dota2Spire:AghanimScepter","Du-Vu Doll","Paper Frog","Dota2Spire:ArmletOfMordiggian","Tiny Chest","Dota2Spire:Dagon","Dota2Spire:EyeOfSkadi","ClockworkSouvenir","Question Card","Dota2Spire:ShivaGuard","MagicMushroom","Damocles","Gremlin Horn","Orichalcum","Dota2Spire:Mjollnir","Dota2Spire:ShadowBlade","Strawberry","PrismaticShard","BargainBundle","Whetstone","Molten Egg 2","Blood Vial","Chaos","REME_HandOfSuture","SlaversCollar","Dota2Spire:CrimsonGuard","hubris:RGBLights","AnarchistCookbook","Dota2Spire:DivineRapier","Dota2Spire:UrnOfShadows","Magic Flower","Bottled Lightning","Dota2Spire:ArcaneBoots","Tough Bandages","PreservedInsect","Strange Spoon","conspire:SpecialSausage","Dota2Spire:OrchidMalevolence","hubris:SlimyHat","Raider\u0027s Mask","SharpPlug","Iron Hammer","Replay:Kaleidoscope","Dota2Spire:HeartOfTarrasque","Frozen Egg 2"],"acts_visited":["Exordium","TheCity","TheBeyond"],"potions_floor_usage":[4,4,16,16,16,51,51,51,51],"damage_taken":[{"damage":5,"enemies":"Small Slimes","floor":1,"turns":2},{"damage":0,"enemies":"Jaw Worm","floor":2,"turns":1},{"damage":0,"enemies":"Cultist","floor":3,"turns":1},{"damage":0,"enemies":"Exordium Wildlife","floor":4,"turns":2},{"damage":0,"enemies":"Looter","floor":5,"turns":1},{"damage":0,"enemies":"Gremlin Nob","floor":6,"turns":2},{"damage":0,"enemies":"Replay:BlueRogue","floor":7,"turns":2},{"damage":0,"enemies":"3 Sentries","floor":8,"turns":2},{"damage":0,"enemies":"Lagavulin","floor":10,"turns":2},{"damage":0,"enemies":"Gremlin Nob","floor":11,"turns":1},{"damage":0,"enemies":"Lagavulin","floor":12,"turns":2},{"damage":0,"enemies":"Gremlin Nob","floor":13,"turns":1},{"damage":0,"enemies":"Lagavulin","floor":14,"turns":2},{"damage":0,"enemies":"Hexaghost","floor":16,"turns":2},{"damage":0,"enemies":"Spheric Guardian","floor":18,"turns":2},{"damage":0,"enemies":"Chosen","floor":19,"turns":1},{"damage":0,"enemies":"Shelled Parasite and Fungi","floor":20,"turns":1},{"damage":0,"enemies":"Snecko","floor":21,"turns":2},{"damage":0,"enemies":"Chosen and Byrds","floor":22,"turns":1},{"damage":0,"enemies":"conspire:Head Lice","floor":23,"turns":1},{"damage":0,"enemies":"Slavers","floor":25,"turns":1},{"damage":0,"enemies":"Gremlin Leader","floor":27,"turns":1},{"damage":0,"enemies":"Snake Plant","floor":28,"turns":1},{"damage":0,"enemies":"conspire:SneckoGhost","floor":29,"turns":1},{"damage":0,"enemies":"Centurion and Healer","floor":31,"turns":1},{"damage":0,"enemies":"Automaton","floor":33,"turns":1},{"damage":0,"enemies":"Orb Walker","floor":35,"turns":1},{"damage":0,"enemies":"3 Shapes","floor":38,"turns":1},{"damage":0,"enemies":"3 Darklings","floor":39,"turns":1},{"damage":0,"enemies":"R_Hoarder","floor":40,"turns":2},{"damage":0,"enemies":"Nemesis","floor":41,"turns":1},{"damage":0,"enemies":"Reptomancer","floor":42,"turns":1},{"damage":0,"enemies":"R_Hoarder","floor":44,"turns":1},{"damage":0,"enemies":"Maw","floor":45,"turns":1},{"damage":0,"enemies":"Giant Head","floor":46,"turns":1},{"damage":0,"enemies":"R_Hoarder","floor":47,"turns":1},{"damage":0,"enemies":"4 Shapes","floor":48,"turns":1},{"damage":0,"enemies":"Time Eater","floor":50,"turns":1},{"damage":0,"enemies":"Awakened One","floor":51,"turns":2}],"seed_played":"4953419181244770636","potions_obtained":[{"floor":2,"key":"EntropicBrew"},{"floor":3,"key":"Toxic Potion"},{"floor":12,"key":"Weak Potion"},{"floor":13,"key":"Swift Potion"},{"floor":16,"key":"Regen Potion"},{"floor":18,"key":"Reflective Coating"},{"floor":19,"key":"SmokeBomb"},{"floor":22,"key":"DistilledChaos"}],"is_trial":true,"path_per_floor":["M","M","M","M","M","E","E","E","T","E","E","E","E","E","R","B",null,"M","M","M","M","M","E","R","E","T","E","M","E","$","M","R","B",null,"M","$","$","M","M","E","E","E","T","E","M","E","E","M","R","B","B",null],"character_chosen":"IRONCLAD","items_purchased":["GuppysCollar","Damocles","Dota2Spire:Dagon","Dota2Spire:EyeOfSkadi","ClockworkSouvenir","Iron Wave+1","Damocles","Dota2Spire:ShadowBlade","Strawberry","PrismaticShard","Shrug It Off","Inflame+1","BargainBundle"],"campfire_rested":1,"item_purchase_floors":[17,17,30,30,30,30,34,36,36,36,36,36,37],"current_hp_per_floor":[69,75,75,75,75,75,75,75,75,75,75,75,75,75,75,75,52,52,52,52,52,52,52,52,52,52,52,52,52,57,57,57,57,54,54,61,61,61,61,61,61,61,61,61,61,61,61,69,69,69,69],"gold":1170,"neow_bonus":"","is_daily":false,"chose_seed":false,"campfire_upgraded":0,"win_rate":0.0,"timestamp":1612243932,"path_taken":["M","M","M","M","M","E","E","E","T","E","E","E","E","E","R","BOSS","M","M","M","M","M","E","R","E","T","E","M","E","$","M","R","BOSS","M","$","$","M","M","E","E","E","T","E","M","E","E","M","R","BOSS","BOSS"],"items_purchased_type":["Relic","Relic","Relic","Relic","Relic","Card","Relic","Relic","Relic","Relic","Card","Card","Relic"],"build_version":"2020-12-18","purchased_purges":1,"victory":true,"max_hp_per_floor":[75,75,75,75,75,75,75,75,75,75,75,75,75,75,75,75,52,52,52,52,52,52,52,52,52,52,52,52,52,57,57,57,57,54,54,61,61,61,61,61,61,61,61,61,61,61,61,69,69,69,69],"card_choices":[{"not_picked":[],"picked":"construct:Bunker","floor":40},{"not_picked":[],"picked":"Sadistic Nature","floor":41},{"not_picked":["Replay:Bag of Tricks"],"picked":"SKIP","floor":42},{"not_picked":[],"picked":"construct:ShieldBurst+1","floor":44},{"not_picked":[],"picked":"Vault","floor":46},{"not_picked":[],"picked":"Berserk","floor":47}],"player_experience":611227,"relics_obtained":[{"floor":1,"key":"Omamori"},{"floor":2,"key":"GuppysTail"},{"floor":3,"key":"Anchor"},{"floor":4,"key":"UnicornStump"},{"floor":5,"key":"Self Forming Clay"},{"floor":6,"key":"White Beast Statue"},{"floor":7,"key":"EdensBlessing"},{"floor":8,"key":"Dota2Spire:PowerTreads"},{"floor":9,"key":"Prayer Wheel"},{"floor":10,"key":"Bag of Preparation"},{"floor":11,"key":"Boot"},{"floor":12,"key":"Potion Belt"},{"floor":13,"key":"Calipers"},{"floor":14,"key":"Replay:Mystery Machine"},{"floor":18,"key":"ReplayFunnel"},{"floor":18,"key":"HornCleat"},{"floor":19,"key":"Replay:Rubber Ducky"},{"floor":19,"key":"Blue Doll"},{"floor":20,"key":"Blue Candle"},{"floor":20,"key":"Dota2Spire:BladeMail"},{"floor":21,"key":"Dota2Spire:PhaseBoots"},{"floor":21,"key":"Charon\u0027s Ashes"},{"floor":22,"key":"Replay:Baseball"},{"floor":22,"key":"Replay:Bottled Flurry"},{"floor":23,"key":"Lantern"},{"floor":23,"key":"Ancient Tea Set"},{"floor":25,"key":"BelialBook"},{"floor":25,"key":"Grinning Jar"},{"floor":26,"key":"Dota2Spire:AssaultCuirass"},{"floor":27,"key":"Dota2Spire:AghanimScepter"},{"floor":27,"key":"Du-Vu Doll"},{"floor":28,"key":"Paper Frog"},{"floor":29,"key":"Dota2Spire:ArmletOfMordiggian"},{"floor":29,"key":"Tiny Chest"},{"floor":31,"key":"Question Card"},{"floor":31,"key":"Dota2Spire:ShivaGuard"},{"floor":35,"key":"Gremlin Horn"},{"floor":35,"key":"Orichalcum"},{"floor":35,"key":"Dota2Spire:Mjollnir"},{"floor":38,"key":"Whetstone"},{"floor":38,"key":"Molten Egg 2"},{"floor":38,"key":"Blood Vial"},{"floor":39,"key":"PokeGo"},{"floor":39,"key":"TheBean"},{"floor":39,"key":"Chaos"},{"floor":40,"key":"REME_HandOfSuture"},{"floor":40,"key":"SlaversCollar"},{"floor":40,"key":"Dota2Spire:CrimsonGuard"},{"floor":41,"key":"hubris:RGBLights"},{"floor":41,"key":"AnarchistCookbook"},{"floor":41,"key":"Dota2Spire:DivineRapier"},{"floor":42,"key":"Dota2Spire:UrnOfShadows"},{"floor":42,"key":"Magic Flower"},{"floor":43,"key":"Bottled Lightning"},{"floor":44,"key":"Dota2Spire:ArcaneBoots"},{"floor":44,"key":"Tough Bandages"},{"floor":45,"key":"PreservedInsect"},{"floor":45,"key":"Strange Spoon"},{"floor":45,"key":"conspire:SpecialSausage"},{"floor":46,"key":"Dota2Spire:OrchidMalevolence"},{"floor":46,"key":"hubris:SlimyHat"},{"floor":46,"key":"Raider\u0027s Mask"},{"floor":47,"key":"SharpPlug"},{"floor":47,"key":"Iron Hammer"},{"floor":47,"key":"Replay:Kaleidoscope"},{"floor":48,"key":"Dota2Spire:HeartOfTarrasque"},{"floor":48,"key":"Frozen Egg 2"}],"event_choices":[],"is_beta":true,"boss_relics":[{"not_picked":["conspire:SlowCooker","Cursed Key"],"picked":"REME_DuelDisc"},{"not_picked":[]},{"not_picked":["conspire:SeveredTorchhead","conspire:RunicOctahedron"],"picked":"MagicMushroom"},{"not_picked":[]}],"items_purged_floors":[30],"is_endless":false,"potions_floor_spawned":[2,3,7,8,10,11,12,13,14,16,18,19,20,21,22,23,25,27,28,29,31,38,40,41,44],"ascension_level":20}}