{"host":"dzc8cchcquikqbpv","time":1612290059,"event":{"mods":["A Penny For Your Troubles","BaseMod","Better Third Choice","BetterRewards","Block Reminder","Bossed Relics","Colored Map","Colored Powertips","Curses Come First","Dark Map","Downfall","Fox Events","Good Game Mod","Highlight Path","Infinite Spire","Minty Spire (QoL Compilation)","Permanent Neow","Quick Restart","Rare Cards Sparkle","Relic Filter Mod","Replay The Spire","Shop Mod","Spire Arcade","StSLib","Uncapped"],"gold_per_floor":[116,116,126,136,136,61,93,93,116,146,161,161,178,192,192,287,287,306,306,295,315,333,333,343,369,369,369,369],"floor_reached":27,"language":"ENG","playtime":1533,"items_purged":["ReplaySort"],"score":286,"play_id":"9faa4c28-0a26-4275-b441-fc26ab2a2cfe","local_time":"20210202182059","is_ascension_mode":true,"campfire_choices":[{"floor":8,"key":"REST"},{"data":"Replay:Dark Deal","floor":12,"key":"SMITH"},{"data":"Slimebound:Replication","floor":15,"key":"SMITH"},{"floor":23,"key":"REST"}],"circlet_count":0,"master_deck":["Strike_B","Strike_B","Strike_B","Strike_B","Defend_B","Defend_B","Defend_B","Defend_B","Zap","Dualcast","Slimebound:Replication+1","Replay:Dark Deal+1","Replay:Dark Deal","Barrage","Cold Snap","Consume","Chill","Turbo","BootSequence","Seek","Melter","Loop","Gash"],"relics":["bronze:BronzeCore","REME:ComplimentaryCards","DollysMirror","Ginger","Pear","infinitespire:Cubic Diamond","infinitespire:Beetle Shell","Replay:Wax Seal","PreservedInsect","Black Star","Sundial","Happy Flower","infinitespire:Joker Card","Prayer Wheel"],"acts_visited":["Exordium","TheCity"],"potions_floor_usage":[7,10,16,20,24,24,25,25,27],"damage_taken":[{"damage":6,"enemies":"2 Louse","floor":1,"turns":3},{"damage":0,"enemies":"Cultist","floor":3,"turns":2},{"damage":0,"enemies":"Jaw Worm","floor":4,"turns":1},{"damage":0,"enemies":"Gremlin Nob","floor":7,"turns":4},{"damage":11,"enemies":"Lagavulin","floor":10,"turns":8},{"damage":2,"enemies":"Exordium Wildlife","floor":11,"turns":5},{"damage":0,"enemies":"Lots of Slimes","floor":13,"turns":4},{"damage":3,"enemies":"Red Slaver","floor":14,"turns":5},{"damage":39,"enemies":"Hexaghost","floor":16,"turns":9},{"damage":17,"enemies":"3 Byrds","floor":18,"turns":4},{"damage":11,"enemies":"2 Thieves","floor":20,"turns":4},{"damage":48,"enemies":"Centurion and Healer","floor":21,"turns":8},{"damage":0,"enemies":"3 Cultists","floor":22,"turns":2},{"damage":39,"enemies":"Snake Plant","floor":24,"turns":6},{"damage":25,"enemies":"Gremlin Leader","floor":25,"turns":5},{"damage":18,"enemies":"Cultist and Chosen","floor":27,"turns":4}],"seed_played":"2687034899167895434","potions_obtained":[{"floor":2,"key":"DuplicationPotion"},{"floor":2,"key":"Regen Potion"},{"floor":2,"key":"sneckomod:MuddlingPotion"},{"floor":7,"key":"FearPotion"},{"floor":10,"key":"Toxic Potion"},{"floor":16,"key":"ColorlessPotion"},{"floor":21,"key":"Fire Potion"},{"floor":24,"key":"Dexterity Potion"},{"floor":25,"key":"Weak Potion"}],"is_trial":false,"path_per_floor":["M","?","M","M","?","$","E","R","T","E","M","R","M","M","R","B",null,"M","?","M","M","M","R","M","E","T","M"],"character_chosen":"DEFECT","items_purchased":["Replay:Dark Deal","DollysMirror","Ginger","Pear"],"campfire_rested":2,"item_purchase_floors":[0,0,0,0],"current_hp_per_floor":[54,54,54,54,54,54,54,79,79,68,66,66,76,73,73,34,85,68,85,74,26,26,51,34,9,9,0,0],"gold":369,"neow_bonus":"","is_daily":false,"chose_seed":false,"campfire_upgraded":2,"win_rate":0.0,"timestamp":1612290059,"path_taken":["M","?","M","?","?","$","E","R","T","E","M","R","M","M","R","BOSS","M","?","M","?","M","R","M","E","T","M"],"items_purchased_type":["Card","Relic","Relic","Relic"],"build_version":"2020-12-22","purchased_purges":1,"victory":false,"max_hp_per_floor":[85,85,85,85,85,85,85,85,85,85,85,85,85,85,85,85,85,85,85,85,85,85,85,85,85,85,85,85],"card_choices":[{"not_picked":["Compile Driver","BasicCrystalCard"],"picked":"Hello World","floor":1},{"not_picked":["Redo","BasicCrystalCard"],"picked":"Barrage","floor":3},{"not_picked":["Tempest","Stack"],"picked":"Cold Snap","floor":4},{"not_picked":["Scrape","Ball Lightning"],"picked":"Consume","floor":7},{"not_picked":["Reprogram","Fusion"],"picked":"Chill","floor":10},{"not_picked":["Reinforced Body","FTL"],"picked":"Turbo","floor":11},{"not_picked":["Crystallizer","Sweeping Beam"],"picked":"BootSequence","floor":13},{"not_picked":["ReplaySort","Doom and Gloom","Rebound"],"picked":"SKIP","floor":14},{"not_picked":["Core Surge","Electrodynamics"],"picked":"Seek","floor":16},{"not_picked":["Gash","ReplayTheSpireMod:Calculation Training"],"picked":"Melter","floor":18},{"not_picked":["BootSequence","Sunder"],"picked":"Loop","floor":20},{"not_picked":["Beam Cell","Streamline","Sweeping Beam"],"picked":"SKIP","floor":21},{"not_picked":["Steam","Streamline","Go for the Eyes"],"picked":"SKIP","floor":22},{"not_picked":["Doom and Gloom+1","Streamline"],"picked":"Gash","floor":24},{"not_picked":["Force Field+1","ReplayTheSpireMod:System Scan"],"picked":"ReplayTheSpireMod:Fabricate Wheel","floor":25}],"player_experience":80911,"relics_obtained":[{"floor":7,"key":"infinitespire:Beetle Shell"},{"floor":9,"key":"Replay:Wax Seal"},{"floor":10,"key":"PreservedInsect"},{"floor":25,"key":"Sundial"},{"floor":25,"key":"Happy Flower"},{"floor":26,"key":"infinitespire:Joker Card"}],"event_choices":[{"damage_healed":0,"gold_gain":0,"player_choice":"Got Potions","damage_taken":0,"max_hp_gain":0,"max_hp_loss":0,"event_name":"Lab","floor":2,"gold_loss":0},{"cards_removed":["Hello World"],"damage_healed":17,"gold_gain":0,"player_choice":"Offered Uncommon","damage_taken":0,"max_hp_gain":0,"max_hp_loss":0,"event_name":"Bonfire Elementals","floor":19,"gold_loss":0}],"is_beta":false,"boss_relics":[{"not_picked":["bronze:MakeshiftBattery","Coffee Dripper"],"picked":"Black Star"}],"items_purged_floors":[6],"is_endless":false,"potions_floor_spawned":[3,7,10,11,16,21,22,24,25],"killed_by":"Cultist and Chosen","ascension_level":1}}