{"host":"i0avyit1s6jb1siw","time":1612298088,"event":{"mods":["BaseMod","DeckTracker","Dota2Spire","Highlight Path","Minty Spire (QoL Compilation)","Quick Restart","StSLib","SuperFastMode"],"gold_per_floor":[111,36,55,55,66,66,66,94,118,135,146,146,71,101,101,101,101,101],"floor_reached":17,"language":"ENG","playtime":319,"items_purged":["Strike_G"],"score":230,"play_id":"5162c3bd-0b26-4404-bdb4-783bb83c94fe","local_time":"20210202213448","is_ascension_mode":true,"campfire_choices":[{"data":"Neutralize","floor":6,"key":"SMITH"},{"data":"All Out Attack","floor":12,"key":"SMITH"},{"data":"Acrobatics","floor":15,"key":"SMITH"},{"floor":16,"key":"REST"}],"circlet_count":0,"master_deck":["AscendersBane","Strike_G","Strike_G","Strike_G","Defend_G","Defend_G","Defend_G","Defend_G","Defend_G","Survivor","Neutralize+1","Blade Dance+1","All Out Attack+1","Dash","Reflex","Acrobatics+1"],"relics":["Dota2Spire:RefresherOrb","Dota2Spire:LotusOrb","Nunchaku","Darkstone Periapt"],"acts_visited":["Exordium"],"potions_floor_usage":[8,14],"damage_taken":[{"damage":7,"enemies":"Small Slimes","floor":1,"turns":3},{"damage":2,"enemies":"2 Louse","floor":3,"turns":3},{"damage":11,"enemies":"Cultist","floor":5,"turns":4},{"damage":5,"enemies":"3 Sentries","floor":8,"turns":7},{"damage":1,"enemies":"Looter","floor":10,"turns":3},{"damage":8,"enemies":"3 Louse","floor":11,"turns":4},{"damage":20,"enemies":"Lagavulin","floor":14,"turns":7},{"damage":34,"enemies":"Hexaghost","floor":17,"turns":11}],"seed_played":"-8861853488454878308","potions_obtained":[{"floor":1,"key":"CultistPotion"},{"floor":5,"key":"CunningPotion"},{"floor":8,"key":"Weak Potion"},{"floor":14,"key":"Dota2Spire:HealingSalve"}],"is_trial":false,"path_per_floor":["M","$","M","?","M","R","?","E","T","M","M","R","?","E","R","R","B"],"character_chosen":"THE_SILENT","items_purchased":[],"campfire_rested":1,"item_purchase_floors":[],"current_hp_per_floor":[52,52,50,55,44,44,44,39,39,38,30,30,30,10,10,31,0,0],"gold":101,"neow_bonus":"BOSS_RELIC","is_daily":false,"chose_seed":false,"campfire_upgraded":3,"win_rate":0.0,"timestamp":1612298088,"path_taken":["M","$","M","?","M","R","?","E","T","M","M","R","?","E","R","R","BOSS"],"items_purchased_type":[],"build_version":"2020-12-22","purchased_purges":1,"victory":false,"max_hp_per_floor":[66,66,66,71,71,71,71,71,71,71,71,71,71,71,71,71,71,71],"card_choices":[{"not_picked":["All Out Attack","Caltrops"],"picked":"Blade Dance","floor":1},{"not_picked":["Calculated Gamble","Quick Slash"],"picked":"All Out Attack","floor":3},{"not_picked":["Outmaneuver","PiercingWail"],"picked":"Dash","floor":5},{"not_picked":["Dagger Throw","Skewer","Flying Knee"],"picked":"SKIP","floor":8},{"not_picked":["Dodge and Roll","Slice"],"picked":"Reflex","floor":10},{"not_picked":["Quick Slash","Underhanded Strike","Outmaneuver"],"picked":"SKIP","floor":11},{"not_picked":["All Out Attack","Quick Slash"],"picked":"Acrobatics","floor":14}],"player_experience":2396464,"relics_obtained":[{"floor":8,"key":"Dota2Spire:LotusOrb"},{"floor":9,"key":"Nunchaku"},{"floor":14,"key":"Darkstone Periapt"}],"event_choices":[{"damage_healed":0,"gold_gain":0,"player_choice":"Donut","damage_taken":0,"max_hp_gain":5,"max_hp_loss":0,"event_name":"Big Fish","floor":4,"gold_loss":0},{"damage_healed":0,"gold_gain":0,"player_choice":"Grow","damage_taken":0,"max_hp_gain":0,"max_hp_loss":0,"event_name":"Living Wall","floor":7,"gold_loss":0,"cards_upgraded":["Blade Dance"]},{"cards_removed":["Strike_G"],"damage_healed":0,"gold_gain":0,"player_choice":"Card Removal","damage_taken":0,"max_hp_gain":0,"max_hp_loss":0,"event_name":"The Cleric","floor":13,"gold_loss":75}],"is_beta":false,"boss_relics":[],"items_purged_floors":[2],"is_endless":false,"potions_floor_spawned":[1,5,8,14],"killed_by":"Hexaghost","ascension_level":20}}