{"host":"jhy70w0yh8dayqay","time":1612258904,"event":{"mods":["AchievementEnabler","BaseMod","Colored Map","Colored Powertips","DeckTracker","Minty Spire (QoL Compilation)","Permanent Neow","SuperFastMode"],"gold_per_floor":[118,131,151,166,182,182,217,217,217,244,254,254,267,298,298,402,402,420,161,193,193,204,204,224,224,224,252,264,264,264,264],"floor_reached":30,"language":"KOR","playtime":921,"items_purged":["Zap"],"score":524,"play_id":"fe70a4e4-1fad-4120-adb8-99811db729c8","local_time":"20210202184144","is_ascension_mode":true,"campfire_choices":[{"data":"Defragment","floor":6,"key":"SMITH"},{"floor":8,"key":"REST"},{"floor":12,"key":"REST"},{"data":"Dualcast","floor":15,"key":"SMITH"},{"data":"Loop","floor":23,"key":"SMITH"},{"floor":25,"key":"REST"},{"data":"Redo","floor":29,"key":"SMITH"}],"circlet_count":0,"master_deck":["AscendersBane","Strike_B","Strike_B","Strike_B","Strike_B","Defend_B","Defend_B","Defend_B","Defend_B","Dualcast+1","Gash","Sweeping Beam","Gash","Defragment+1","Gash","Gash","Capacitor","Hyperbeam","FTL","Conserve Battery","All For One","Echo Form","Steam+1","All For One","Loop+1","Go for the Eyes","Self Repair","Gash","Redo+1"],"relics":["Cracked Core","Mango","Symbiotic Virus","MealTicket","Ginger","Nuclear Battery","DollysMirror","Red Mask","InkBottle","Pantograph"],"acts_visited":["Exordium","TheCity"],"potions_floor_usage":[7,16,24],"damage_taken":[{"damage":13,"enemies":"Jaw Worm","floor":1,"turns":4},{"damage":10,"enemies":"Small Slimes","floor":2,"turns":3},{"damage":0,"enemies":"Cultist","floor":3,"turns":3},{"damage":9,"enemies":"Red Slaver","floor":4,"turns":3},{"damage":8,"enemies":"Blue Slaver","floor":5,"turns":2},{"damage":30,"enemies":"3 Sentries","floor":7,"turns":6},{"damage":37,"enemies":"Lagavulin","floor":10,"turns":6},{"damage":0,"enemies":"3 Louse","floor":11,"turns":1},{"damage":8,"enemies":"Large Slime","floor":13,"turns":4},{"damage":8,"enemies":"3 Sentries","floor":14,"turns":4},{"damage":0,"enemies":"Slime Boss","floor":16,"turns":4},{"damage":6,"enemies":"Spheric Guardian","floor":18,"turns":3},{"damage":31,"enemies":"Masked Bandits","floor":20,"turns":3},{"damage":3,"enemies":"Chosen","floor":22,"turns":2},{"damage":15,"enemies":"Snake Plant","floor":24,"turns":3},{"damage":28,"enemies":"Gremlin Leader","floor":27,"turns":4},{"damage":20,"enemies":"Chosen and Byrds","floor":28,"turns":6},{"damage":28,"enemies":"3 Cultists","floor":30,"turns":3}],"seed_played":"-3834852562246789604","potions_obtained":[{"floor":2,"key":"LiquidBronze"},{"floor":3,"key":"Regen Potion"},{"floor":10,"key":"FocusPotion"},{"floor":14,"key":"Ancient Potion"},{"floor":20,"key":"PotionOfCapacity"},{"floor":21,"key":"DistilledChaos"},{"floor":21,"key":"Weak Potion"},{"floor":24,"key":"SteroidPotion"}],"is_trial":false,"path_per_floor":["M","M","M","M","M","R","E","R","T","E","M","R","M","E","R","B",null,"M","$","?","?","M","R","M","R","T","E","M","R","M"],"character_chosen":"DEFECT","items_purchased":["DollysMirror","Loop"],"campfire_rested":3,"item_purchase_floors":[19,19],"current_hp_per_floor":[55,45,45,36,28,28,27,53,53,16,16,42,34,26,26,26,73,67,82,51,51,48,48,40,66,66,38,25,25,0,0],"gold":264,"neow_bonus":"THREE_CARDS","is_daily":false,"chose_seed":false,"campfire_upgraded":4,"win_rate":0.0,"timestamp":1612258904,"path_taken":["M","M","M","M","M","R","E","R","T","E","M","R","M","E","R","BOSS","M","$","?","?","M","R","M","R","T","E","M","R","?"],"items_purchased_type":["Relic","Card"],"build_version":"2020-12-22","purchased_purges":1,"victory":false,"max_hp_per_floor":[75,75,75,75,75,75,89,89,89,89,89,89,89,89,89,89,89,89,89,89,89,89,89,89,89,89,89,89,89,89,89],"card_choices":[{"not_picked":["Go for the Eyes","Leap"],"picked":"Gash","floor":0},{"not_picked":["Go for the Eyes","Blizzard"],"picked":"Sweeping Beam","floor":1},{"not_picked":["Leap","Turbo"],"picked":"Gash","floor":2},{"not_picked":["Cold Snap","Redo"],"picked":"Defragment","floor":3},{"not_picked":["Darkness","Double Energy"],"picked":"Gash","floor":4},{"not_picked":["Capacitor","Beam Cell"],"picked":"Gash","floor":5},{"not_picked":["Conserve Battery","Fusion"],"picked":"Capacitor","floor":7},{"not_picked":["Beam Cell","Go for the Eyes"],"picked":"Hyperbeam","floor":10},{"not_picked":["Sunder","Cold Snap"],"picked":"FTL","floor":11},{"not_picked":["Sweeping Beam","Lockon"],"picked":"Conserve Battery","floor":13},{"not_picked":["Sweeping Beam","Amplify"],"picked":"All For One","floor":14},{"not_picked":["Electrodynamics","Machine Learning"],"picked":"Echo Form","floor":16},{"not_picked":["Recycle","Conserve Battery"],"picked":"Steam+1","floor":18},{"not_picked":["Doom and Gloom","Static Discharge"],"picked":"Go for the Eyes","floor":20},{"not_picked":["Go for the Eyes","Rebound"],"picked":"Self Repair","floor":22},{"not_picked":["Ball Lightning+1","Heatsinks","Streamline"],"picked":"SKIP","floor":24},{"not_picked":["Glacier","Genetic Algorithm+1"],"picked":"Gash","floor":27},{"not_picked":["Coolheaded","Beam Cell+1"],"picked":"Redo","floor":28}],"player_experience":477403,"relics_obtained":[{"floor":7,"key":"Mango"},{"floor":9,"key":"Symbiotic Virus"},{"floor":10,"key":"MealTicket"},{"floor":14,"key":"Ginger"},{"floor":20,"key":"Red Mask"},{"floor":26,"key":"InkBottle"},{"floor":27,"key":"Pantograph"}],"event_choices":[{"damage_healed":0,"gold_gain":0,"player_choice":"Fought Bandits","damage_taken":0,"max_hp_gain":0,"max_hp_loss":0,"event_name":"Masked Bandits","floor":20,"gold_loss":0},{"damage_healed":0,"gold_gain":0,"player_choice":"Got Potions","damage_taken":0,"max_hp_gain":0,"max_hp_loss":0,"event_name":"Lab","floor":21,"gold_loss":0}],"is_beta":false,"boss_relics":[{"not_picked":["Cursed Key","Sozu"],"picked":"Nuclear Battery"}],"items_purged_floors":[19],"is_endless":false,"potions_floor_spawned":[2,3,10,13,14,20,24,28],"killed_by":"3 Cultists","ascension_level":11}}