{"host":"76qcaerkv4ktjkdu","time":1612265949,"event":{"mods":["ATMod(°¢èªMod)","Act Like it!","BaseMod","CapriCore","Minty Spire (QoL Compilation)","MostiFishMod","Reliquary","StSLib","¡¾ÒÅÎï¿¨ÅÆ¡¿REMEMod"],"gold_per_floor":[15,34,34,50,65,103,103,144,144,165,165,199,199,213,213,343,343,364,378,378,402,135,135,171,171,241,63,94,115,15,36,36,162,162,181,181,196,210,273,273,309,309,309,309,372,386,100,115,115,315,315,315,5,248,348],"floor_reached":56,"language":"ZHS","playtime":2834,"items_purged":["Defend_P","Strike_P","Strike_P"],"score":1479,"play_id":"e36d584a-6f64-4332-9d26-013c861f28a2","local_time":"20210202193909","is_ascension_mode":false,"campfire_choices":[{"floor":7,"key":"RECALL"},{"data":"AT_FamilyPortrait","floor":11,"key":"SMITH"},{"data":"ForeignInfluence","floor":13,"key":"SMITH"},{"data":"Trip","floor":15,"key":"SMITH"},{"data":"MostiFishMod:Dust","floor":23,"key":"SMITH"},{"data":"MostiFishMod:StarHerder","floor":25,"key":"SMITH"},{"floor":32,"key":"REST"},{"data":"AT_IrregularMenstruation","floor":40,"key":"SMITH"},{"data":"Prostrate","floor":42,"key":"SMITH"},{"data":"MasterReality","floor":49,"key":"SMITH"},{"data":"REME_CRH","floor":52,"key":"SMITH"}],"circlet_count":0,"master_deck":["Strike_P","Defend_P","Defend_P","Eruption","Vigilance","AT_FamilyPortrait+1","Trip+1","AT_RealFormLess","Prostrate+1","Crescendo","ForeignInfluence+1","FollowUp","MostiFishMod:StarHerder+1","MostiFishMod:Dust+1","MostiFishMod:DisColor","REME_EyeOfCthun","REME_BodyOfCthun","MasterReality+1","Prostrate","AT_IrregularMenstruation+1","SandsOfTime+1","ForeignInfluence","REME_CRH+1","Worship+1","AT_ChampionKick"],"relics":["HolyWater","AT_ATBox","DaveBox","REME_ComplimentaryCards","FeatherPendant","SynthV:TestCard","Golden Idol","Shuriken","reliquary:OuijaBoard","DianDianMeat","RhineSuit","MostiFishMod:Haymaker","Singing Bowl","InkBottle","Du-Vu Doll","AT_TheCollector","Blue Candle","CombinedTypeHook","Bottled Lightning","Bag of Preparation"],"acts_visited":["Exordium","TheCity","TheBeyond","TheEnding"],"potions_floor_usage":[6,19,28,41,50,54,55],"damage_taken":[{"damage":0,"enemies":"Small Slimes","floor":1,"turns":2},{"damage":0,"enemies":"Cultist","floor":2,"turns":2},{"damage":0,"enemies":"2 Louse","floor":4,"turns":2},{"damage":0,"enemies":"Exordium Wildlife","floor":5,"turns":3},{"damage":0,"enemies":"Gremlin Nob","floor":6,"turns":2},{"damage":0,"enemies":"Blue Slaver","floor":8,"turns":1},{"damage":0,"enemies":"3 Louse","floor":10,"turns":1},{"damage":0,"enemies":"3 Sentries","floor":12,"turns":3},{"damage":0,"enemies":"Looter","floor":14,"turns":1},{"damage":7,"enemies":"The Guardian","floor":16,"turns":3},{"damage":1,"enemies":"3 Byrds","floor":18,"turns":3},{"damage":0,"enemies":"Spheric Guardian","floor":19,"turns":2},{"damage":12,"enemies":"Centurion and Healer","floor":21,"turns":3},{"damage":16,"enemies":"Book of Stabbing","floor":24,"turns":3},{"damage":29,"enemies":"Gremlin Leader","floor":28,"turns":5},{"damage":0,"enemies":"Snake Plant","floor":29,"turns":2},{"damage":0,"enemies":"Snecko","floor":31,"turns":2},{"damage":0,"enemies":"Automaton","floor":33,"turns":2},{"damage":0,"enemies":"Orb Walker","floor":35,"turns":1},{"damage":8,"enemies":"3 Darklings","floor":37,"turns":2},{"damage":0,"enemies":"Jaw Worm Horde","floor":38,"turns":1},{"damage":0,"enemies":"Mind Bloom Boss Battle","floor":39,"turns":2},{"damage":0,"enemies":"Giant Head","floor":41,"turns":3},{"damage":0,"enemies":"2 Orb Walkers","floor":45,"turns":1},{"damage":0,"enemies":"Writhing Mass","floor":46,"turns":1},{"damage":0,"enemies":"Spire Growth","floor":48,"turns":2},{"damage":0,"enemies":"Awakened One","floor":50,"turns":3},{"damage":13,"enemies":"Shield and Spear","floor":54,"turns":3},{"damage":25,"enemies":"The Heart","floor":55,"turns":3}],"seed_played":"-3168903533551042034","potions_obtained":[{"floor":4,"key":"DistilledChaos"},{"floor":10,"key":"Strength Potion"},{"floor":12,"key":"EssenceOfSteel"},{"floor":16,"key":"FearPotion"},{"floor":28,"key":"Fruit Juice"},{"floor":29,"key":"FairyPotion"},{"floor":38,"key":"Energy Potion"},{"floor":41,"key":"SkillPotion"},{"floor":48,"key":"SkillPotion"}],"is_trial":false,"path_per_floor":["M","M","?","M","M","E","R","M","T","M","R","E","R","M","R","B",null,"M","M","?","M","$","R","E","R","T","$","E","M","$","M","R","B",null,"M","?","M","M","?","R","E","R","T","T","?","M","$","M","R","B",null,"R","$","E","B",null],"character_chosen":"WATCHER","items_purchased":["REME_EyeOfCthun","REME_BodyOfCthun","REME_CRH","Bottled Lightning","BottledMiracle"],"campfire_rested":1,"item_purchase_floors":[22,27,47,53,53],"current_hp_per_floor":[72,72,54,54,54,54,54,62,62,62,62,63,63,65,65,61,78,77,77,78,70,75,75,59,59,59,65,43,50,50,58,92,101,124,126,120,114,116,118,118,128,128,128,128,130,141,153,166,166,174,174,174,174,175,179],"gold":348,"neow_bonus":"REMOVE_TWO","is_daily":false,"chose_seed":false,"campfire_upgraded":9,"win_rate":0.0,"timestamp":1612265949,"path_taken":["M","M","?","M","M","E","R","M","T","M","R","E","R","M","R","BOSS","M","M","?","M","$","R","E","R","T","$","E","M","$","?","R","BOSS","M","?","M","M","?","R","E","R","T","?","?","M","?","M","R","BOSS","R","$","E","BOSS"],"items_purchased_type":["Card","Card","Card","Relic","Potion"],"build_version":"2020-12-22","purchased_purges":3,"victory":true,"max_hp_per_floor":[72,72,72,72,72,72,72,72,72,72,72,73,73,75,75,78,78,78,78,78,82,87,87,87,87,87,93,100,107,107,115,115,124,124,126,120,122,124,126,126,136,136,136,136,138,149,161,174,174,174,174,174,174,188,188],"card_choices":[{"not_picked":["CutThroughFate","Meditate","FlyingSleeves"],"picked":"SKIP","floor":1},{"not_picked":["REME_Repentance","CrushJoints","WheelKick","AT_SoftenMuscles"],"picked":"AT_RealFormLess","floor":2},{"not_picked":["CrushJoints","EmptyFist","WaveOfTheHand","Evaluate"],"picked":"Prostrate","floor":4},{"not_picked":["FlurryOfBlows","CutThroughFate","Perseverance","Collect"],"picked":"Crescendo","floor":5},{"not_picked":["EmptyFist","MostiFishMod:ScryFuture","EmptyBody","FlyingSleeves","AT_SoftenMuscles"],"picked":"SKIP","floor":6},{"not_picked":["BowlingBash","Protect","MentalFortress","JustLucky"],"picked":"ForeignInfluence","floor":8},{"not_picked":["CutThroughFate","Halt","Omniscience","MostiFishMod:PathToVictory"],"picked":"FollowUp","floor":10},{"not_picked":["InnerPeace","FlyingSleeves","REME_Repentance","Wireheading"],"picked":"MostiFishMod:StarHerder","floor":12},{"not_picked":["Evaluate","BowlingBash","ClearTheMind","AT_DivineConfetti"],"picked":"Wireheading","floor":14},{"not_picked":["Ragnarok","Establishment","Wish","ConjureBlade"],"picked":"MostiFishMod:Dust","floor":16},{"not_picked":["FlyingSleeves+1","MostiFishMod:Speedup","FlurryOfBlows","Conclude","Adaptation"],"picked":"SKIP","floor":18},{"not_picked":["ClearTheMind","PathToVictory","Tantrum","MostiFishMod:ScryFuture","EmptyFist"],"picked":"SKIP","floor":19},{"not_picked":["SashWhip","Consecrate+1","FlurryOfBlows+1","FollowUp"],"picked":"MostiFishMod:DisColor","floor":21},{"not_picked":["CrushJoints","ClearTheMind","EmptyFist","AT_DivineConfetti","Collect+1"],"picked":"SKIP","floor":24},{"not_picked":["CrushJoints","MostiFishMod:ScryFuture","Consecrate","ThirdEye+1","AT_DivineConfetti"],"picked":"Singing Bowl","floor":28},{"not_picked":["FlurryOfBlows","EmptyFist+1","FearNoEvil","Collect"],"picked":"MasterReality","floor":29},{"not_picked":["REME_Repentance","EmptyFist+1","PathToVictory+1","CutThroughFate"],"picked":"Prostrate","floor":31},{"not_picked":["Omniscience","MostiFishMod:Dust","LessonLearned","MostiFishMod:Unraveling","DeusExMachina","Alpha"],"picked":"AT_IrregularMenstruation","floor":33},{"not_picked":["REME_Repentance+1","Consecrate+1","Tantrum","ThirdEye","SashWhip+1"],"picked":"Singing Bowl","floor":35},{"not_picked":["BattleHymn+1","PathToVictory","EmptyFist+1","CutThroughFate+1","FlurryOfBlows+1"],"picked":"Singing Bowl","floor":37},{"not_picked":["SashWhip+1","Prostrate","Halt","BattleHymn","Adaptation+1"],"picked":"Singing Bowl","floor":38},{"not_picked":["JustLucky","CarveReality","AT_OneInchPunch","EmptyBody+1","FlyingSleeves+1"],"picked":"Singing Bowl","floor":39},{"not_picked":["MostiFishMod:Dust","ClearTheMind+1","CarveReality+1","Perseverance+1"],"picked":"SandsOfTime+1","floor":41},{"not_picked":["JustLucky","Evaluate+1","Consecrate","PathToVictory+1","FlyingSleeves+1"],"picked":"Singing Bowl","floor":45},{"not_picked":["REME_Repentance","PathToVictory","CutThroughFate","ThirdEye+1"],"picked":"ForeignInfluence","floor":46},{"not_picked":["BowlingBash","PathToVictory","Nirvana+1","Meditate+1"],"picked":"Worship+1","floor":48},{"not_picked":["CrushJoints","Fasting2","AT_RealFormLess+1","Crescendo"],"picked":"AT_ChampionKick","floor":54}],"player_experience":75540,"relics_obtained":[{"floor":1,"key":"SynthV:TestCard"},{"floor":6,"key":"Shuriken"},{"floor":9,"key":"reliquary:OuijaBoard"},{"floor":12,"key":"DianDianMeat"},{"floor":24,"key":"MostiFishMod:Haymaker"},{"floor":26,"key":"Singing Bowl"},{"floor":28,"key":"InkBottle"},{"floor":39,"key":"Du-Vu Doll"},{"floor":41,"key":"AT_TheCollector"},{"floor":44,"key":"Blue Candle"},{"floor":45,"key":"CombinedTypeHook"},{"floor":54,"key":"Bag of Preparation"}],"event_choices":[{"damage_healed":0,"gold_gain":0,"player_choice":"Take Damage","damage_taken":18,"relics_obtained":["Golden Idol"],"max_hp_gain":0,"max_hp_loss":0,"event_name":"Golden Idol","floor":3,"gold_loss":0},{"cards_removed":["Wireheading"],"damage_healed":1,"gold_gain":0,"player_choice":"Offered Uncommon","damage_taken":0,"max_hp_gain":0,"max_hp_loss":0,"event_name":"Bonfire Elementals","floor":20,"gold_loss":0},{"damage_healed":0,"gold_gain":0,"player_choice":"Max HP","damage_taken":0,"max_hp_gain":0,"max_hp_loss":6,"event_name":"Winding Halls","floor":36,"gold_loss":0},{"damage_healed":0,"gold_gain":0,"player_choice":"Fight","damage_taken":0,"max_hp_gain":0,"max_hp_loss":0,"event_name":"MindBloom","floor":39,"gold_loss":0},{"damage_healed":0,"gold_gain":0,"player_choice":"Fight","damage_taken":0,"max_hp_gain":0,"max_hp_loss":0,"event_name":"Mysterious Sphere","floor":45,"gold_loss":0}],"is_beta":false,"boss_relics":[{"not_picked":["SlaversCollar","OneHitWonderSystem"],"picked":"RhineSuit"},{"not_picked":["Coffee Dripper","SacredBark"],"picked":"HolyWater"}],"items_purged_floors":[22,30,47],"is_endless":false,"potions_floor_spawned":[4,10,12,16,28,29,33,38,39,41,48],"ascension_level":0}}