{"host":"gk336il5jfnqajsw","time":1612263311,"event":{"mods":["2.2 Compatiblity","AchievementEnabler","BaseMod","Colored Powertips","Minty Spire (QoL Compilation)","Relic Stats","StSLib"],"gold_per_floor":[119,135,150,163,113,113,138,148,148,148,148,1,1,1,1,131,131,152,251,271,309,8,43,43,67,94,107,107,132,132,159,159,257,307,322,322,322,222,240,270,270,290,313,313,329,348,348,377,377,377,377,377,8,36,36,36],"floor_reached":55,"language":"ENG","playtime":1753,"items_purged":["Strike_R","Burning Pact+1","Defend_R"],"score":770,"play_id":"b8de87db-9481-480c-8222-7ef435599ff2","local_time":"20210202035511","is_ascension_mode":false,"campfire_choices":[{"data":"Feed","floor":6,"key":"SMITH"},{"data":"Clash","floor":10,"key":"SMITH"},{"floor":15,"key":"RECALL"},{"floor":24,"key":"REST"},{"data":"Fiend Fire","floor":28,"key":"SMITH"},{"data":"Burning Pact","floor":32,"key":"SMITH"},{"data":"Demon Form","floor":41,"key":"SMITH"},{"data":"Pommel Strike","floor":44,"key":"SMITH"},{"data":"Clash","floor":49,"key":"SMITH"},{"data":"Strike_R","floor":52,"key":"SMITH"}],"circlet_count":0,"master_deck":["Strike_R+1","Strike_R","Strike_R","Strike_R","Bash+1","Clash+1","Feed+1","Fiend Fire+1","Clash+1","Demon Form+1","Pommel Strike+1","Offering+1","Clash+1","Impervious+1","Warcry+1"],"relics":["Burning Blood","Mercury Hourglass","StrikeDummy","Bloody Idol","Brimstone","Black Star","Red Mask","Bag of Marbles","Matryoshka","Eternal Feather","Lantern","Bag of Preparation","Toxic Egg 2","Tiny House","Boot","Mummified Hand","Art of War","Centennial Puzzle","Potion Belt","PreservedInsect","Ornamental Fan","Shuriken","Orichalcum"],"acts_visited":["Exordium","TheCity","TheBeyond","TheEnding"],"potions_floor_usage":[1,16,18,20,23,33,33,50,50,55],"damage_taken":[{"damage":6,"enemies":"Cultist","floor":1,"turns":3},{"damage":5,"enemies":"Small Slimes","floor":2,"turns":3},{"damage":0,"enemies":"2 Louse","floor":3,"turns":2},{"damage":5,"enemies":"Looter","floor":4,"turns":2},{"damage":36,"enemies":"Lagavulin","floor":7,"turns":5},{"damage":0,"enemies":"2 Fungi Beasts","floor":8,"turns":2},{"damage":45,"enemies":"The Guardian","floor":16,"turns":4},{"damage":35,"enemies":"3 Byrds","floor":18,"turns":3},{"damage":27,"enemies":"Shell Parasite","floor":20,"turns":3},{"damage":14,"enemies":"Masked Bandits","floor":21,"turns":3},{"damage":28,"enemies":"Gremlin Leader","floor":23,"turns":3},{"damage":12,"enemies":"Sentry and Sphere","floor":25,"turns":3},{"damage":13,"enemies":"Centurion and Healer","floor":27,"turns":3},{"damage":0,"enemies":"Snecko","floor":29,"turns":2},{"damage":49,"enemies":"Champ","floor":33,"turns":6},{"damage":5,"enemies":"3 Shapes","floor":35,"turns":2},{"damage":14,"enemies":"3 Darklings","floor":39,"turns":5},{"damage":58,"enemies":"Giant Head","floor":40,"turns":6},{"damage":24,"enemies":"4 Shapes","floor":42,"turns":3},{"damage":20,"enemies":"Sphere and 2 Shapes","floor":45,"turns":3},{"damage":6,"enemies":"Transient","floor":46,"turns":5},{"damage":6,"enemies":"Reptomancer","floor":48,"turns":2},{"damage":93,"enemies":"Awakened One","floor":50,"turns":6},{"damage":46,"enemies":"Shield and Spear","floor":54,"turns":5},{"damage":105,"enemies":"The Heart","floor":55,"turns":3}],"seed_played":"-273309142114293313","potions_obtained":[{"floor":1,"key":"Fruit Juice"},{"floor":7,"key":"GamblersBrew"},{"floor":8,"key":"Weak Potion"},{"floor":18,"key":"PowerPotion"},{"floor":25,"key":"EssenceOfSteel"},{"floor":29,"key":"LiquidBronze"},{"floor":33,"key":"BlessingOfTheForge"},{"floor":34,"key":"Regen Potion"},{"floor":40,"key":"SmokeBomb"},{"floor":45,"key":"Weak Potion"},{"floor":46,"key":"ColorlessPotion"},{"floor":54,"key":"LiquidBronze"}],"is_trial":false,"path_per_floor":["M","M","M","M","?","R","E","M","T","R","?","$","?","?","R","B",null,"M","?","M","?","$","E","R","M","T","M","R","M","?","T","R","B",null,"M","?","?","$","M","E","R","M","T","R","M","M","?","E","R","B",null,"R","$","E","B"],"character_chosen":"IRONCLAD","items_purchased":["Brimstone","Bag of Marbles","Regen Potion","Ornamental Fan"],"campfire_rested":1,"item_purchase_floors":[12,22,22,53],"current_hp_per_floor":[85,85,85,88,88,88,62,72,72,72,48,48,41,73,73,34,96,71,71,50,46,46,33,70,68,68,65,71,77,77,82,88,50,117,121,121,121,121,118,75,81,72,77,83,78,83,83,88,97,14,137,137,137,102,0,0],"gold":36,"neow_bonus":"UPGRADE_CARD","is_daily":false,"chose_seed":false,"campfire_upgraded":8,"win_rate":0.0,"timestamp":1612263311,"path_taken":["M","M","?","M","?","R","E","M","T","R","?","$","?","?","R","BOSS","M","?","M","?","$","E","R","M","T","M","R","M","?","?","R","BOSS","M","?","?","$","M","E","R","M","T","R","M","?","?","E","R","BOSS","R","$","E","BOSS"],"items_purchased_type":["Relic","Relic","Potion","Relic"],"build_version":"2020-12-22","purchased_purges":3,"victory":false,"max_hp_per_floor":[85,85,85,88,88,88,92,96,96,96,96,96,96,96,96,96,96,100,100,100,104,104,104,104,108,108,112,112,112,112,112,112,112,117,121,121,121,121,121,125,125,129,129,129,133,133,133,133,133,137,137,137,137,137,137,137],"relic_stats":{"counters":[25,87],"Eternal Feather":39,"PreservedInsect":68,"Bag of Preparation":[26],"Orichalcum":[12],"Boot":[0],"Burning Blood":135,"Mercury Hourglass":[279],"Centennial Puzzle":[18],"Mummified Hand":[10],"Ornamental Fan":[12],"Shuriken":[1],"Bloody Idol":55,"Black Star":4,"Art of War":[0],"obtain_stats":[{"Potion Belt":48,"Lantern":26,"Tiny House":34,"Golden Idol":11,"Eternal Feather":23,"PreservedInsect":48,"Bag of Preparation":26,"Orichalcum":54,"Boot":37,"Burning Blood":0,"Mercury Hourglass":7,"Centennial Puzzle":43,"Matryoshka":23,"Brimstone":12,"Mummified Hand":40,"Ornamental Fan":53,"Shuriken":54,"Bloody Idol":30,"Black Star":17,"Red Mask":21,"Bag of Marbles":22,"Art of War":40,"Toxic Egg 2":31,"StrikeDummy":9},{"Potion Belt":22,"Lantern":12,"Tiny House":15,"Golden Idol":6,"Eternal Feather":11,"PreservedInsect":22,"Bag of Preparation":12,"Orichalcum":24,"Boot":16,"Burning Blood":0,"Mercury Hourglass":5,"Centennial Puzzle":19,"Matryoshka":11,"Brimstone":6,"Mummified Hand":18,"Ornamental Fan":23,"Shuriken":24,"Bloody Idol":14,"Black Star":7,"Red Mask":10,"Bag of Marbles":10,"Art of War":18,"Toxic Egg 2":14,"StrikeDummy":6},{"Potion Belt":73,"Lantern":36,"Tiny House":47,"Golden Idol":17,"Eternal Feather":33,"PreservedInsect":73,"Bag of Preparation":36,"Orichalcum":84,"Boot":49,"Burning Blood":0,"Mercury Hourglass":15,"Centennial Puzzle":63,"Matryoshka":33,"Brimstone":17,"Mummified Hand":60,"Ornamental Fan":79,"Shuriken":84,"Bloody Idol":41,"Black Star":21,"Red Mask":30,"Bag of Marbles":30,"Art of War":60,"Toxic Egg 2":41,"StrikeDummy":17}]},"card_choices":[{"not_picked":["Rupture","Warcry","Havoc"],"picked":"SKIP","floor":1},{"not_picked":["Iron Wave","Spot Weakness"],"picked":"Clash","floor":2},{"not_picked":["Metallicize","Dual Wield"],"picked":"Feed","floor":3},{"not_picked":["Body Slam","Searing Blow","Perfected Strike"],"picked":"SKIP","floor":4},{"not_picked":["Entrench","Sever Soul","Searing Blow"],"picked":"SKIP","floor":7},{"not_picked":["Evolve","Armaments","Wild Strike"],"picked":"SKIP","floor":8},{"not_picked":["Corruption","Barricade"],"picked":"Fiend Fire","floor":16},{"not_picked":["Iron Wave","Dark Embrace+1","Sentinel"],"picked":"SKIP","floor":18},{"not_picked":["Iron Wave","Warcry+1"],"picked":"Clash+1","floor":20},{"not_picked":["Rampage","Iron Wave","Cleave"],"picked":"SKIP","floor":23},{"not_picked":["Headbutt","Sword Boomerang"],"picked":"Burning Pact","floor":25},{"not_picked":["Feel No Pain","Twin Strike","Cleave"],"picked":"SKIP","floor":27},{"not_picked":["Clothesline+1","Limit Break","True Grit"],"picked":"SKIP","floor":29},{"not_picked":["Barricade","Juggernaut"],"picked":"Demon Form","floor":33},{"not_picked":["Thunderclap+1","Sword Boomerang"],"picked":"Pommel Strike","floor":34},{"not_picked":["Flex+1","Body Slam","Carnage"],"picked":"SKIP","floor":35},{"not_picked":["Ghostly Armor+1","Iron Wave+1","True Grit+1"],"picked":"SKIP","floor":39},{"not_picked":["Sword Boomerang","Armaments+1","Pommel Strike"],"picked":"SKIP","floor":40},{"not_picked":["Body Slam+1","Perfected Strike+1"],"picked":"Offering+1","floor":42},{"not_picked":["Armaments+1","Fire Breathing","Metallicize+1"],"picked":"SKIP","floor":45},{"not_picked":["Feel No Pain","Body Slam+1"],"picked":"Clash","floor":46},{"not_picked":["Havoc+1","Pummel"],"picked":"Impervious+1","floor":48},{"not_picked":["Armaments+1","Pommel Strike+1"],"picked":"Warcry+1","floor":54}],"player_experience":565833,"relics_obtained":[{"floor":7,"key":"Mercury Hourglass"},{"floor":9,"key":"StrikeDummy"},{"floor":21,"key":"Red Mask"},{"floor":23,"key":"Matryoshka"},{"floor":23,"key":"Eternal Feather"},{"floor":26,"key":"Lantern"},{"floor":26,"key":"Bag of Preparation"},{"floor":31,"key":"Toxic Egg 2"},{"floor":40,"key":"Mummified Hand"},{"floor":40,"key":"Art of War"},{"floor":43,"key":"Centennial Puzzle"},{"floor":48,"key":"Potion Belt"},{"floor":48,"key":"PreservedInsect"},{"floor":54,"key":"Shuriken"},{"floor":54,"key":"Orichalcum"}],"event_choices":[{"cards_removed":["Defend_R"],"damage_healed":0,"gold_gain":0,"player_choice":"Card Removal","damage_taken":0,"max_hp_gain":0,"max_hp_loss":0,"event_name":"The Cleric","floor":5,"gold_loss":50},{"damage_healed":0,"gold_gain":0,"player_choice":"Take Damage","damage_taken":24,"relics_obtained":["Golden Idol"],"max_hp_gain":0,"max_hp_loss":0,"event_name":"Golden Idol","floor":11,"gold_loss":0},{"cards_removed":["Defend_R"],"damage_healed":0,"gold_gain":0,"player_choice":"Card Removal","damage_taken":7,"max_hp_gain":0,"max_hp_loss":0,"event_name":"Golden Wing","floor":13,"gold_loss":0},{"damage_healed":32,"gold_gain":0,"player_choice":"Banana","damage_taken":0,"max_hp_gain":0,"max_hp_loss":0,"event_name":"Big Fish","floor":14,"gold_loss":0},{"damage_healed":0,"gold_gain":99,"player_choice":"Stole From Cult","damage_taken":0,"max_hp_gain":0,"max_hp_loss":0,"event_name":"Nest","floor":19,"gold_loss":0},{"damage_healed":0,"gold_gain":0,"player_choice":"Fought Bandits","damage_taken":0,"max_hp_gain":0,"max_hp_loss":0,"event_name":"Masked Bandits","floor":21,"gold_loss":0},{"damage_healed":0,"gold_gain":0,"player_choice":"Gave Idol","damage_taken":0,"relics_obtained":["Bloody Idol"],"max_hp_gain":0,"max_hp_loss":0,"event_name":"Forgotten Altar","floor":30,"relics_lost":["Golden Idol"],"gold_loss":0},{"cards_removed":["Defend_R"],"damage_healed":0,"gold_gain":0,"player_choice":"Removed Skill","damage_taken":0,"max_hp_gain":0,"max_hp_loss":0,"event_name":"Falling","floor":36,"gold_loss":0},{"damage_healed":0,"gold_gain":0,"player_choice":"Gave Potion","damage_taken":0,"relics_obtained":["Boot"],"max_hp_gain":0,"max_hp_loss":0,"event_name":"WeMeetAgain","floor":37,"gold_loss":0},{"damage_healed":0,"gold_gain":0,"player_choice":"Ignored","damage_taken":0,"max_hp_gain":0,"max_hp_loss":0,"event_name":"SecretPortal","floor":47,"gold_loss":0}],"is_beta":false,"boss_relics":[{"not_picked":["Snecko Eye","SacredBark"],"picked":"Black Star"},{"not_picked":["Pandora\u0027s Box","Velvet Choker"],"picked":"Tiny House"}],"items_purged_floors":[22,38,53],"is_endless":false,"potions_floor_spawned":[1,7,8,18,25,29,33,40,45,46,54],"killed_by":"The Heart","ascension_level":0}}