{"host":"a5406dzxsi185pm5","time":1612224287,"event":{"mods":["AchievementEnabler","BaseMod","Bestiary","Colored Map","Colored Powertips","Keyboard Shortcuts","Minty Spire (QoL Compilation)"],"gold_per_floor":[112,130,130,144,144,144,173,173,173,208,208,223,242,262,262,361,361,380,380,400,413,438,464,464,479,479,479,307,322,354,354,354,450,450,463,75,94,112,42,75,125,125,125,150,150,150,162,26,26,26],"floor_reached":51,"language":"ENG","playtime":3659,"items_purged":["Decay","Defend_R"],"score":735,"play_id":"2e5e07f9-215b-4e86-b21c-50542ad7adeb","local_time":"20210201190447","is_ascension_mode":false,"campfire_choices":[{"data":"Wild Strike","floor":6,"key":"SMITH"},{"data":"Combust","floor":8,"key":"SMITH"},{"data":"Spot Weakness","floor":15,"key":"SMITH"},{"data":"Flex","floor":24,"key":"SMITH"},{"data":"Juggernaut","floor":27,"key":"SMITH"},{"data":"Evolve","floor":32,"key":"SMITH"},{"data":"Fire Breathing","floor":45,"key":"SMITH"},{"floor":49,"key":"REST"}],"circlet_count":0,"master_deck":["Strike_R","Strike_R","Strike_R","Strike_R","Strike_R","Defend_R","Defend_R","Defend_R","Bash","Wild Strike+1","Iron Wave","Flex+1","Combust+1","Infernal Blade","Flex","Spot Weakness+1","Feed+1","Thunderclap+1","Juggernaut+1","True Grit","Iron Wave+1","Wild Strike+1","Pummel+1","Evolve+1","Perfected Strike+1","RitualDagger+1","Fire Breathing+1","Armaments","Power Through+1","Body Slam+1","Blood for Blood+1","Intimidate","Good Instincts","Good Instincts","Secret Weapon","Heavy Blade+1","Metallicize","Rage"],"relics":["Burning Blood","Smiling Mask","Mercury Hourglass","MealTicket","Self Forming Clay","Kunai","Molten Egg 2","Busted Crown","Oddly Smooth Stone","Bag of Preparation","White Beast Statue","Red Mask","Mark of Pain","Letter Opener","Omamori","Ginger","Pear","Torii"],"acts_visited":["Exordium","TheCity","TheBeyond"],"potions_floor_usage":[7,16,23,29,33,38,41,47,47,50],"damage_taken":[{"damage":5,"enemies":"Cultist","floor":1,"turns":4},{"damage":0,"enemies":"2 Louse","floor":2,"turns":2},{"damage":2,"enemies":"Small Slimes","floor":4,"turns":3},{"damage":31,"enemies":"Lagavulin","floor":7,"turns":7},{"damage":16,"enemies":"Gremlin Nob","floor":10,"turns":3},{"damage":8,"enemies":"Exordium Thugs","floor":12,"turns":4},{"damage":10,"enemies":"Exordium Wildlife","floor":13,"turns":3},{"damage":0,"enemies":"Gremlin Gang","floor":14,"turns":2},{"damage":28,"enemies":"Hexaghost","floor":16,"turns":9},{"damage":10,"enemies":"Spheric Guardian","floor":18,"turns":3},{"damage":15,"enemies":"2 Thieves","floor":20,"turns":3},{"damage":3,"enemies":"Snecko","floor":21,"turns":4},{"damage":4,"enemies":"Gremlin Leader","floor":23,"turns":5},{"damage":21,"enemies":"Snake Plant","floor":25,"turns":3},{"damage":3,"enemies":"Centurion and Healer","floor":29,"turns":4},{"damage":10,"enemies":"Masked Bandits","floor":30,"turns":4},{"damage":58,"enemies":"Collector","floor":33,"turns":8},{"damage":1,"enemies":"Orb Walker","floor":35,"turns":3},{"damage":18,"enemies":"3 Darklings","floor":37,"turns":3},{"damage":0,"enemies":"Sphere and 2 Shapes","floor":38,"turns":3},{"damage":16,"enemies":"Nemesis","floor":40,"turns":5},{"damage":16,"enemies":"Mind Bloom Boss Battle","floor":41,"turns":5},{"damage":17,"enemies":"Giant Head","floor":44,"turns":6},{"damage":34,"enemies":"Writhing Mass","floor":47,"turns":6},{"damage":47,"enemies":"Awakened One","floor":50,"turns":9}],"seed_played":"5561925050968138310","potions_obtained":[{"floor":2,"key":"SkillPotion"},{"floor":4,"key":"Swift Potion"},{"floor":10,"key":"Weak Potion"},{"floor":12,"key":"Block Potion"},{"floor":21,"key":"EssenceOfSteel"},{"floor":25,"key":"LiquidMemories"},{"floor":29,"key":"Dexterity Potion"},{"floor":33,"key":"SmokeBomb"},{"floor":35,"key":"HeartOfIron"},{"floor":38,"key":"Weak Potion"},{"floor":40,"key":"SneckoOil"},{"floor":41,"key":"SneckoOil"},{"floor":47,"key":"LiquidMemories"}],"is_trial":false,"path_per_floor":["M","M","T","M","?","R","E","R","T","E","?","M","M","M","R","B",null,"M","?","M","M","T","E","R","M","T","R","$","M","?","?","R","B",null,"M","$","M","M","$","E","?","?","T","E","R","?","M","$","R","B",null],"character_chosen":"IRONCLAD","items_purchased":["Evolve","PowerPotion","Fire Breathing","Armaments","Letter Opener","Blood for Blood+1","Metallicize","Rage"],"campfire_rested":1,"item_purchase_floors":[28,28,36,36,36,39,48,48],"current_hp_per_floor":[80,80,80,80,73,73,48,48,48,38,38,36,32,38,38,16,80,76,76,71,74,74,76,76,61,61,61,76,83,83,77,77,25,92,92,92,80,86,92,82,72,72,82,75,75,65,37,52,83,42],"gold":26,"neow_bonus":"RANDOM_COMMON_RELIC","is_daily":false,"chose_seed":false,"campfire_upgraded":7,"win_rate":0.0,"timestamp":1612224287,"path_taken":["M","M","?","M","?","R","E","R","T","E","?","M","?","M","R","BOSS","M","?","?","M","?","E","R","M","T","R","$","M","?","?","R","BOSS","M","$","M","M","$","E","?","?","T","E","R","?","M","$","R","BOSS"],"items_purchased_type":["Card","Potion","Card","Card","Relic","Card","Card","Card"],"build_version":"2020-12-22","purchased_purges":2,"victory":true,"max_hp_per_floor":[80,80,80,80,80,80,80,80,80,80,80,80,80,80,80,80,80,80,80,84,84,84,84,84,84,84,84,84,88,92,92,92,92,92,92,92,92,92,92,92,92,92,102,106,106,106,106,106,106,106],"card_choices":[{"not_picked":["Dark Embrace","Seeing Red"],"picked":"Wild Strike","floor":1},{"not_picked":["Body Slam","Pummel"],"picked":"Iron Wave","floor":2},{"not_picked":["Warcry","Iron Wave"],"picked":"Flex","floor":4},{"not_picked":["Flex","Headbutt"],"picked":"Combust","floor":7},{"not_picked":["Anger+1","Offering"],"picked":"Iron Wave+1","floor":10},{"not_picked":["Dark Embrace","Armaments"],"picked":"Infernal Blade","floor":12},{"not_picked":["Anger+1","Battle Trance"],"picked":"Flex","floor":13},{"not_picked":["Rampage+1","Thunderclap+1"],"picked":"Spot Weakness","floor":14},{"not_picked":["Juggernaut","Offering"],"picked":"Feed+1","floor":16},{"not_picked":[],"picked":"Thunderclap+1","floor":18},{"not_picked":[],"picked":"Iron Wave+1","floor":20},{"not_picked":["Sever Soul+1"],"picked":"SKIP","floor":21},{"not_picked":[],"picked":"Wild Strike+1","floor":23},{"not_picked":[],"picked":"Pummel+1","floor":25},{"not_picked":[],"picked":"Perfected Strike+1","floor":29},{"not_picked":["Iron Wave+1"],"picked":"SKIP","floor":35},{"not_picked":[],"picked":"Power Through+1","floor":37},{"not_picked":[],"picked":"Body Slam+1","floor":38},{"not_picked":[],"picked":"Intimidate","floor":40},{"not_picked":["Anger+1"],"picked":"SKIP","floor":44},{"not_picked":[],"picked":"Good Instincts","floor":46},{"not_picked":[],"picked":"Good Instincts","floor":46},{"not_picked":[],"picked":"Secret Weapon","floor":46},{"not_picked":[],"picked":"Heavy Blade+1","floor":47}],"player_experience":88746,"relics_obtained":[{"floor":3,"key":"Mercury Hourglass"},{"floor":7,"key":"Self Forming Clay"},{"floor":9,"key":"Kunai"},{"floor":10,"key":"Molten Egg 2"},{"floor":22,"key":"Oddly Smooth Stone"},{"floor":23,"key":"Bag of Preparation"},{"floor":26,"key":"White Beast Statue"},{"floor":30,"key":"Red Mask"},{"floor":40,"key":"Omamori"},{"floor":41,"key":"Ginger"},{"floor":43,"key":"Pear"},{"floor":44,"key":"Torii"}],"event_choices":[{"damage_healed":0,"gold_gain":0,"player_choice":"Success","damage_taken":7,"relics_obtained":["MealTicket"],"max_hp_gain":0,"max_hp_loss":0,"event_name":"Scrap Ooze","floor":5,"gold_loss":0},{"damage_healed":0,"gold_gain":0,"player_choice":"Cursed","damage_taken":0,"max_hp_gain":0,"max_hp_loss":0,"event_name":"Wheel of Change","floor":11,"gold_loss":0,"cards_obtained":["Decay"]},{"damage_healed":0,"gold_gain":0,"player_choice":"2 cards matched","damage_taken":0,"max_hp_gain":0,"max_hp_loss":0,"event_name":"Match and Keep!","floor":19,"gold_loss":0,"cards_obtained":["Juggernaut","True Grit"]},{"damage_healed":0,"gold_gain":0,"player_choice":"Fought Bandits","damage_taken":0,"max_hp_gain":0,"max_hp_loss":0,"event_name":"Masked Bandits","floor":30,"gold_loss":0},{"damage_healed":0,"gold_gain":0,"player_choice":"Joined the Cult","damage_taken":6,"max_hp_gain":0,"max_hp_loss":0,"event_name":"Nest","floor":31,"gold_loss":0,"cards_obtained":["RitualDagger"]},{"damage_healed":0,"gold_gain":0,"player_choice":"Fight","damage_taken":0,"max_hp_gain":0,"max_hp_loss":0,"event_name":"MindBloom","floor":41,"gold_loss":0},{"cards_removed":["Iron Wave"],"damage_healed":0,"gold_gain":0,"player_choice":"Removed Attack","damage_taken":0,"max_hp_gain":0,"max_hp_loss":0,"event_name":"Falling","floor":42,"gold_loss":0},{"damage_healed":0,"gold_gain":0,"player_choice":"Memory 3","damage_taken":10,"max_hp_gain":0,"max_hp_loss":0,"event_name":"SensoryStone","floor":46,"gold_loss":0}],"is_beta":false,"boss_relics":[{"not_picked":["SlaversCollar","SacredBark"],"picked":"Busted Crown"},{"not_picked":["Black Star","Cursed Key"],"picked":"Mark of Pain"}],"items_purged_floors":[28,36],"is_endless":false,"potions_floor_spawned":[2,4,10,12,13,21,25,29,30,33,35,37,38,40,41,44,47],"ascension_level":0}}