{"host":"l1bfbgeb3oxa8ieg","time":1612267011,"event":{"mods":["AlwaysNeverKeys","Aspiration","BaseMod","Beaked The Cultist","Better Match","Better Note","Better Third Choice","BetterRewards","Colored Powertips","Conspire","Energized Spire","Fiend Mod","Friendly Minions","Halation","Infinite Spire","Minty Spire (QoL Compilation)","Permanent Neow","Quick Restart","Replay The Spire","Shop Mod","Spicy Shops","Spikes Relics","StSLib","TestMod","The Blackbeard","The Mystic","The Necromancer","Uncapped","UnlockEverythingMod"],"gold_per_floor":[117,134,134,149,162,191,116,133,160,160,160,11,11,38,38,142,142,160,160,15,45,67,99,59,86,86,86,86,118,118,118,118,226,226,246,264,118,118,118,118,153,153,153,153,153,153,169,187,187,587,587,593],"floor_reached":53,"language":"ENG","playtime":4408,"items_purged":["beaked:Strike_Y","beaked:Strike_Y"],"score":941,"play_id":"33609fe9-5e67-460a-aa0d-3f0c291160ec","local_time":"20210202125651","is_ascension_mode":false,"campfire_choices":[{"data":"beaked:Evade","floor":11.0,"key":"SMITH"},{"data":"beaked:FeelMyPain","floor":15,"key":"SMITH"},{"data":"beaked:Daydream","floor":30,"key":"SMITH"},{"data":"beaked:Foresight","floor":32,"key":"SMITH"},{"data":"infinitespire:UltimateForm","floor":40,"key":"SMITH"},{"data":"beaked:ScreechingChant","floor":42,"key":"SMITH"},{"data":"beaked:Foresight","floor":44,"key":"SMITH"},{"data":"beaked:Defend_Y","floor":49,"key":"SMITH"}],"circlet_count":0,"master_deck":["beaked:Strike_Y","beaked:Strike_Y","beaked:Strike_Y","beaked:Strike_Y","beaked:Defend_Y","beaked:Defend_Y+1","beaked:Defend_Y","beaked:Defend_Y","beaked:Ceremony","beaked:Ceremony","beaked:Ceremony","beaked:FeelMyPain+1","beaked:Evade+1","beaked:Daydream+1","beaked:Foresight+1","beaked:Foresight+1","beaked:ScreechingChant+1","beaked:AwakenedForm+1","beaked:AwakenedForm","beaked:ScreechingChant+1","infinitespire:UltimateForm+1"],"relics":["beaked:MendingPlumage","Replay:Bottled Flurry","Replay:Bandana","aspiration:Nostalgia","m_ByrdBlood","beaked:SacredDeck","Lee\u0027s Waffle","Smiling Mask","Snack Pack","Turnip","Replay:Ringing Soul","Coffee Dripper","halation:Diary","halation:VictoryRuler","SpikesRelics:ToyHorsey"],"acts_visited":["Exordium","TheCity","TheBeyond"],"potions_floor_usage":[18,23,23,23,33],"damage_taken":[{"damage":8.0,"enemies":"Cultist","floor":1.0,"turns":5.0},{"damage":1.0,"enemies":"2 Louse","floor":2.0,"turns":4.0},{"damage":22.0,"enemies":"Small Slimes","floor":4.0,"turns":7.0},{"damage":17.0,"enemies":"3 Louse","floor":5.0,"turns":4.0},{"damage":38.0,"enemies":"Gremlin Nob","floor":6.0,"turns":4.0},{"damage":17.0,"enemies":"Red Slaver","floor":8.0,"turns":8.0},{"damage":26,"enemies":"2 Fungi Beasts","floor":14,"turns":6},{"damage":86,"enemies":"The Guardian","floor":16,"turns":10},{"damage":63,"enemies":"Chosen","floor":18,"turns":9},{"damage":56,"enemies":"Shell Parasite","floor":21,"turns":6},{"damage":69,"enemies":"Snake Plant","floor":22,"turns":6},{"damage":150,"enemies":"Book of Stabbing","floor":23,"turns":9},{"damage":104,"enemies":"Slavers","floor":25,"turns":8},{"damage":107,"enemies":"Book of Stabbing","floor":29,"turns":7},{"damage":104,"enemies":"Pondfish","floor":33,"turns":8},{"damage":90,"enemies":"3 Darklings","floor":35,"turns":6},{"damage":63,"enemies":"Orb Walker","floor":36,"turns":5},{"damage":93,"enemies":"Nemesis","floor":41,"turns":7},{"damage":74,"enemies":"Sphere and 2 Shapes","floor":47,"turns":6},{"damage":61,"enemies":"4 Shapes","floor":48,"turns":7},{"damage":116,"enemies":"infinitespire:MassOfShapes","floor":52,"turns":10}],"seed_played":"-4459993940005280060","potions_obtained":[{"floor":2.0,"key":"FearPotion"},{"floor":6.0,"key":"PowerPotion"},{"floor":8.0,"key":"Reflective Coating"},{"floor":22,"key":"ColorlessPotion"},{"floor":23,"key":"BlessingOfTheForge"},{"floor":29,"key":"Adrenaline Potion"},{"floor":35,"key":"Elixir"},{"floor":48,"key":"Explosive Potion"}],"is_trial":true,"path_per_floor":["M","M","?","M","M","E","$","M","T","?","R","$","?","M","R","B",null,"M","?","$","M","M","E","?","E","T","?","T","E","R","?","R","B",null,"M","M","$","?","$","R","E","R","T","R","PTL","PTL","M","M","R","?","R","B",null],"character_chosen":"BEAKED_THE_CULTIST","items_purchased":["aspiration:Nostalgia","Lee\u0027s Waffle","halation:Diary"],"campfire_rested":0,"item_purchase_floors":[12,20,37],"current_hp_per_floor":[45,50,50,44,37,13,13,23,23,23,23,23,23,50,50,50,50,33,33,57,57,57,42,42,57,57,57,57,35,35,35,35,60,60,60,60,60,48,48,48,63,63,63,63,63,63,63,63,63,63,63,63],"gold":593,"neow_bonus":"","is_daily":false,"chose_seed":false,"campfire_upgraded":8,"win_rate":0.0,"timestamp":1612267011,"path_taken":["M","?","?","M","M","E","$","M","T","?","R","$","?","M","R","BOSS","M","?","$","?","M","E","?","E","T","?","?","E","R","?","R","BOSS","M","M","$","?","$","R","E","R","T","R","PTL","PTL","M","M","R","?","R","BOSS"],"items_purchased_type":["Relic","Relic","Relic"],"build_version":"2020-12-22","purchased_purges":2,"victory":true,"max_hp_per_floor":[50,50,50,50,50,50,50,50,50,50,50,50,50,50,50,50,50,50,50,57,57,57,57,57,57,57,57,57,57,57,57,57,60,60,60,60,60,63,63,63,63,63,63,63,63,63,63,63,63,63,63,63],"card_choices":[{"not_picked":["beaked:Negation","beaked:Windmill"],"picked":"beaked:FeelMyPain","floor":1.0},{"not_picked":["beaked:Cower","beaked:TuckingFeathers","beaked:Flinch"],"picked":"SKIP","floor":2.0},{"not_picked":["ReplayTheSpireMod:RavenHex","beaked:Daydream"],"picked":"beaked:Evade","floor":4.0},{"not_picked":["beaked:WarriorSpirit","beaked:Tradeoff"],"picked":"beaked:Daydream","floor":5.0},{"not_picked":["beaked:Poke","beaked:Insight"],"picked":"beaked:Foresight","floor":6.0},{"not_picked":["beaked:Tradeoff","beaked:FeelMyPain"],"picked":"beaked:Foresight","floor":8.0},{"not_picked":["beaked:Tweet","beaked:FeelMyPain","beaked:MimicMachine"],"picked":"SKIP","floor":14},{"not_picked":["beaked:FakeOut","beaked:DarkTribute"],"picked":"beaked:ScreechingChant","floor":16},{"not_picked":["beaked:Mantra","beaked:Tweet","beaked:Redirect"],"picked":"SKIP","floor":18},{"not_picked":["beaked:Recite","ReplayTheSpireMod:Wings of Steel","beaked:Foresight+1"],"picked":"SKIP","floor":21},{"not_picked":["beaked:BraceForImpact","beaked:Insight","beaked:Evade"],"picked":"SKIP","floor":22},{"not_picked":["beaked:Flinch","beaked:CursingBlood","beaked:Evade"],"picked":"SKIP","floor":23},{"not_picked":["beaked:RitualOfBody","beaked:DesperateSwing","beaked:Negation"],"picked":"SKIP","floor":25},{"not_picked":["beaked:Roost","beaked:Poke","beaked:Tweet"],"picked":"SKIP","floor":29},{"not_picked":["beaked:KnowThyFoe","beaked:AwakenedForm"],"picked":"beaked:ScreechingChant","floor":33},{"not_picked":["beaked:CursingBlood+1","beaked:Redirect+1","beaked:Tradeoff"],"picked":"SKIP","floor":35},{"not_picked":["beaked:Resilience","beaked:Cower+1","beaked:Poke"],"picked":"SKIP","floor":36},{"not_picked":["infinitespire:Menacing","Replay:Fractal Strike"],"picked":"infinitespire:UltimateForm","floor":38},{"not_picked":["beaked:SurvivalInstinct+1","beaked:MachineSpirit+1","beaked:Tweet"],"picked":"SKIP","floor":41},{"not_picked":["beaked:Evade","beaked:WarriorSpirit","beaked:Daydream"],"picked":"SKIP","floor":47},{"not_picked":["beaked:DarkTribute","beaked:MaddeningMurmurs","beaked:Poke"],"picked":"SKIP","floor":48}],"player_experience":201850,"relics_obtained":[{"floor":6.0,"key":"Replay:Bottled Flurry"},{"floor":9.0,"key":"Replay:Bandana"},{"floor":23,"key":"Smiling Mask"},{"floor":25,"key":"Snack Pack"},{"floor":26,"key":"Turnip"},{"floor":28,"key":"Replay:Ringing Soul"},{"floor":41,"key":"halation:VictoryRuler"},{"floor":43,"key":"SpikesRelics:ToyHorsey"}],"event_choices":[{"damage_healed":0.0,"max_hp_gain":0.0,"max_hp_loss":0.0,"gold_gain":0.0,"event_name":"Box For Yourself","player_choice":"Ignored","floor":3.0,"gold_loss":0.0,"damage_taken":0.0},{"damage_healed":0.0,"max_hp_gain":0.0,"max_hp_loss":0.0,"gold_gain":0.0,"event_name":"conspire:Investor","player_choice":"Leave","floor":10.0,"gold_loss":0.0,"damage_taken":0.0},{"damage_healed":0,"gold_gain":0,"player_choice":"Ignored","damage_taken":0,"max_hp_gain":0,"max_hp_loss":0,"event_name":"Golden Idol","floor":13,"gold_loss":0},{"damage_healed":0,"gold_gain":0,"player_choice":"Upgraded","damage_taken":0,"max_hp_gain":0,"max_hp_loss":0,"event_name":"Upgrade Shrine","floor":19,"gold_loss":0,"cards_upgraded":["beaked:ScreechingChant"]},{"damage_healed":0,"gold_gain":0,"player_choice":"Upgrade","damage_taken":0,"max_hp_gain":0,"max_hp_loss":0,"event_name":"Designer","floor":24,"gold_loss":40,"cards_upgraded":["beaked:AwakenedForm"]},{"cards_removed":["beaked:AwakenedForm"],"damage_healed":0,"gold_gain":0,"player_choice":"Take \u0026 Give","damage_taken":0,"max_hp_gain":0,"max_hp_loss":0,"event_name":"betterNote:BetterNote","floor":27,"gold_loss":0,"cards_obtained":["beaked:AwakenedForm"]},{"damage_healed":0,"gold_gain":0,"player_choice":"Ignored","damage_taken":0,"max_hp_gain":0,"max_hp_loss":0,"event_name":"Vampires","floor":31,"gold_loss":0},{"damage_healed":0,"gold_gain":400,"player_choice":"Sell","damage_taken":0,"max_hp_gain":0,"max_hp_loss":0,"event_name":"Plate Of N\u0027loth","floor":50,"relics_lost":["testmod-TestBox"],"gold_loss":0}],"is_beta":false,"boss_relics":[{"not_picked":["halation:CatFaceCupcake","halation:Prosthetics"],"picked":"beaked:SacredDeck"},{"not_picked":["ReplayTheSpireMod:SealedPack","Honey Jar"],"picked":"Coffee Dripper"}],"items_purged_floors":[7,37],"is_endless":false,"potions_floor_spawned":[2,6,8,22,23,29,35,48],"ascension_level":0}}