{"host":"Jackie","time":1612291258,"event":{"mods":["BaseMod","Highlight Path","Minty Spire (QoL Compilation)","Relic Stats","Slay the Relics Exporter","StSLib","Twitch Decklist"],"gold_per_floor":[114,114,151,164,175,175,201,201,201,237,237,237,237,271,271,350,350,366,67,79,4,4,4,4],"floor_reached":23,"language":"ENG","playtime":1981,"items_purged":["Strike_P"],"score":548,"play_id":"6aa8f606-bbac-487f-9dd1-06eeca1e957f","local_time":"20210202104058","is_ascension_mode":true,"campfire_choices":[{"data":"FlyingSleeves","floor":6,"key":"SMITH"},{"data":"TalkToTheHand","floor":8,"key":"SMITH"},{"data":"SashWhip","floor":11,"key":"SMITH"},{"data":"Wish","floor":13,"key":"SMITH"},{"data":"BowlingBash","floor":15,"key":"SMITH"}],"circlet_count":0,"master_deck":["AscendersBane","Strike_P","Strike_P","Defend_P","Defend_P","Defend_P","Eruption+1","Vigilance","BowlingBash+1","Wish+1","Halt","FlyingSleeves+1","TalkToTheHand+1","SashWhip+1","ClearTheMind","CrushJoints","LessonLearned+1","Wireheading+1","CutThroughFate","Shame"],"relics":["PureWater","White Beast Statue","Gremlin Horn","Blue Candle","Philosopher\u0027s Stone","Medical Kit","Toy Ornithopter"],"acts_visited":["Exordium","TheCity"],"potions_floor_usage":[5,14,14,23],"damage_taken":[{"damage":0,"enemies":"Jaw Worm","floor":1,"turns":3},{"damage":10,"enemies":"Cultist","floor":3,"turns":4},{"damage":1,"enemies":"2 Louse","floor":4,"turns":4},{"damage":4,"enemies":"Exordium Wildlife","floor":5,"turns":3},{"damage":0,"enemies":"Lagavulin","floor":7,"turns":4},{"damage":0,"enemies":"3 Louse","floor":10,"turns":3},{"damage":14,"enemies":"Gremlin Nob","floor":14,"turns":3},{"damage":0,"enemies":"Slime Boss","floor":16,"turns":6},{"damage":16,"enemies":"2 Thieves","floor":18,"turns":3},{"damage":26,"enemies":"Spheric Guardian","floor":20,"turns":4},{"damage":51,"enemies":"Book of Stabbing","floor":23,"turns":5}],"seed_played":"5118097798521084674","potions_obtained":[{"floor":3,"key":"SneckoOil"},{"floor":5,"key":"SkillPotion"},{"floor":10,"key":"DuplicationPotion"},{"floor":12,"key":"CultistPotion"},{"floor":14,"key":"FairyPotion"},{"floor":16,"key":"Weak Potion"},{"floor":20,"key":"GamblersBrew"}],"is_trial":false,"path_per_floor":["M","?","M","M","M","R","E","R","T","M","R","?","R","E","R","B",null,"M","$","M","?","?","E"],"character_chosen":"WATCHER","items_purchased":["Medical Kit","CutThroughFate"],"campfire_rested":0,"item_purchase_floors":[19,19],"current_hp_per_floor":[61,61,51,50,46,46,46,46,46,46,46,46,46,32,32,32,59,43,43,17,17,17,0,0],"gold":4,"neow_bonus":"UPGRADE_CARD","is_daily":false,"chose_seed":false,"campfire_upgraded":5,"win_rate":0.0,"timestamp":1612291258,"path_taken":["M","?","M","M","M","R","E","R","T","M","R","?","R","E","R","BOSS","M","?","M","?","?","E"],"items_purchased_type":["Relic","Card"],"build_version":"2020-12-18","purchased_purges":1,"victory":false,"max_hp_per_floor":[68,68,68,68,68,68,68,68,68,68,68,68,68,68,68,68,68,68,68,68,68,68,68,68],"relic_stats":{"Gremlin Horn":[5,5],"counters":[11,42],"Blue Candle":[1],"Medical Kit":[2],"obtain_stats":[{"Gremlin Horn":9,"Blue Candle":14,"Philosopher\u0027s Stone":17,"PureWater":0,"Medical Kit":19,"White Beast Statue":7,"Toy Ornithopter":22},{"Gremlin Horn":5,"Blue Candle":7,"Philosopher\u0027s Stone":8,"PureWater":0,"Medical Kit":9,"White Beast Statue":5,"Toy Ornithopter":10},{"Gremlin Horn":18,"Blue Candle":24,"Philosopher\u0027s Stone":30,"PureWater":0,"Medical Kit":33,"White Beast Statue":18,"Toy Ornithopter":37}],"Toy Ornithopter":5},"card_choices":[{"not_picked":["Crescendo","Fasting2"],"picked":"BowlingBash","floor":1},{"not_picked":["PathToVictory","Crescendo"],"picked":"Halt","floor":3},{"not_picked":["BowlingBash","ClearTheMind"],"picked":"FlyingSleeves","floor":4},{"not_picked":["Meditate","Perseverance"],"picked":"TalkToTheHand","floor":5},{"not_picked":["Halt","Fasting2"],"picked":"SashWhip","floor":7},{"not_picked":["Consecrate","FollowUp"],"picked":"ClearTheMind","floor":10},{"not_picked":["CrushJoints","Study","Swivel"],"picked":"SKIP","floor":14},{"not_picked":["Study","Swivel"],"picked":"CrushJoints","floor":14},{"not_picked":["Devotion","Alpha"],"picked":"LessonLearned","floor":16},{"not_picked":["SashWhip+1","FollowUp"],"picked":"Wireheading+1","floor":18},{"not_picked":["FollowUp+1","PathToVictory","ForeignInfluence"],"picked":"SKIP","floor":20},{"not_picked":["FollowUp+1","PathToVictory","ForeignInfluence"],"picked":"SKIP","floor":20}],"player_experience":2191530,"relics_obtained":[{"floor":7,"key":"White Beast Statue"},{"floor":9,"key":"Gremlin Horn"},{"floor":14,"key":"Blue Candle"}],"event_choices":[{"damage_healed":0,"gold_gain":0,"cards_transformed":["Defend_P"],"player_choice":"Change","damage_taken":0,"max_hp_gain":0,"max_hp_loss":0,"event_name":"Living Wall","floor":2,"gold_loss":0,"cards_obtained":["Wish"]},{"damage_healed":0,"gold_gain":0,"player_choice":"Got Potions","damage_taken":0,"max_hp_gain":0,"max_hp_loss":0,"event_name":"Lab","floor":12,"gold_loss":0},{"cards_removed":["Strike_P"],"damage_healed":0,"gold_gain":0,"player_choice":"Gave Gold","damage_taken":0,"max_hp_gain":0,"max_hp_loss":0,"event_name":"Beggar","floor":21,"gold_loss":75},{"damage_healed":0,"gold_gain":0,"player_choice":"Stole Relic","damage_taken":0,"relics_obtained":["Toy Ornithopter"],"max_hp_gain":0,"max_hp_loss":0,"event_name":"Addict","floor":22,"gold_loss":0,"cards_obtained":["Shame"]}],"is_beta":true,"boss_relics":[{"not_picked":["Calling Bell","Astrolabe"],"picked":"Philosopher\u0027s Stone"}],"items_purged_floors":[19],"is_endless":false,"potions_floor_spawned":[3,5,10,14,16,18,20],"killed_by":"Book of Stabbing","ascension_level":20}}