{"host":"mw3dmj42qtkbha4b","time":1612280391,"event":{"mods":["BaseMod","Colored Map","Colored Powertips","DeckTracker","Minty Spire (QoL Compilation)","StSLib","SuperFastMode"],"gold_per_floor":[114,128,128,128,53,383,403,435,435,435,435,505,505,89,89,89,89],"floor_reached":16,"language":"KOR","playtime":351,"items_purged":["Strike_P","Defend_P"],"score":266,"play_id":"5610bf78-f8b8-44b9-a10a-ef4221afc721","local_time":"20210203003951","is_ascension_mode":true,"campfire_choices":[{"floor":10.0,"key":"REST"},{"floor":13.0,"key":"REST"},{"floor":15.0,"key":"REST"}],"circlet_count":0,"master_deck":["AscendersBane","Strike_P","Strike_P","Strike_P","Defend_P","Defend_P","Eruption+1","Vigilance"],"relics":["PureWater","NeowsBlessing","Old Coin","Ginger","WingedGreaves","SsserpentHead","FossilizedHelix"],"acts_visited":["Exordium"],"potions_floor_usage":[],"damage_taken":[{"damage":0.0,"enemies":"Small Slimes","floor":1.0,"turns":1.0},{"damage":0.0,"enemies":"Jaw Worm","floor":2.0,"turns":1.0},{"damage":0.0,"enemies":"Gremlin Nob","floor":6.0,"turns":1.0},{"damage":14.0,"enemies":"2 Louse","floor":7.0,"turns":3.0},{"damage":37.0,"enemies":"3 Sentries","floor":8.0,"turns":6.0},{"damage":21.0,"enemies":"Exordium Thugs","floor":12.0,"turns":5.0},{"damage":51,"enemies":"Hexaghost","floor":16,"turns":7}],"seed_played":"3295980644406892302","potions_obtained":[{"floor":1.0,"key":"Explosive Potion"},{"floor":7.0,"key":"BlessingOfTheForge"}],"is_trial":false,"path_per_floor":["M","M","?","?","$","E","M","E","T","R","?","M","R","$","R","B"],"character_chosen":"WATCHER","items_purchased":["FossilizedHelix"],"campfire_rested":3,"item_purchase_floors":[14],"current_hp_per_floor":[61,61,54,54,54,54,40,3,3,23,23,2,22,22,42,0,0],"gold":89,"neow_bonus":"THREE_ENEMY_KILL","is_daily":false,"chose_seed":false,"campfire_upgraded":0,"win_rate":0.0,"timestamp":1612280391,"path_taken":["M","M","?","?","?","E","M","E","T","R","?","?","R","$","R","BOSS"],"items_purchased_type":["Relic"],"build_version":"2020-12-22","purchased_purges":2,"victory":false,"max_hp_per_floor":[68,68,68,68,68,68,68,68,68,68,68,68,68,68,68,68,68],"card_choices":[{"not_picked":["Sanctity","CrushJoints","CutThroughFate"],"picked":"SKIP","floor":1.0},{"not_picked":["Evaluate","FollowUp","EmptyBody"],"picked":"SKIP","floor":2.0},{"not_picked":["BowlingBash","ClearTheMind","ForeignInfluence"],"picked":"SKIP","floor":6.0},{"not_picked":["Worship","CutThroughFate","Crescendo"],"picked":"SKIP","floor":7.0},{"not_picked":["JustLucky","Wish","CrushJoints"],"picked":"SKIP","floor":8.0},{"not_picked":["EmptyFist","SignatureMove","ThirdEye"],"picked":"SKIP","floor":12.0}],"player_experience":1787100,"relics_obtained":[{"floor":6.0,"key":"Old Coin"},{"floor":8.0,"key":"Ginger"},{"floor":9.0,"key":"WingedGreaves"}],"event_choices":[{"cards_removed":["Defend_P"],"damage_healed":0.0,"max_hp_gain":0.0,"max_hp_loss":0.0,"gold_gain":0.0,"event_name":"Golden Wing","player_choice":"Card Removal","floor":3.0,"gold_loss":0.0,"damage_taken":7.0},{"damage_healed":0.0,"max_hp_gain":0.0,"max_hp_loss":0.0,"gold_gain":0.0,"event_name":"Living Wall","player_choice":"Grow","floor":4.0,"gold_loss":0.0,"damage_taken":0.0,"cards_upgraded":["Eruption"]},{"damage_healed":0.0,"max_hp_gain":0.0,"max_hp_loss":0.0,"gold_gain":0.0,"event_name":"FaceTrader","player_choice":"Trade","floor":11.0,"gold_loss":0.0,"damage_taken":0.0,"relics_obtained":["SsserpentHead"]}],"is_beta":false,"boss_relics":[],"items_purged_floors":[5,14],"is_endless":false,"potions_floor_spawned":[1,7],"killed_by":"Hexaghost","ascension_level":20}}