{"host":"5dhwd44u3dydylwe","time":1612255533,"event":{"mods":["AchievementEnabler","BaseMod","BetterRewards","Dota2Spire","Hubris","Minty Spire (QoL Compilation)","Shop Mod","StSLib","Wandering Minibosses"],"gold_per_floor":[109,109,109,109,123,152,165,194,219,246,256,275,275,301,301,404,404,418,418,868,882,897,927,927,945,969,995,1005,507,520,20,20,122,122,133,144,161,180,37,71,71,101,127,152,162,177,177,226,226,226],"floor_reached":51,"language":"ENG","playtime":2116,"items_purged":["Strike_B","Strike_B","Strike_B","Defend_B"],"score":1689,"play_id":"73e6cb40-0c5e-4086-8958-71143721b565","local_time":"20210202164533","is_ascension_mode":true,"campfire_choices":[{"data":"Apotheosis","floor":13,"key":"SMITH"},{"data":"Capacitor","floor":15,"key":"SMITH"},{"data":"Self Repair","floor":24,"key":"SMITH"},{"data":"Biased Cognition","floor":32,"key":"SMITH"},{"data":"Barrage","floor":41,"key":"SMITH"},{"data":"Defragment","floor":49,"key":"SMITH"}],"circlet_count":0,"master_deck":["Strike_B","Defend_B","Defend_B","Defend_B","Zap","Dualcast","Coolheaded","Capacitor","Apotheosis+1","Undo","Self Repair+1","Ball Lightning","Glacier","Leap","Capacitor+1","Glacier+1","Electrodynamics","Cold Snap","Barrage+1","Blizzard+1","Hologram+1","Biased Cognition+1","Fission+1","Defragment+1"],"relics":["Cracked Core","OrangePellets","hubris:MedicalManual","Matryoshka","Oddly Smooth Stone","Dota2Spire:ArcaneBoots","Dota2Spire:Dagon","Dota2Spire:BattleFury","Dota2Spire:EchoSabre","Toxic Egg 2","Bronze Scales","Smiling Mask","Vajra","Dota2Spire:PowerTreads","Runic Dome","hubris:BallOfYels","Potion Belt","hubris:TenFootPole","PreservedInsect","hubris:FunFungus","wanderingMiniBosses:Blackblade","Dota2Spire:HeartOfTarrasque","Orrery","Sozu","Runic Capacitor","Dota2Spire:ShivaGuard","hubris:BundleOfHerbs","Happy Flower","Dota2Spire:LotusOrb","hubris:Icosahedron","hubris:Spice"],"acts_visited":["Exordium","TheCity","TheBeyond"],"potions_floor_usage":[27,27],"damage_taken":[{"damage":4,"enemies":"Cultist","floor":1,"turns":4},{"damage":0,"enemies":"2 Louse","floor":5,"turns":2},{"damage":4,"enemies":"3 Sentries","floor":6,"turns":6},{"damage":1,"enemies":"Jaw Worm","floor":7,"turns":5},{"damage":0,"enemies":"Lagavulin","floor":8,"turns":3},{"damage":0,"enemies":"Gremlin Nob","floor":10,"turns":2},{"damage":1,"enemies":"Red Slaver","floor":11,"turns":5},{"damage":0,"enemies":"Blue Slaver","floor":12,"turns":3},{"damage":1,"enemies":"3 Sentries","floor":14,"turns":7},{"damage":16,"enemies":"Hexaghost","floor":16,"turns":5},{"damage":8,"enemies":"Spheric Guardian","floor":18,"turns":6},{"damage":11,"enemies":"Chosen","floor":21,"turns":6},{"damage":0,"enemies":"Snecko","floor":22,"turns":4},{"damage":6,"enemies":"Book of Stabbing","floor":23,"turns":3},{"damage":18,"enemies":"Snake Plant","floor":25,"turns":5},{"damage":0,"enemies":"Gremlin Leader","floor":27,"turns":6},{"damage":0,"enemies":"Chosen and Byrds","floor":28,"turns":5},{"damage":12,"enemies":"Shelled Parasite and Fungi","floor":30,"turns":4},{"damage":5,"enemies":"Automaton","floor":33,"turns":6},{"damage":0,"enemies":"3 Shapes","floor":35,"turns":2},{"damage":0,"enemies":"Orb Walker","floor":36,"turns":3},{"damage":6,"enemies":"Spire Growth","floor":37,"turns":4},{"damage":0,"enemies":"Jaw Worm Horde","floor":38,"turns":1},{"damage":0,"enemies":"Giant Head","floor":40,"turns":3},{"damage":0,"enemies":"Reptomancer","floor":42,"turns":2},{"damage":0,"enemies":"Giant Head","floor":44,"turns":3},{"damage":4,"enemies":"4 Shapes","floor":45,"turns":2},{"damage":0,"enemies":"Maw","floor":46,"turns":3},{"damage":0,"enemies":"2 Orb Walkers","floor":48,"turns":2},{"damage":0,"enemies":"Awakened One","floor":50,"turns":5}],"seed_played":"-6012869838842217304","potions_obtained":[{"floor":1,"key":"FearPotion"},{"floor":2,"key":"GamblersBrew"},{"floor":2,"key":"PotionOfCapacity"},{"floor":10,"key":"EntropicBrew"},{"floor":28,"key":"SteroidPotion"}],"is_trial":false,"path_per_floor":["M","?","$","?","M","E","M","E","T","E","M","M","R","E","R","B",null,"M","?","?","M","M","E","R","M","T","E","M","$","M","$","R","B",null,"M","M","M","M","$","E","R","E","T","E","M","M","?","?","R","B",null],"character_chosen":"DEFECT","items_purchased":["OrangePellets","hubris:MedicalManual","Matryoshka","Coolheaded","Capacitor","Apotheosis","Oddly Smooth Stone","Dota2Spire:ArcaneBoots","Undo","Dota2Spire:Dagon","Self Repair","Dota2Spire:BattleFury","PreservedInsect","hubris:FunFungus","Dota2Spire:HeartOfTarrasque","Orrery","Runic Capacitor"],"campfire_rested":0,"item_purchase_floors":[0,0,0,0,0,0,0,0,0,0,0,0,29,29,31,31,39],"current_hp_per_floor":[27,27,27,27,27,30,39,49,49,56,55,55,55,64,64,58,71,73,73,27,26,33,37,37,29,29,39,49,49,47,55,55,64,78,78,79,83,83,83,83,83,83,83,83,83,83,83,91,91,91],"gold":226,"neow_bonus":"","is_daily":false,"chose_seed":false,"campfire_upgraded":6,"win_rate":0.0,"timestamp":1612255533,"path_taken":["M","?","?","?","M","E","M","E","T","E","?","M","R","E","R","BOSS","M","?","?","M","?","E","R","M","T","E","M","$","M","$","R","BOSS","M","?","M","M","$","E","R","E","T","E","M","M","?","?","R","BOSS"],"items_purchased_type":["Relic","Relic","Relic","Card","Card","Card","Relic","Relic","Card","Relic","Card","Relic","Relic","Relic","Relic","Relic","Relic"],"build_version":"2020-12-22","purchased_purges":4,"victory":true,"max_hp_per_floor":[75,75,75,75,75,75,75,75,75,75,75,75,75,75,75,75,75,75,75,75,75,75,75,75,75,75,75,75,75,75,83,83,83,83,83,83,83,83,83,83,83,83,83,83,83,83,83,91,91,91],"card_choices":[{"not_picked":["Steam","Coolheaded"],"picked":"Ball Lightning","floor":1},{"not_picked":["Heatsinks","Ball Lightning"],"picked":"Leap","floor":5},{"not_picked":["Melter","Compile Driver","Ball Lightning"],"picked":"SKIP","floor":6},{"not_picked":["Ball Lightning","Conserve Battery"],"picked":"Capacitor","floor":7},{"not_picked":["Double Energy+1","Turbo+1","Barrage"],"picked":"SKIP","floor":8},{"not_picked":["Stack+1","Ball Lightning","Blizzard"],"picked":"SKIP","floor":10},{"not_picked":["Sunder","Conserve Battery+1","Amplify+1"],"picked":"SKIP","floor":11},{"not_picked":["Conserve Battery+1","Ball Lightning","Rebound"],"picked":"SKIP","floor":12},{"not_picked":["Doom and Gloom","Rip and Tear"],"picked":"Glacier+1","floor":14},{"not_picked":["Seek+1","Machine Learning"],"picked":"Electrodynamics","floor":16},{"not_picked":["Aggregate+1","Gash"],"picked":"Cold Snap","floor":18},{"not_picked":["Skim+1","Redo+1"],"picked":"Blizzard+1","floor":21},{"not_picked":["Steam+1","Skim+1","Double Energy+1"],"picked":"SKIP","floor":22},{"not_picked":["All For One","Static Discharge","Leap+1"],"picked":"SKIP","floor":23},{"not_picked":["Leap+1","Streamline","Go for the Eyes+1"],"picked":"SKIP","floor":25},{"not_picked":["Rip and Tear+1","Compile Driver"],"picked":"Hologram+1","floor":27},{"not_picked":["Leap+1","Compile Driver+1","Coolheaded+1"],"picked":"SKIP","floor":28},{"not_picked":["wanderingMiniBosses:FinaleOfPromise"],"picked":"SKIP","floor":30},{"not_picked":["Redo+1","Sweeping Beam","Leap+1"],"picked":"SKIP","floor":30},{"not_picked":["Leap+1","Reinforced Body+1"],"picked":"Biased Cognition","floor":31},{"not_picked":["All For One","Creative AI"],"picked":"Fission+1","floor":33},{"not_picked":["Compile Driver","Genetic Algorithm+1","Melter"],"picked":"SKIP","floor":35},{"not_picked":["Redo+1","Streamline","Compile Driver"],"picked":"SKIP","floor":36},{"not_picked":["Force Field+1","Steam+1","Turbo+1"],"picked":"SKIP","floor":37},{"not_picked":["Stack+1","Beam Cell","Rebound"],"picked":"SKIP","floor":38},{"not_picked":["Go for the Eyes+1","Redo+1","Turbo+1"],"picked":"SKIP","floor":40},{"not_picked":["Fusion+1","Storm","hubris:PowerSurge"],"picked":"SKIP","floor":42},{"not_picked":["Redo+1","Reprogram+1","Recycle+1"],"picked":"SKIP","floor":44},{"not_picked":["Darkness+1","Meteor Strike","Conserve Battery+1"],"picked":"SKIP","floor":45},{"not_picked":["Chaos+1","Beam Cell","Barrage+1"],"picked":"SKIP","floor":46},{"not_picked":["Conserve Battery+1","Recycle+1"],"picked":"Defragment","floor":48}],"player_experience":162641,"relics_obtained":[{"floor":6,"key":"Dota2Spire:EchoSabre"},{"floor":8,"key":"Toxic Egg 2"},{"floor":9,"key":"Bronze Scales"},{"floor":9,"key":"Smiling Mask"},{"floor":10,"key":"Vajra"},{"floor":14,"key":"Dota2Spire:PowerTreads"},{"floor":23,"key":"hubris:BallOfYels"},{"floor":26,"key":"Potion Belt"},{"floor":27,"key":"hubris:TenFootPole"},{"floor":30,"key":"wanderingMiniBosses:Blackblade"},{"floor":40,"key":"Dota2Spire:ShivaGuard"},{"floor":42,"key":"hubris:BundleOfHerbs"},{"floor":43,"key":"Happy Flower"},{"floor":44,"key":"Dota2Spire:LotusOrb"},{"floor":48,"key":"hubris:Spice"}],"event_choices":[{"damage_healed":0,"gold_gain":0,"player_choice":"Got Potions","damage_taken":0,"max_hp_gain":0,"max_hp_loss":0,"event_name":"Lab","floor":2,"gold_loss":0},{"damage_healed":0,"gold_gain":0,"player_choice":"1 cards matched","damage_taken":0,"max_hp_gain":0,"max_hp_loss":0,"event_name":"Match and Keep!","floor":4,"gold_loss":0,"cards_obtained":["Glacier"]},{"damage_healed":0,"gold_gain":0,"player_choice":"Read","damage_taken":0,"max_hp_gain":0,"max_hp_loss":0,"event_name":"The Library","floor":19,"gold_loss":0,"cards_obtained":["Barrage"]},{"damage_healed":0,"gold_gain":450,"player_choice":"GOLD GOLD GOLD GOLD GOLD ","damage_taken":46,"max_hp_gain":0,"max_hp_loss":0,"event_name":"Knowing Skull","floor":20,"potions_obtained":[],"gold_loss":0,"cards_obtained":[]},{"damage_healed":0,"gold_gain":0,"player_choice":"Fight","damage_taken":0,"max_hp_gain":0,"max_hp_loss":0,"event_name":"Mysterious Sphere","floor":48,"gold_loss":0}],"is_beta":false,"boss_relics":[{"not_picked":["Ectoplasm","FrozenCore"],"picked":"Runic Dome"},{"not_picked":["hubris:BlackHole","SacredBark"],"picked":"Sozu"}],"items_purged_floors":[0,0,29,31],"is_endless":false,"potions_floor_spawned":[1,5,10,16,21,23,28,30,37,40,44],"ascension_level":6}}