{"host":"rwmcmr2m88k7tuzm","time":1612280658,"event":{"mods":["BaseMod","BetterRewards","Conspire","Downfall","Hubris","Infinite Spire","Minty Spire (QoL Compilation)","Quick Restart","Replay The Spire","Shop Mod","StSLib","SuperFastMode","The Hayseed"],"gold_per_floor":[111,164,180,180,180,208,208,238,308,31,31,45,64,64,64,160,160,173,173,157,203,216,216,228,253,303,323,335,335,23,35,35,132,132,150,150,150,150,164,164,190,200,200,238,238,263,263,12,12,110,110,122,172,185,185,179,179,129,129,129,141,148,166,166,176,176,258,258,259,32,32,40,40,60,67,67,93,6,6,20,35,38,38,99,99,103,103,0,0,0,0,0,18,41,37,37,37,48,21,21,97,97,97,97,77,86,96,96,3,3,3,3,30,40,40,40,40,95,95,99,99,99,103,106,106,114,114,114,114,114,114,114,29,29,102,102,94,316,316,323,320,320,300,302,354,370,360,360,372,391,403,383,383],"floor_reached":152,"language":"ENG","playtime":4294,"items_purged":["Defend_R","Strike_R"],"score":3200,"play_id":"07cc12fb-5a5f-4ab7-a5d7-eaf1bd5d01dc","local_time":"20210202154418","is_ascension_mode":false,"campfire_choices":[{"floor":7,"key":"REST"},{"data":"ReplayTheSpireMod:Limb From Limb","floor":11,"key":"SMITH"},{"data":"Replay:Sssssssssshield","floor":15,"key":"SMITH"},{"data":"Whirlwind","floor":29,"key":"SMITH"},{"data":"ReplayTheSpireMod:Muscle Training","floor":32,"key":"SMITH"},{"data":"Spot Weakness","floor":40,"key":"SMITH"},{"floor":45,"key":"REST"},{"data":"Bash","floor":49,"key":"SMITH"},{"data":"1","floor":57,"key":"LIFT"},{"data":"2","floor":59,"key":"LIFT"},{"data":"3","floor":66,"key":"LIFT"},{"data":"Feed","floor":79,"key":"SMITH"},{"data":"Heavy Blade","floor":83,"key":"SMITH"},{"data":"infinitespire:Gouge","floor":91,"key":"SMITH"},{"data":"Pommel Strike","floor":97,"key":"SMITH"},{"floor":100,"key":"REST"},{"floor":108,"key":"REST"},{"floor":110,"key":"REST"},{"floor":112,"key":"REST"},{"floor":117,"key":"REST"},{"floor":125,"key":"REST"},{"floor":129,"key":"REST"},{"data":"Cleave","floor":132,"key":"SMITH"},{"floor":134,"key":"REST"},{"floor":142,"key":"REST"},{"floor":149,"key":"REST"},{"floor":151,"key":"REST"}],"circlet_count":0,"master_deck":["Strike_R+1","Defend_R+1","Bash+1","Replay:Sssssssssshield+1","ReplayTheSpireMod:Limb From Limb+1","ReplayTheSpireMod:Muscle Training+1","Double Tap+1","Flex+1","Pommel Strike+1","Spot Weakness+1","Heavy Blade+1","hubris:Fate+1","Whirlwind+1","Reaper+1","Rage+1","Thunderclap+1","Feed+1","Massacre+1","Havoc+1","Demon Form+1","infinitespire:Menacing+1","infinitespire:Gouge+1","hubris:DuctTapeCard","Limit Break+1","Cleave+1"],"relics":["Black Blood","Orichalcum","Gremlin Horn","MerchantsRug","hubris:Towel","hubris:BottledRain","hubris:IronBody","hubris:SphereOfDissonance","Strange Spoon","Lantern","Toxic Egg 2","Omamori","hubris:CuriousFeather","Replay:Rubber Ducky","PreservedInsect","ReplayTheSpireMod:Lightbulb","Bag of Preparation","Golden Egg","Singing Bowl","hubris:Backtick","Girya","ReplayTheSpireMod:Spearhead","ReplayTheSpireMod:CursedCoin","hubris:OldNail","War Paint","Bottled Lightning","conspire:DeflatedDodgeball","Bottled Flame","ReplayTheSpireMod:TigerMarble","ReplayFunnel","Blue Doll","Blood Vial","Pear","Empty Cage","Red Mask","hubris:TenFootPole","infinitespire:Lucky Rock","hubris:DuctTape","conspire:Dentures","Vajra","conspire:GiftBox","Black Star","Onion Ring","MutagenicStrength","Calipers","MawBank"],"acts_visited":["Exordium","TheCity","TheBeyond","Exordium","TheCity","TheBeyond","Exordium","TheCity","TheBeyond"],"potions_floor_usage":[6,6,6,25,25,42,46,118,120],"damage_taken":[{"damage":0,"enemies":"Small Slimes","floor":1,"turns":3},{"damage":1,"enemies":"2 Louse","floor":3,"turns":3},{"damage":26,"enemies":"Lagavulin","floor":6,"turns":6},{"damage":0,"enemies":"Gremlin Nob","floor":8,"turns":3},{"damage":0,"enemies":"Jaw Worm","floor":12,"turns":2},{"damage":7,"enemies":"Blue Slaver","floor":13,"turns":2},{"damage":2,"enemies":"Slime Boss","floor":16,"turns":6},{"damage":2,"enemies":"3 Byrds","floor":18,"turns":8},{"damage":7,"enemies":"2 Thieves","floor":20,"turns":4},{"damage":1,"enemies":"Snecko","floor":22,"turns":3},{"damage":1,"enemies":"Centurion and Healer","floor":24,"turns":3},{"damage":21,"enemies":"Nightmare","floor":25,"turns":4},{"damage":1,"enemies":"3 Cultists","floor":27,"turns":2},{"damage":14,"enemies":"Shelled Parasite and Fungi","floor":28,"turns":6},{"damage":6,"enemies":"conspire:HollyBat","floor":31,"turns":8},{"damage":64,"enemies":"hubris:MusketHawk","floor":33,"turns":7},{"damage":0,"enemies":"3 Darklings","floor":35,"turns":5},{"damage":3,"enemies":"3 Shapes","floor":39,"turns":5},{"damage":0,"enemies":"R_Hoarder","floor":41,"turns":7},{"damage":36,"enemies":"Maw","floor":42,"turns":7},{"damage":54,"enemies":"conspire:MimicChest","floor":44,"turns":10},{"damage":7,"enemies":"Giant Head","floor":46,"turns":7},{"damage":56,"enemies":"Awakened One","floor":50,"turns":11},{"damage":0,"enemies":"Small Slimes","floor":52,"turns":2},{"damage":0,"enemies":"Gremlin Nob","floor":53,"turns":3},{"damage":0,"enemies":"Cultist","floor":54,"turns":2},{"damage":4,"enemies":"3 Sentries","floor":61,"turns":2},{"damage":0,"enemies":"2 Louse","floor":62,"turns":1},{"damage":13,"enemies":"Lagavulin","floor":63,"turns":3},{"damage":0,"enemies":"2 Fungi Beasts","floor":65,"turns":1},{"damage":1,"enemies":"Slime Boss","floor":67,"turns":3},{"damage":0,"enemies":"Shell Parasite","floor":69,"turns":1},{"damage":0,"enemies":"Spheric Guardian","floor":72,"turns":1},{"damage":0,"enemies":"Slavers","floor":74,"turns":1},{"damage":6,"enemies":"Snecko","floor":75,"turns":1},{"damage":0,"enemies":"Shelled Parasite and Fungi","floor":76,"turns":1},{"damage":10,"enemies":"Cultist and Chosen","floor":80,"turns":2},{"damage":0,"enemies":"Book of Stabbing","floor":81,"turns":2},{"damage":0,"enemies":"Snecko","floor":82,"turns":2},{"damage":27,"enemies":"Champ","floor":84,"turns":9},{"damage":16,"enemies":"3 Shapes","floor":86,"turns":1},{"damage":15,"enemies":"Orb Walker","floor":93,"turns":3},{"damage":0,"enemies":"Jaw Worm Horde","floor":96,"turns":2},{"damage":27,"enemies":"R_Hoarder","floor":98,"turns":4},{"damage":6,"enemies":"Transient","floor":99,"turns":5},{"damage":46,"enemies":"infinitespire:MassOfShapes","floor":101,"turns":8},{"damage":6,"enemies":"2 Louse","floor":103,"turns":1},{"damage":0,"enemies":"Cultist","floor":106,"turns":1},{"damage":0,"enemies":"Jaw Worm","floor":107,"turns":1},{"damage":9,"enemies":"3 Sentries","floor":113,"turns":1},{"damage":0,"enemies":"Exordium Thugs","floor":114,"turns":1},{"damage":23,"enemies":"Fading Forest","floor":118,"turns":9},{"damage":0,"enemies":"Shell Parasite","floor":120,"turns":3},{"damage":1,"enemies":"Spheric Guardian","floor":123,"turns":2},{"damage":0,"enemies":"Snake Plant","floor":124,"turns":2},{"damage":0,"enemies":"Snecko","floor":126,"turns":1},{"damage":1,"enemies":"Collector","floor":135,"turns":4},{"damage":0,"enemies":"3 Darklings","floor":137,"turns":2},{"damage":9,"enemies":"3 Shapes","floor":140,"turns":1},{"damage":11,"enemies":"Sphere and 2 Shapes","floor":141,"turns":2},{"damage":0,"enemies":"Transient","floor":143,"turns":5},{"damage":0,"enemies":"4 Shapes","floor":144,"turns":1},{"damage":0,"enemies":"3 Darklings","floor":146,"turns":1},{"damage":0,"enemies":"Transient","floor":147,"turns":5},{"damage":1,"enemies":"Maw","floor":148,"turns":5},{"damage":1,"enemies":"Writhing Mass","floor":150,"turns":1},{"damage":224,"enemies":"infinitespire:LordOfFortification","floor":152,"turns":5}],"seed_played":"2872866595848314123","potions_obtained":[{"floor":8,"key":"Weak Potion"},{"floor":16,"key":"FearPotion"},{"floor":18,"key":"AttackPotion"},{"floor":20,"key":"Elixir"},{"floor":21,"key":"Explosive Potion"},{"floor":28,"key":"Dexterity Potion"},{"floor":33,"key":"AttackPotion"},{"floor":35,"key":"PowerPotion"},{"floor":46,"key":"SpeedPotion"},{"floor":52,"key":"infinitespire:BlackPotion"},{"floor":65,"key":"BloodPotion"},{"floor":80,"key":"SteroidPotion"},{"floor":81,"key":"Slimebound:ThreeZeroPotion"},{"floor":101,"key":"BlessingOfTheForge"},{"floor":105,"key":"Dexterity Potion"},{"floor":118,"key":"Adrenaline Potion"},{"floor":120,"key":"Fire Potion"}],"is_trial":false,"path_per_floor":["M","?","M","?","?","E","R","E","T","$","R","M","M","$","R","B",null,"M","?","M","?","M","?","M","NM","T","M","M","R","$","M","R","B",null,"M","$","?","?","M","R","E","M","T","?","R","E","T","$","R","B",null,"M","?","M","?","$","R","?","R","T","E","M","E","T","M","R","B",null,"M","$","?","M","?","E","M","M","T","$","R","M","E","M","R","B",null,"M","?","?","?","?","R","NS","M","T","$","M","R","E","M","R","B",null,"M","?","?","M","M","R","?","R","T","R","E","M","$","T","R","B",null,"M","?","?","M","M","R","M","?","T","R","?","?","R","?","R","B",null,"M","?","?","M","M","R","M","M","T","M","M","M","R","M","R","B"],"character_chosen":"IRONCLAD","items_purchased":["BargainBundle","Orichalcum","Gremlin Horn","MerchantsRug","Strength Potion","bronze:BurnAndBuffPotion","infinitespire:BlackPotion","Replay:Sssssssssshield","ReplayTheSpireMod:Limb From Limb","Strange Spoon","Lantern","hubris:CuriousFeather","Singing Bowl","ReplayTheSpireMod:CursedCoin","hubris:OldNail","ReplayTheSpireMod:TigerMarble","Blood Vial"],"campfire_rested":13,"item_purchase_floors":[0,0,0,0,0,0,0,0,0,10,10,30,48,56,56,70,78],"current_hp_per_floor":[50,50,55,55,55,35,59,65,65,65,65,71,70,70,70,74,80,80,80,80,60,71,71,80,71,71,80,78,78,78,80,80,34,80,80,80,70,70,79,79,80,79,79,48,72,80,80,80,80,70,80,82,84,86,86,86,86,86,86,86,88,90,91,91,94,94,96,96,101,101,101,103,103,105,107,109,109,109,109,111,123,126,126,128,128,126,94,94,94,94,94,94,95,95,95,134,134,122,138,138,140,140,146,146,146,148,150,150,150,150,150,150,152,154,154,154,154,145,156,158,158,158,160,162,162,164,164,164,164,164,164,164,164,164,166,166,168,168,160,167,172,172,174,176,176,178,180,182,182,184,184,0,0],"gold":383,"neow_bonus":"","is_daily":false,"chose_seed":false,"campfire_upgraded":11,"win_rate":0.0,"timestamp":1612280658,"path_taken":["M","?","M","?","?","E","R","E","T","?","R","M","M","$","R","BOSS","M","?","?","?","?","?","M","NM","T","M","M","R","$","?","R","BOSS","M","$","?","?","?","R","E","M","T","?","R","E","?","?","R","BOSS","M","?","M","?","$","R","?","R","T","E","?","E","?","M","R","BOSS","M","$","?","?","?","E","M","M","T","?","R","M","E","M","R","BOSS","M","?","?","?","?","R","NS","M","T","?","M","R","E","M","R","BOSS","M","?","?","M","?","R","?","R","T","R","E","M","$","?","R","BOSS","M","?","?","?","M","R","M","?","T","R","?","?","R","?","R","BOSS","M","?","?","?","M","R","M","M","T","M","M","M","R","?","R","BOSS"],"items_purchased_type":["Relic","Relic","Relic","Relic","Potion","Potion","Potion","Card","Card","Relic","Relic","Relic","Relic","Relic","Relic","Relic","Relic"],"build_version":"2020-12-22","purchased_purges":2,"victory":false,"max_hp_per_floor":[80,80,80,80,80,80,80,80,80,80,80,80,80,80,80,80,80,80,80,80,80,80,80,80,80,80,80,80,80,80,80,80,80,80,80,80,80,80,80,80,80,80,80,80,80,80,80,80,80,80,80,82,84,86,86,86,86,86,86,86,88,90,92,92,94,94,96,96,101,101,101,103,103,105,107,109,109,109,109,111,123,126,126,128,128,130,130,130,130,130,130,130,132,132,132,134,134,136,138,138,140,140,146,146,146,148,150,150,150,150,150,150,152,154,154,154,154,156,156,158,158,158,160,162,162,164,164,164,164,164,164,164,164,164,166,166,168,168,168,170,172,172,174,176,176,178,180,182,182,184,184,184,184],"card_choices":[{"not_picked":["Wild Strike","Havoc","ReplayTheSpireMod:Strike From Hell"],"picked":"SKIP","floor":1},{"not_picked":["Replay:Undeath\u0027s Touch","Clothesline","True Grit"],"picked":"SKIP","floor":3},{"not_picked":["ReplayTheSpireMod:Corrosion Curse","Perfected Strike","Warcry"],"picked":"SKIP","floor":6},{"not_picked":["Hemogenesis","Flex"],"picked":"ReplayTheSpireMod:Muscle Training","floor":8},{"not_picked":["Fire Breathing","Warcry","Body Slam"],"picked":"SKIP","floor":12},{"not_picked":["Rupture","Pommel Strike","hubris:ReadiedAction"],"picked":"SKIP","floor":13},{"not_picked":["Demonic Infusion","conspire:Purge"],"picked":"Double Tap","floor":16},{"not_picked":["Power Through","conspire:ExplosiveBarrier","Burning Pact"],"picked":"SKIP","floor":18},{"not_picked":["Cleave","Blood for Blood"],"picked":"Flex+1","floor":20},{"not_picked":["Wild Strike","Armaments"],"picked":"Pommel Strike","floor":21},{"not_picked":["Havoc","hubris:CleavingFinish"],"picked":"Spot Weakness","floor":22},{"not_picked":["Pummel","Havoc+1"],"picked":"Heavy Blade","floor":24},{"not_picked":["infinitespire:SevenWalls","ReplayTheSpireMod:Chaos Vortex"],"picked":"hubris:Fate+1","floor":25},{"not_picked":["Pummel","Perfected Strike"],"picked":"Whirlwind","floor":25},{"not_picked":["ReplayTheSpireMod:Limb From Limb","Warcry+1"],"picked":"Reaper","floor":27},{"not_picked":["Power Through+1","Perfected Strike"],"picked":"Rage+1","floor":28},{"not_picked":["Replay:Undeath\u0027s Touch","Body Slam+1"],"picked":"Thunderclap+1","floor":31},{"not_picked":["Fiend Fire","Immolate"],"picked":"Feed","floor":33},{"not_picked":["Defy Death+1","Abandon+1","True Grit+1"],"picked":"SKIP","floor":35},{"not_picked":["Havoc+1","Disarm+1"],"picked":"Massacre+1","floor":39},{"not_picked":["Armaments+1","Replay:Undeath\u0027s Touch","Wild Strike"],"picked":"SKIP","floor":41},{"not_picked":["Searing Blow+1","Armaments+1"],"picked":"Havoc+1","floor":42},{"not_picked":["Carnage+1","Cleave","Sentinel+1"],"picked":"SKIP","floor":46},{"not_picked":["Feed","conspire:Purge+1"],"picked":"Demon Form","floor":50},{"not_picked":["Replay:Undeath\u0027s Touch","Burning Pact+1","Clothesline"],"picked":"Singing Bowl","floor":52},{"not_picked":["Inflame","Berserk","Shockwave+1"],"picked":"Singing Bowl","floor":53},{"not_picked":["Flex+1","Replay:Undeath\u0027s Touch","Entrench+1"],"picked":"Singing Bowl","floor":54},{"not_picked":["Rage+1","Heavy Blade","Bludgeon"],"picked":"Singing Bowl","floor":61},{"not_picked":["Hemokinesis","Blood for Blood","Inflame"],"picked":"Singing Bowl","floor":62},{"not_picked":["Cleave","Flame Barrier+1","Inflame"],"picked":"Singing Bowl","floor":63},{"not_picked":["Dark Embrace","Headbutt","Wild Strike"],"picked":"Singing Bowl","floor":65},{"not_picked":["Brutality","Bludgeon","Demonic Infusion+1"],"picked":"Singing Bowl","floor":67},{"not_picked":["Flex+1","Battle Trance+1","conspire:ExplosiveBarrier+1"],"picked":"Singing Bowl","floor":69},{"not_picked":["Entrench+1","Run Through","Hemokinesis"],"picked":"Singing Bowl","floor":72},{"not_picked":["Havoc+1","Rage+1","hubris:ReadiedAction+1"],"picked":"Singing Bowl","floor":74},{"not_picked":["Twin Strike+1","Heavy Blade","Battle Trance+1"],"picked":"Singing Bowl","floor":75},{"not_picked":["Abandon+1","Perfected Strike","Wild Strike+1"],"picked":"Singing Bowl","floor":76},{"not_picked":["Anger+1","Headbutt","Whirlwind+1"],"picked":"Singing Bowl","floor":80},{"not_picked":["Clash+1","Sever Soul+1","infinitespire:OneForAll+1"],"picked":"Singing Bowl","floor":81},{"not_picked":["Havoc+1","Flame Barrier+1","Anger+1"],"picked":"Singing Bowl","floor":82},{"not_picked":["Fiend Fire","Replay:Many Hands+1","Brutality"],"picked":"Singing Bowl","floor":84},{"not_picked":["infinitespire:Oblivion","infinitespire:Starlight"],"picked":"infinitespire:Menacing","floor":85},{"not_picked":["Wild Strike+1","Defy Death+1","Sentinel+1"],"picked":"Singing Bowl","floor":86},{"not_picked":["ReplayTheSpireMod:Haul","infinitespire:Menacing"],"picked":"infinitespire:Gouge","floor":87},{"not_picked":["Twin Strike","Thunderclap+1","Dark Embrace"],"picked":"Singing Bowl","floor":93},{"not_picked":["Spot Weakness+1","Dark Embrace","Perfected Strike"],"picked":"Singing Bowl","floor":96},{"not_picked":["Iron Wave","Hemokinesis","Exhume+1"],"picked":"Singing Bowl","floor":98},{"not_picked":["Thunderclap+1","Body Slam","Evolve+1"],"picked":"Singing Bowl","floor":99},{"not_picked":["Fiend Fire","Hemogenesis","Feed"],"picked":"Singing Bowl","floor":101},{"not_picked":["Body Slam","Clash","Cleave"],"picked":"Singing Bowl","floor":103},{"not_picked":["Bloodletting+1","hubris:SharpeningStone+1","Life Link"],"picked":"Singing Bowl","floor":106},{"not_picked":["Shrug It Off+1","conspire:ExplosiveBarrier+1","Replay:Undeath\u0027s Touch"],"picked":"Singing Bowl","floor":107},{"not_picked":["hubris:ReadiedAction+1","ReplayTheSpireMod:Strike From Hell","Twin Strike"],"picked":"Singing Bowl","floor":113},{"not_picked":["Body Slam","Run Through","Reckless Charge"],"picked":"Singing Bowl","floor":114},{"not_picked":["Brutality","Feed"],"picked":"Limit Break+1","floor":116},{"not_picked":["Juggernaut","Corruption","Eclipse+1"],"picked":"Singing Bowl","floor":118},{"not_picked":["Perfected Strike","conspire:Charge","Heavy Blade"],"picked":"Singing Bowl","floor":120},{"not_picked":["Replay:Undeath\u0027s Touch","Life Link","Pummel+1"],"picked":"Singing Bowl","floor":123},{"not_picked":["Clash+1","Intimidate+1","Clothesline+1"],"picked":"Singing Bowl","floor":124},{"not_picked":["Cleave","hubris:ReadiedAction+1","Flame Barrier+1"],"picked":"Singing Bowl","floor":126},{"not_picked":["Eclipse+1","hubris:StunningStrike","Berserk"],"picked":"Singing Bowl","floor":135},{"not_picked":["Cleave+1","Bloodletting+1","Feel No Pain"],"picked":"Singing Bowl","floor":137},{"not_picked":["Perfected Strike","ReplayTheSpireMod:Strike From Hell","Clothesline+1"],"picked":"Singing Bowl","floor":140},{"not_picked":["ReplayTheSpireMod:Strike From Hell","Sword Boomerang+1","Dark Embrace"],"picked":"Singing Bowl","floor":141},{"not_picked":["Armaments+1","ReplayTheSpireMod:Corrosion Curse+1","Sword Boomerang"],"picked":"Singing Bowl","floor":143},{"not_picked":["Twin Strike+1","Disarm+1","Second Wind+1"],"picked":"Singing Bowl","floor":144},{"not_picked":["Wild Strike","hubris:ReadiedAction+1","Perfected Strike"],"picked":"Singing Bowl","floor":146},{"not_picked":["Combust+1","Anger+1","Defy Death+1"],"picked":"Singing Bowl","floor":147},{"not_picked":["Havoc+1","Headbutt","Perfected Strike+1"],"picked":"Singing Bowl","floor":148},{"not_picked":["Flex+1","Rage+1","Whirlwind"],"picked":"Singing Bowl","floor":150}],"player_experience":188639,"relics_obtained":[{"floor":6,"key":"hubris:BottledRain"},{"floor":8,"key":"hubris:IronBody"},{"floor":9,"key":"hubris:SphereOfDissonance"},{"floor":25,"key":"Toxic Egg 2"},{"floor":26,"key":"Omamori"},{"floor":41,"key":"Replay:Rubber Ducky"},{"floor":43,"key":"PreservedInsect"},{"floor":44,"key":"ReplayTheSpireMod:Lightbulb"},{"floor":46,"key":"Bag of Preparation"},{"floor":47,"key":"Golden Egg"},{"floor":53,"key":"ReplayTheSpireMod:Spearhead"},{"floor":60,"key":"War Paint"},{"floor":61,"key":"Bottled Lightning"},{"floor":63,"key":"conspire:DeflatedDodgeball"},{"floor":64,"key":"Bottled Flame"},{"floor":74,"key":"ReplayFunnel"},{"floor":77,"key":"Blue Doll"},{"floor":81,"key":"Pear"},{"floor":94,"key":"hubris:TenFootPole"},{"floor":98,"key":"infinitespire:Lucky Rock"},{"floor":111,"key":"conspire:Dentures"},{"floor":113,"key":"Vajra"},{"floor":116,"key":"conspire:GiftBox"},{"floor":128,"key":"Onion Ring"},{"floor":145,"key":"MawBank"}],"event_choices":[{"damage_healed":0,"gold_gain":53,"player_choice":"Gained Gold","damage_taken":0,"max_hp_gain":0,"max_hp_loss":0,"event_name":"Golden Wing","floor":2,"gold_loss":0},{"damage_healed":0,"gold_gain":0,"player_choice":"Leave","damage_taken":0,"max_hp_gain":0,"max_hp_loss":0,"event_name":"conspire:Investor","floor":5,"gold_loss":0},{"damage_healed":0,"gold_gain":0,"player_choice":"Ignored","damage_taken":0,"max_hp_gain":0,"max_hp_loss":0,"event_name":"N\u0027loth","floor":19,"gold_loss":0},{"damage_healed":0,"gold_gain":0,"player_choice":"Upgraded","damage_taken":0,"max_hp_gain":0,"max_hp_loss":0,"event_name":"Upgrade Shrine","floor":23,"gold_loss":0,"cards_upgraded":["Double Tap"]},{"damage_healed":0,"gold_gain":0,"player_choice":"Embrace Madness","damage_taken":10,"max_hp_gain":0,"max_hp_loss":0,"event_name":"Winding Halls","floor":37,"gold_loss":0,"cards_obtained":["Madness","Madness"]},{"damage_healed":0,"gold_gain":0,"player_choice":"Ignored","damage_taken":0,"max_hp_gain":0,"max_hp_loss":0,"event_name":"NoteForYourself","floor":38,"gold_loss":0},{"damage_healed":0,"gold_gain":0,"player_choice":"Searched \u00271\u0027 times","damage_taken":0,"max_hp_gain":0,"max_hp_loss":0,"event_name":"Dead Adventurer","floor":53,"gold_loss":0},{"damage_healed":0,"gold_gain":0,"player_choice":"Grow","damage_taken":0,"max_hp_gain":0,"max_hp_loss":0,"event_name":"Living Wall","floor":55,"gold_loss":0,"cards_upgraded":["Reaper"]},{"cards_removed":["Strike_R"],"damage_healed":0,"gold_gain":0,"player_choice":"Card Removal","damage_taken":0,"max_hp_gain":0,"max_hp_loss":0,"event_name":"The Cleric","floor":58,"gold_loss":50},{"cards_removed":["Strike_R"],"damage_healed":0,"gold_gain":0,"player_choice":"Purged","damage_taken":0,"max_hp_gain":0,"max_hp_loss":0,"event_name":"Purifier","floor":71,"gold_loss":0},{"damage_healed":0,"gold_gain":0,"player_choice":"Paid","damage_taken":0,"relics_obtained":["Red Mask"],"max_hp_gain":0,"max_hp_loss":0,"event_name":"Tomb of Lord Red Mask","floor":88,"gold_loss":103},{"cards_removed":["Defend_R"],"damage_healed":0,"gold_gain":0,"player_choice":"Forget","damage_taken":0,"max_hp_gain":0,"max_hp_loss":0,"event_name":"Living Wall","floor":104,"gold_loss":0},{"damage_healed":0,"gold_gain":0,"player_choice":"Bought 1 Potion","damage_taken":0,"max_hp_gain":0,"max_hp_loss":0,"event_name":"The Woman in Blue","floor":105,"gold_loss":0},{"damage_healed":0,"gold_gain":0,"player_choice":"Paid Gold","damage_taken":0,"relics_obtained":["hubris:DuctTape"],"max_hp_gain":0,"max_hp_loss":0,"event_name":"WeMeetAgain","floor":109,"gold_loss":93},{"damage_healed":0,"gold_gain":0,"player_choice":"Ignored","damage_taken":0,"max_hp_gain":0,"max_hp_loss":0,"event_name":"Vampires","floor":121,"gold_loss":0},{"damage_healed":0,"gold_gain":0,"player_choice":"Got Potions","damage_taken":0,"max_hp_gain":0,"max_hp_loss":0,"event_name":"Lab","floor":122,"gold_loss":0},{"damage_healed":0,"gold_gain":0,"player_choice":"Read","damage_taken":0,"max_hp_gain":0,"max_hp_loss":0,"event_name":"The Library","floor":130,"gold_loss":0,"cards_obtained":["Cleave"]},{"damage_healed":0,"gold_gain":0,"player_choice":"Inject Mutagens","damage_taken":0,"relics_obtained":["MutagenicStrength"],"max_hp_gain":0,"max_hp_loss":0,"event_name":"Drug Dealer","floor":131,"gold_loss":0},{"damage_healed":0,"gold_gain":0,"player_choice":"Obtained Relic","damage_taken":0,"relics_obtained":["Calipers"],"max_hp_gain":0,"max_hp_loss":0,"event_name":"Addict","floor":133,"gold_loss":85},{"damage_healed":0,"gold_gain":222,"player_choice":"Wore Mask","damage_taken":0,"max_hp_gain":0,"max_hp_loss":0,"event_name":"Tomb of Lord Red Mask","floor":138,"gold_loss":0},{"damage_healed":0,"gold_gain":0,"player_choice":"Damaged","damage_taken":16,"max_hp_gain":0,"max_hp_loss":0,"event_name":"Wheel of Change","floor":139,"gold_loss":0}],"is_beta":false,"boss_relics":[{"not_picked":["Honey Jar","Replay:Grab Bag"],"picked":"Black Blood"},{"not_picked":["Replay:Bronze Core","Sozu","Painkiller Herb"]},{"not_picked":["Busted Crown","Replay:Ancient Bell"],"picked":"hubris:Backtick"},{"not_picked":["Mark of Pain","Replay:Grab Bag","Replay:Drink Me"]},{"not_picked":["Cursed Key","bronze:MakeshiftBattery"],"picked":"Empty Cage"},{"not_picked":["Runic Pyramid","Runic Dome","Snecko Eye"]},{"not_picked":["Philosopher\u0027s Stone","Replay:Grab Bag"],"picked":"Black Star"},{"not_picked":["Runic Pyramid","Ooze Armor","hubris:Stopwatch"]}],"items_purged_floors":[70,95],"is_endless":true,"potions_floor_spawned":[3,8,16,18,20,28,33,35,39,41,46,52,54,63,65,67,69,74,80,81,86,101,107,118,120,124,137,143,146],"killed_by":"infinitespire:LordOfFortification","ascension_level":0}}