{"host":"v4tuy5ykrbdcm9o9","time":1612235286,"event":{"mods":["BaseMod","Duelist Mod","Minty Spire (QoL Compilation)","Replay The Spire","StSLib"],"gold_per_floor":[116,133,145,156,170,197,197,197,197],"floor_reached":8,"language":"ENG","playtime":824,"items_purged":[],"score":81,"play_id":"38328474-c793-42cd-889d-c3dfa4998202","local_time":"20210201220805","is_ascension_mode":true,"campfire_choices":[{"floor":7,"key":"REST"}],"circlet_count":0,"master_deck":["Strike_B","Strike_B","Strike_B","Strike_B","Defend_B","Defend_B","Defend_B","Defend_B","Zap","Dualcast","theDuelist:Ookazi","Defend_G","Beam Cell","Panic Button","White Noise","Go for the Eyes","Beam Cell","Conserve Battery"],"relics":["Cracked Core","Orichalcum"],"acts_visited":["Exordium"],"potions_floor_usage":[5],"damage_taken":[{"damage":0.0,"enemies":"2 Louse","floor":1.0,"turns":2.0},{"damage":1.0,"enemies":"Cultist","floor":2.0,"turns":3.0},{"damage":2.0,"enemies":"Jaw Worm","floor":3.0,"turns":3.0},{"damage":18.0,"enemies":"Lots of Slimes","floor":4.0,"turns":5.0},{"damage":4,"enemies":"2 Fungi Beasts","floor":5,"turns":2},{"damage":25,"enemies":"Gremlin Nob","floor":6,"turns":4},{"damage":0,"enemies":"Lagavulin","floor":8,"turns":2}],"seed_played":"8516476595536818344","potions_obtained":[{"floor":4,"key":"Explosive Potion"},{"floor":5,"key":"DuplicationPotion"},{"floor":6,"key":"Adrenaline Potion"}],"is_trial":false,"path_per_floor":["M","M","M","M","M","E","R","E"],"character_chosen":"DEFECT","items_purchased":[],"campfire_rested":1,"item_purchase_floors":[],"current_hp_per_floor":[82,81,79,61,57,32,58,58,58],"gold":197,"neow_bonus":"TWENTY_PERCENT_HP_BONUS","is_daily":false,"chose_seed":false,"campfire_upgraded":0,"win_rate":0.0,"timestamp":1612235285,"path_taken":["M","M","M","M","M","E","R","E"],"items_purchased_type":[],"build_version":"2020-12-22","purchased_purges":0,"victory":false,"max_hp_per_floor":[89,89,89,89,89,89,89,89,89],"card_choices":[{"not_picked":["Leap","Chill"],"picked":"Beam Cell","floor":1.0},{"not_picked":["Consume","Stack"],"picked":"Panic Button","floor":2.0},{"not_picked":["Fusion","Doom and Gloom"],"picked":"White Noise","floor":3.0},{"not_picked":["Barrage","Panic Button"],"picked":"Go for the Eyes","floor":4},{"not_picked":["Turbo","Double Energy"],"picked":"Beam Cell","floor":5},{"not_picked":["Aggregate","Go for the Eyes"],"picked":"Conserve Battery","floor":6}],"player_experience":721988,"relics_obtained":[{"floor":6,"key":"Orichalcum"}],"event_choices":[],"is_beta":false,"boss_relics":[],"items_purged_floors":[],"is_endless":false,"potions_floor_spawned":[4,5,6],"killed_by":"Lagavulin","ascension_level":7}}