{"host":"3y2rtlgteqp2nuo3","time":1612270672,"event":{"mods":["2.2 Compatiblity","AchievementEnabler","BaseMod","Colored Map","DeckTracker","Highlight Path","Keyboard Shortcuts","Minty Spire (QoL Compilation)","Permanent Neow","Quick Restart","StSLib","SuperFastMode","everything is the same but u backflip on backflip"],"gold_per_floor":[109,125,136,156,169,169,188,188,188,205,225,175,175,195,195,291,291,302,316,333,350,350,350,365,379,404,404,422,422,447,460,460,460,460],"floor_reached":33,"language":"KOR","playtime":760,"items_purged":[],"score":424,"play_id":"cf11298a-7a75-467e-b96b-8e8479abf66b","local_time":"20210202215752","is_ascension_mode":true,"campfire_choices":[{"data":"Bash","floor":6,"key":"SMITH"},{"data":"Feed","floor":8,"key":"SMITH"},{"data":"Pummel","floor":15,"key":"SMITH"},{"data":"Flame Barrier","floor":23,"key":"SMITH"},{"floor":27,"key":"REST"},{"floor":29,"key":"REST"},{"floor":32,"key":"REST"}],"circlet_count":0,"master_deck":["AscendersBane","Strike_R","Strike_R","Strike_R","Defend_R","Defend_R","Defend_R","Defend_R","Bash+1","Metallicize","Twin Strike","Spot Weakness","Pummel+1","Clothesline","Feed+1","Bloodletting","Dropkick","Double Tap","Evolve+1","Flame Barrier+1","Inflame+1","Battle Trance","Inflame","Dropkick+1","Sword Boomerang"],"relics":["Burning Blood","Lizard Tail","Philosopher\u0027s Stone","Toy Ornithopter","Red Mask"],"acts_visited":["Exordium","TheCity"],"potions_floor_usage":[18,25,25,25,28,30,33],"damage_taken":[{"damage":2,"enemies":"Cultist","floor":1,"turns":4},{"damage":10,"enemies":"Jaw Worm","floor":2,"turns":5},{"damage":0,"enemies":"Small Slimes","floor":3,"turns":4},{"damage":8,"enemies":"Red Slaver","floor":4,"turns":3},{"damage":9,"enemies":"Looter","floor":5,"turns":3},{"damage":21,"enemies":"Lots of Slimes","floor":7,"turns":4},{"damage":10,"enemies":"Blue Slaver","floor":10,"turns":4},{"damage":21,"enemies":"Exordium Thugs","floor":11,"turns":5},{"damage":10,"enemies":"3 Louse","floor":14,"turns":3},{"damage":68,"enemies":"The Guardian","floor":16,"turns":14},{"damage":28,"enemies":"Spheric Guardian","floor":18,"turns":5},{"damage":31,"enemies":"Shell Parasite","floor":19,"turns":5},{"damage":16,"enemies":"Snecko","floor":20,"turns":5},{"damage":27,"enemies":"Snake Plant","floor":21,"turns":5},{"damage":27,"enemies":"Centurion and Healer","floor":24,"turns":4},{"damage":15,"enemies":"Sentry and Sphere","floor":25,"turns":4},{"damage":25,"enemies":"Snake Plant","floor":28,"turns":2},{"damage":62,"enemies":"Masked Bandits","floor":30,"turns":4},{"damage":17,"enemies":"Cultist and Chosen","floor":31,"turns":4},{"damage":92,"enemies":"Collector","floor":33,"turns":7}],"seed_played":"-7154449762922122910","potions_obtained":[{"floor":2,"key":"DistilledChaos"},{"floor":3,"key":"ColorlessPotion"},{"floor":7,"key":"FearPotion"},{"floor":19,"key":"Block Potion"},{"floor":25,"key":"DistilledChaos"},{"floor":28,"key":"FearPotion"},{"floor":31,"key":"Regen Potion"}],"is_trial":false,"path_per_floor":["M","M","M","M","M","R","M","R","T","M","M","?","?","M","R","B",null,"M","M","M","M","?","R","M","M","T","R","M","R","?","M","R","B"],"character_chosen":"IRONCLAD","items_purchased":[],"campfire_rested":3,"item_purchase_floors":[],"current_hp_per_floor":[76,72,78,76,73,73,58,58,58,54,43,43,71,71,71,13,72,54,33,27,58,58,58,37,32,32,64,54,87,36,29,63,0,0],"gold":460,"neow_bonus":"TRANSFORM_CARD","is_daily":false,"chose_seed":false,"campfire_upgraded":4,"win_rate":0.0,"timestamp":1612270672,"path_taken":["M","M","M","M","M","R","M","R","T","M","M","?","?","M","R","BOSS","M","M","M","M","?","R","M","M","T","R","M","R","?","M","R","BOSS"],"items_purchased_type":[],"build_version":"2020-12-22","purchased_purges":0,"victory":false,"max_hp_per_floor":[80,80,80,80,80,80,80,80,80,80,84,84,84,88,88,92,92,96,100,104,104,104,104,104,108,108,108,112,112,112,116,116,116,116],"card_choices":[{"not_picked":["Anger","Flex"],"picked":"Twin Strike","floor":1},{"not_picked":["Blood for Blood","Anger"],"picked":"Spot Weakness","floor":2},{"not_picked":["Twin Strike","Havoc"],"picked":"Pummel","floor":3},{"not_picked":["Body Slam","Twin Strike"],"picked":"Clothesline","floor":4},{"not_picked":["Twin Strike","Cleave","True Grit"],"picked":"SKIP","floor":5},{"not_picked":["Twin Strike","Shrug It Off"],"picked":"Feed","floor":7},{"not_picked":["Twin Strike","Flex","Clash"],"picked":"SKIP","floor":10},{"not_picked":["Cleave","Rampage"],"picked":"Bloodletting","floor":11},{"not_picked":["Brutality","Intimidate"],"picked":"Dropkick","floor":14},{"not_picked":["Exhume","Fiend Fire"],"picked":"Double Tap","floor":16},{"not_picked":["Metallicize","Clash+1"],"picked":"Evolve+1","floor":18},{"not_picked":["Anger","Havoc"],"picked":"Flame Barrier","floor":19},{"not_picked":["Seeing Red","Cleave"],"picked":"Inflame+1","floor":20},{"not_picked":["Clothesline","Thunderclap+1"],"picked":"Battle Trance","floor":21},{"not_picked":["Body Slam","Dark Embrace"],"picked":"Inflame","floor":24},{"not_picked":["Havoc","Ghostly Armor"],"picked":"Dropkick+1","floor":25},{"not_picked":["Havoc","Whirlwind","Exhume"],"picked":"SKIP","floor":28},{"not_picked":["Shrug It Off","Evolve"],"picked":"Sword Boomerang","floor":30},{"not_picked":["Armaments+1","Warcry","Iron Wave+1"],"picked":"SKIP","floor":31}],"player_experience":747850,"relics_obtained":[{"floor":9,"key":"Lizard Tail"},{"floor":26,"key":"Toy Ornithopter"},{"floor":30,"key":"Red Mask"}],"event_choices":[{"cards_removed":["Strike_R"],"damage_healed":0,"gold_gain":0,"player_choice":"Card Removal","damage_taken":0,"max_hp_gain":0,"max_hp_loss":0,"event_name":"The Cleric","floor":12,"gold_loss":50},{"damage_healed":28,"gold_gain":0,"player_choice":"Banana","damage_taken":0,"max_hp_gain":0,"max_hp_loss":0,"event_name":"Big Fish","floor":13,"gold_loss":0},{"damage_healed":0,"gold_gain":0,"player_choice":"Ignored","damage_taken":0,"max_hp_gain":0,"max_hp_loss":0,"event_name":"Ghosts","floor":22,"gold_loss":0},{"damage_healed":0,"gold_gain":0,"player_choice":"Fought Bandits","damage_taken":0,"max_hp_gain":0,"max_hp_loss":0,"event_name":"Masked Bandits","floor":30,"gold_loss":0}],"is_beta":false,"boss_relics":[{"not_picked":["Runic Cube","Cursed Key"],"picked":"Philosopher\u0027s Stone"}],"items_purged_floors":[],"is_endless":false,"potions_floor_spawned":[2,3,7,10,14,19,24,25,28,31],"killed_by":"Collector","ascension_level":10}}