{"host":"kjehzzhcyp0nyrrl","time":1612252771,"event":{"mods":["100% Spire Juice","AchievementEnabler","BaseMod","Hermit","Keyboard Shortcuts","Koishi","Minty Spire (QoL Compilation)","StSLib","SuperFastMode","The Dragon Tamer","The Hierophant","everything is the same but u backflip on backflip"],"gold_per_floor":[109,109,59,71,71,71,106,106,106,125,125,144,162,172,172,172,172],"floor_reached":16,"language":"KOR","playtime":401,"items_purged":[],"score":127,"play_id":"3dc2cbdc-da44-4aea-80c2-90ada9de6b65","local_time":"20210202165931","is_ascension_mode":false,"campfire_choices":[{"data":"Moonworks:IndiscriminateFireSupport","floor":6,"key":"SMITH"},{"data":"Moonworks:BigMagnum","floor":8,"key":"SMITH"},{"data":"Moonworks:x16BigRocket","floor":11,"key":"SMITH"},{"data":"Moonworks:CloudOfSeagulls","floor":15,"key":"SMITH"}],"circlet_count":0,"master_deck":["Moonworks:Strike+1","Moonworks:Strike+1","Moonworks:Defend","Moonworks:Defend","Moonworks:Defend","Moonworks:Defend","Moonworks:Ambush","Moonworks:LongDistanceShot","Moonworks:IndiscriminateFireSupport+1","Moonworks:BigMagnum+1","Moonworks:x16BigRocket+1","Moonworks:JonathanRush","Moonworks:JonathanRush","Moonworks:SweetBattle","Moonworks:CloudOfSeagulls+1"],"relics":["Moonworks:BrokenBomb","Moonworks:Homemark","NeowsBlessing","Centennial Puzzle","Oddly Smooth Stone"],"acts_visited":["Exordium"],"potions_floor_usage":[],"damage_taken":[{"damage":0,"enemies":"Cultist","floor":1,"turns":1},{"damage":0,"enemies":"2 Louse","floor":4,"turns":1},{"damage":0,"enemies":"Lagavulin","floor":7,"turns":1},{"damage":0,"enemies":"Small Slimes","floor":10,"turns":1},{"damage":6,"enemies":"Looter","floor":12,"turns":3},{"damage":0,"enemies":"Lots of Slimes","floor":13,"turns":1},{"damage":0,"enemies":"2 Fungi Beasts","floor":14,"turns":2},{"damage":39,"enemies":"The Guardian","floor":16,"turns":8}],"seed_played":"-4378480252840967978","potions_obtained":[{"floor":1,"key":"CultistPotion"},{"floor":7,"key":"Energy Potion"},{"floor":13,"key":"LiquidBronze"}],"is_trial":false,"path_per_floor":["M","?","?","M","?","R","E","R","T","M","R","M","M","M","R","B"],"character_chosen":"THE_STARBREAKER","items_purchased":[],"campfire_rested":0,"item_purchase_floors":[],"current_hp_per_floor":[60,48,48,48,41,41,41,41,41,41,41,35,35,35,35,0,0],"gold":172,"neow_bonus":"THREE_ENEMY_KILL","is_daily":false,"chose_seed":false,"campfire_upgraded":4,"win_rate":0.0,"timestamp":1612252771,"path_taken":["M","?","?","M","?","R","E","R","T","M","R","M","M","M","R","BOSS"],"items_purchased_type":[],"build_version":"2020-12-22","purchased_purges":0,"victory":false,"max_hp_per_floor":[60,60,60,60,60,60,60,60,60,60,60,60,60,60,60,60,60],"card_choices":[{"not_picked":["Moonworks:Bloodlust","Moonworks:SakisCookie"],"picked":"Moonworks:IndiscriminateFireSupport","floor":1},{"not_picked":["Moonworks:MixPhenomenon","Moonworks:BeyondHell"],"picked":"Moonworks:BigMagnum","floor":4},{"not_picked":["Moonworks:ForcedRevival","Moonworks:BackdoorTrade"],"picked":"Moonworks:x16BigRocket","floor":7},{"not_picked":["Moonworks:BigBangBell","Moonworks:LulusLuckyEgg"],"picked":"Moonworks:JonathanRush","floor":10},{"not_picked":["Moonworks:BigMagnum","Moonworks:IndiscriminateFireSupport"],"picked":"Moonworks:JonathanRush","floor":12},{"not_picked":["Moonworks:BigMagnum","Moonworks:JonathanRush"],"picked":"Moonworks:SweetBattle","floor":13},{"not_picked":["Moonworks:DeployBits","Moonworks:IndiscriminateFireSupport"],"picked":"Moonworks:CloudOfSeagulls","floor":14}],"player_experience":397447,"relics_obtained":[{"floor":7,"key":"Centennial Puzzle"},{"floor":9,"key":"Oddly Smooth Stone"}],"event_choices":[{"damage_healed":0,"gold_gain":0,"player_choice":"Entered Light","damage_taken":12,"max_hp_gain":0,"max_hp_loss":0,"event_name":"Shining Light","floor":2,"gold_loss":0,"cards_upgraded":["Moonworks:Strike","Moonworks:Strike"]},{"cards_removed":["Moonworks:Strike"],"damage_healed":0,"gold_gain":0,"player_choice":"Card Removal","damage_taken":0,"max_hp_gain":0,"max_hp_loss":0,"event_name":"The Cleric","floor":3,"gold_loss":50},{"cards_removed":["Moonworks:Strike"],"damage_healed":0,"gold_gain":0,"player_choice":"Card Removal","damage_taken":7,"max_hp_gain":0,"max_hp_loss":0,"event_name":"Golden Wing","floor":5,"gold_loss":0}],"is_beta":false,"boss_relics":[],"items_purged_floors":[],"is_endless":false,"potions_floor_spawned":[1,7,13],"killed_by":"The Guardian","ascension_level":0}}