{"host":"zrwwt1jjq0fpdjej","time":1612254864,"event":{"mods":["AchievementEnabler","BaseMod","Colored Map","Minty Spire (QoL Compilation)","StSLib","SuperFastMode"],"gold_per_floor":[119,194,194,194,44,70,70,97,97,113,38,38,69,88,88,189,189,206,216,216,216],"floor_reached":20,"language":"KOR","playtime":715,"items_purged":["Strike_R"],"score":360,"play_id":"21eca9b6-c353-4563-ba3d-9d7d92de4707","local_time":"20210202173424","is_ascension_mode":true,"campfire_choices":[{"data":"Ghostly Armor","floor":7.0,"key":"SMITH"},{"data":"Armaments","floor":15.0,"key":"SMITH"}],"circlet_count":0,"master_deck":["AscendersBane","Strike_R+1","Defend_R","Defend_R","Defend_R+1","Defend_R","Bash","Cleave","Ghostly Armor+1","Armaments+1","Blood for Blood","Double Tap","Barricade+1","Brutality+1","Shrug It Off+1","Fiend Fire+1","Metallicize+1","Iron Wave+1"],"relics":["Burning Blood","NeowsBlessing","Centennial Puzzle","Mercury Hourglass","Letter Opener","Frozen Egg 2","White Beast Statue","Astrolabe"],"acts_visited":["Exordium","TheCity"],"potions_floor_usage":[],"damage_taken":[{"damage":0.0,"enemies":"Small Slimes","floor":1.0,"turns":1.0},{"damage":0.0,"enemies":"Gremlin Nob","floor":6.0,"turns":1.0},{"damage":0.0,"enemies":"Lagavulin","floor":8.0,"turns":1.0},{"damage":0.0,"enemies":"2 Louse","floor":10.0,"turns":2.0},{"damage":16.0,"enemies":"Gremlin Nob","floor":13.0,"turns":4.0},{"damage":7.0,"enemies":"Jaw Worm","floor":14.0,"turns":3.0},{"damage":27.0,"enemies":"Slime Boss","floor":16.0,"turns":13.0},{"damage":7.0,"enemies":"Chosen","floor":18.0,"turns":5.0},{"damage":22.0,"enemies":"2 Thieves","floor":19.0,"turns":3.0},{"damage":0,"enemies":"Snake Plant","floor":20,"turns":1}],"seed_played":"7635194297859852187","potions_obtained":[{"floor":1.0,"key":"LiquidBronze"},{"floor":10.0,"key":"Swift Potion"},{"floor":12.0,"key":"Fruit Juice"},{"floor":12.0,"key":"SteroidPotion"},{"floor":14.0,"key":"Block Potion"},{"floor":16.0,"key":"AttackPotion"},{"floor":18.0,"key":"SpeedPotion"},{"floor":19.0,"key":"LiquidBronze"}],"is_trial":false,"path_per_floor":["M","?","?","?","$","E","R","E","T","M","$","?","E","M","R","B",null,"M","M","M"],"character_chosen":"IRONCLAD","items_purchased":["Centennial Puzzle"],"campfire_rested":0,"item_purchase_floors":[5],"current_hp_per_floor":[78,67,51,56,56,62,62,68,68,74,74,79,69,68,68,47,79,78,62,62,62],"gold":216,"neow_bonus":"THREE_ENEMY_KILL","is_daily":false,"chose_seed":false,"campfire_upgraded":2,"win_rate":0.0,"timestamp":1612254864,"path_taken":["M","?","?","?","?","E","R","E","T","?","$","?","E","?","R","BOSS","M","M","M"],"items_purchased_type":["Relic"],"build_version":"2020-12-22","purchased_purges":1,"victory":false,"max_hp_per_floor":[80,80,80,85,85,85,85,85,85,85,85,90,90,90,90,90,90,90,90,90,90],"card_choices":[{"not_picked":["Feel No Pain","Burning Pact"],"picked":"Cleave","floor":1.0},{"not_picked":["Spot Weakness","Sentinel"],"picked":"Ghostly Armor","floor":6.0},{"not_picked":["Iron Wave","Wild Strike","Feel No Pain"],"picked":"SKIP","floor":8.0},{"not_picked":["Shrug It Off","Warcry"],"picked":"Armaments","floor":10.0},{"not_picked":["Warcry","Cleave"],"picked":"Blood for Blood","floor":13.0},{"not_picked":["Clothesline","Twin Strike"],"picked":"Double Tap","floor":14.0},{"not_picked":["Berserk+1","Limit Break"],"picked":"Barricade+1","floor":16.0},{"not_picked":["Headbutt","Rage+1"],"picked":"Metallicize+1","floor":18.0},{"not_picked":["Uppercut","Flex"],"picked":"Iron Wave+1","floor":19.0}],"player_experience":255025,"relics_obtained":[{"floor":6.0,"key":"Mercury Hourglass"},{"floor":8.0,"key":"Letter Opener"},{"floor":9.0,"key":"Frozen Egg 2"},{"floor":13.0,"key":"White Beast Statue"}],"event_choices":[{"damage_healed":0.0,"max_hp_gain":0.0,"max_hp_loss":0.0,"gold_gain":75.0,"event_name":"World of Goop","player_choice":"Gather Gold","floor":2.0,"gold_loss":0.0,"damage_taken":11.0},{"damage_healed":0.0,"max_hp_gain":0.0,"max_hp_loss":0.0,"gold_gain":0.0,"event_name":"Shining Light","player_choice":"Entered Light","floor":3.0,"gold_loss":0.0,"damage_taken":16.0,"cards_upgraded":["Defend_R","Strike_R"]},{"damage_healed":0.0,"max_hp_gain":5.0,"max_hp_loss":0.0,"gold_gain":0.0,"event_name":"Big Fish","player_choice":"Donut","floor":4.0,"gold_loss":0.0,"damage_taken":0.0},{"damage_healed":0.0,"max_hp_gain":0.0,"max_hp_loss":0.0,"gold_gain":0.0,"event_name":"Lab","player_choice":"Got Potions","floor":12.0,"gold_loss":0.0,"damage_taken":0.0}],"is_beta":false,"boss_relics":[{"not_picked":["Busted Crown","Snecko Eye"],"picked":"Astrolabe"}],"items_purged_floors":[11],"is_endless":false,"potions_floor_spawned":[1,10,14,16,18,19],"killed_by":"Snake Plant","ascension_level":10}}