{"host":"utqe55yv0jihe4d6","time":1612295685,"event":{"mods":["2.2 Compatiblity","AchievementEnabler","BaseMod","Block Reminder","Colored Map","Colored Powertips","Minty Spire (QoL Compilation)","Quick Restart","Rare Cards Sparkle","Relic Stats","SuperFastMode"],"gold_per_floor":[109,109,109,124,199,199,219,242,242,285,304,323,357,79,79,79,79],"floor_reached":16,"language":"ENG","playtime":469,"items_purged":["Strike_R"],"score":224,"play_id":"c95b9f7b-e8b3-45ad-8b08-a56ca69e785a","local_time":"20210202145445","is_ascension_mode":true,"campfire_choices":[{"data":"Rage","floor":6.0,"key":"SMITH"},{"floor":15,"key":"REST"}],"circlet_count":0,"master_deck":["AscendersBane","Strike_R","Strike_R","Strike_R","Defend_R","Defend_R","Defend_R","Defend_R","Bash","Rage+1","Uppercut","Headbutt","Shrug It Off","Feed","Intimidate","Feel No Pain+1"],"relics":["Runic Pyramid","Golden Idol","StrikeDummy","Frozen Egg 2","Unceasing Top","OrangePellets"],"acts_visited":["Exordium"],"potions_floor_usage":[13],"damage_taken":[{"damage":1.0,"enemies":"Small Slimes","floor":1.0,"turns":4.0},{"damage":0.0,"enemies":"2 Louse","floor":4.0,"turns":3.0},{"damage":4.0,"enemies":"Jaw Worm","floor":7.0,"turns":3.0},{"damage":25.0,"enemies":"Exordium Thugs","floor":8.0,"turns":5.0},{"damage":10.0,"enemies":"3 Sentries","floor":10.0,"turns":6.0},{"damage":7.0,"enemies":"2 Fungi Beasts","floor":11.0,"turns":3.0},{"damage":4.0,"enemies":"Looter","floor":12.0,"turns":3.0},{"damage":27,"enemies":"Lagavulin","floor":13,"turns":6},{"damage":51,"enemies":"Slime Boss","floor":16,"turns":8}],"seed_played":"9140118174035905820","potions_obtained":[{"floor":1.0,"key":"Explosive Potion"},{"floor":4.0,"key":"Regen Potion"},{"floor":10.0,"key":"Strength Potion"},{"floor":12.0,"key":"FairyPotion"}],"is_trial":false,"path_per_floor":["M","?","?","M","?","R","M","M","T","E","M","M","E","$","R","B"],"character_chosen":"IRONCLAD","items_purchased":["Feel No Pain+1","OrangePellets"],"campfire_rested":1,"item_purchase_floors":[14,14],"current_hp_per_floor":[67,60,60,60,49,49,45,34,34,24,20,19,25,25,48,0,0],"gold":79,"neow_bonus":"BOSS_RELIC","is_daily":false,"chose_seed":false,"campfire_upgraded":1,"win_rate":0.0,"timestamp":1612295685,"path_taken":["M","?","?","M","?","R","M","M","T","E","M","?","E","?","R","BOSS"],"items_purchased_type":["Card","Relic"],"build_version":"2020-12-22","purchased_purges":1,"victory":false,"max_hp_per_floor":[75,75,68,68,68,68,68,68,68,68,71,74,77,77,77,80,80],"relic_stats":{"OrangePellets":[0],"counters":[9,41],"Golden Idol":36,"obtain_stats":[{"OrangePellets":14,"Golden Idol":3,"Frozen Egg 2":10,"StrikeDummy":9,"Burning Blood":0,"Unceasing Top":13,"Runic Pyramid":0},{"OrangePellets":8,"Golden Idol":1,"Frozen Egg 2":5,"StrikeDummy":4,"Burning Blood":0,"Unceasing Top":8,"Runic Pyramid":0},{"OrangePellets":33,"Golden Idol":4,"Frozen Egg 2":21,"StrikeDummy":15,"Burning Blood":0,"Unceasing Top":33,"Runic Pyramid":0}],"Unceasing Top":[0]},"card_choices":[{"not_picked":["Shockwave","Perfected Strike"],"picked":"Rage","floor":1.0},{"not_picked":["Dropkick","Pummel"],"picked":"Uppercut","floor":4.0},{"not_picked":["Metallicize","Body Slam"],"picked":"Headbutt","floor":7.0},{"not_picked":["Sever Soul","Pummel"],"picked":"Shrug It Off","floor":8.0},{"not_picked":["Body Slam","Anger"],"picked":"Feed","floor":10.0},{"not_picked":["Dropkick","Headbutt","Wild Strike"],"picked":"SKIP","floor":11.0},{"not_picked":["Twin Strike","Havoc","Pommel Strike"],"picked":"SKIP","floor":12.0},{"not_picked":["Shrug It Off","Rampage"],"picked":"Intimidate","floor":13}],"player_experience":2991525,"relics_obtained":[{"floor":9.0,"key":"StrikeDummy"},{"floor":10.0,"key":"Frozen Egg 2"},{"floor":13,"key":"Unceasing Top"}],"event_choices":[{"cards_removed":["Strike_R"],"damage_healed":0.0,"max_hp_gain":0.0,"max_hp_loss":0.0,"gold_gain":0.0,"event_name":"Golden Wing","player_choice":"Card Removal","floor":2.0,"gold_loss":0.0,"damage_taken":7.0},{"damage_healed":0.0,"max_hp_gain":0.0,"max_hp_loss":7.0,"gold_gain":0.0,"event_name":"Golden Idol","player_choice":"Lose Max HP","floor":3.0,"gold_loss":0.0,"damage_taken":0.0,"relics_obtained":["Golden Idol"]},{"damage_healed":0.0,"max_hp_gain":0.0,"max_hp_loss":0.0,"gold_gain":75.0,"event_name":"World of Goop","player_choice":"Gather Gold","floor":5.0,"gold_loss":0.0,"damage_taken":11.0}],"is_beta":false,"boss_relics":[],"items_purged_floors":[14],"is_endless":false,"potions_floor_spawned":[1,4,10,12],"killed_by":"Slime Boss","ascension_level":20}}