{"host":"49pjgf1q9ev52n8z","time":1612303020,"event":{"mods":["BaseMod","Bestiary","Colored Map","Minty Spire (QoL Compilation)","Practice Mode","Relic Stats","StSLib"],"gold_per_floor":[116,116,130,143,153,153,186,186,236,250,250,280,292,309,309,387,387,403,403,403,423,14,48,48,48,48,60,75,110,128,143,143,143,143],"floor_reached":33,"language":"ENG","playtime":2488,"items_purged":[],"score":636,"play_id":"c0bea595-10cc-40bc-87df-202b14e88b87","local_time":"20210202135700","is_ascension_mode":true,"campfire_choices":[{"data":"Glass Knife","floor":6.0,"key":"SMITH"},{"data":"Distraction","floor":8.0,"key":"SMITH"},{"floor":11.0,"key":"REST"},{"floor":15.0,"key":"REST"},{"floor":24.0,"key":"REST"},{"floor":32,"key":"REST"}],"circlet_count":0,"master_deck":["AscendersBane","Strike_G","Strike_G","Strike_G","Strike_G","Defend_G","Defend_G","Defend_G","Defend_G","Defend_G","Survivor","Neutralize","Quick Slash","Distraction+1","Sucker Punch","Slice","Glass Knife+1","Infinite Blades","Choke","Poisoned Stab","Leg Sweep","Malaise","Bouncing Flask","Blade Dance","Backstab","Die Die Die","Blade Dance","Flechettes","PiercingWail","Noxious Fumes+1"],"relics":["Ring of the Snake","Shuriken","Toy Ornithopter","Dream Catcher","Sozu","Vajra","Sling","Bottled Flame","MutagenicStrength","Question Card","PreservedInsect"],"acts_visited":["Exordium","TheCity"],"potions_floor_usage":[],"damage_taken":[{"damage":4.0,"enemies":"Jaw Worm","floor":1.0,"turns":5.0},{"damage":1.0,"enemies":"Cultist","floor":3.0,"turns":4.0},{"damage":0.0,"enemies":"2 Louse","floor":4.0,"turns":2.0},{"damage":16.0,"enemies":"Exordium Wildlife","floor":5.0,"turns":5.0},{"damage":3.0,"enemies":"Gremlin Nob","floor":7.0,"turns":3.0},{"damage":7.0,"enemies":"Lots of Slimes","floor":10.0,"turns":4.0},{"damage":20.0,"enemies":"3 Sentries","floor":12.0,"turns":4.0},{"damage":10.0,"enemies":"2 Fungi Beasts","floor":13.0,"turns":2.0},{"damage":9.0,"enemies":"3 Louse","floor":14.0,"turns":4.0},{"damage":28.0,"enemies":"Hexaghost","floor":16.0,"turns":9.0},{"damage":9.0,"enemies":"Chosen","floor":18.0,"turns":5.0},{"damage":16.0,"enemies":"Spheric Guardian","floor":21.0,"turns":4.0},{"damage":30.0,"enemies":"Slavers","floor":23.0,"turns":5.0},{"damage":0.0,"enemies":"Centurion and Healer","floor":27.0,"turns":3.0},{"damage":0.0,"enemies":"Cultist and Chosen","floor":28.0,"turns":3.0},{"damage":0.0,"enemies":"Gremlin Leader","floor":29.0,"turns":3.0},{"damage":18,"enemies":"Snake Plant","floor":30,"turns":2},{"damage":0,"enemies":"Snecko","floor":31,"turns":3},{"damage":49,"enemies":"Automaton","floor":33,"turns":6}],"seed_played":"-5918963013041556283","potions_obtained":[{"floor":3.0,"key":"FearPotion"},{"floor":7.0,"key":"DuplicationPotion"},{"floor":12.0,"key":"Ancient Potion"}],"is_trial":false,"path_per_floor":["M","?","M","M","M","R","E","R","T","M","R","E","M","M","R","B",null,"M","?","?","M","$","E","R","?","T","M","M","E","M","M","R","B"],"character_chosen":"THE_SILENT","items_purchased":["Vajra","Sling","Backstab"],"campfire_rested":4,"item_purchase_floors":[22,22,22],"current_hp_per_floor":[61,61,60,60,44,44,41,41,41,39,60,40,30,21,42,14,58,49,49,49,33,33,3,24,24,24,24,24,24,6,6,27,0,0],"gold":143,"neow_bonus":"TEN_PERCENT_HP_BONUS","is_daily":false,"chose_seed":false,"campfire_upgraded":2,"win_rate":0.0,"timestamp":1612303020,"path_taken":["M","?","M","M","M","R","E","R","T","?","R","E","M","M","R","BOSS","M","?","?","?","$","E","R","?","T","M","M","E","M","M","R","BOSS"],"items_purchased_type":["Relic","Relic","Card"],"build_version":"2020-12-22","purchased_purges":0,"victory":false,"max_hp_per_floor":[72,72,72,72,72,72,72,72,72,72,72,72,72,72,72,72,72,72,72,72,72,72,72,72,72,72,72,72,72,72,72,72,72,72],"relic_stats":{"Sozu":6,"Dream Catcher":3,"counters":[19,76],"Shuriken":[38],"PreservedInsect":0,"Question Card":6,"obtain_stats":[{"Sozu":17,"Dream Catcher":12,"Bottled Flame":23,"Shuriken":7,"MutagenicStrength":25,"Vajra":22,"PreservedInsect":29,"Sling":22,"Question Card":26,"Toy Ornithopter":9,"Ring of the Snake":0},{"Sozu":10,"Dream Catcher":7,"Bottled Flame":13,"Shuriken":5,"MutagenicStrength":13,"Vajra":12,"PreservedInsect":16,"Sling":12,"Question Card":13,"Toy Ornithopter":5,"Ring of the Snake":0},{"Sozu":42,"Dream Catcher":27,"Bottled Flame":56,"Shuriken":19,"MutagenicStrength":56,"Vajra":51,"PreservedInsect":65,"Sling":51,"Question Card":56,"Toy Ornithopter":19,"Ring of the Snake":0}],"Toy Ornithopter":5,"Ring of the Snake":[38]},"card_choices":[{"not_picked":["Dodge and Roll","Sucker Punch"],"picked":"Quick Slash","floor":1.0},{"not_picked":["Dodge and Roll","Backflip"],"picked":"Sucker Punch","floor":3.0},{"not_picked":["Bane","Eviscerate"],"picked":"Slice","floor":4.0},{"not_picked":["Flechettes","Bane"],"picked":"Glass Knife","floor":5.0},{"not_picked":["Crippling Poison","Backflip"],"picked":"Infinite Blades","floor":7.0},{"not_picked":["Prepared","Deflect"],"picked":"Choke","floor":10.0},{"not_picked":["PiercingWail","Prepared"],"picked":"Poisoned Stab","floor":12.0},{"not_picked":["Flying Knee","Expertise","Terror"],"picked":"SKIP","floor":13.0},{"not_picked":["Underhanded Strike","Poisoned Stab","Concentrate"],"picked":"SKIP","floor":14.0},{"not_picked":["Masterful Stab","Dagger Spray"],"picked":"Leg Sweep","floor":15.0},{"not_picked":["Tools of the Trade","Grand Finale"],"picked":"Malaise","floor":16.0},{"not_picked":["Underhanded Strike","Escape Plan"],"picked":"Bouncing Flask","floor":18.0},{"not_picked":["Flechettes","Sucker Punch"],"picked":"Blade Dance","floor":21.0},{"not_picked":["Underhanded Strike","Deadly Poison"],"picked":"Die Die Die","floor":23.0},{"not_picked":["Flying Knee","Calculated Gamble","Poisoned Stab"],"picked":"Blade Dance","floor":27.0},{"not_picked":["Noxious Fumes","Blade Dance","Outmaneuver"],"picked":"Flechettes","floor":28.0},{"not_picked":["All Out Attack","Flying Knee","Bullet Time"],"picked":"PiercingWail","floor":29.0},{"not_picked":["Blade Dance","PiercingWail","Tactician+1"],"picked":"Noxious Fumes+1","floor":30},{"not_picked":["Choke","Underhanded Strike","Noxious Fumes","Dagger Spray"],"picked":"SKIP","floor":31},{"not_picked":["Choke","Underhanded Strike","Noxious Fumes","Dagger Spray"],"picked":"SKIP","floor":31}],"player_experience":679891,"relics_obtained":[{"floor":7.0,"key":"Shuriken"},{"floor":9.0,"key":"Toy Ornithopter"},{"floor":12.0,"key":"Dream Catcher"},{"floor":23.0,"key":"Bottled Flame"},{"floor":26.0,"key":"Question Card"},{"floor":29.0,"key":"PreservedInsect"}],"event_choices":[{"damage_healed":0.0,"max_hp_gain":0.0,"max_hp_loss":0.0,"gold_gain":0.0,"cards_transformed":["Strike_G"],"event_name":"Transmorgrifier","player_choice":"Transformed","floor":2.0,"gold_loss":0.0,"damage_taken":0.0,"cards_obtained":["Distraction"]},{"damage_healed":0.0,"max_hp_gain":0.0,"max_hp_loss":0.0,"gold_gain":0.0,"event_name":"Beggar","player_choice":"Ignored","floor":19.0,"gold_loss":0.0,"damage_taken":0.0},{"damage_healed":0.0,"max_hp_gain":0.0,"max_hp_loss":0.0,"gold_gain":0.0,"event_name":"Lab","player_choice":"Got Potions","floor":20.0,"gold_loss":0.0,"damage_taken":0.0},{"damage_healed":0.0,"max_hp_gain":0.0,"max_hp_loss":0.0,"gold_gain":0.0,"event_name":"Drug Dealer","player_choice":"Inject Mutagens","floor":25.0,"gold_loss":0.0,"damage_taken":0.0,"relics_obtained":["MutagenicStrength"]}],"is_beta":false,"boss_relics":[{"not_picked":["Philosopher\u0027s Stone","Fusion Hammer"],"picked":"Sozu"}],"items_purged_floors":[],"is_endless":false,"potions_floor_spawned":[3,7,12,18,23,29,31],"killed_by":"Automaton","ascension_level":19}}