{"host":"yzy3lyltrgq1sam1","time":1612232019,"event":{"mods":["Act Like it!","BaseMod","Downfall","Gensokyo","Koishi","KomeijiMod","Marisa£®ÏF”Í°°ƒß¿Ì…≥£©","Minty Spire (QoL Compilation)","Prisma Mod","Quick Restart","Reimu£®≤©¿ˆ¡È√Œ£©","Reliquary","Remilia£®¿Ÿ√◊¿Ú—«£©","StSLib","The Administrix","The Alterego","WarShipGirlsR/’ΩΩ¢…Ÿ≈ÆR mod","Yakumo Yukari mod","Youmu£®ªÍ∆«—˝√Œ£©","°æ“≈ŒÔø®≈∆°øREMEMod"],"gold_per_floor":[140,140,163,163,188,241,265,265,265,265,310,310,310,310],"floor_reached":13,"language":"ZHS","playtime":973,"items_purged":[],"score":118,"play_id":"026d8923-adb3-4d2a-95de-4875ae9fc0c5","local_time":"20210202101339","is_ascension_mode":false,"campfire_choices":[{"data":"Observe_purple_2","floor":8,"key":"SMITH"},{"data":"MonsterNeedle_purple","floor":10,"key":"SMITH"}],"circlet_count":0,"master_deck":["AT_purpleEX","AT_purpleEX","AT_purpleEX","AT_purpleEX","Defend_purpleEX","Defend_purpleEX","Defend_purpleEX","Defend_purpleEX","Observe_purple_1","Observe_purple_2+1","hexamod:SecondSeal","MNeedle_purple","Line_surface_state_purple","MonsterNeedle_purple+1","OmniscientAndOmnipotent_Monster_purple","Photoelasticity_Doppler_Effect_purple","Extrememeaning_purpleEX","WorldDissolvedintheRealm_purple","ExternalForce_HighSpeedFlying_purple"],"relics":["Boundary_crack","Memoryfragments_purpleEX","REME_ComplimentaryCards","Golden Idol","Centennial Puzzle","Pear","REME_IWantAll"],"acts_visited":["Exordium"],"potions_floor_usage":[11],"damage_taken":[{"damage":1.0,"enemies":"Jaw Worm","floor":1.0,"turns":6.0},{"damage":2.0,"enemies":"Small Slimes","floor":3.0,"turns":3.0},{"damage":0.0,"enemies":"2 Louse","floor":5.0,"turns":2.0},{"damage":39,"enemies":"Lagavulin","floor":6,"turns":8},{"damage":1,"enemies":"2 Fungi Beasts","floor":7,"turns":3},{"damage":40,"enemies":"Gremlin Nob","floor":11,"turns":5},{"damage":0,"enemies":"3 Sentries","floor":13,"turns":1}],"seed_played":"820918695517063853","potions_obtained":[{"floor":1.0,"key":"SmokeBomb"},{"floor":6,"key":"Regen Potion"}],"is_trial":false,"path_per_floor":["M","?","M","?","M","E","M","R","T","R","E","?","E"],"character_chosen":"Youkari","items_purchased":[],"campfire_rested":0,"item_purchase_floors":[],"current_hp_per_floor":[77,77,77,58,59,20,19,19,29,29,4,4,4,4],"gold":310,"neow_bonus":"TEN_PERCENT_HP_BONUS","is_daily":false,"chose_seed":false,"campfire_upgraded":2,"win_rate":0.0,"timestamp":1612232019,"path_taken":["M","?","M","?","M","E","M","R","T","R","E","?","E"],"items_purchased_type":[],"build_version":"2020-12-22","purchased_purges":0,"victory":false,"max_hp_per_floor":[77,77,77,77,77,77,77,77,87,87,87,87,87,87],"card_choices":[{"not_picked":["EighthInstrument_OneDividesIntoTwo_purple","OmniscientAndOmnipotent_Monster_purple","StateErode_purple"],"picked":"SKIP","floor":1.0},{"not_picked":["DimensionStaggered_purple","RealityDreamConfluencek_purple","RuleDissolution_purple"],"picked":"SKIP","floor":3.0},{"not_picked":["Mirror_FormAndEmptin_purple","RuleDissolution_purple"],"picked":"Extrememeaning_purpleEX","floor":5.0},{"not_picked":["Theboundaryofcreation_purpleEX","AdvanceAttack_purple"],"picked":"WorldDissolvedintheRealm_purple","floor":6},{"not_picked":["Mirror_FormAndEmptin_purple","Extrememeaning_purpleEX"],"picked":"ExternalForce_HighSpeedFlying_purple","floor":7},{"not_picked":["Realm_recovery_purpleEX","EighthInstrument_OneDividesIntoTwo_purple","Anti_communist_purple"],"picked":"SKIP","floor":11}],"player_experience":906130,"relics_obtained":[{"floor":6,"key":"Centennial Puzzle"},{"floor":9,"key":"Pear"},{"floor":11,"key":"REME_IWantAll"}],"event_choices":[{"damage_healed":0.0,"max_hp_gain":0.0,"max_hp_loss":0.0,"gold_gain":0.0,"event_name":"Golden Idol","player_choice":"Take Damage","floor":4.0,"gold_loss":0.0,"damage_taken":19.0,"relics_obtained":["Golden Idol"]}],"is_beta":false,"boss_relics":[],"items_purged_floors":[],"is_endless":false,"potions_floor_spawned":[1,6],"killed_by":"3 Sentries","ascension_level":0}}