{"host":"3gs8qmxwk42q8db2","time":1612282408,"event":{"mods":["2.2 Compatiblity","AchievementEnabler","Act Like it!","BaseMod","Better Note","Better Third Choice","Colored Map","Colored Powertips","Defuse TimeMaze Blight","Downfall","Friendly Minions","GifTheSpireLib","Gold Saver","Highlight Path","Hubris","Infinite Spire","Jedi Mod","Marisa????????","Minty Spire (QoL Compilation)","Permanent Neow","Replay The Spire","Shop Mod","Spikes Relics","StSLib","Stuff the Spire","The Animator","The Blackbeard","The Disciple","The Dragon Tamer","yUi"],"gold_per_floor":[145,156,156,173,273,290,313,340,373,393,30,30,130,159,171,171,171],"floor_reached":16,"language":"ENG","playtime":1680,"items_purged":[],"score":129,"play_id":"70c32640-d601-4cb7-918e-b6c32a3d961b","local_time":"20210202171328","is_ascension_mode":false,"campfire_choices":[{"floor":12,"key":"REST"}],"circlet_count":0,"master_deck":["animator:Strike_Overlord","animator:Defend_Overlord","animator:Strike","animator:Strike","animator:Strike","animator:Defend","animator:Defend","animator:Defend","animator:Cocytus+1","animator:Demiurge+1","animator:Azekura+1","hubris:Gluttony","animator:Demiurge","animator:Benimaru","animator:Entoma+1","animator:Rider","animator:AcuraTooru","animator:Sebas","animator:Cocytus","animator:Shalltear","animator:Vanir"],"relics":["animator:LivingPicture","animator:TheMissingPiece","animator:PurgingStone","StuffTheSpire:NeowsTribute","ReplayFunnel","MerchantsRug"],"acts_visited":["Exordium"],"potions_floor_usage":[9,15],"damage_taken":[{"damage":5,"enemies":"2 Louse","floor":2,"turns":3},{"damage":0,"enemies":"Cultist","floor":4,"turns":4},{"damage":3,"enemies":"Small Slimes","floor":6,"turns":4},{"damage":12,"enemies":"Exordium Thugs","floor":8,"turns":5},{"damage":32,"enemies":"Lagavulin","floor":9,"turns":9},{"damage":11,"enemies":"Large Slime","floor":10,"turns":8},{"damage":2,"enemies":"downfall:FleeingMerchant","floor":11,"turns":4},{"damage":22,"enemies":"Gremlin Gang","floor":14,"turns":4},{"damage":1,"enemies":"Blue Slaver","floor":15,"turns":3},{"damage":17,"enemies":"DF_ARCHETYPE_STREAMLINE","floor":16,"turns":3}],"seed_played":"154263962673478741","potions_obtained":[{"floor":4,"key":"hexamod:SoulburnPotion"},{"floor":6,"key":"bronze:BurnAndBuffPotion"},{"floor":8,"key":"Swift Potion"},{"floor":14,"key":"SkillPotion"}],"is_trial":false,"path_per_floor":["R_BF","M","?","M","?","M","T","M","E","M","$","R","?","M","M","B"],"character_chosen":"THE_ANIMATOR","items_purchased":["ReplayFunnel","MerchantsRug","animator:Cocytus"],"campfire_rested":1,"item_purchase_floors":[11,11,11],"current_hp_per_floor":[78,73,73,73,73,70,70,58,26,15,14,37,37,17,16,0,0],"gold":171,"neow_bonus":"TWENTY_PERCENT_HP_BONUS","is_daily":false,"chose_seed":false,"campfire_upgraded":0,"win_rate":0.0,"timestamp":1612282408,"path_taken":["R_BF","M","?","?","?","?","T","M","E","M","$","R","?","M","M","BOSS"],"items_purchased_type":["Relic","Relic","Card"],"build_version":"2020-12-22","purchased_purges":0,"victory":false,"max_hp_per_floor":[78,78,78,78,78,78,78,78,78,78,79,79,79,81,81,81,81],"card_choices":[{"not_picked":["animator:DolaRiku","animator:Demiurge"],"picked":"animator:Azekura","floor":2},{"not_picked":["animator:Shichika","animator:Azekura"],"picked":"animator:Demiurge","floor":4},{"not_picked":["animator:Kazuma","animator:Lancer"],"picked":"animator:Benimaru","floor":6},{"not_picked":["animator:Shalltear","animator:Evileye"],"picked":"animator:Entoma","floor":8},{"not_picked":["animator:FielNirvalen","animator:Cocytus"],"picked":"animator:Rider","floor":9},{"not_picked":["animator:IzunaHatsuse","animator:SakuraMatou"],"picked":"animator:AcuraTooru","floor":10},{"not_picked":["animator:Biyorigo","animator:Konayuki"],"picked":"animator:Sebas","floor":11},{"not_picked":["animator:PandorasActor","animator:Entoma"],"picked":"animator:Shalltear","floor":14},{"not_picked":["animator:Lancer","animator:TsurugaMeisai"],"picked":"animator:Vanir","floor":15}],"player_experience":141950,"relics_obtained":[{"floor":9,"key":"StuffTheSpire:NeowsTribute"}],"event_choices":[],"is_beta":false,"boss_relics":[],"items_purged_floors":[],"is_endless":false,"potions_floor_spawned":[4,6,8,14],"killed_by":"DF_ARCHETYPE_STREAMLINE","ascension_level":0}}