{"host":"3a1ypf1irl30q4k8","time":1612297967,"event":{"mods":["AchievementEnabler","BaseMod","Bestiary","Colored Map","Minty Spire (QoL Compilation)","Relic Stats"],"gold_per_floor":[115,133,98,114,7,33,33,48,48,78,78,91,91,118,118,220,220,236,253,22,40,40,66,66,98,158,199,211,235,247,271,283,295,295],"floor_reached":33,"language":"ENG","playtime":1237,"items_purged":[],"score":438,"play_id":"f8565228-05ff-4c6d-9a4d-415e01543a13","local_time":"20210202203247","is_ascension_mode":true,"campfire_choices":[{"floor":7,"key":"REST"},{"data":"Whirlwind","floor":11,"key":"SMITH"},{"floor":15,"key":"REST"},{"data":"Fiend Fire","floor":24,"key":"SMITH"},{"floor":28,"key":"REST"},{"floor":32,"key":"REST"}],"circlet_count":0,"master_deck":["Strike_R","Strike_R","Strike_R","Strike_R","Strike_R+1","Defend_R","Defend_R","Defend_R","Defend_R","Bash","Clothesline","Wild Strike+1","Whirlwind+1","Infernal Blade","Fiend Fire+1","Clothesline","Wild Strike","Disarm","Pommel Strike+1","Offering","Flex","Dark Embrace+1","Feel No Pain","Inflame","Cleave+1","Offering"],"relics":["Black Star","Oddly Smooth Stone","Ice Cream","Shuriken","Letter Opener","Bag of Preparation","Molten Egg 2","Orichalcum","Runic Pyramid","Lantern","Juzu Bracelet","Bottled Flame","MawBank","Calipers","Vajra","Paper Frog","Whetstone"],"acts_visited":["Exordium","TheCity"],"potions_floor_usage":[6,8,14,14,16,23,23,27,29,29],"damage_taken":[{"damage":15,"enemies":"Small Slimes","floor":1,"turns":3},{"damage":7,"enemies":"Jaw Worm","floor":2,"turns":4},{"damage":6,"enemies":"Cultist","floor":4,"turns":3},{"damage":57,"enemies":"Lagavulin","floor":6,"turns":7},{"damage":6,"enemies":"Large Slime","floor":8,"turns":5},{"damage":14,"enemies":"3 Sentries","floor":10,"turns":5},{"damage":13,"enemies":"Blue Slaver","floor":12,"turns":2},{"damage":20,"enemies":"Lagavulin","floor":14,"turns":4},{"damage":27,"enemies":"The Guardian","floor":16,"turns":12},{"damage":16,"enemies":"Shell Parasite","floor":18,"turns":4},{"damage":5,"enemies":"Spheric Guardian","floor":19,"turns":3},{"damage":11,"enemies":"Snecko","floor":21,"turns":5},{"damage":11,"enemies":"Gremlin Leader","floor":23,"turns":5},{"damage":15,"enemies":"Book of Stabbing","floor":25,"turns":4},{"damage":12,"enemies":"Gremlin Leader","floor":27,"turns":2},{"damage":14,"enemies":"Snake Plant","floor":29,"turns":3},{"damage":14,"enemies":"Cultist and Chosen","floor":31,"turns":2},{"damage":50,"enemies":"Collector","floor":33,"turns":3}],"seed_played":"603434093891271019","potions_obtained":[{"floor":6,"key":"DuplicationPotion"},{"floor":10,"key":"Regen Potion"},{"floor":12,"key":"PowerPotion"},{"floor":14,"key":"EssenceOfSteel"},{"floor":18,"key":"Regen Potion"},{"floor":23,"key":"Dexterity Potion"},{"floor":27,"key":"EntropicBrew"},{"floor":31,"key":"ElixirPotion"}],"is_trial":false,"path_per_floor":["M","M","?","M","$","E","R","M","T","E","R","M","?","E","R","B",null,"M","M","$","M","?","E","R","E","T","E","R","M","$","M","R","B"],"character_chosen":"IRONCLAD","items_purchased":["Infernal Blade","Regen Potion","Feel No Pain","Lantern","BloodPotion"],"campfire_rested":4,"item_purchase_floors":[5,5,20,20,20],"current_hp_per_floor":[65,58,78,72,72,29,53,47,47,33,33,20,20,12,36,9,62,46,41,41,30,24,43,43,28,28,16,40,26,26,12,36,0,0],"gold":295,"neow_bonus":"BOSS_RELIC","is_daily":false,"chose_seed":false,"campfire_upgraded":2,"win_rate":0.0,"timestamp":1612297967,"path_taken":["M","M","?","M","$","E","R","M","T","E","R","M","?","E","R","BOSS","M","M","$","M","?","E","R","E","T","E","R","M","$","M","R","BOSS"],"items_purchased_type":["Card","Potion","Card","Relic","Potion"],"build_version":"2020-12-22","purchased_purges":0,"victory":false,"max_hp_per_floor":[80,80,80,80,80,80,80,80,80,80,80,80,80,80,80,80,80,80,80,80,80,80,80,80,80,80,80,80,80,80,80,80,80,80],"relic_stats":{"counters":[18,76],"Shuriken":[7],"Black Star":6,"Bag of Preparation":[24],"Juzu Bracelet":0,"Letter Opener":[35],"Whetstone":["Wild Strike","Strike_R"],"Orichalcum":[138],"MawBank":96,"obtain_stats":[{"Ice Cream":6,"Lantern":20,"Calipers":25,"Oddly Smooth Stone":6,"Vajra":26,"Bag of Preparation":10,"Juzu Bracelet":23,"Letter Opener":10,"Whetstone":27,"Orichalcum":14,"MawBank":25,"Burning Blood":0,"Bottled Flame":23,"Shuriken":9,"Molten Egg 2":14,"Black Star":0,"Runic Pyramid":17,"Paper Frog":27},{"Ice Cream":4,"Lantern":11,"Calipers":14,"Oddly Smooth Stone":4,"Vajra":14,"Bag of Preparation":6,"Juzu Bracelet":13,"Letter Opener":6,"Whetstone":15,"Orichalcum":8,"MawBank":14,"Burning Blood":0,"Bottled Flame":13,"Shuriken":5,"Molten Egg 2":8,"Black Star":0,"Runic Pyramid":9,"Paper Frog":15},{"Ice Cream":17,"Lantern":52,"Calipers":66,"Oddly Smooth Stone":17,"Vajra":66,"Bag of Preparation":27,"Juzu Bracelet":62,"Letter Opener":27,"Whetstone":68,"Orichalcum":33,"MawBank":66,"Burning Blood":0,"Bottled Flame":62,"Shuriken":22,"Molten Egg 2":33,"Black Star":0,"Runic Pyramid":45,"Paper Frog":68}]},"card_choices":[{"not_picked":["Cleave","Havoc"],"picked":"Clothesline","floor":1},{"not_picked":["Armaments","Barricade"],"picked":"Wild Strike","floor":2},{"not_picked":["Iron Wave","Perfected Strike"],"picked":"Whirlwind","floor":4},{"not_picked":["Body Slam","Heavy Blade"],"picked":"Fiend Fire","floor":6},{"not_picked":["Heavy Blade","Warcry"],"picked":"Clothesline","floor":8},{"not_picked":["Heavy Blade","Perfected Strike"],"picked":"Wild Strike","floor":10},{"not_picked":["Reckless Charge","Rupture"],"picked":"Disarm","floor":12},{"not_picked":["Battle Trance","Thunderclap+1"],"picked":"Pommel Strike+1","floor":14},{"not_picked":["Exhume","Barricade"],"picked":"Offering","floor":16},{"not_picked":["Armaments","Havoc+1"],"picked":"Flex","floor":18},{"not_picked":["True Grit","Shrug It Off"],"picked":"Dark Embrace+1","floor":19},{"not_picked":["Perfected Strike+1","Thunderclap+1"],"picked":"Inflame","floor":21},{"not_picked":["Heavy Blade+1","Headbutt+1"],"picked":"Cleave+1","floor":23},{"not_picked":["Anger+1","True Grit"],"picked":"Offering","floor":25},{"not_picked":["Dropkick+1","Clothesline+1","Blood for Blood+1"],"picked":"SKIP","floor":27},{"not_picked":["Thunderclap+1","Anger+1","Twin Strike+1"],"picked":"SKIP","floor":29},{"not_picked":["Perfected Strike+1","Wild Strike+1","Shrug It Off"],"picked":"SKIP","floor":31}],"player_experience":1295592,"relics_obtained":[{"floor":6,"key":"Oddly Smooth Stone"},{"floor":6,"key":"Ice Cream"},{"floor":9,"key":"Shuriken"},{"floor":10,"key":"Letter Opener"},{"floor":10,"key":"Bag of Preparation"},{"floor":14,"key":"Molten Egg 2"},{"floor":14,"key":"Orichalcum"},{"floor":23,"key":"Juzu Bracelet"},{"floor":23,"key":"Bottled Flame"},{"floor":25,"key":"MawBank"},{"floor":25,"key":"Calipers"},{"floor":26,"key":"Vajra"},{"floor":27,"key":"Paper Frog"},{"floor":27,"key":"Whetstone"}],"event_choices":[{"damage_healed":20,"gold_gain":0,"player_choice":"Healed","damage_taken":0,"max_hp_gain":0,"max_hp_loss":0,"event_name":"The Cleric","floor":3,"gold_loss":35},{"damage_healed":0,"gold_gain":0,"player_choice":"Ignored","damage_taken":0,"max_hp_gain":0,"max_hp_loss":0,"event_name":"Golden Idol","floor":13,"gold_loss":0},{"damage_healed":0,"gold_gain":0,"player_choice":"","damage_taken":6,"max_hp_gain":0,"max_hp_loss":0,"event_name":"Knowing Skull","floor":22,"potions_obtained":[],"gold_loss":0,"cards_obtained":[]}],"is_beta":false,"boss_relics":[{"not_picked":["Ectoplasm","SlaversCollar"],"picked":"Runic Pyramid"}],"items_purged_floors":[],"is_endless":false,"potions_floor_spawned":[6,10,12,14,18,23,27,31],"killed_by":"Collector","ascension_level":5}}