{"host":"ii5w5xfjx95sugaa","time":1612269692,"event":{"mods":["AchievementEnabler","BaseMod","Colored Powertips","Custom Start","Decade(王小明)","Minty Spire (QoL Compilation)","Permanent Neow","Quick Restart","SOS（斯巴达之子）","StSLib","The Bladedancer"],"gold_per_floor":[110,70,70,83,83,83,83,102,125,125,139,139,139,158,158,253,303,316,165,264,277,289,289,305,318,343,64,64,77,77,95,95,95,95],"floor_reached":33,"language":"ZHS","playtime":4110,"items_purged":["Limit Break"],"score":251,"play_id":"eb74a002-3ec1-4d88-8ada-5302ef5976d5","local_time":"20210202204132","is_ascension_mode":true,"campfire_choices":[{"data":"Battle Trance","floor":6.0,"key":"SMITH"},{"data":"Armaments","floor":13.0,"key":"SMITH"},{"data":"Clash","floor":15.0,"key":"SMITH"},{"data":"Blood for Blood","floor":23.0,"key":"SMITH"},{"floor":28.0,"key":"REST"},{"floor":32.0,"key":"REST"}],"circlet_count":0,"master_deck":["Strike_R","Strike_R","Strike_R","Strike_R","Strike_R","Defend_R","Defend_R","Defend_R","Defend_R","Bash","Blood for Blood+1","Armaments+1","Battle Trance+1","Armaments+1","Clash+1","Twin Strike+1","Brutality","Battle Trance","Blood for Blood+1","Pommel Strike","Pommel Strike"],"relics":["Burning Blood","Toy Ornithopter","Pen Nib","Tiny House","Lee\u0027s Waffle","Juzu Bracelet","Happy Flower"],"acts_visited":["Exordium","TheCity"],"potions_floor_usage":[33],"damage_taken":[{"damage":6.0,"enemies":"Jaw Worm","floor":1.0,"turns":3.0},{"damage":0.0,"enemies":"2 Louse","floor":4.0,"turns":4.0},{"damage":0.0,"enemies":"Small Slimes","floor":8.0,"turns":4.0},{"damage":0.0,"enemies":"Exordium Thugs","floor":11.0,"turns":4.0},{"damage":0.0,"enemies":"Looter","floor":14.0,"turns":3.0},{"damage":26.0,"enemies":"Slime Boss","floor":16.0,"turns":10.0},{"damage":35.0,"enemies":"3 Byrds","floor":18.0,"turns":8.0},{"damage":12.0,"enemies":"Shell Parasite","floor":21.0,"turns":7.0},{"damage":33.0,"enemies":"Sentry and Sphere","floor":22.0,"turns":7.0},{"damage":6.0,"enemies":"Cultist and Chosen","floor":24.0,"turns":5.0},{"damage":29.0,"enemies":"Centurion and Healer","floor":25.0,"turns":6.0},{"damage":10.0,"enemies":"Chosen and Byrds","floor":29.0,"turns":4.0},{"damage":10.0,"enemies":"Snecko","floor":31.0,"turns":4.0},{"damage":73,"enemies":"Collector","floor":33,"turns":6}],"seed_played":"-6302419871947446439","potions_obtained":[{"floor":1.0,"key":"Explosive Potion"},{"floor":4.0,"key":"SteroidPotion"},{"floor":14.0,"key":"Explosive Potion"},{"floor":17.0,"key":"FairyPotion"},{"floor":21.0,"key":"DistilledChaos"},{"floor":29.0,"key":"SneckoOil"},{"floor":31.0,"key":"Energy Potion"}],"is_trial":false,"path_per_floor":["M","$","?","M","$","R","?","M","T","?","M","?","R","M","R","B",null,"M","$","?","M","M","R","M","M","T","$","R","M","$","M","R","B"],"character_chosen":"IRONCLAD","items_purchased":["Battle Trance","Lee\u0027s Waffle","Happy Flower","AttackPotion"],"campfire_rested":2,"item_purchase_floors":[2,19,27,27],"current_hp_per_floor":[80,80,80,80,80,80,80,80,80,80,80,80,80,80,80,65,85,56,92,92,86,59,59,64,41,41,41,68,64,64,60,87,19,19],"gold":95,"neow_bonus":"THREE_CARDS","is_daily":false,"chose_seed":false,"campfire_upgraded":4,"win_rate":0.0,"timestamp":1612269692,"path_taken":["M","$","?","M","$","R","?","M","T","?","?","?","R","M","R","BOSS","M","$","?","M","M","R","M","M","T","$","R","M","$","M","R","BOSS"],"items_purchased_type":["Card","Relic","Relic","Potion"],"build_version":"2020-12-22","purchased_purges":1,"victory":false,"max_hp_per_floor":[80,80,80,80,80,80,80,80,80,80,80,80,80,80,80,80,85,85,92,92,92,92,92,92,92,92,92,92,92,92,92,92,92,92],"card_choices":[{"not_picked":["Evolve","Anger"],"picked":"Blood for Blood","floor":0.0},{"not_picked":["Combust","Perfected Strike"],"picked":"Armaments","floor":1.0},{"not_picked":["Entrench","Inflame"],"picked":"Armaments","floor":4.0},{"not_picked":["Metallicize","Heavy Blade"],"picked":"Clash","floor":8.0},{"not_picked":["Combust","Cleave"],"picked":"Twin Strike","floor":11.0},{"not_picked":["Headbutt","Armaments"],"picked":"Limit Break","floor":14.0},{"not_picked":["Bludgeon","Immolate"],"picked":"Brutality","floor":16.0},{"not_picked":["Twin Strike+1","Fire Breathing"],"picked":"Battle Trance","floor":18.0},{"not_picked":["Wild Strike","Havoc+1"],"picked":"Blood for Blood+1","floor":21.0},{"not_picked":["Anger","Uppercut"],"picked":"Pommel Strike","floor":22.0},{"not_picked":["Heavy Blade","Warcry","Flex"],"picked":"SKIP","floor":24.0},{"not_picked":["True Grit","Shrug It Off+1","Sword Boomerang+1"],"picked":"SKIP","floor":25.0},{"not_picked":["Iron Wave","Offering","Entrench"],"picked":"SKIP","floor":29.0},{"not_picked":["Armaments","Body Slam"],"picked":"Pommel Strike","floor":31.0}],"player_experience":120173,"relics_obtained":[{"floor":9.0,"key":"Toy Ornithopter"},{"floor":12.0,"key":"Pen Nib"},{"floor":26.0,"key":"Juzu Bracelet"}],"event_choices":[{"damage_healed":0.0,"max_hp_gain":0.0,"max_hp_loss":0.0,"gold_gain":0.0,"event_name":"Shining Light","player_choice":"Ignored","floor":3.0,"gold_loss":0.0,"damage_taken":0.0},{"damage_healed":0.0,"max_hp_gain":0.0,"max_hp_loss":0.0,"gold_gain":0.0,"event_name":"Liars Game","player_choice":"Ignored","floor":7.0,"gold_loss":0.0,"damage_taken":0.0},{"damage_healed":0.0,"max_hp_gain":0.0,"max_hp_loss":0.0,"gold_gain":0.0,"event_name":"Upgrade Shrine","player_choice":"Upgraded","floor":10.0,"gold_loss":0.0,"damage_taken":0.0,"cards_upgraded":["Armaments"]},{"damage_healed":0.0,"max_hp_gain":0.0,"max_hp_loss":0.0,"gold_gain":0.0,"event_name":"Wheel of Change","player_choice":"Relic","floor":12.0,"gold_loss":0.0,"damage_taken":0.0},{"damage_healed":0.0,"max_hp_gain":0.0,"max_hp_loss":0.0,"gold_gain":99.0,"event_name":"Nest","player_choice":"Stole From Cult","floor":20.0,"gold_loss":0.0,"damage_taken":0.0}],"is_beta":false,"boss_relics":[{"not_picked":["Fusion Hammer","Cursed Key"],"picked":"Tiny House"}],"items_purged_floors":[27],"is_endless":false,"potions_floor_spawned":[1,4,14,21,29,31],"killed_by":"Collector","ascension_level":1}}