{"host":"19r1ww88x2tc73i0","time":1612245767,"event":{"mods":["BaseMod","BetterRewards","Colored Map","Minty Spire (QoL Compilation)","Relic Stats","StSLib","SuperFastMode","slay the spire mod where everything is the same but ironclad has a cowboy hat"],"gold_per_floor":[118,134,153,153,153,153,177,177,251,284,284,13,49,78,78,158,158,178,93,114,134,161,161,161],"floor_reached":23,"language":"ENG","playtime":617,"items_purged":["Strike_B","Strike_B"],"score":448,"play_id":"eaabb85b-2c83-4dc9-8a86-a7965fce8ac6","local_time":"25640202130247","is_ascension_mode":true,"campfire_choices":[{"data":"Ball Lightning","floor":6.0,"key":"SMITH"},{"data":"Dualcast","floor":8.0,"key":"SMITH"},{"data":"Melter","floor":11.0,"key":"SMITH"},{"data":"Blind","floor":15.0,"key":"SMITH"}],"circlet_count":0,"master_deck":["AscendersBane","Strike_B","Strike_B","Defend_B","Defend_B","Defend_B","Defend_B","Zap+1","Dualcast+1","Ball Lightning+1","Conserve Battery","Melter+1","Electrodynamics","Blind+1","Rebound","Leap","Echo Form","Double Energy+1","Self Repair","Ball Lightning","Ghostly","Ghostly","Ghostly"],"relics":["Cracked Core","Membership Card","Runic Capacitor","Bird Faced Urn","Juzu Bracelet","Pantograph","Emotion Chip","PreservedInsect","Bronze Scales","CeramicFish","Coffee Dripper","InkBottle"],"acts_visited":["Exordium","TheCity"],"potions_floor_usage":[],"damage_taken":[{"damage":2.0,"enemies":"2 Louse","floor":1.0,"turns":3.0},{"damage":4.0,"enemies":"Small Slimes","floor":2.0,"turns":3.0},{"damage":2.0,"enemies":"Jaw Worm","floor":3.0,"turns":3.0},{"damage":6.0,"enemies":"Lagavulin","floor":10.0,"turns":4.0},{"damage":0.0,"enemies":"Gremlin Nob","floor":13.0,"turns":2.0},{"damage":11.0,"enemies":"Blue Slaver","floor":14.0,"turns":3.0},{"damage":8.0,"enemies":"The Guardian","floor":16.0,"turns":8.0},{"damage":1.0,"enemies":"Chosen","floor":18.0,"turns":4.0},{"damage":14.0,"enemies":"2 Thieves","floor":20.0,"turns":3.0},{"damage":49.0,"enemies":"Chosen and Byrds","floor":21.0,"turns":5.0},{"damage":33,"enemies":"Book of Stabbing","floor":23,"turns":4}],"seed_played":"-3803289091619676466","potions_obtained":[{"floor":1.0,"key":"PowerPotion"},{"floor":14.0,"key":"SteroidPotion"},{"floor":18.0,"key":"AttackPotion"},{"floor":20.0,"key":"SteroidPotion"}],"is_trial":false,"path_per_floor":["M","M","M","?","?","R","T","R","T","E","R","$","E","M","R","B",null,"M","?","M","M","?","E"],"character_chosen":"DEFECT","items_purchased":["Membership Card","Runic Capacitor","SteroidPotion","PreservedInsect","Bronze Scales","Blind"],"campfire_rested":0,"item_purchase_floors":[0,0,0,12,12,12],"current_hp_per_floor":[62,58,56,56,45,45,45,45,45,41,41,41,43,32,32,51,66,69,69,59,14,14,0,0],"gold":161,"neow_bonus":"","is_daily":false,"chose_seed":false,"campfire_upgraded":4,"win_rate":0.0,"timestamp":1612245767,"path_taken":["M","M","M","?","?","R","?","R","T","E","R","$","E","M","R","BOSS","M","?","M","M","?","E"],"items_purchased_type":["Relic","Relic","Potion","Relic","Relic","Card"],"build_version":"2020-12-22","purchased_purges":2,"victory":false,"max_hp_per_floor":[71,71,71,71,71,71,71,71,71,71,71,71,71,71,71,71,71,71,71,71,71,35,35,35],"relic_stats":{"Emotion Chip":[36,36,0,0,0],"counters":[12,47],"Bird Faced Urn":[20],"Pantograph":25,"Bronze Scales":[68],"CeramicFish":81,"PreservedInsect":65,"Juzu Bracelet":0,"obtain_stats":[{"CeramicFish":13,"PreservedInsect":12,"Runic Capacitor":0,"Juzu Bracelet":7,"Emotion Chip":10,"Strawberry":0,"Bird Faced Urn":5,"Pantograph":9,"Bronze Scales":12,"Coffee Dripper":17,"Membership Card":0,"Cracked Core":0,"InkBottle":19},{"CeramicFish":6,"PreservedInsect":5,"Runic Capacitor":1,"Juzu Bracelet":4,"Emotion Chip":5,"Strawberry":1,"Bird Faced Urn":4,"Pantograph":4,"Bronze Scales":5,"Coffee Dripper":8,"Membership Card":1,"Cracked Core":0,"InkBottle":9},{"CeramicFish":20,"PreservedInsect":18,"Runic Capacitor":5,"Juzu Bracelet":14,"Emotion Chip":18,"Strawberry":5,"Bird Faced Urn":14,"Pantograph":14,"Bronze Scales":18,"Coffee Dripper":31,"Membership Card":5,"Cracked Core":0,"InkBottle":35}],"InkBottle":[4]},"card_choices":[{"not_picked":["Barrage","Rebound"],"picked":"Ball Lightning","floor":1.0},{"not_picked":["Rebound","Beam Cell"],"picked":"Conserve Battery","floor":2.0},{"not_picked":["Redo","Beam Cell"],"picked":"Melter","floor":3.0},{"not_picked":["Barrage","Go for the Eyes"],"picked":"Electrodynamics","floor":10.0},{"not_picked":["Darkness","Recycle"],"picked":"Rebound","floor":13.0},{"not_picked":["Rebound","Sweeping Beam"],"picked":"Leap","floor":14.0},{"not_picked":["Thunder Strike","Hyperbeam"],"picked":"Echo Form","floor":16.0},{"not_picked":["Heatsinks","Auto Shields"],"picked":"Double Energy+1","floor":18.0},{"not_picked":["Darkness","Skim"],"picked":"Self Repair","floor":20.0},{"not_picked":["FTL","Turbo+1"],"picked":"Ball Lightning","floor":21}],"player_experience":987519,"relics_obtained":[{"floor":7.0,"key":"Juzu Bracelet"},{"floor":9.0,"key":"Pantograph"},{"floor":10.0,"key":"Emotion Chip"},{"floor":13.0,"key":"CeramicFish"}],"event_choices":[{"damage_healed":0.0,"max_hp_gain":0.0,"max_hp_loss":0.0,"gold_gain":0.0,"event_name":"Living Wall","player_choice":"Grow","floor":4.0,"gold_loss":0.0,"damage_taken":0.0,"cards_upgraded":["Zap"]},{"damage_healed":0.0,"max_hp_gain":0.0,"max_hp_loss":0.0,"gold_gain":0.0,"event_name":"Scrap Ooze","player_choice":"Success","floor":5.0,"gold_loss":0.0,"damage_taken":11.0,"relics_obtained":["Bird Faced Urn"]},{"damage_healed":0.0,"max_hp_gain":0.0,"max_hp_loss":0.0,"gold_gain":0.0,"event_name":"Addict","player_choice":"Obtained Relic","floor":19.0,"gold_loss":85.0,"damage_taken":0.0,"relics_obtained":["InkBottle"]},{"damage_healed":0,"gold_gain":0,"player_choice":"Became a Ghost","damage_taken":0,"max_hp_gain":0,"max_hp_loss":36,"event_name":"Ghosts","floor":22,"gold_loss":0,"cards_obtained":["Ghostly","Ghostly","Ghostly"]}],"is_beta":false,"boss_relics":[{"not_picked":["SlaversCollar","Runic Pyramid"],"picked":"Coffee Dripper"}],"items_purged_floors":[0,12],"is_endless":false,"potions_floor_spawned":[1,2,14,18,20,21],"killed_by":"Book of Stabbing","ascension_level":20}}