{"host":"xbcigfihm5bg9lhe","time":1612278298,"event":{"mods":["AchievementEnabler","BaseMod","DeckTracker","Minty Spire (QoL Compilation)","Permanent Neow","Quick Restart"],"gold_per_floor":[109,120,138,138,138,138,26,26,26,26,60,74,92,105,105,230,230,254,307,322,341,341,341,354,354,354,10,43,64,64,12,12,142,142,162,162,185,185,210,210,230,230,256,256,256,256,256,275,275,275],"floor_reached":51,"language":"ENG","playtime":3794,"items_purged":["Regret","Dualcast"],"score":709,"play_id":"f4ec10a5-916e-4f30-895c-c0dec43f9205","local_time":"20210202170458","is_ascension_mode":true,"campfire_choices":[{"data":"Reprogram","floor":6.0,"key":"SMITH"},{"data":"Zap","floor":10.0,"key":"SMITH"},{"data":"Hologram","floor":15.0,"key":"SMITH"},{"data":"Streamline","floor":23.0,"key":"SMITH"},{"floor":25.0,"key":"REST"},{"data":"Steam","floor":30.0,"key":"SMITH"},{"data":"Streamline","floor":32.0,"key":"SMITH"},{"data":"Machine Learning","floor":40.0,"key":"SMITH"},{"data":"Echo Form","floor":42.0,"key":"SMITH"},{"data":"Seek","floor":47,"key":"SMITH"},{"floor":49,"key":"REST"}],"circlet_count":0,"master_deck":["Strike_B","Strike_B","Strike_B","Strike_B","Defend_B","Defend_B","Defend_B","Zap+1","Reprogram+1","Steam+1","Skim","Stack","FTL","Seek+1","Sweeping Beam","Auto Shields","Hologram+1","Echo Form+1","Streamline+1","Barrage+1","Streamline+1","All For One","Steam","Self Repair","Sweeping Beam","Rebound","Machine Learning+1","Auto Shields","Barrage+1","Go for the Eyes+1","Beam Cell+1"],"relics":["Cracked Core","Tiny Chest","Golden Idol","Spirit Poop","Pantograph","Boot","Nuclear Battery","Nunchaku","Cables","Mercury Hourglass","Mango","SlaversCollar","Bottled Flame","Anchor","Gremlin Horn"],"acts_visited":["Exordium","TheCity","TheBeyond"],"potions_floor_usage":[48],"damage_taken":[{"damage":2.0,"enemies":"2 Louse","floor":1.0,"turns":2.0},{"damage":0.0,"enemies":"Cultist","floor":2.0,"turns":3.0},{"damage":0.0,"enemies":"Jaw Worm","floor":3.0,"turns":6.0},{"damage":23.0,"enemies":"Gremlin Nob","floor":11.0,"turns":4.0},{"damage":6.0,"enemies":"Exordium Thugs","floor":12.0,"turns":6.0},{"damage":7.0,"enemies":"Red Slaver","floor":13.0,"turns":3.0},{"damage":2.0,"enemies":"Large Slime","floor":14.0,"turns":5.0},{"damage":4.0,"enemies":"The Guardian","floor":16.0,"turns":16.0},{"damage":5.0,"enemies":"3 Byrds","floor":18.0,"turns":6.0},{"damage":1.0,"enemies":"Shell Parasite","floor":20.0,"turns":5.0},{"damage":16.0,"enemies":"Snake Plant","floor":21.0,"turns":4.0},{"damage":0.0,"enemies":"Snecko","floor":24.0,"turns":6.0},{"damage":25.0,"enemies":"Slavers","floor":28.0,"turns":5.0},{"damage":7.0,"enemies":"Chosen and Byrds","floor":29.0,"turns":4.0},{"damage":35.0,"enemies":"Collector","floor":33.0,"turns":8.0},{"damage":19.0,"enemies":"3 Shapes","floor":35.0,"turns":7.0},{"damage":1.0,"enemies":"Orb Walker","floor":37.0,"turns":4.0},{"damage":11.0,"enemies":"Transient","floor":39.0,"turns":5.0},{"damage":2.0,"enemies":"Maw","floor":41.0,"turns":8.0},{"damage":31,"enemies":"Writhing Mass","floor":48,"turns":6},{"damage":30,"enemies":"Time Eater","floor":50,"turns":9}],"seed_played":"628439290534709669","potions_obtained":[{"floor":1.0,"key":"EssenceOfSteel"},{"floor":3.0,"key":"ColorlessPotion"},{"floor":13.0,"key":"Ancient Potion"},{"floor":14.0,"key":"SpeedPotion"},{"floor":18.0,"key":"Regen Potion"},{"floor":20.0,"key":"Explosive Potion"},{"floor":28.0,"key":"PowerPotion"},{"floor":33.0,"key":"FearPotion"},{"floor":41.0,"key":"SpeedPotion"}],"is_trial":false,"path_per_floor":["M","M","M","?","?","R","$","?","T","R","E","M","M","M","R","B",null,"M","T","M","M","?","R","M","R","T","$","E","M","R","$","R","B",null,"M","T","M","?","M","R","M","R","T","?","?","T","R","M","R","B",null],"character_chosen":"DEFECT","items_purchased":["FTL","All For One","Steam","Self Repair","SkillPotion"],"campfire_rested":2,"item_purchase_floors":[7,27,27,27,31],"current_hp_per_floor":[73,73,73,73,73,73,73,73,73,73,50,44,37,35,35,56,75,70,70,69,53,53,53,53,75,75,75,71,78,78,78,78,54,89,77,77,83,83,79,79,84,84,84,84,84,84,84,53,78,62],"gold":275,"neow_bonus":"THREE_CARDS","is_daily":false,"chose_seed":false,"campfire_upgraded":9,"win_rate":0.0,"timestamp":1612278298,"path_taken":["M","M","M","?","?","R","$","?","T","R","E","M","?","M","R","BOSS","M","?","M","M","?","R","M","R","T","$","E","?","R","?","R","BOSS","M","?","M","?","M","R","M","R","T","?","?","?","R","M","R","BOSS"],"items_purchased_type":["Card","Card","Card","Card","Potion"],"build_version":"2020-12-22","purchased_purges":2,"victory":true,"max_hp_per_floor":[75,75,75,75,75,75,75,75,75,75,75,75,75,75,75,75,75,75,75,75,75,75,75,75,75,75,75,89,89,89,89,89,89,89,89,89,89,85,85,85,85,85,85,85,85,85,85,85,85,85],"card_choices":[{"not_picked":["Blizzard","Barrage"],"picked":"Reprogram","floor":0.0},{"not_picked":["Glacier","Heatsinks"],"picked":"Steam","floor":1.0},{"not_picked":["Barrage","Tempest"],"picked":"Skim","floor":2.0},{"not_picked":["Storm","Barrage"],"picked":"Stack","floor":3.0},{"not_picked":["Streamline","Scrape"],"picked":"Seek","floor":11.0},{"not_picked":["Turbo","Streamline"],"picked":"Sweeping Beam","floor":12.0},{"not_picked":["Sweeping Beam","Chaos"],"picked":"Auto Shields","floor":13.0},{"not_picked":["Genetic Algorithm","Stack"],"picked":"Hologram","floor":14.0},{"not_picked":["Multi-Cast","Reboot"],"picked":"Echo Form","floor":16.0},{"not_picked":["Go for the Eyes","Stack"],"picked":"Streamline","floor":18.0},{"not_picked":["Redo","Amplify"],"picked":"Barrage+1","floor":20.0},{"not_picked":["Coolheaded","Go for the Eyes+1"],"picked":"Streamline","floor":21.0},{"not_picked":["Steam Power","Ball Lightning","Storm+1"],"picked":"SKIP","floor":24.0},{"not_picked":["Rip and Tear","Go for the Eyes"],"picked":"Sweeping Beam","floor":28.0},{"not_picked":["Leap","Sunder+1"],"picked":"Rebound","floor":29.0},{"not_picked":["Core Surge","Thunder Strike"],"picked":"Machine Learning","floor":33.0},{"not_picked":["Beam Cell","Ball Lightning"],"picked":"Auto Shields","floor":35.0},{"not_picked":["Sunder","Turbo+1"],"picked":"Barrage+1","floor":37.0},{"not_picked":["Beam Cell","Consume+1"],"picked":"Go for the Eyes+1","floor":39.0},{"not_picked":["Coolheaded+1","Barrage"],"picked":"Beam Cell+1","floor":41.0},{"not_picked":["Aggregate+1","Rebound+1","Steam Power"],"picked":"SKIP","floor":48}],"player_experience":147372,"relics_obtained":[{"floor":9.0,"key":"Pantograph"},{"floor":11.0,"key":"Boot"},{"floor":19.0,"key":"Nunchaku"},{"floor":26.0,"key":"Mercury Hourglass"},{"floor":28.0,"key":"Mango"},{"floor":36.0,"key":"Bottled Flame"},{"floor":43.0,"key":"Anchor"},{"floor":46,"key":"Gremlin Horn"}],"event_choices":[{"damage_healed":0.0,"max_hp_gain":0.0,"max_hp_loss":0.0,"gold_gain":0.0,"event_name":"Big Fish","player_choice":"Box","floor":4.0,"gold_loss":0.0,"damage_taken":0.0,"relics_obtained":["Tiny Chest"],"cards_obtained":["Regret"]},{"damage_healed":0.0,"max_hp_gain":0.0,"max_hp_loss":0.0,"gold_gain":0.0,"event_name":"Golden Idol","player_choice":"Take Wound","floor":5.0,"gold_loss":0.0,"damage_taken":0.0,"relics_obtained":["Golden Idol"],"cards_obtained":["Injury"]},{"cards_removed":["Injury"],"damage_healed":0.0,"max_hp_gain":0.0,"max_hp_loss":0.0,"gold_gain":0.0,"event_name":"Bonfire Elementals","player_choice":"Offered Curse","floor":8.0,"gold_loss":0.0,"damage_taken":0.0,"relics_obtained":["Spirit Poop"]},{"damage_healed":0.0,"max_hp_gain":0.0,"max_hp_loss":0.0,"gold_gain":0.0,"event_name":"WeMeetAgain","player_choice":"Gave Potion","floor":22.0,"gold_loss":0.0,"damage_taken":0.0,"relics_obtained":["Cables"]},{"damage_healed":0.0,"max_hp_gain":0.0,"max_hp_loss":4.0,"gold_gain":0.0,"event_name":"Winding Halls","player_choice":"Max HP","floor":38.0,"gold_loss":0.0,"damage_taken":0.0},{"cards_removed":["Defend_B"],"damage_healed":0.0,"max_hp_gain":0.0,"max_hp_loss":0.0,"gold_gain":0.0,"event_name":"Falling","player_choice":"Removed Skill","floor":44.0,"gold_loss":0.0,"damage_taken":0.0},{"damage_healed":0,"gold_gain":0,"player_choice":"Ignored","damage_taken":0,"max_hp_gain":0,"max_hp_loss":0,"event_name":"Mysterious Sphere","floor":45,"gold_loss":0}],"is_beta":false,"boss_relics":[{"not_picked":["Ectoplasm","Busted Crown"],"picked":"Nuclear Battery"},{"not_picked":["Black Star","Snecko Eye"],"picked":"SlaversCollar"}],"items_purged_floors":[7,27],"is_endless":false,"potions_floor_spawned":[1,3,13,14,18,20,28,33,41],"ascension_level":3}}