{"host":"ko40t1o51xotjt2v","time":1612289203,"event":{"mods":["2.2 Compatiblity","AchievementEnabler","Aspiration","BaseMod","Better Match","Better Third Choice","Better Vampires","Conspire","Downfall","Energized Spire","GifTheSpireLib","Halation","Hubris","Jedi Mod","Minty Spire (QoL Compilation)","MostiFishMod","Spicy Shops","Spikes Relics","StSLib","Stuff the Spire","TestMod","??????REMEMod"],"gold_per_floor":[119,294,294,313,328,328,343,375,401,401,401],"floor_reached":10,"language":"SPA","playtime":582,"items_purged":[],"score":82,"play_id":"f1f0c0d4-a6d1-492e-8215-0e97c7b9589d","local_time":"20210202190643","is_ascension_mode":true,"campfire_choices":[{"data":"CutThroughFate","floor":6,"key":"SMITH"}],"circlet_count":0,"master_deck":["Strike_P","Strike_P","Strike_P","Strike_P","Defend_P","Defend_P","Defend_P","Defend_P","Eruption","Vigilance","CutThroughFate+1","Doubt","Nirvana","Defend_P","JustLucky"],"relics":["PureWater","DaveBox","testmod-TestBox","REME_ComplimentaryCards","NeowsBlessing","jedi:bottledfury"],"acts_visited":["Exordium"],"potions_floor_usage":[7,8],"damage_taken":[{"damage":0.0,"enemies":"Jaw Worm","floor":1.0,"turns":1.0},{"damage":0,"enemies":"Cultist","floor":4,"turns":1},{"damage":0,"enemies":"2 Louse","floor":5,"turns":1},{"damage":3,"enemies":"Blue Slaver","floor":7,"turns":7},{"damage":31,"enemies":"3 Sentries","floor":8,"turns":17},{"damage":44,"enemies":"Lagavulin","floor":10,"turns":3}],"seed_played":"-5196670449486054372","potions_obtained":[{"floor":4,"key":"Weak Potion"},{"floor":5,"key":"Explosive Potion"}],"is_trial":false,"path_per_floor":["M","?","?","M","M","R","M","E","T","E"],"character_chosen":"WATCHER","items_purchased":[],"campfire_rested":0,"item_purchase_floors":[],"current_hp_per_floor":[72,72,77,77,77,77,74,43,43,0,0],"gold":401,"neow_bonus":"THREE_ENEMY_KILL","is_daily":false,"chose_seed":false,"campfire_upgraded":1,"win_rate":0.0,"timestamp":1612289203,"path_taken":["M","?","?","?","?","R","M","E","T","E"],"items_purchased_type":[],"build_version":"2020-12-22","purchased_purges":0,"victory":false,"max_hp_per_floor":[72,72,77,77,77,77,77,77,77,77,77],"card_choices":[{"not_picked":["ReachHeaven","EmptyMind"],"picked":"CutThroughFate","floor":1.0},{"not_picked":["ClearTheMind","Collect"],"picked":"Nirvana","floor":4},{"not_picked":["EmptyBody","SashWhip","FlyingSleeves"],"picked":"SKIP","floor":5},{"not_picked":["FlurryOfBlows","CrushJoints"],"picked":"JustLucky","floor":7},{"not_picked":["Halt","Pray","EmptyBody"],"picked":"SKIP","floor":8}],"player_experience":467829,"relics_obtained":[{"floor":8,"key":"jedi:bottledfury"}],"event_choices":[{"damage_healed":0.0,"max_hp_gain":0.0,"max_hp_loss":0.0,"gold_gain":175.0,"event_name":"betterThird:BetterSerpent","player_choice":"AGREE","floor":2.0,"gold_loss":0.0,"damage_taken":119.0},{"damage_healed":0,"gold_gain":0,"player_choice":"Donut","damage_taken":0,"max_hp_gain":5,"max_hp_loss":0,"event_name":"Big Fish","floor":3,"gold_loss":0}],"is_beta":false,"boss_relics":[],"items_purged_floors":[],"is_endless":false,"potions_floor_spawned":[4,5],"killed_by":"Lagavulin","ascension_level":4}}