{"host":"y76clbnovzmw9ubx","time":1612226481,"event":{"mods":["AchievementEnabler","BaseMod","Minty Spire (QoL Compilation)","Permanent Neow","Relic Stats"],"gold_per_floor":[117,136,154,170,190,223,223,223,223],"floor_reached":8,"language":"ENG","playtime":661,"items_purged":[],"score":120,"play_id":"70d84332-9be1-4162-95e8-17ff4470852a","local_time":"20210201194121","is_ascension_mode":true,"campfire_choices":[{"floor":7,"key":"REST"}],"circlet_count":0,"master_deck":["AscendersBane","Strike_G","Strike_G","Strike_G","Strike_G","Strike_G","Defend_G","Defend_G","Defend_G","Defend_G","Defend_G","Survivor","Neutralize","Infinite Blades","Dagger Throw","Well Laid Plans","Eviscerate","Deflect","Prepared"],"relics":["Ring of the Snake","Tingsha","Question Card"],"acts_visited":["Exordium"],"potions_floor_usage":[4,4,6],"damage_taken":[{"damage":3,"enemies":"2 Louse","floor":1,"turns":4},{"damage":2,"enemies":"Jaw Worm","floor":2,"turns":5},{"damage":7,"enemies":"Small Slimes","floor":3,"turns":3},{"damage":0,"enemies":"3 Louse","floor":4,"turns":3},{"damage":4,"enemies":"Blue Slaver","floor":5,"turns":3},{"damage":18,"enemies":"3 Sentries","floor":6,"turns":8},{"damage":49,"enemies":"Gremlin Nob","floor":8,"turns":4}],"seed_played":"-4181341871572532508","potions_obtained":[{"floor":2,"key":"EntropicBrew"},{"floor":4,"key":"GhostInAJar"},{"floor":5,"key":"CultistPotion"}],"is_trial":false,"path_per_floor":["M","M","M","M","M","E","R","E"],"character_chosen":"THE_SILENT","items_purchased":[],"campfire_rested":1,"item_purchase_floors":[],"current_hp_per_floor":[56,54,47,47,43,25,43,0,0],"gold":223,"neow_bonus":"ONE_RARE_RELIC","is_daily":false,"chose_seed":false,"campfire_upgraded":0,"win_rate":0.0,"timestamp":1612226481,"path_taken":["M","M","M","M","M","E","R","E"],"items_purchased_type":[],"build_version":"2020-12-22","purchased_purges":0,"victory":false,"max_hp_per_floor":[60,60,60,60,60,60,60,60,60],"relic_stats":{"counters":[7,30],"Tingsha":[25],"Question Card":0,"obtain_stats":[{"Tingsha":0,"Question Card":6,"Ring of the Snake":0},{"Tingsha":0,"Question Card":6,"Ring of the Snake":0},{"Tingsha":0,"Question Card":26,"Ring of the Snake":0}],"Ring of the Snake":[14]},"card_choices":[{"not_picked":["Outmaneuver","PiercingWail"],"picked":"Infinite Blades","floor":1},{"not_picked":["Dash","Leg Sweep"],"picked":"Dagger Throw","floor":2},{"not_picked":["Setup","Reflex"],"picked":"Well Laid Plans","floor":3},{"not_picked":["Poisoned Stab","Prepared"],"picked":"Eviscerate","floor":4},{"not_picked":["Acrobatics","Quick Slash"],"picked":"Deflect","floor":5},{"not_picked":["Deadly Poison","Blade Dance"],"picked":"Prepared","floor":6}],"player_experience":3179531,"relics_obtained":[{"floor":6,"key":"Question Card"}],"event_choices":[],"is_beta":false,"boss_relics":[],"items_purged_floors":[],"is_endless":false,"potions_floor_spawned":[2,4,5],"killed_by":"Gremlin Nob","ascension_level":20}}