{"host":"epo9t9qajflxsfbx","time":1612249070,"event":{"mods":["Act Like it!","BaseMod","Better Altar","Better Match","Better Note","Better Sensory Stone","Better Skull","Better Third Choice","Better Vampires","BetterRewards","Clockwork Mod","Defuse TimeMaze Blight","Displayed Cursed Tome","Elementarium","Hermit","Highlight Path","Hubris","Infinite Spire","Minty Spire (QoL Compilation)","Quick Restart","Relic Stats","Reliquary","Replay The Spire","Shade Mod","Shop Mod","Somnambulant","StSLib","The Bladedancer","The Cursed","The Hierophant","The Jungle","The Servant 0.9.4","everything is the same but u backflip on backflip"],"gold_per_floor":[111,111,128,142,186,213,225,240,264,36,55,55,75,75,75,173,173,186,203,203,203,220,220,220,220,220],"floor_reached":25,"language":"ENG","playtime":1366,"items_purged":[],"score":205,"play_id":"6213cedd-3b53-4b6e-a832-b9edfcb9e2c8","local_time":"20210201225750","is_ascension_mode":false,"campfire_choices":[{"floor":12,"key":"REST"},{"floor":15,"key":"REST"},{"floor":23,"key":"REST"}],"circlet_count":0,"master_deck":["hermit:Strike_Hermit","hermit:Strike_Hermit+1","hermit:Strike_Hermit","hermit:Strike_Hermit","hermit:Defend_Hermit","hermit:Defend_Hermit","hermit:Defend_Hermit","hermit:Defend_Hermit","hermit:Snapshot","hermit:Covet","hermit:Vantage+1","hermit:GhostlyPresence","hermit:Desperado","hermit:Determination","hermit:Midnight+1","hermit:Feint","hermit:TakeAim","hermit:Quickdraw","hermit:Snipe","hermit:Dissolve","hermit:Snipe+1","hermit:WideOpen+1","infinitespire:TheBestDefense","hermit:Roulette+1","Decay"],"relics":["hermit:Momento","Replay:Baseball","Boot","hermit:Spyglass","hubris:OldNail","Gremlin Food","Medical Kit","Replay:Bronze Core"],"acts_visited":["Exordium","TheCity"],"potions_floor_usage":[22,25],"damage_taken":[{"damage":1,"enemies":"Cultist","floor":1,"turns":4},{"damage":1,"enemies":"Jaw Worm","floor":3,"turns":4},{"damage":0,"enemies":"2 Louse","floor":4,"turns":3},{"damage":36,"enemies":"Lagavulin","floor":6,"turns":6},{"damage":5,"enemies":"Exordium Thugs","floor":7,"turns":4},{"damage":6,"enemies":"Blue Slaver","floor":8,"turns":3},{"damage":3,"enemies":"Looter","floor":11,"turns":4},{"damage":7,"enemies":"Exordium Thugs","floor":13,"turns":3},{"damage":29,"enemies":"Fading Forest","floor":16,"turns":11},{"damage":12,"enemies":"Shell Parasite","floor":18,"turns":7},{"damage":32,"enemies":"Chosen","floor":19,"turns":7},{"damage":27,"enemies":"Centurion and Healer","floor":22,"turns":6},{"damage":27,"enemies":"Chosen and Byrds","floor":25,"turns":4}],"seed_played":"1554558221250124717","potions_obtained":[{"floor":1,"key":"hermit:Tonic"},{"floor":4,"key":"EssenceOfSteel"},{"floor":8,"key":"ColorlessPotion"},{"floor":13,"key":"Dexterity Potion"},{"floor":16,"key":"Flashbang"},{"floor":19,"key":"DuplicationPotion"},{"floor":20,"key":"Death Potion"},{"floor":22,"key":"AttackPotion"}],"is_trial":false,"path_per_floor":["M","?","M","M","?","E","M","M","T","$","M","R","M","?","R","B",null,"M","M","?","?","M","R","?","M"],"character_chosen":"HERMIT","items_purchased":["Medical Kit","hermit:TakeAim"],"campfire_rested":3,"item_purchase_floors":[10,10],"current_hp_per_floor":[74,74,73,73,73,37,32,26,26,26,23,45,38,38,60,31,75,63,31,31,31,4,26,26,0,0],"gold":220,"neow_bonus":"RANDOM_COMMON_RELIC","is_daily":false,"chose_seed":false,"campfire_upgraded":0,"win_rate":0.0,"timestamp":1612249070,"path_taken":["M","?","M","M","?","E","M","?","T","$","M","R","M","?","R","BOSS","M","M","?","?","M","R","?","M"],"items_purchased_type":["Relic","Card"],"build_version":"2020-12-22","purchased_purges":0,"victory":false,"max_hp_per_floor":[75,75,75,75,75,75,75,75,75,75,75,75,75,75,75,75,75,75,75,75,75,75,75,75,75,75],"relic_stats":{"counters":[13,66],"Boot":[19],"Medical Kit":[18],"obtain_stats":[{"Gremlin Food":9,"Replay:Baseball":0,"Replay:Bronze Core":17,"Boot":2,"Medical Kit":10,"hermit:Momento":0,"hermit:Spyglass":5,"hubris:OldNail":6},{"Gremlin Food":6,"Replay:Baseball":0,"Replay:Bronze Core":9,"Boot":1,"Medical Kit":6,"hermit:Momento":0,"hermit:Spyglass":3,"hubris:OldNail":4},{"Gremlin Food":24,"Replay:Baseball":0,"Replay:Bronze Core":42,"Boot":4,"Medical Kit":24,"hermit:Momento":0,"hermit:Spyglass":11,"hubris:OldNail":17}]},"card_choices":[{"not_picked":["hermit:CalledShot","hermit:FlashPowder"],"picked":"hermit:Vantage","floor":1},{"not_picked":["hermit:HighCaliber","hermit:BigShot"],"picked":"hermit:GhostlyPresence","floor":3},{"not_picked":["hermit:Manifest","hermit:Horror"],"picked":"hermit:Desperado","floor":4},{"not_picked":["hermit:Maintenance","hermit:HighCaliber"],"picked":"hermit:Determination","floor":5},{"not_picked":["hermit:Vantage","hermit:Malice"],"picked":"hermit:Midnight","floor":5},{"not_picked":["hermit:Spite","hermit:Headshot"],"picked":"hermit:Feint","floor":6},{"not_picked":["hermit:FatalDesire","hermit:Glare"],"picked":"hermit:Showdown","floor":7},{"not_picked":["hermit:Cheat","hermit:HoleUp","hermit:SprayPray"],"picked":"SKIP","floor":8},{"not_picked":["hermit:CalledShot","hermit:FlashPowder"],"picked":"hermit:Quickdraw","floor":11},{"not_picked":["hermit:ItchyTrigger","hermit:Ricochet"],"picked":"hermit:Snipe","floor":13},{"not_picked":["hermit:BlackWind","hermit:EternalForm"],"picked":"hermit:Dissolve","floor":16},{"not_picked":["hermit:Desperado","hermit:Coalescence"],"picked":"hermit:Snipe+1","floor":18},{"not_picked":["hermit:Coalescence+1","hermit:TrackingShot"],"picked":"hermit:WideOpen+1","floor":19},{"not_picked":["hermit:Feint+1","hermit:Snipe"],"picked":"hermit:Roulette+1","floor":22}],"player_experience":288991,"relics_obtained":[{"floor":2,"key":"Boot"},{"floor":5,"key":"hermit:Spyglass"},{"floor":6,"key":"hubris:OldNail"},{"floor":9,"key":"Gremlin Food"}],"event_choices":[{"cards_removed":["hermit:Showdown"],"damage_healed":0,"gold_gain":0,"player_choice":"Purged","damage_taken":0,"max_hp_gain":0,"max_hp_loss":0,"event_name":"Purifier","floor":14,"gold_loss":0},{"damage_healed":0,"gold_gain":0,"player_choice":"Got Potions","damage_taken":0,"max_hp_gain":0,"max_hp_loss":0,"event_name":"Lab","floor":20,"gold_loss":0},{"cards_removed":["hermit:Determination"],"damage_healed":0,"gold_gain":0,"player_choice":"Take \u0026 Give","damage_taken":0,"max_hp_gain":0,"max_hp_loss":0,"event_name":"betterNote:BetterNote","floor":21,"gold_loss":0,"cards_obtained":["infinitespire:TheBestDefense"]},{"damage_healed":0,"gold_gain":0,"player_choice":"Cursed","damage_taken":0,"max_hp_gain":0,"max_hp_loss":0,"event_name":"Wheel of Change","floor":24,"gold_loss":0,"cards_obtained":["Decay"]}],"is_beta":false,"boss_relics":[{"not_picked":["Sozu","reliquary:WritOfMandamus"],"picked":"Replay:Bronze Core"}],"items_purged_floors":[],"is_endless":false,"potions_floor_spawned":[1,4,8,13,16,19,22],"killed_by":"Chosen and Byrds","ascension_level":0}}