{"host":"edndssuekvzbh3is","time":1612228991,"event":{"mods":["BaseMod","Colored Map","Colored Powertips","Minty Spire (QoL Compilation)","SuperFastMode"],"gold_per_floor":[110,120,134,145,3,3,38,3,28,38,38,66,85,85,85,180,180,200,212,4,22,22,22,22],"floor_reached":23,"language":"ENG","playtime":581,"items_purged":[],"score":287,"play_id":"c301ee5f-7064-4d0b-837d-a6123cdbf684","local_time":"20210201202311","is_ascension_mode":true,"campfire_choices":[{"data":"Dash","floor":6,"key":"SMITH"},{"data":"Deadly Poison","floor":15,"key":"SMITH"}],"circlet_count":0,"master_deck":["Strike_G","Strike_G","Strike_G","Strike_G","Strike_G","Defend_G","Defend_G","Defend_G","Defend_G","Defend_G","Survivor","Neutralize","Poisoned Stab","Dagger Spray","Dash+1","Deadly Poison+1","Blade Dance","Footwork","Corpse Explosion","Blade Dance","Blur","Envenom","Prepared","Deflect","Blade Dance","Blade Dance+1","Parasite","Adrenaline"],"relics":["Ring of the Snake","Smiling Mask","Happy Flower","Dream Catcher","Juzu Bracelet","Eternal Feather","GremlinMask","Black Star","Lantern"],"acts_visited":["Exordium","TheCity"],"potions_floor_usage":[7,16,23],"damage_taken":[{"damage":5,"enemies":"Cultist","floor":1,"turns":5},{"damage":0,"enemies":"2 Louse","floor":2,"turns":2},{"damage":2,"enemies":"Jaw Worm","floor":3,"turns":4},{"damage":2,"enemies":"Lots of Slimes","floor":4,"turns":3},{"damage":3,"enemies":"Gremlin Nob","floor":7,"turns":3},{"damage":11,"enemies":"Looter","floor":10,"turns":3},{"damage":0,"enemies":"3 Sentries","floor":12,"turns":2},{"damage":6,"enemies":"Large Slime","floor":13,"turns":7},{"damage":15,"enemies":"Slime Boss","floor":16,"turns":12},{"damage":8,"enemies":"3 Byrds","floor":18,"turns":3},{"damage":31,"enemies":"2 Thieves","floor":19,"turns":3},{"damage":24,"enemies":"Snake Plant","floor":21,"turns":5},{"damage":7,"enemies":"Book of Stabbing","floor":23,"turns":1}],"seed_played":"2767389358300007226","potions_obtained":[{"floor":2,"key":"EssenceOfSteel"},{"floor":4,"key":"Poison Potion"},{"floor":7,"key":"Energy Potion"},{"floor":18,"key":"GamblersBrew"},{"floor":19,"key":"CunningPotion"}],"is_trial":false,"path_per_floor":["M","M","M","M","$","R","E","?","T","M","?","E","M","?","R","B",null,"M","M","$","M","?","E"],"character_chosen":"THE_SILENT","items_purchased":["GhostInAJar","Blade Dance","Lantern","Blade Dance"],"campfire_rested":0,"item_purchase_floors":[5,5,20,20],"current_hp_per_floor":[65,65,63,61,61,61,58,70,70,59,59,59,53,53,65,50,70,62,31,31,7,7,0,0],"gold":22,"neow_bonus":"RANDOM_COMMON_RELIC","is_daily":false,"chose_seed":false,"campfire_upgraded":2,"win_rate":0.0,"timestamp":1612228991,"path_taken":["M","M","M","M","?","R","E","?","T","M","?","E","M","?","R","BOSS","M","M","?","M","?","E"],"items_purchased_type":["Potion","Card","Relic","Card"],"build_version":"2020-12-22","purchased_purges":0,"victory":false,"max_hp_per_floor":[70,70,70,70,70,70,70,70,70,70,70,70,70,70,70,70,70,70,70,70,70,70,70,70],"card_choices":[{"not_picked":["Underhanded Strike","Sucker Punch"],"picked":"Poisoned Stab","floor":1},{"not_picked":["Catalyst","Poisoned Stab"],"picked":"Dagger Spray","floor":2},{"not_picked":["PiercingWail","Envenom"],"picked":"Dash","floor":3},{"not_picked":["Deflect","Quick Slash"],"picked":"Deadly Poison","floor":4},{"not_picked":["Cloak And Dagger","Slice"],"picked":"Footwork","floor":7},{"not_picked":["Terror","Eviscerate"],"picked":"Corpse Explosion","floor":10},{"not_picked":["Flechettes","Quick Slash"],"picked":"Blade Dance","floor":12},{"not_picked":["Slice","Predator"],"picked":"Blur","floor":13},{"not_picked":["Storm of Steel","Burst"],"picked":"Envenom","floor":16},{"not_picked":["All Out Attack","Cloak And Dagger"],"picked":"Prepared","floor":18},{"not_picked":["Sucker Punch+1","Distraction+1"],"picked":"Deflect","floor":19},{"not_picked":["Deflect","Acrobatics"],"picked":"Blade Dance+1","floor":21}],"player_experience":347379,"relics_obtained":[{"floor":7,"key":"Happy Flower"},{"floor":9,"key":"Dream Catcher"},{"floor":12,"key":"Eternal Feather"}],"event_choices":[{"damage_healed":17,"gold_gain":0,"player_choice":"Healed","damage_taken":0,"max_hp_gain":0,"max_hp_loss":0,"event_name":"The Cleric","floor":8,"gold_loss":35},{"damage_healed":0,"gold_gain":0,"player_choice":"Gave Potion","damage_taken":0,"relics_obtained":["Juzu Bracelet"],"max_hp_gain":0,"max_hp_loss":0,"event_name":"WeMeetAgain","floor":11,"gold_loss":0},{"damage_healed":0,"gold_gain":0,"player_choice":"Trade","damage_taken":0,"relics_obtained":["GremlinMask"],"max_hp_gain":0,"max_hp_loss":0,"event_name":"FaceTrader","floor":14,"gold_loss":0},{"damage_healed":0,"gold_gain":0,"player_choice":"2 cards matched","damage_taken":0,"max_hp_gain":0,"max_hp_loss":0,"event_name":"Match and Keep!","floor":22,"gold_loss":0,"cards_obtained":["Parasite","Adrenaline"]}],"is_beta":false,"boss_relics":[{"not_picked":["Philosopher\u0027s Stone","Velvet Choker"],"picked":"Black Star"}],"items_purged_floors":[],"is_endless":false,"potions_floor_spawned":[2,4,7,18,19],"killed_by":"Book of Stabbing","ascension_level":3}}