{"host":"jumrmhf584hajrnz","time":1612294800,"event":{"mods":["BaseMod","Duelist Mod","GifTheSpireLib","Minty Spire (QoL Compilation)","Quick Restart","StSLib"],"gold_per_floor":[145,161,161,161,174,174,205,221,246,9,9,32,76,102,111,194,194,223,166,166,166,166,224,253,293,317,156,195,257,307,307,307],"floor_reached":31,"language":"ENG","playtime":1312,"items_purged":["theDuelist:CurseAnubis"],"score":558,"play_id":"9e48a262-c208-4268-b945-c364d1f70b22","local_time":"20210202204000","is_ascension_mode":true,"campfire_choices":[{"floor":6,"key":"REST"},{"floor":11,"key":"REST"},{"floor":15,"key":"REST"},{"floor":24,"key":"REST"}],"circlet_count":0,"master_deck":["theDuelist:AngelTrumpeter","AscendersBane","theDuelist:CactusBouncer","theDuelist:CastleWalls+1","theDuelist:CastleWalls+1","theDuelist:DarkworldThorns","theDuelist:Inmato","theDuelist:JerryBeansMan","theDuelist:JerryBeansMan","theDuelist:Sparks+1","theDuelist:Sparks+1","theDuelist:PredaplantPterapenthes","theDuelist:EarthGiant","theDuelist:KamionTimelord","theDuelist:RevivalRose","theDuelist:PredaplantSpinodionaea","theDuelist:VioletCrystal","theDuelist:PredaplantSpinodionaea","theDuelist:WorldCarrot","theDuelist:BottomlessTrapHole","theDuelist:WhiteRoseDragon","theDuelist:BotanicalLion","theDuelist:RosePaladin","theDuelist:PredaplantChimerafflesia","theDuelist:KamionTimelord","theDuelist:CactusBouncer","theDuelist:WhiteRoseDragon","theDuelist:MudGolem","theDuelist:CopyPlant","theDuelist:Mudora+1","theDuelist:Mudora","theDuelist:GiantSoldierSteel"],"relics":["theDuelist:MillenniumPuzzle","theDuelist:CardPoolRelic","theDuelist:CardPoolBasicRelic","theDuelist:BoosterPackPoolRelic","theDuelist:CardPoolAddRelic","theDuelist:CardPoolMinusRelic","theDuelist:CardPoolSaveRelic","theDuelist:CardPoolOptionsRelic","Dream Catcher","theDuelist:MillenniumPeriapt","Regal Pillow","Odd Mushroom","CeramicFish","theDuelist:ZoneToken","Fusion Hammer","theDuelist:KaibaToken","Snake Skull","Bronze Scales","Juzu Bracelet"],"acts_visited":["Exordium","TheCity"],"potions_floor_usage":[13,28,29],"damage_taken":[{"damage":12,"enemies":"Jaw Worm","floor":1,"turns":3},{"damage":1,"enemies":"2 Louse","floor":2,"turns":3},{"damage":3,"enemies":"Small Slimes","floor":5,"turns":4},{"damage":35,"enemies":"Gremlin Nob","floor":7,"turns":4},{"damage":11,"enemies":"Looter","floor":8,"turns":4},{"damage":20,"enemies":"The Mushroom Lair","floor":12,"turns":4},{"damage":2,"enemies":"3 Sentries","floor":13,"turns":4},{"damage":43,"enemies":"Hexaghost","floor":16,"turns":6},{"damage":4,"enemies":"Shell Parasite","floor":18,"turns":3},{"damage":29,"enemies":"Slavers","floor":23,"turns":6},{"damage":7,"enemies":"Spheric Guardian","floor":25,"turns":4},{"damage":23,"enemies":"Centurion and Healer","floor":28,"turns":3},{"damage":28,"enemies":"Book of Stabbing","floor":29,"turns":4},{"damage":6,"enemies":"Cultist and Chosen","floor":31,"turns":3}],"seed_played":"-3925723553047170755","potions_obtained":[{"floor":7,"key":"theDuelist:MegaupgradePotion"},{"floor":8,"key":"Ancient Potion"},{"floor":23,"key":"theDuelist:CoolBottle"},{"floor":28,"key":"theDuelist:BottledKuriboh"}],"is_trial":false,"path_per_floor":["M","M","?","?","M","R","E","M","T","$","R","?","E","T","R","B",null,"M","$","?","?","?","E","R","M","T","$","M","E","?","M"],"character_chosen":"THE_DUELIST","items_purchased":["theDuelist:PredaplantSpinodionaea","theDuelist:WorldCarrot","theDuelist:CactusBouncer","theDuelist:WhiteRoseDragon","Bronze Scales"],"campfire_rested":4,"item_purchase_floors":[10,10,19,19,27],"current_hp_per_floor":[51,50,50,50,47,68,33,22,22,22,58,38,36,36,70,27,59,55,55,55,55,55,26,62,55,55,55,32,4,4,0,0],"gold":307,"neow_bonus":"RANDOM_COMMON_RELIC","is_daily":false,"chose_seed":false,"campfire_upgraded":0,"win_rate":0.0,"timestamp":1612294800,"path_taken":["M","M","?","?","M","R","E","M","T","$","R","?","E","?","R","BOSS","M","$","?","?","?","E","R","M","T","?","?","E","?","M"],"items_purchased_type":["Card","Card","Card","Card","Relic"],"build_version":"2020-12-22","purchased_purges":1,"victory":false,"max_hp_per_floor":[70,70,70,70,70,70,70,70,70,70,70,70,70,70,70,70,70,70,70,70,70,70,70,70,70,70,70,70,70,70,70,70],"card_choices":[{"not_picked":["theDuelist:BotanicalLion","theDuelist:Firegrass","theDuelist:CheerfulCoffin","theDuelist:LonefireBlossom"],"picked":"theDuelist:PredaplantPterapenthes","floor":1},{"not_picked":["theDuelist:FuryFire","theDuelist:EarthEffigy","theDuelist:Fissure","theDuelist:RockSunrise"],"picked":"theDuelist:EarthGiant","floor":2},{"not_picked":["theDuelist:WhiteRoseDragon","theDuelist:BlueRoseDragon","theDuelist:BlackRoseMoonlight","theDuelist:YellowBelliedOni"],"picked":"theDuelist:KamionTimelord","floor":5},{"not_picked":["theDuelist:LordPoison","theDuelist:SplendidRose"],"picked":"theDuelist:RevivalRose","floor":6},{"not_picked":["theDuelist:JerryBeansMan","theDuelist:Invigoration","theDuelist:PredaplantFlytrap","theDuelist:SilverApples"],"picked":"theDuelist:PredaplantSpinodionaea","floor":7},{"not_picked":["theDuelist:WorldTree","theDuelist:BloomingDarkestRose","theDuelist:SplendidRose"],"picked":"theDuelist:VioletCrystal","floor":8},{"not_picked":["theDuelist:WormApocalypse","theDuelist:Invigoration"],"picked":"theDuelist:BottomlessTrapHole","floor":11},{"not_picked":["theDuelist:BotanicalLion","theDuelist:PredaplantFlytrap","theDuelist:Invigoration","theDuelist:Inmato"],"picked":"theDuelist:WhiteRoseDragon","floor":12},{"not_picked":["theDuelist:WormApocalypse","theDuelist:PredaplantFlytrap","theDuelist:Invigoration","theDuelist:PredaplantPterapenthes"],"picked":"theDuelist:BotanicalLion","floor":13},{"not_picked":["theDuelist:Invigoration","theDuelist:PredaplantFlytrap"],"picked":"theDuelist:RosePaladin","floor":15},{"not_picked":["theDuelist:KamionTimelord","theDuelist:RoseArcher","theDuelist:QueenAngelRoses","theDuelist:BlackRoseMoonlight"],"picked":"theDuelist:PredaplantChimerafflesia","floor":16},{"not_picked":["theDuelist:WorldCarrot","theDuelist:PredaplantDrosophyllum","theDuelist:BotanicalGirl","theDuelist:Gigaplant"],"picked":"theDuelist:KamionTimelord","floor":18},{"not_picked":["theDuelist:DummyGolem","theDuelist:EarthquakeGiant","theDuelist:RainbowOverdragon+1","theDuelist:KamionTimelord"],"picked":"theDuelist:MudGolem","floor":23},{"not_picked":["theDuelist:SilverApples+1","theDuelist:FallenAngelRoses"],"picked":"theDuelist:CopyPlant","floor":24},{"not_picked":["theDuelist:LightningRodLord","theDuelist:MudGolem","theDuelist:Sangan","theDuelist:LightningVortex"],"picked":"theDuelist:Mudora+1","floor":25},{"not_picked":["theDuelist:RainbowOverdragon","theDuelist:RainbowGravity","theDuelist:ElectromagneticShield","theDuelist:StormingMirrorForce"],"picked":"theDuelist:Mudora","floor":28},{"not_picked":["theDuelist:WormWarlord","theDuelist:LightningRodLord","theDuelist:RainbowBridge","theDuelist:DummyGolem"],"picked":"theDuelist:GiantSoldierSteel","floor":29}],"player_experience":1682061,"relics_obtained":[{"floor":7,"key":"Regal Pillow"},{"floor":12,"key":"Odd Mushroom"},{"floor":13,"key":"CeramicFish"},{"floor":14,"key":"theDuelist:ZoneToken"},{"floor":23,"key":"theDuelist:KaibaToken"},{"floor":26,"key":"Snake Skull"},{"floor":29,"key":"Juzu Bracelet"}],"event_choices":[{"damage_healed":0,"gold_gain":0,"player_choice":"Leave","duelist":true,"damage_taken":0,"max_hp_gain":0,"max_hp_loss":0,"event_name":"Relic Duplicator","floor":3,"gold_loss":0},{"damage_healed":0,"gold_gain":0,"player_choice":"Took item - Received: Millennium Periapt","duelist":true,"damage_taken":0,"max_hp_gain":0,"max_hp_loss":0,"event_name":"Millennium Items","floor":4,"gold_loss":0},{"damage_healed":0,"gold_gain":0,"player_choice":"Fought Mushrooms","damage_taken":0,"max_hp_gain":0,"max_hp_loss":0,"event_name":"Mushrooms","floor":12,"gold_loss":0},{"total_magic_score":47,"gold_gain":0,"duelist":true,"damage_taken":0,"relics_obtained":[],"points":2,"max_hp_gain":0,"max_hp_loss":0,"spent_points":{"magic":1,"greed":0,"war":0,"power":0,"hunger":1},"event_name":"Nameless Tomb","floor":20,"gold_loss":0,"cards_obtained":[]},{"damage_healed":0,"gold_gain":0,"player_choice":"Leave","duelist":true,"damage_taken":0,"max_hp_gain":0,"max_hp_loss":0,"event_name":"Egyptian Village","floor":21,"gold_loss":0},{"damage_healed":0,"gold_gain":0,"player_choice":"Simplicity","damage_taken":0,"max_hp_gain":0,"max_hp_loss":0,"event_name":"Back to Basics","floor":22,"gold_loss":0,"cards_upgraded":["theDuelist:CastleWalls","theDuelist:CastleWalls","theDuelist:Sparks","theDuelist:Sparks"]},{"damage_healed":0,"gold_gain":50,"player_choice":"Stole From Cult","damage_taken":0,"max_hp_gain":0,"max_hp_loss":0,"event_name":"Nest","floor":30,"gold_loss":0}],"is_beta":false,"boss_relics":[{"not_picked":["Runic Pyramid","theDuelist:HauntedRelic"],"picked":"Fusion Hammer"}],"items_purged_floors":[10],"is_endless":false,"potions_floor_spawned":[7,8,23,28],"killed_by":"Cultist and Chosen","ascension_level":20}}