{"host":"tx53bzy9yvi1me7u","time":1612300185,"event":{"mods":["2.2 Compatiblity","BaseMod","Bestiary","CCEM2","Colored Map","Colored Powertips","Dark Map","Displayed Cursed Tome","Downfall","Highlight Path","Minty Spire (QoL Compilation)","Permanent Neow","Quick Restart","Relic Sorter","Replay The Spire","StSLib","The Runesmith"],"gold_per_floor":[113,133,152,31,46,46,71,71,71,71,82,82,98,131,131,236,236,249,264,8,23,23,58,68,88,114,127,127,145,178,197,197,197,197],"floor_reached":33,"language":"ENG","playtime":1458,"items_purged":["theextravagant:SlyStrike","theextravagant:SlyStrike"],"score":353,"play_id":"b86774fb-1ef6-4caf-96d7-6a9e65388d09","local_time":"20210202160945","is_ascension_mode":false,"campfire_choices":[{"data":"theextravagant:Ravage","floor":6,"key":"SMITH"},{"data":"theextravagant:Impulse","floor":8,"key":"SMITH"},{"data":"theextravagant:IronPlumes","floor":10,"key":"SMITH"},{"data":"theextravagant:SharpTalons","floor":15,"key":"SMITH"},{"data":"theextravagant:Castle","floor":28,"key":"SMITH"}],"circlet_count":0,"master_deck":["theextravagant:SlyStrike","theextravagant:SlyStrike","theextravagant:Fence","theextravagant:Fence","theextravagant:Fence","theextravagant:Fence","theextravagant:QuickAttack","theextravagant:Triumph+1","theextravagant:IronPlumes+1","theextravagant:StepBack","theextravagant:Firework","theextravagant:SpontaneousStrike","theextravagant:Ravage+1","theextravagant:Impulse+1","theextravagant:SpontaneousStrike","theextravagant:SharpTalons+1","theextravagant:SpontaneousStrike","theextravagant:SpontaneousStrike+1","theextravagant:Castle+1","theextravagant:Castle+1","theextravagant:Castle"],"relics":["theextravagant:TranslucentFeather","CCEMRelics:PowerPill","theextravagant:EmbroidedHandkerchief","Golden Egg","CCEMRelics:MissingSock","CCEMRelics:DarkMatter","Anchor","Iron Hammer","Art of War","Strawberry","theextravagant:RedPhonoblaster"],"acts_visited":["Exordium","TheCity"],"potions_floor_usage":[13,29,30,30,33,33],"damage_taken":[{"damage":1,"enemies":"Cultist","floor":1,"turns":4},{"damage":10,"enemies":"Jaw Worm","floor":2,"turns":4},{"damage":0,"enemies":"2 Louse","floor":3,"turns":3},{"damage":1,"enemies":"Exordium Wildlife","floor":5,"turns":5},{"damage":14,"enemies":"Gremlin Nob","floor":7,"turns":3},{"damage":7,"enemies":"Blue Slaver","floor":11,"turns":3},{"damage":3,"enemies":"Lots of Slimes","floor":13,"turns":3},{"damage":13,"enemies":"Lagavulin","floor":14,"turns":4},{"damage":11,"enemies":"Hexaghost","floor":16,"turns":8},{"damage":8,"enemies":"3 Byrds","floor":18,"turns":4},{"damage":7,"enemies":"Shell Parasite","floor":19,"turns":3},{"damage":21,"enemies":"Snake Plant","floor":21,"turns":4},{"damage":0,"enemies":"Gremlin Leader","floor":23,"turns":5},{"damage":9,"enemies":"Centurion and Healer","floor":24,"turns":5},{"damage":15,"enemies":"Shelled Parasite and Fungi","floor":25,"turns":3},{"damage":0,"enemies":"Snake Plant","floor":27,"turns":1},{"damage":8,"enemies":"Centurion and Healer","floor":29,"turns":4},{"damage":12,"enemies":"Replay:Snechameleon","floor":30,"turns":4},{"damage":0,"enemies":"Chosen and Byrds","floor":31,"turns":3},{"damage":3,"enemies":"Pondfish","floor":33,"turns":3}],"seed_played":"2194911726850097933","potions_obtained":[{"floor":1,"key":"Toxic Potion"},{"floor":5,"key":"bronze:BurnAndBuffPotion"},{"floor":13,"key":"Block Potion"},{"floor":14,"key":"hexamod:SoulburnPotion"},{"floor":19,"key":"Energy Potion"},{"floor":21,"key":"Weak Potion"},{"floor":30,"key":"SmokeBomb"},{"floor":32,"key":"Dexterity Potion"},{"floor":32,"key":"EssenceOfSteel"}],"is_trial":false,"path_per_floor":["M","M","M","$","M","R","E","R","T","R","M","?","M","E","R","B",null,"M","M","$","M","T","E","M","M","T","M","R","M","E","M","R_BF","B"],"character_chosen":"THE_EXTRAVAGANT","items_purchased":["theextravagant:SpontaneousStrike","Anchor"],"campfire_rested":0,"item_purchase_floors":[4,20],"current_hp_per_floor":[74,64,64,64,63,63,49,49,49,49,42,42,39,26,26,15,75,67,60,60,39,39,39,30,15,22,22,22,14,2,2,2,0,0],"gold":197,"neow_bonus":"UPGRADE_CARD","is_daily":false,"chose_seed":false,"campfire_upgraded":5,"win_rate":0.0,"timestamp":1612300185,"path_taken":["M","M","?","?","M","R","E","R","T","R","?","?","M","E","R","BOSS","M","M","?","M","?","E","M","M","T","M","R","M","E","?","R_BF","BOSS"],"items_purchased_type":["Card","Relic"],"build_version":"2020-12-22","purchased_purges":2,"victory":false,"max_hp_per_floor":[75,75,75,75,75,75,75,75,75,75,75,75,75,75,75,75,75,75,75,75,75,75,75,75,75,82,82,82,82,82,82,82,82,82],"card_choices":[{"not_picked":["theextravagant:Twitch","theextravagant:Precaution"],"picked":"theextravagant:IronPlumes","floor":1},{"not_picked":["theextravagant:ShootingStar","theextravagant:HeavyBlows"],"picked":"theextravagant:StepBack","floor":2},{"not_picked":["theextravagant:Dazzle","theextravagant:Shake"],"picked":"theextravagant:Firework","floor":3},{"not_picked":["theextravagant:Outrun","theextravagant:Shatter"],"picked":"theextravagant:Ravage","floor":5},{"not_picked":["theextravagant:CutTheDeck","theextravagant:GlyphOfPower"],"picked":"theextravagant:Impulse","floor":7},{"not_picked":["theextravagant:SpiritBolt","theextravagant:Foil","theextravagant:PerfectTheBasics"],"picked":"SKIP","floor":11},{"not_picked":["theextravagant:HeavyBlows","theextravagant:PuffUp"],"picked":"theextravagant:SpontaneousStrike","floor":13},{"not_picked":["theextravagant:Shatter","theextravagant:ZeroHero"],"picked":"theextravagant:SharpTalons","floor":14},{"not_picked":["theextravagant:Tension","theextravagant:Shake+1","theextravagant:Comeback"],"picked":"SKIP","floor":18},{"not_picked":["theextravagant:Drift","theextravagant:Precaution"],"picked":"theextravagant:SpontaneousStrike","floor":19},{"not_picked":["theextravagant:Twitch","theextravagant:SpiritBolt+1","theextravagant:Shove"],"picked":"SKIP","floor":21},{"not_picked":["theextravagant:Flashback+1","theextravagant:Meditation"],"picked":"theextravagant:SpontaneousStrike+1","floor":23},{"not_picked":["theextravagant:GlyphOfChoice","theextravagant:Impulse"],"picked":"theextravagant:Castle+1","floor":24},{"not_picked":["theextravagant:GlyphOfTime","theextravagant:PerfectTheBasics+1","theextravagant:GustOfWind"],"picked":"SKIP","floor":25},{"not_picked":["theextravagant:Urgency+1","theextravagant:PerfectTheBasics"],"picked":"theextravagant:Castle","floor":27},{"not_picked":["theextravagant:Twostep","theextravagant:PuffUp","theextravagant:Cutthroat+1"],"picked":"SKIP","floor":29},{"not_picked":["theextravagant:Cutthroat","theextravagant:SnakeOil"],"picked":"theextravagant:Castle","floor":30},{"not_picked":["theextravagant:Firework+1","theextravagant:Tension","theextravagant:Twostep"],"picked":"SKIP","floor":31}],"player_experience":639785,"relics_obtained":[{"floor":7,"key":"CCEMRelics:PowerPill"},{"floor":9,"key":"theextravagant:EmbroidedHandkerchief"},{"floor":14,"key":"CCEMRelics:MissingSock"},{"floor":22,"key":"Iron Hammer"},{"floor":23,"key":"Art of War"},{"floor":26,"key":"Strawberry"},{"floor":30,"key":"theextravagant:RedPhonoblaster"}],"event_choices":[{"damage_healed":0,"gold_gain":0,"player_choice":"Gave Potion","damage_taken":0,"relics_obtained":["Golden Egg"],"max_hp_gain":0,"max_hp_loss":0,"event_name":"WeMeetAgain","floor":12,"gold_loss":0}],"is_beta":false,"boss_relics":[{"not_picked":["CCEMRelics:TransientCore","Ring of Chaos"],"picked":"CCEMRelics:DarkMatter"}],"items_purged_floors":[4,20],"is_endless":false,"potions_floor_spawned":[1,5,13,14,19,21,23,25,30],"killed_by":"Pondfish","ascension_level":0}}