{"host":"6a9c3xws62y7efyw","time":1612251184,"event":{"mods":["BaseMod","Colored Map","Minty Spire (QoL Compilation)","Relic Stats","StSLib"],"gold_per_floor":[114,114,133,183,198,198,227,227,308,318,333,365,365,63,63,137,137,152,170,170,170,170,170,195,195,264,264,264],"floor_reached":27,"language":"ENG","playtime":804,"items_purged":[],"score":528,"play_id":"03600cb2-468a-4ed9-8892-211b5f2f48e2","local_time":"20210201233304","is_ascension_mode":true,"campfire_choices":[{"data":"Shockwave","floor":6,"key":"SMITH"},{"data":"Dropkick","floor":8,"key":"SMITH"},{"data":"1","floor":15,"key":"LIFT"},{"floor":23,"key":"REST"},{"floor":25,"key":"REST"}],"circlet_count":0,"master_deck":["AscendersBane","Bash","Shockwave+1","Dropkick+1","Offering","Twin Strike","Whirlwind","Uppercut","Feel No Pain","Corruption","Ghostly Armor","Corruption","Metallicize","Fire Breathing","Heavy Blade","Sentinel","Immolate","Metallicize","True Grit","Evolve+1","Seeing Red","Feel No Pain"],"relics":["Burning Blood","NeowsBlessing","Nunchaku","Ornamental Fan","Pantograph","Girya","Tiny Chest","Medical Kit","Pandora\u0027s Box","Happy Flower","Toxic Egg 2"],"acts_visited":["Exordium","TheCity"],"potions_floor_usage":[11,12,16,27,27],"damage_taken":[{"damage":0,"enemies":"Small Slimes","floor":1,"turns":1},{"damage":0,"enemies":"Cultist","floor":3,"turns":1},{"damage":0,"enemies":"2 Louse","floor":5,"turns":1},{"damage":65,"enemies":"3 Sentries","floor":7,"turns":12},{"damage":7,"enemies":"2 Fungi Beasts","floor":10,"turns":4},{"damage":8,"enemies":"3 Louse","floor":11,"turns":6},{"damage":0,"enemies":"Gremlin Nob","floor":12,"turns":2},{"damage":48,"enemies":"The Guardian","floor":16,"turns":13},{"damage":14,"enemies":"Spheric Guardian","floor":18,"turns":5},{"damage":36,"enemies":"Shell Parasite","floor":19,"turns":4},{"damage":25,"enemies":"Gremlin Leader","floor":24,"turns":6},{"damage":35,"enemies":"Book of Stabbing","floor":27,"turns":3}],"seed_played":"7238598060034875078","potions_obtained":[{"floor":1,"key":"SteroidPotion"},{"floor":7,"key":"SteroidPotion"},{"floor":10,"key":"Regen Potion"},{"floor":11,"key":"BloodPotion"},{"floor":24,"key":"Strength Potion"}],"is_trial":false,"path_per_floor":["M","?","M","?","M","R","E","R","T","M","M","E","?","$","R","B",null,"M","M","?","?","?","R","E","R","T","E"],"character_chosen":"IRONCLAD","items_purchased":["Medical Kit","Feel No Pain","Strength Potion"],"campfire_rested":2,"item_purchase_floors":[14,14,14],"current_hp_per_floor":[74,74,75,75,75,75,16,16,16,15,28,34,23,23,23,21,62,54,24,24,3,3,27,8,32,32,0,0],"gold":264,"neow_bonus":"THREE_ENEMY_KILL","is_daily":false,"chose_seed":false,"campfire_upgraded":2,"win_rate":0.0,"timestamp":1612251184,"path_taken":["M","?","?","?","?","R","E","R","T","M","M","E","?","$","R","BOSS","M","M","?","?","?","R","E","R","T","E"],"items_purchased_type":["Relic","Card","Potion"],"build_version":"2020-12-22","purchased_purges":0,"victory":false,"max_hp_per_floor":[75,75,75,75,75,75,75,75,75,75,75,75,75,75,75,75,75,75,75,75,80,80,80,80,80,80,80,80],"relic_stats":{"Nunchaku":[8],"Happy Flower":[1],"counters":[12,58],"Ornamental Fan":[24],"Pantograph":25,"Tiny Chest":0,"Pandora\u0027s Box":["Ghostly Armor","Corruption","Metallicize","Fire Breathing","Heavy Blade","Sentinel","Immolate","Metallicize","True Grit"],"Medical Kit":[2],"obtain_stats":[{"Girya":12,"Nunchaku":2,"NeowsBlessing":0,"Happy Flower":24,"Ornamental Fan":7,"Pantograph":9,"Tiny Chest":13,"Pandora\u0027s Box":17,"Toxic Egg 2":26,"Medical Kit":14,"Burning Blood":0},{"Girya":7,"Nunchaku":1,"NeowsBlessing":0,"Happy Flower":11,"Ornamental Fan":4,"Pantograph":4,"Tiny Chest":7,"Pandora\u0027s Box":8,"Toxic Egg 2":11,"Medical Kit":7,"Burning Blood":0},{"Girya":27,"Nunchaku":1,"NeowsBlessing":0,"Happy Flower":55,"Ornamental Fan":15,"Pantograph":15,"Tiny Chest":27,"Pandora\u0027s Box":40,"Toxic Egg 2":55,"Medical Kit":27,"Burning Blood":0}],"Burning Blood":55},"card_choices":[{"not_picked":["Bloodletting","Body Slam","Warcry"],"picked":"SKIP","floor":1},{"not_picked":["Carnage","Armaments"],"picked":"Shockwave","floor":3},{"not_picked":["Evolve","Infernal Blade"],"picked":"Dropkick","floor":5},{"not_picked":["Cleave","Havoc"],"picked":"Offering","floor":7},{"not_picked":["Burning Pact","Warcry"],"picked":"Twin Strike","floor":10},{"not_picked":["Clash","Pummel"],"picked":"Whirlwind","floor":11},{"not_picked":["Twin Strike","Blood for Blood"],"picked":"Uppercut","floor":12},{"not_picked":["Demon Form","Reaper"],"picked":"Corruption","floor":16},{"not_picked":["Twin Strike","Shrug It Off"],"picked":"Evolve+1","floor":18},{"not_picked":["Reckless Charge","Thunderclap"],"picked":"Seeing Red","floor":19},{"not_picked":["Bloodletting+1","Burning Pact"],"picked":"Feel No Pain","floor":24}],"player_experience":1458283,"relics_obtained":[{"floor":7,"key":"Ornamental Fan"},{"floor":9,"key":"Pantograph"},{"floor":12,"key":"Girya"},{"floor":24,"key":"Happy Flower"},{"floor":26,"key":"Toxic Egg 2"}],"event_choices":[{"damage_healed":0,"gold_gain":0,"player_choice":"Gave Potion","damage_taken":0,"relics_obtained":["Nunchaku"],"max_hp_gain":0,"max_hp_loss":0,"event_name":"WeMeetAgain","floor":2,"gold_loss":0},{"damage_healed":0,"gold_gain":50,"player_choice":"Pray","damage_taken":0,"max_hp_gain":0,"max_hp_loss":0,"event_name":"Golden Shrine","floor":4,"gold_loss":0},{"damage_healed":0,"gold_gain":0,"player_choice":"Success","damage_taken":11,"relics_obtained":["Tiny Chest"],"max_hp_gain":0,"max_hp_loss":0,"event_name":"Scrap Ooze","floor":13,"gold_loss":0},{"damage_healed":0,"gold_gain":0,"player_choice":"Ignored","damage_taken":0,"max_hp_gain":0,"max_hp_loss":0,"event_name":"The Mausoleum","floor":20,"gold_loss":0},{"damage_healed":0,"gold_gain":0,"player_choice":"Shed Blood","damage_taken":26,"max_hp_gain":5,"max_hp_loss":0,"event_name":"Forgotten Altar","floor":21,"gold_loss":0},{"damage_healed":0,"gold_gain":0,"player_choice":"Ignored","damage_taken":0,"max_hp_gain":0,"max_hp_loss":0,"event_name":"N\u0027loth","floor":22,"gold_loss":0}],"is_beta":false,"boss_relics":[{"not_picked":["Runic Cube","SacredBark"],"picked":"Pandora\u0027s Box"}],"items_purged_floors":[],"is_endless":false,"potions_floor_spawned":[1,7,10,11,24],"killed_by":"Book of Stabbing","ascension_level":20}}