{"host":"vumwfieg2b2mnrfl","time":1612224878,"event":{"mods":["AchievementEnabler","BaseMod","Minty Spire (QoL Compilation)","Rare Cards Sparkle","Relic Stats"],"gold_per_floor":[109,184,184,194,212,241,256,256,256,256,256],"floor_reached":10,"language":"ENG","playtime":229,"items_purged":[],"score":102,"play_id":"d35de6eb-7493-40df-891c-aaa6be75fe2b","local_time":"20210201181438","is_ascension_mode":true,"campfire_choices":[{"floor":8,"key":"REST"}],"circlet_count":0,"master_deck":["AscendersBane","Strike_B","Strike_B","Strike_B","Defend_B","Defend_B","Defend_B","Defend_B","Zap","Dualcast","Loop","Recycle","Conserve Battery","Sweeping Beam","Hologram"],"relics":["Cracked Core","Vajra","Kunai"],"acts_visited":["Exordium"],"potions_floor_usage":[],"damage_taken":[{"damage":0,"enemies":"2 Louse","floor":1,"turns":2},{"damage":7,"enemies":"Jaw Worm","floor":4,"turns":3},{"damage":1,"enemies":"Cultist","floor":5,"turns":4},{"damage":23,"enemies":"Lagavulin","floor":6,"turns":7},{"damage":9,"enemies":"Blue Slaver","floor":7,"turns":4},{"damage":65,"enemies":"Gremlin Nob","floor":10,"turns":4}],"seed_played":"1098081127800904196","potions_obtained":[{"floor":1,"key":"Dexterity Potion"},{"floor":4,"key":"Ancient Potion"}],"is_trial":false,"path_per_floor":["M","?","?","M","M","E","M","R","T","E"],"character_chosen":"DEFECT","items_purchased":[],"campfire_rested":1,"item_purchase_floors":[],"current_hp_per_floor":[68,57,57,50,49,26,17,39,39,0,0],"gold":256,"neow_bonus":"RANDOM_COMMON_RELIC","is_daily":false,"chose_seed":false,"campfire_upgraded":0,"win_rate":0.0,"timestamp":1612224878,"path_taken":["M","?","?","M","M","E","M","R","T","E"],"items_purchased_type":[],"build_version":"2020-12-22","purchased_purges":0,"victory":false,"max_hp_per_floor":[75,75,75,75,75,75,75,75,75,75,75],"relic_stats":{"counters":[6,24],"Kunai":[0],"obtain_stats":[{"Vajra":0,"Kunai":6,"Cracked Core":0},{"Vajra":0,"Kunai":4,"Cracked Core":0},{"Vajra":0,"Kunai":16,"Cracked Core":0}]},"card_choices":[{"not_picked":["Heatsinks","Scrape"],"picked":"Loop","floor":1},{"not_picked":["Beam Cell","Rebound"],"picked":"Conserve Battery","floor":4},{"not_picked":["Reprogram","Compile Driver"],"picked":"Sweeping Beam","floor":5},{"not_picked":["Rebound","Conserve Battery"],"picked":"Hologram","floor":6},{"not_picked":["Hologram","Reboot","Barrage"],"picked":"SKIP","floor":7}],"player_experience":511532,"relics_obtained":[{"floor":6,"key":"Kunai"}],"event_choices":[{"damage_healed":0,"gold_gain":75,"player_choice":"Gather Gold","damage_taken":11,"max_hp_gain":0,"max_hp_loss":0,"event_name":"World of Goop","floor":2,"gold_loss":0},{"damage_healed":0,"gold_gain":0,"cards_transformed":["Strike_B"],"player_choice":"Change","damage_taken":0,"max_hp_gain":0,"max_hp_loss":0,"event_name":"Living Wall","floor":3,"gold_loss":0,"cards_obtained":["Recycle"]}],"is_beta":false,"boss_relics":[],"items_purged_floors":[],"is_endless":false,"potions_floor_spawned":[1,4],"killed_by":"Gremlin Nob","ascension_level":10}}