{"host":"bg0cyinkrjnqf173","time":1612293251,"event":{"mods":["2.2 Compatiblity","Aspiration","BaseMod","Beaked The Cultist","Better Third Choice","BetterRewards","Colored Map","Conspire","Curses Come First","Defuse TimeMaze Blight","Displayed Cursed Tome","Googly Eyes","Halation","Hubris","Infinite Spire","Jedi Mod","Minty Spire (QoL Compilation)","Permanent Neow","Quick Restart","Rare Cards Sparkle","Relic Sorter","Replay The Spire","Shop Mod","Spicy Shops","Spikes Relics","StSLib","The Bladedancer","The Construct","The Valiant"],"gold_per_floor":[111,130,147,158,170,199,217,252,252,36,52,52,52,108,108,229,229,254,254,13,13,13,13,13],"floor_reached":23,"language":"ENG","playtime":1223,"items_purged":[],"score":211,"play_id":"a19db35a-dc51-42b1-b9bf-bd4a18302855","local_time":"20210202141411","is_ascension_mode":true,"campfire_choices":[{"data":"beaked:CrazyRituals","floor":13,"key":"SMITH"},{"data":"beaked:CrazyRituals","floor":15,"key":"SMITH"}],"circlet_count":0,"master_deck":["beaked:Strike_Y","beaked:Strike_Y","beaked:Strike_Y","beaked:Strike_Y","beaked:Strike_Y","beaked:Strike_Y","beaked:Defend_Y","beaked:Defend_Y","beaked:Defend_Y","beaked:Defend_Y","beaked:Ceremony","beaked:Ceremony","beaked:Ceremony","conspire:NecroticWound","Eruption","Replay:Sssssssssshield","infinitespire:TheBestDefense","beaked:VolatileMisfortune","beaked:WindBringer","beaked:Daydream","beaked:BloodForTheGods","beaked:DigDeep","beaked:VolatileMisfortune","beaked:MimicWarrior","beaked:Poke","Pain","beaked:CrazyRituals+1","Injury","ReplayTheSpireMod:Splinters","beaked:CrazyRituals","beaked:CrazyRituals+1","beaked:VolatileMisfortune","beaked:MimicWarrior+1"],"relics":["beaked:MendingPlumage","ReplayTheSpireMod:SealedPack","jedi:paperlyon","Winged Necklace","conspire:GlowingRock","Quantum Egg","Du-Vu Doll","Frozen Eye","Golden Idol","infinitespire:Satchel","halation:EternalFortune","Onion Ring","Prayer Wheel"],"acts_visited":["Exordium","TheCity"],"potions_floor_usage":[8],"damage_taken":[{"damage":7,"enemies":"Jaw Worm","floor":1,"turns":5},{"damage":6,"enemies":"conspire:RoseBush","floor":2,"turns":4},{"damage":12,"enemies":"2 Louse","floor":3,"turns":3},{"damage":6,"enemies":"Exordium Wildlife","floor":4,"turns":3},{"damage":20,"enemies":"conspire:2 RoseBushes","floor":5,"turns":7},{"damage":37,"enemies":"Replay:BlueRogue","floor":6,"turns":7},{"damage":47,"enemies":"Blue Slaver","floor":7,"turns":5},{"damage":31,"enemies":"3 Sentries","floor":8,"turns":6},{"damage":30,"enemies":"Large Slime","floor":11,"turns":6},{"damage":36,"enemies":"Fading Forest","floor":16,"turns":11},{"damage":23,"enemies":"Spheric Guardian","floor":18,"turns":5},{"damage":54,"enemies":"Book of Stabbing","floor":23,"turns":4}],"seed_played":"2664152194621954204","potions_obtained":[{"floor":1,"key":"Strength Potion"},{"floor":5,"key":"Energy Potion"},{"floor":7,"key":"BlessingOfTheForge"},{"floor":11,"key":"Ancient Potion"}],"is_trial":false,"path_per_floor":["M","M","M","M","M","E","M","E","T","$","M","?","R","?","R","B",null,"M","?","$","?","T","E"],"character_chosen":"BEAKED_THE_CULTIST","items_purchased":["Du-Vu Doll","Frozen Eye","Onion Ring"],"campfire_rested":0,"item_purchase_floors":[10,10,20],"current_hp_per_floor":[50,47,43,43,48,48,31,36,36,36,34,34,34,34,34,50,50,38,41,41,41,41,0,0],"gold":13,"neow_bonus":"DOUBLE_BOSS_RELIC","is_daily":false,"chose_seed":false,"campfire_upgraded":2,"win_rate":0.0,"timestamp":1612293251,"path_taken":["M","M","M","M","M","E","M","E","T","$","M","?","R","?","R","BOSS","M","?","$","?","?","E"],"items_purchased_type":["Relic","Relic","Relic"],"build_version":"2020-12-22","purchased_purges":0,"victory":false,"max_hp_per_floor":[50,50,50,50,50,50,50,50,50,50,50,50,50,50,50,50,50,50,53,53,53,53,53,53],"card_choices":[{"not_picked":["blademaster:Gale","beaked:Ceremony"],"picked":"Eruption","floor":0},{"not_picked":["Swift Strike","Survey Options"],"picked":"Replay:Sssssssssshield","floor":0},{"not_picked":["infinitespire:SealOfDarkness+","ReplayTheSpireMod:Echoes of Time"],"picked":"infinitespire:TheBestDefense","floor":0},{"not_picked":["beaked:ShadowFade","beaked:Sacrifice"],"picked":"beaked:VolatileMisfortune","floor":0},{"not_picked":["ReplayTheSpireMod:RavenHex","beaked:Cower"],"picked":"beaked:WindBringer","floor":1},{"not_picked":["beaked:Brace","beaked:Redirect","beaked:CursingBlood"],"picked":"SKIP","floor":2},{"not_picked":["beaked:VigorBurst","beaked:Foresight"],"picked":"beaked:Daydream","floor":3},{"not_picked":["beaked:FeelMyPain","beaked:Insight"],"picked":"beaked:BloodForTheGods","floor":4},{"not_picked":["beaked:WindBringer","beaked:HuntressSpirit"],"picked":"beaked:DigDeep","floor":5},{"not_picked":["beaked:Tweet","beaked:Daydream"],"picked":"beaked:VolatileMisfortune","floor":6},{"not_picked":["beaked:SurvivalInstinct","beaked:SacrificialAttack"],"picked":"beaked:MimicWarrior","floor":7},{"not_picked":["beaked:FakeOut","beaked:CursingBlood"],"picked":"beaked:Poke","floor":8},{"not_picked":["beaked:DigDeep","beaked:Replenish"],"picked":"beaked:CrazyRituals","floor":11},{"not_picked":["beaked:Mantra","beaked:Cower"],"picked":"beaked:CrazyRituals","floor":14},{"not_picked":["beaked:Overexert","beaked:WarriorEssence"],"picked":"beaked:CrazyRituals","floor":14},{"not_picked":["beaked:SacrificialScars","beaked:ShadowFade"],"picked":"beaked:VolatileMisfortune","floor":16},{"not_picked":["beaked:DigDeeper","ReplayTheSpireMod:RavenHex+1"],"picked":"beaked:MimicWarrior+1","floor":18}],"player_experience":762592,"relics_obtained":[{"floor":6,"key":"Winged Necklace"},{"floor":8,"key":"conspire:GlowingRock"},{"floor":9,"key":"Quantum Egg"},{"floor":14,"key":"infinitespire:Satchel"},{"floor":22,"key":"Prayer Wheel"}],"event_choices":[{"damage_healed":0,"gold_gain":0,"player_choice":"Take Wound","damage_taken":0,"relics_obtained":["Golden Idol"],"max_hp_gain":0,"max_hp_loss":0,"event_name":"Golden Idol","floor":12,"gold_loss":0,"cards_obtained":["Injury"]},{"damage_healed":0,"gold_gain":0,"player_choice":"Leave","damage_taken":0,"max_hp_gain":0,"max_hp_loss":0,"event_name":"conspire:Investor","floor":21,"gold_loss":0}],"is_beta":false,"boss_relics":[{"not_picked":["Honey Jar","hubris:CrackedHourglass","halation:Yufonium"]}],"items_purged_floors":[],"is_endless":false,"potions_floor_spawned":[1,5,7,11],"killed_by":"Book of Stabbing","ascension_level":1}}