{"host":"csn9i02amg5zm780","time":1612275477,"event":{"mods":["2.2 Compatiblity","AchievementEnabler","Aspiration","BaseMod","Colored Map","Colored Powertips","Curses Come First","Dark Map","Defuse TimeMaze Blight","Downfall","Halation","Highlight Path","Minty Spire (QoL Compilation)","Poor People Problems","Quick Restart","Rare Cards Sparkle","Relic Filter Mod","Relic Stats","Reliquary","StSLib","Transform Curses","Waifu the Spire"],"gold_per_floor":[99,115,115,115,128,147,219,231,231,258,32,132,132,152,172,277,277,177,187,15,38,31,31,31,31,31,31,31,60,60,87,87,87,87],"floor_reached":32,"language":"ENG","playtime":3479,"items_purged":[],"score":313,"play_id":"ed052d1e-f315-4e54-9113-ea14905cb8ba","local_time":"20210202151757","is_ascension_mode":false,"campfire_choices":[{"data":"hexamod:Float","floor":1.0,"key":"SMITH"},{"data":"hexamod:GhostflameBarrier","floor":9.0,"key":"SMITH"},{"floor":13,"key":"REST"},{"floor":18,"key":"RECALL"},{"data":"expansioncontent:StudyTheSpire","floor":25,"key":"SMITH"},{"data":"hexamod:HexaLevel","floor":28,"key":"SMITH"},{"floor":30,"key":"REST"}],"circlet_count":0,"master_deck":["hexamod:Defend+1","hexamod:Defend","hexamod:Defend+1","hexamod:Sear","hexamod:Float+1","hexamod:SecondSeal","hexamod:HauntingEcho+1","hexamod:Rewind+1","hexamod:GhostflameBarrier+1","hexamod:InspiringFlames","hexamod:Firestarter+1","hexamod:SixthSeal","hexamod:HeatMetal+1","hexamod:RadiantFlame+1","hexamod:FifthSeal","hexamod:ExtraCrispy+1","hexamod:SwordOfDarkness+1","hexamod:HexaLevel+1","hexamod:FirstSeal","hexamod:FlamesFromBeyond+1","hexamod:SuperheatedStrike+1","expansioncontent:StudyTheSpire+1","hexamod:FourthSeal","hexamod:ThirdSeal","hexamod:EtherealExpedition","Bite","Bite","Bite+1","Bite","Bite","hexamod:Incineration+1","expansioncontent:StudyTheSpire+1","expansioncontent:AwakenDeath","hexamod:ChargedBarrage","hexamod:PowerFromBeyond","hexamod:SixthSeal"],"relics":["hexamod:SpiritBrand","Lantern","halation:PinkSoulGem","Letter Opener","halation:WeightlessCrab","halation:HeavySnake","downfall:HeartBlessingGreen","Molten Egg 2","halation:EternalFortune"],"acts_visited":["Exordium","TheCity"],"potions_floor_usage":[16],"damage_taken":[{"damage":0.0,"enemies":"Small Slimes","floor":2.0,"turns":4.0},{"damage":0.0,"enemies":"2 Louse","floor":5.0,"turns":3.0},{"damage":0.0,"enemies":"Jaw Worm","floor":6.0,"turns":3.0},{"damage":3.0,"enemies":"Lots of Slimes","floor":8.0,"turns":3.0},{"damage":37,"enemies":"Lagavulin","floor":10,"turns":10},{"damage":0,"enemies":"downfall:FleeingMerchant","floor":11,"turns":4},{"damage":10,"enemies":"downfall:Heads","floor":12,"turns":7},{"damage":20,"enemies":"Exordium Wildlife","floor":14,"turns":6},{"damage":0,"enemies":"2 Fungi Beasts","floor":15,"turns":3},{"damage":22,"enemies":"IC_STATUS_ARCHETYPE","floor":16,"turns":8},{"damage":32,"enemies":"Chosen","floor":19,"turns":7},{"damage":10,"enemies":"downfall:FleeingMerchant","floor":20,"turns":4},{"damage":7,"enemies":"Centurion and Healer","floor":21,"turns":7},{"damage":6,"enemies":"downfall:FleeingMerchant","floor":22,"turns":4},{"damage":25,"enemies":"downfall:FleeingMerchant","floor":29,"turns":4},{"damage":33,"enemies":"Cultist and Chosen","floor":31,"turns":8},{"damage":25,"enemies":"Shelled Parasite and Fungi","floor":32,"turns":2}],"seed_played":"7563619450120944614","potions_obtained":[{"floor":2.0,"key":"Ancient Potion"},{"floor":14,"key":"hexamod:EctoCoolerPotion"},{"floor":15,"key":"Fire Potion"},{"floor":31,"key":"SpeedPotion"}],"is_trial":false,"path_per_floor":["R","M","?","?","M","M","T","M","R","E","$","?","R","M","M","B",null,"R","M","$","M","$","?","T","R","?","?","R","$","R","M","M"],"character_chosen":"THE_SPIRIT","items_purchased":["hexamod:SixthSeal","hexamod:HeatMetal","expansioncontent:StudyTheSpire","expansioncontent:StudyTheSpire+1","expansioncontent:AwakenDeath","hexamod:ChargedBarrage"],"campfire_rested":2,"item_purchase_floors":[11,11,20,29,29,29],"current_hp_per_floor":[70,70,70,75,75,75,75,72,72,35,35,25,47,27,27,5,75,75,43,40,33,34,34,34,34,37,37,37,18,34,17,0,0,0],"gold":87,"neow_bonus":"RANDOM_COMMON_RELIC","is_daily":false,"chose_seed":false,"campfire_upgraded":4,"win_rate":0.0,"timestamp":1612275477,"path_taken":["R","M","?","?","M","M","T","M","R","E","$","?","R","?","M","BOSS","R","M","?","M","$","?","T","R","?","?","R","$","R","M","M"],"items_purchased_type":["Card","Card","Card","Card","Card","Card"],"build_version":"2020-12-22","purchased_purges":0,"victory":false,"max_hp_per_floor":[70,70,70,75,75,75,75,75,75,75,75,75,75,75,75,75,75,75,75,75,75,75,52,52,52,55,55,55,55,55,55,55,55,55],"relic_stats":{"counters":[17,87],"Letter Opener":[72],"obtain_stats":[{"Lantern":0,"halation:EternalFortune":26,"downfall:HeartBlessingGreen":18,"Molten Egg 2":24,"halation:WeightlessCrab":10,"Letter Opener":7,"halation:PinkSoulGem":3,"hexamod:SpiritBrand":0,"halation:HeavySnake":17},{"Lantern":0,"halation:EternalFortune":14,"downfall:HeartBlessingGreen":10,"Molten Egg 2":14,"halation:WeightlessCrab":5,"Letter Opener":3,"halation:PinkSoulGem":1,"hexamod:SpiritBrand":0,"halation:HeavySnake":10},{"Lantern":0,"halation:EternalFortune":73,"downfall:HeartBlessingGreen":51,"Molten Egg 2":73,"halation:WeightlessCrab":23,"Letter Opener":10,"halation:PinkSoulGem":4,"hexamod:SpiritBrand":0,"halation:HeavySnake":51}]},"card_choices":[{"not_picked":["hexamod:EtherealExpedition","hexamod:DynamicBlow"],"picked":"hexamod:SecondSeal","floor":2.0},{"not_picked":["hexamod:RetreatToShadows","hexamod:NightmareGuise"],"picked":"hexamod:HauntingEcho","floor":5.0},{"not_picked":["hexamod:SuperheatedStrike","hexamod:RetreatToShadows"],"picked":"hexamod:Rewind","floor":6.0},{"not_picked":["hexamod:NightmareStrike","hexamod:BacktrackSmack"],"picked":"hexamod:GhostflameBarrier","floor":8.0},{"not_picked":["hexamod:Hexaguard","hexamod:AdvancingGuard"],"picked":"hexamod:InspiringFlames","floor":10},{"not_picked":["hexamod:GhostShield","hexamod:SpectersWail"],"picked":"hexamod:Firestarter","floor":11},{"not_picked":["hexamod:InspiringFlames","hexamod:DynamicBlow"],"picked":"hexamod:RadiantFlame","floor":12},{"not_picked":["hexamod:GhostOfSpirePast","hexamod:Toasty"],"picked":"hexamod:ExtraCrispy","floor":14},{"not_picked":["hexamod:GhostOfSpirePast","hexamod:Firestarter"],"picked":"hexamod:SwordOfDarkness","floor":15},{"not_picked":["hexamod:ApocalypticArmor","hexamod:SixthSeal"],"picked":"hexamod:HexaLevel","floor":16},{"not_picked":["hexamod:SecondSeal","hexamod:ThirdSeal"],"picked":"hexamod:FirstSeal","floor":19},{"not_picked":["hexamod:SpectersWail","hexamod:Incineration+1"],"picked":"hexamod:FlamesFromBeyond","floor":19},{"not_picked":["hexamod:NightmareGuise","hexamod:SpectralSpark"],"picked":"hexamod:SuperheatedStrike","floor":20},{"not_picked":["hexamod:DynamicBlow","hexamod:PhantomCloak"],"picked":"hexamod:FourthSeal","floor":21},{"not_picked":["hexamod:SecondSeal","hexamod:FourthSeal"],"picked":"hexamod:ThirdSeal","floor":22},{"not_picked":["hexamod:Haunt","hexamod:NecessarySacrifice"],"picked":"hexamod:EtherealExpedition","floor":22},{"not_picked":["hexamod:GiftsFromTheDead","hexamod:BacktrackSmack+1"],"picked":"hexamod:Incineration+1","floor":29},{"not_picked":["hexamod:DynamicBlow+1","hexamod:Again"],"picked":"hexamod:PowerFromBeyond","floor":31},{"not_picked":["hexamod:FourthSeal","hexamod:ThirdSeal"],"picked":"hexamod:SixthSeal","floor":31}],"player_experience":158640,"relics_obtained":[{"floor":7.0,"key":"Letter Opener"},{"floor":10,"key":"halation:WeightlessCrab"},{"floor":24,"key":"Molten Egg 2"}],"event_choices":[{"damage_healed":0.0,"max_hp_gain":5.0,"max_hp_loss":0.0,"gold_gain":0.0,"event_name":"Big Fish","player_choice":"Donut","floor":4.0,"gold_loss":0.0,"damage_taken":0.0},{"damage_healed":0,"gold_gain":0,"player_choice":"Became a vampire","damage_taken":0,"max_hp_gain":0,"max_hp_loss":23,"event_name":"Vampires","floor":23,"gold_loss":0,"cards_obtained":["Bite","Bite","Bite","Bite","Bite"]}],"is_beta":false,"boss_relics":[{"not_picked":["halation:LoveArrow","Busted Crown"],"picked":"halation:HeavySnake"}],"items_purged_floors":[],"is_endless":false,"potions_floor_spawned":[2,14,15,31],"killed_by":"Shelled Parasite and Fungi","ascension_level":0}}