{"host":"xltl1aroowo69o4n","time":1612285743,"event":{"mods":["BaseMod","Colored Map","Colored Powertips","Downfall","Minty Spire (QoL Compilation)","StSLib"],"gold_per_floor":[109,109,74,74,92,92,116,216,240,267,267,278,340,358,358,463,463,483,483,11,11,24,24,58,58,139,139,158,158,1,36,36,131,131,161,13,24,72,72,72,91,91,91,91,108,126,143,193,193,193],"floor_reached":51,"language":"ENG","playtime":2360,"items_purged":[],"score":713,"play_id":"b79fb180-75a2-4c95-8283-262ceb9e7984","local_time":"20210202120903","is_ascension_mode":false,"campfire_choices":[{"floor":6,"key":"REST"},{"floor":11,"key":"REST"},{"floor":15,"key":"REST"},{"floor":23,"key":"REST"},{"data":"Buffer","floor":27,"key":"SMITH"},{"floor":32,"key":"REST"},{"floor":40,"key":"REST"},{"data":"Rainbow","floor":42,"key":"SMITH"},{"data":"Melter","floor":44,"key":"SMITH"},{"data":"Rainbow","floor":49,"key":"SMITH"}],"circlet_count":0,"master_deck":["Strike_B","Strike_B","Strike_B","Defend_B","Defend_B","Defend_B","Defend_B","Zap","Dualcast","Redo+1","FTL","Capacitor","Rainbow+1","Redo","Genetic Algorithm","Buffer+1","Go for the Eyes+1","HandOfGreed","Double Energy","Chill","Aggregate+1","Melter+1","Writhe","Conserve Battery","Rainbow+1","CurseOfTheBell","Ball Lightning+1","BootSequence","Stack+1","Genetic Algorithm+1","Parasite","Compile Driver","Steam+1","Leap+1","Auto Shields"],"relics":["Cracked Core","Oddly Smooth Stone","Juzu Bracelet","Omamori","Potion Belt","Pear","Cursed Key","Eternal Feather","Matryoshka","sneckomod:BabySnecko","Smiling Mask","Kunai","Pantograph","Thread and Needle","Membership Card","Bottled Flame","Calling Bell","Bronze Scales","Meat on the Bone","Turnip","Du-Vu Doll","Torii","InkBottle","Pocketwatch"],"acts_visited":["Exordium","TheCity","TheBeyond"],"potions_floor_usage":[22,33,33,46,46],"damage_taken":[{"damage":6,"enemies":"Jaw Worm","floor":1,"turns":3},{"damage":0,"enemies":"Small Slimes","floor":5,"turns":2},{"damage":36,"enemies":"3 Sentries","floor":10,"turns":8},{"damage":0,"enemies":"2 Louse","floor":12,"turns":3},{"damage":12,"enemies":"Gremlin Nob","floor":13,"turns":4},{"damage":4,"enemies":"Blue Slaver","floor":14,"turns":3},{"damage":50,"enemies":"Slime Boss","floor":16,"turns":13},{"damage":40,"enemies":"2 Thieves","floor":18,"turns":5},{"damage":7,"enemies":"3 Byrds","floor":22,"turns":5},{"damage":18,"enemies":"Sentry and Sphere","floor":24,"turns":6},{"damage":19,"enemies":"Centurion and Healer","floor":28,"turns":11},{"damage":31,"enemies":"Gremlin Leader","floor":31,"turns":11},{"damage":12,"enemies":"Collector","floor":33,"turns":11},{"damage":8,"enemies":"3 Shapes","floor":35,"turns":4},{"damage":3,"enemies":"Orb Walker","floor":37,"turns":3},{"damage":43,"enemies":"2 Orb Walkers","floor":38,"turns":5},{"damage":2,"enemies":"3 Darklings","floor":41,"turns":6},{"damage":0,"enemies":"Maw","floor":45,"turns":8},{"damage":18,"enemies":"Spire Growth","floor":46,"turns":5},{"damage":22,"enemies":"Jaw Worm Horde","floor":47,"turns":6},{"damage":8,"enemies":"Mind Bloom Boss Battle","floor":48,"turns":6},{"damage":28,"enemies":"Awakened One","floor":50,"turns":18}],"seed_played":"-3314480896102478254","potions_obtained":[{"floor":10,"key":"sneckomod:MuddlingPotion"},{"floor":12,"key":"bronze:BurnAndBuffPotion"},{"floor":13,"key":"Strength Potion"},{"floor":18,"key":"AttackPotion"},{"floor":31,"key":"LiquidMemories"},{"floor":38,"key":"AttackPotion"},{"floor":45,"key":"Fruit Juice"}],"is_trial":false,"path_per_floor":["M","?","?","?","M","R","T","?","T","E","R","M","?","M","R","B",null,"M","?","$","?","M","R","M","?","T","R","M","T","$","E","R","B",null,"M","$","M","?","?","R","M","R","T","R","M","M","M","?","R","B",null],"character_chosen":"DEFECT","items_purchased":["HandOfGreed","Matryoshka","Double Energy","Membership Card","Du-Vu Doll"],"campfire_rested":6,"item_purchase_floors":[20,20,20,30,36],"current_hp_per_floor":[76,76,82,64,64,82,82,82,82,46,70,70,68,64,91,41,92,52,52,52,52,45,84,66,92,92,92,73,73,73,42,84,80,92,84,84,81,50,50,92,90,92,92,92,92,79,57,74,95,69],"gold":193,"neow_bonus":"TEN_PERCENT_HP_BONUS","is_daily":false,"chose_seed":false,"campfire_upgraded":4,"win_rate":0.0,"timestamp":1612285743,"path_taken":["M","?","?","?","M","R","?","?","T","E","R","M","?","M","R","BOSS","M","?","$","?","M","R","M","?","T","R","M","?","$","E","R","BOSS","M","$","M","?","?","R","M","R","T","R","M","M","M","?","R","BOSS"],"items_purchased_type":["Card","Relic","Card","Relic","Relic"],"build_version":"2020-12-13","purchased_purges":0,"victory":true,"max_hp_per_floor":[82,82,82,82,82,82,82,82,82,82,82,82,92,92,92,92,92,92,92,92,92,92,92,92,92,92,92,92,92,92,92,92,92,92,92,92,92,92,92,92,92,92,92,92,92,97,97,97,97,97],"card_choices":[{"not_picked":["Consume","Coolheaded"],"picked":"Redo","floor":1},{"not_picked":["Beam Cell","Stack"],"picked":"FTL","floor":5},{"not_picked":["Turbo","FTL"],"picked":"Capacitor","floor":10},{"not_picked":["Capacitor","Leap"],"picked":"Rainbow","floor":12},{"not_picked":["Barrage","Reinforced Body"],"picked":"Redo","floor":13},{"not_picked":["Steam","Conserve Battery"],"picked":"Genetic Algorithm","floor":14},{"not_picked":["Seek","Meteor Strike"],"picked":"Buffer","floor":16},{"not_picked":["Fusion","Compile Driver"],"picked":"Go for the Eyes+1","floor":18},{"not_picked":["Hologram","Coolheaded"],"picked":"Chill","floor":22},{"not_picked":["Consume+1","Double Energy+1"],"picked":"Aggregate+1","floor":24},{"not_picked":["Redo+1","FTL"],"picked":"Melter","floor":28},{"not_picked":["Gash","Hyperbeam"],"picked":"Conserve Battery","floor":31},{"not_picked":["Hyperbeam","Reboot"],"picked":"Rainbow","floor":33},{"not_picked":["Go for the Eyes","Barrage+1"],"picked":"Ball Lightning+1","floor":35},{"not_picked":["Leap","Sweeping Beam"],"picked":"BootSequence","floor":37},{"not_picked":["Undo","Capacitor+1"],"picked":"Stack+1","floor":38},{"not_picked":["Turbo+1","Consume"],"picked":"Genetic Algorithm+1","floor":41},{"not_picked":["Hologram","Turbo"],"picked":"Compile Driver","floor":45},{"not_picked":["Melter+1","Rainbow"],"picked":"Steam+1","floor":46},{"not_picked":["Turbo","FTL"],"picked":"Leap+1","floor":47},{"not_picked":["Coolheaded+1","Self Repair"],"picked":"Auto Shields","floor":48}],"player_experience":100868,"relics_obtained":[{"floor":7,"key":"Juzu Bracelet"},{"floor":9,"key":"Omamori"},{"floor":10,"key":"Potion Belt"},{"floor":13,"key":"Pear"},{"floor":26,"key":"Smiling Mask"},{"floor":26,"key":"Kunai"},{"floor":29,"key":"Pantograph"},{"floor":29,"key":"Thread and Needle"},{"floor":31,"key":"Bottled Flame"},{"floor":34,"key":"Bronze Scales"},{"floor":34,"key":"Meat on the Bone"},{"floor":34,"key":"Turnip"},{"floor":38,"key":"Torii"},{"floor":43,"key":"InkBottle"},{"floor":48,"key":"Pocketwatch"}],"event_choices":[{"damage_healed":0,"gold_gain":0,"player_choice":"Grow","damage_taken":0,"max_hp_gain":0,"max_hp_loss":0,"event_name":"Living Wall","floor":2,"gold_loss":0,"cards_upgraded":["Redo"]},{"damage_healed":20,"gold_gain":0,"player_choice":"Healed","damage_taken":0,"max_hp_gain":0,"max_hp_loss":0,"event_name":"The Cleric","floor":3,"gold_loss":35},{"damage_healed":0,"gold_gain":0,"player_choice":"Success","damage_taken":18,"relics_obtained":["Oddly Smooth Stone"],"max_hp_gain":0,"max_hp_loss":0,"event_name":"Scrap Ooze","floor":4,"gold_loss":0},{"damage_healed":0,"gold_gain":100,"player_choice":"Gold","damage_taken":0,"max_hp_gain":0,"max_hp_loss":0,"event_name":"Wheel of Change","floor":8,"gold_loss":0},{"damage_healed":0,"gold_gain":0,"player_choice":"Searched \u00271\u0027 times","damage_taken":0,"max_hp_gain":0,"max_hp_loss":0,"event_name":"Dead Adventurer","floor":13,"gold_loss":0},{"damage_healed":0,"gold_gain":0,"player_choice":"Opened","damage_taken":0,"relics_obtained":["Eternal Feather"],"max_hp_gain":0,"max_hp_loss":0,"event_name":"The Mausoleum","floor":19,"gold_loss":0},{"damage_healed":30,"gold_gain":0,"player_choice":"Heal","damage_taken":0,"max_hp_gain":0,"max_hp_loss":0,"event_name":"The Library","floor":25,"gold_loss":0},{"damage_healed":0,"gold_gain":0,"player_choice":"Fight","damage_taken":0,"max_hp_gain":0,"max_hp_loss":0,"event_name":"Mysterious Sphere","floor":38,"gold_loss":0},{"cards_removed":["Strike_B"],"damage_healed":0,"gold_gain":0,"player_choice":"Removed Attack","damage_taken":0,"max_hp_gain":0,"max_hp_loss":0,"event_name":"Falling","floor":39,"gold_loss":0},{"damage_healed":0,"gold_gain":0,"player_choice":"Fight","damage_taken":0,"max_hp_gain":0,"max_hp_loss":0,"event_name":"MindBloom","floor":48,"gold_loss":0}],"is_beta":false,"boss_relics":[{"not_picked":["Fusion Hammer","Runic Dome"],"picked":"Cursed Key"},{"not_picked":["bronze:MakeshiftBattery","SacredBark"],"picked":"Calling Bell"}],"items_purged_floors":[],"is_endless":false,"potions_floor_spawned":[10,12,13,18,31,38,45],"ascension_level":0}}