{"host":"p25bz88bsavvfmyg","time":1612306799,"event":{"mods":["BaseMod","Minty Spire (QoL Compilation)","Permanent Neow","StSLib"],"gold_per_floor":[117,134,154,154,170,495,514,544,544,544,557,590,111,89,89,89,89],"floor_reached":16,"language":"ENG","playtime":356,"items_purged":["Strike_B"],"score":201,"play_id":"f2beca2e-d8c4-4253-97de-6392c296c568","local_time":"20210202235959","is_ascension_mode":true,"campfire_choices":[{"data":"Biased Cognition","floor":15,"key":"SMITH"}],"circlet_count":0,"master_deck":["Strike_B","Defend_B","Defend_B","Defend_B","Defend_B","Zap","Dualcast","Ball Lightning","Ball Lightning","Sweeping Beam","Rip and Tear","Biased Cognition+1","Conserve Battery","Ball Lightning","Cold Snap","Ball Lightning"],"relics":["Cracked Core","Old Coin","Happy Flower","HornCleat","Cables","Orichalcum","Eternal Feather"],"acts_visited":["Exordium"],"potions_floor_usage":[11,12],"damage_taken":[{"damage":0.0,"enemies":"Cultist","floor":1.0,"turns":3.0},{"damage":2.0,"enemies":"Jaw Worm","floor":2.0,"turns":3.0},{"damage":0.0,"enemies":"2 Louse","floor":3.0,"turns":2.0},{"damage":7.0,"enemies":"Exordium Wildlife","floor":5.0,"turns":3.0},{"damage":30.0,"enemies":"Lagavulin","floor":6.0,"turns":6.0},{"damage":2,"enemies":"Large Slime","floor":7,"turns":4},{"damage":23,"enemies":"3 Sentries","floor":8,"turns":5},{"damage":6,"enemies":"Lots of Slimes","floor":11,"turns":2},{"damage":0,"enemies":"Gremlin Nob","floor":12,"turns":3},{"damage":14,"enemies":"The Guardian","floor":16,"turns":5}],"seed_played":"3023309389032976116","potions_obtained":[{"floor":1.0,"key":"LiquidBronze"},{"floor":3.0,"key":"LiquidBronze"},{"floor":8,"key":"ColorlessPotion"},{"floor":11,"key":"FearPotion"}],"is_trial":false,"path_per_floor":["M","M","M","?","M","E","M","E","T","T","M","E","$","?","R","B"],"character_chosen":"DEFECT","items_purchased":["Orichalcum","Eternal Feather"],"campfire_rested":0,"item_purchase_floors":[13,13],"current_hp_per_floor":[75,73,73,73,66,36,34,11,11,11,5,5,5,5,14,0,0],"gold":89,"neow_bonus":"TRANSFORM_CARD","is_daily":false,"chose_seed":false,"campfire_upgraded":1,"win_rate":0.0,"timestamp":1612306799,"path_taken":["M","M","M","?","M","E","?","E","T","?","?","E","$","?","R","BOSS"],"items_purchased_type":["Relic","Relic"],"build_version":"2020-12-22","purchased_purges":1,"victory":false,"max_hp_per_floor":[75,75,75,75,75,75,75,75,75,75,75,75,75,75,75,75,75],"card_choices":[{"not_picked":["BootSequence","Genetic Algorithm"],"picked":"Ball Lightning","floor":1.0},{"not_picked":["Hologram","Steam Power"],"picked":"Sweeping Beam","floor":2.0},{"not_picked":["Gash","Go for the Eyes"],"picked":"Rip and Tear","floor":3.0},{"not_picked":["Recycle","Rebound","Meteor Strike"],"picked":"SKIP","floor":5.0},{"not_picked":["Double Energy","Rip and Tear"],"picked":"Biased Cognition","floor":6.0},{"not_picked":["Doom and Gloom","Beam Cell"],"picked":"Conserve Battery","floor":7},{"not_picked":["Sweeping Beam","Stack"],"picked":"Ball Lightning","floor":8},{"not_picked":["BootSequence","Undo"],"picked":"Cold Snap","floor":11},{"not_picked":["Rebound","Go for the Eyes"],"picked":"Ball Lightning","floor":12}],"player_experience":488470,"relics_obtained":[{"floor":6.0,"key":"Old Coin"},{"floor":8,"key":"Happy Flower"},{"floor":10,"key":"HornCleat"},{"floor":12,"key":"Cables"}],"event_choices":[{"cards_removed":["Strike_B"],"damage_healed":0.0,"max_hp_gain":0.0,"max_hp_loss":0.0,"gold_gain":0.0,"event_name":"Purifier","player_choice":"Purged","floor":4.0,"gold_loss":0.0,"damage_taken":0.0},{"damage_healed":0,"gold_gain":0,"player_choice":"Left Gold","damage_taken":0,"max_hp_gain":0,"max_hp_loss":0,"event_name":"World of Goop","floor":14,"gold_loss":22}],"is_beta":false,"boss_relics":[],"items_purged_floors":[13],"is_endless":false,"potions_floor_spawned":[1,3,8,11],"killed_by":"The Guardian","ascension_level":4}}