{"host":"9rexl4trwadr43zo","time":1612280761,"event":{"mods":["BaseMod","Colored Map","Minty Spire (QoL Compilation)"],"gold_per_floor":[112,187,200,200,150,177,177,194,194,194,209,233,233,266,266,266,266],"floor_reached":16,"language":"ENG","playtime":740,"items_purged":[],"score":119,"play_id":"8bcccecc-0cd5-402c-8220-41094c648c56","local_time":"20210202154601","is_ascension_mode":true,"campfire_choices":[{"floor":7,"key":"REST"},{"data":"Shrug It Off","floor":10,"key":"SMITH"},{"floor":13,"key":"REST"},{"floor":15,"key":"REST"}],"circlet_count":0,"master_deck":["Strike_R","Strike_R","Strike_R","Strike_R","Defend_R","Defend_R","Defend_R","Defend_R","Bash","Shrug It Off+1","Pommel Strike","Body Slam","Inflame","Iron Wave","Evolve"],"relics":["Burning Blood","Bag of Preparation","White Beast Statue","Dream Catcher","Juzu Bracelet","Odd Mushroom","Lantern"],"acts_visited":["Exordium"],"potions_floor_usage":[12,12,16,16],"damage_taken":[{"damage":7,"enemies":"Small Slimes","floor":1,"turns":4},{"damage":4,"enemies":"Jaw Worm","floor":3,"turns":5},{"damage":47,"enemies":"3 Sentries","floor":6,"turns":15},{"damage":1,"enemies":"2 Louse","floor":8,"turns":3},{"damage":5,"enemies":"2 Fungi Beasts","floor":11,"turns":4},{"damage":28,"enemies":"The Mushroom Lair","floor":12,"turns":5},{"damage":36,"enemies":"Lagavulin","floor":14,"turns":10},{"damage":48,"enemies":"Hexaghost","floor":16,"turns":12}],"seed_played":"-6991786165882426445","potions_obtained":[{"floor":1,"key":"SkillPotion"},{"floor":6,"key":"SteroidPotion"},{"floor":8,"key":"GamblersBrew"},{"floor":11,"key":"BlessingOfTheForge"},{"floor":12,"key":"Swift Potion"},{"floor":14,"key":"EssenceOfSteel"}],"is_trial":false,"path_per_floor":["M","?","M","?","?","E","R","M","T","R","M","?","R","E","R","B"],"character_chosen":"IRONCLAD","items_purchased":[],"campfire_rested":3,"item_purchase_floors":[],"current_hp_per_floor":[79,68,70,63,63,22,46,51,51,51,52,30,54,24,48,0,0],"gold":266,"neow_bonus":"RANDOM_COMMON_RELIC","is_daily":false,"chose_seed":false,"campfire_upgraded":1,"win_rate":0.0,"timestamp":1612280761,"path_taken":["M","?","M","?","?","E","R","M","T","R","M","?","R","E","R","BOSS"],"items_purchased_type":[],"build_version":"2020-12-22","purchased_purges":0,"victory":false,"max_hp_per_floor":[80,80,80,80,80,80,80,80,80,80,80,80,80,80,80,80,80],"card_choices":[{"not_picked":["True Grit","Warcry","Dark Embrace"],"picked":"SKIP","floor":1},{"not_picked":["Headbutt","Second Wind"],"picked":"Shrug It Off","floor":3},{"not_picked":["Warcry","Wild Strike","Sword Boomerang"],"picked":"SKIP","floor":6},{"not_picked":["Clothesline","Impervious"],"picked":"Pommel Strike","floor":7},{"not_picked":["Twin Strike","Sword Boomerang","Entrench"],"picked":"SKIP","floor":8},{"not_picked":["Searing Blow","Rampage"],"picked":"Body Slam","floor":11},{"not_picked":["Entrench","Perfected Strike"],"picked":"Inflame","floor":12},{"not_picked":["Entrench","Havoc"],"picked":"Iron Wave","floor":13},{"not_picked":["True Grit","Bludgeon"],"picked":"Evolve","floor":14}],"player_experience":281735,"relics_obtained":[{"floor":6,"key":"Dream Catcher"},{"floor":9,"key":"Juzu Bracelet"},{"floor":12,"key":"Odd Mushroom"},{"floor":14,"key":"Lantern"}],"event_choices":[{"damage_healed":0,"gold_gain":75,"player_choice":"Gather Gold","damage_taken":11,"max_hp_gain":0,"max_hp_loss":0,"event_name":"World of Goop","floor":2,"gold_loss":0},{"damage_healed":0,"gold_gain":0,"player_choice":"Success","damage_taken":7,"relics_obtained":["White Beast Statue"],"max_hp_gain":0,"max_hp_loss":0,"event_name":"Scrap Ooze","floor":4,"gold_loss":0},{"cards_removed":["Strike_R"],"damage_healed":0,"gold_gain":0,"player_choice":"Card Removal","damage_taken":0,"max_hp_gain":0,"max_hp_loss":0,"event_name":"The Cleric","floor":5,"gold_loss":50},{"damage_healed":0,"gold_gain":0,"player_choice":"Fought Mushrooms","damage_taken":0,"max_hp_gain":0,"max_hp_loss":0,"event_name":"Mushrooms","floor":12,"gold_loss":0}],"is_beta":false,"boss_relics":[],"items_purged_floors":[],"is_endless":false,"potions_floor_spawned":[1,6,8,11,12,14],"killed_by":"Hexaghost","ascension_level":2}}