{"host":"yrg76c7uz5ttoxj0","time":1612280825,"event":{"mods":["2.2 Compatiblity","AchievementEnabler","BaseMod","Colored Map","DeckTracker","Highlight Path","Minty Spire (QoL Compilation)","Permanent Neow","Random Character Button","Rare Cards Sparkle","StSLib","SuperFastMode"],"gold_per_floor":[117,130,130,80,30,58,73,137,184,184,212,224,253,272,272,372,372,390,401,401,401,415,415,447,457,506,506,521,521,521],"floor_reached":29,"language":"ENG","playtime":1401,"items_purged":["Regret"],"score":392,"play_id":"b9265d8f-3ab7-49f8-9567-413177a3d2af","local_time":"20210202164705","is_ascension_mode":true,"campfire_choices":[{"data":"Apotheosis","floor":10,"key":"SMITH"},{"data":"Defend_B","floor":15,"key":"PURGE"},{"floor":23,"key":"REST"},{"data":"Defend_B","floor":27,"key":"PURGE"}],"circlet_count":0,"master_deck":["Strike_B","Strike_B","Strike_B","Defend_B","Defend_B","Zap","Dualcast","Apotheosis+1","Coolheaded","Steam","Biased Cognition"],"relics":["Cracked Core","Smiling Mask","Peace Pipe","Strawberry","Akabeko","Gremlin Horn","InkBottle","Busted Crown","Symbiotic Virus","Bag of Marbles","Toy Ornithopter"],"acts_visited":["Exordium","TheCity"],"potions_floor_usage":[8,18,28,28,29],"damage_taken":[{"damage":7.0,"enemies":"Jaw Worm","floor":1.0,"turns":3.0},{"damage":0.0,"enemies":"Small Slimes","floor":2.0,"turns":3.0},{"damage":2,"enemies":"Lagavulin","floor":6,"turns":6},{"damage":0,"enemies":"2 Louse","floor":7,"turns":3},{"damage":16,"enemies":"3 Sentries","floor":8,"turns":8},{"damage":8,"enemies":"3 Sentries","floor":11,"turns":6},{"damage":0,"enemies":"Blue Slaver","floor":12,"turns":2},{"damage":0,"enemies":"Lagavulin","floor":13,"turns":7},{"damage":4,"enemies":"Exordium Thugs","floor":14,"turns":4},{"damage":6,"enemies":"The Guardian","floor":16,"turns":9},{"damage":11,"enemies":"2 Thieves","floor":18,"turns":4},{"damage":2,"enemies":"Chosen","floor":19,"turns":4},{"damage":15,"enemies":"Snake Plant","floor":22,"turns":3},{"damage":3,"enemies":"Gremlin Leader","floor":24,"turns":6},{"damage":12,"enemies":"Cultist and Chosen","floor":25,"turns":3},{"damage":7,"enemies":"Shelled Parasite and Fungi","floor":28,"turns":5},{"damage":45,"enemies":"Slavers","floor":29,"turns":4}],"seed_played":"-409694646586435301","potions_obtained":[{"floor":7,"key":"Dexterity Potion"},{"floor":8,"key":"Dexterity Potion"},{"floor":11,"key":"ColorlessPotion"},{"floor":13,"key":"Energy Potion"},{"floor":19,"key":"LiquidMemories"},{"floor":22,"key":"SneckoOil"},{"floor":24,"key":"DuplicationPotion"}],"is_trial":false,"path_per_floor":["M","M","?","$","?","E","M","?","T","R","E","M","E","M","R","B",null,"M","M","?","?","M","R","E","M","T","R","M","E"],"character_chosen":"DEFECT","items_purchased":[],"campfire_rested":1,"item_purchase_floors":[],"current_hp_per_floor":[61,61,61,61,61,59,59,50,50,50,42,42,42,38,38,32,64,53,51,37,37,22,46,43,31,31,31,34,0,0],"gold":521,"neow_bonus":"RANDOM_COLORLESS_2","is_daily":false,"chose_seed":false,"campfire_upgraded":1,"win_rate":0.0,"timestamp":1612280825,"path_taken":["M","M","?","$","?","E","M","?","T","R","E","?","E","M","R","BOSS","M","M","?","?","M","R","E","M","T","R","?","E"],"items_purchased_type":[],"build_version":"2020-12-22","purchased_purges":1,"victory":false,"max_hp_per_floor":[68,68,68,68,68,68,68,75,75,75,75,75,75,75,75,75,75,75,75,80,80,80,80,80,80,80,80,80,80,80],"card_choices":[{"not_picked":["Sadistic Nature","Thinking Ahead"],"picked":"Apotheosis","floor":0.0},{"not_picked":["Glacier","Genetic Algorithm"],"picked":"Coolheaded","floor":1.0},{"not_picked":["Loop","Force Field","Ball Lightning"],"picked":"SKIP","floor":2.0},{"not_picked":["Reprogram","Coolheaded","Barrage"],"picked":"SKIP","floor":6},{"not_picked":["Barrage","Rebound","Compile Driver"],"picked":"SKIP","floor":7},{"not_picked":["Cold Snap","Echo Form","Go for the Eyes"],"picked":"SKIP","floor":11},{"not_picked":["Hologram","Blizzard","Conserve Battery"],"picked":"SKIP","floor":12},{"not_picked":["Chill","Compile Driver"],"picked":"Steam","floor":13},{"not_picked":["Recycle","Beam Cell","Cold Snap"],"picked":"SKIP","floor":14},{"not_picked":["Multi-Cast","Echo Form"],"picked":"Biased Cognition","floor":16},{"not_picked":["Recycle"],"picked":"SKIP","floor":18},{"not_picked":["Leap"],"picked":"SKIP","floor":19},{"not_picked":["Compile Driver"],"picked":"SKIP","floor":22},{"not_picked":["Leap"],"picked":"SKIP","floor":24},{"not_picked":["Barrage+1"],"picked":"SKIP","floor":25},{"not_picked":["Genetic Algorithm"],"picked":"SKIP","floor":28}],"player_experience":369201,"relics_obtained":[{"floor":6,"key":"Peace Pipe"},{"floor":8,"key":"Strawberry"},{"floor":9,"key":"Akabeko"},{"floor":11,"key":"Gremlin Horn"},{"floor":13,"key":"InkBottle"},{"floor":24,"key":"Bag of Marbles"},{"floor":26,"key":"Toy Ornithopter"}],"event_choices":[{"damage_healed":0.0,"max_hp_gain":0.0,"max_hp_loss":0.0,"gold_gain":0.0,"event_name":"Big Fish","player_choice":"Box","floor":3.0,"gold_loss":0.0,"damage_taken":0.0,"relics_obtained":["Smiling Mask"],"cards_obtained":["Regret"]},{"cards_removed":["Strike_B"],"damage_healed":0.0,"max_hp_gain":0.0,"max_hp_loss":0.0,"gold_gain":0.0,"event_name":"The Cleric","player_choice":"Card Removal","floor":5.0,"gold_loss":50.0,"damage_taken":0.0},{"damage_healed":0,"gold_gain":0,"player_choice":"Searched \u00272\u0027 times","damage_taken":0,"max_hp_gain":0,"max_hp_loss":0,"event_name":"Dead Adventurer","floor":8,"gold_loss":0},{"damage_healed":0,"gold_gain":0,"player_choice":"Shed Blood","damage_taken":19,"max_hp_gain":5,"max_hp_loss":0,"event_name":"Forgotten Altar","floor":20,"gold_loss":0},{"damage_healed":0,"gold_gain":0,"player_choice":"Gave Potion","damage_taken":0,"relics_obtained":["Symbiotic Virus"],"max_hp_gain":0,"max_hp_loss":0,"event_name":"WeMeetAgain","floor":21,"gold_loss":0}],"is_beta":false,"boss_relics":[{"not_picked":["Calling Bell","Cursed Key"],"picked":"Busted Crown"}],"items_purged_floors":[4],"is_endless":false,"potions_floor_spawned":[7,8,11,13,19,22,24],"killed_by":"Slavers","ascension_level":7}}