{"host":"fa19f27vz2zfochh","time":1612295956,"event":{"mods":["Act Like it!","Aspiration","BaseMod","Better Third Choice","Conspire","Downfall","Energized Spire","Halation","Hallownest","Hubris","Infinite Spire","Ironclad Rager","Minty Spire (QoL Compilation)","Relic Stats","Replay The Spire","StSLib","The Bug Knight"],"gold_per_floor":[99,99,99,99,99,124,149,149,149,49,60,60,0,0,19,19,19,19],"floor_reached":16,"language":"ENG","playtime":798,"items_purged":[],"score":94,"play_id":"9ef2db4c-8f83-436a-95bd-7ecde0f8ec09","local_time":"20210202205916","is_ascension_mode":false,"campfire_choices":[{"data":"champ:Taunt","floor":1,"key":"SMITH"},{"data":"champ:Backstep","floor":10,"key":"SMITH"},{"floor":12,"key":"REST"}],"circlet_count":0,"master_deck":["champ:Strike","champ:Strike","champ:Strike","champ:Strike","champ:Defend","champ:Defend","champ:Defend","champ:Defend","champ:Execute","champ:Taunt+1","champ:BringItOn","champ:CrookedStrike","champ:Backstep+1","champ:ShieldSlam","champ:BerserkersShout","champ:FanOfKnives"],"relics":["champ:ChampionCrown","downfall:HeartsMalice","Strawberry","conspire:TopHat","halation:EternalFortune","hubris:Icosahedron","downfall:HeartBlessingGreen","champ:LiftRelic"],"acts_visited":["Exordium"],"potions_floor_usage":[],"damage_taken":[{"damage":0,"enemies":"2 Louse","floor":2,"turns":1},{"damage":0,"enemies":"Small Slimes","floor":3,"turns":1},{"damage":0,"enemies":"Jaw Worm","floor":5,"turns":1},{"damage":69,"enemies":"3 Sentries","floor":6,"turns":11},{"damage":16,"enemies":"Blue Slaver","floor":11,"turns":3},{"damage":15,"enemies":"downfall:FleeingMerchant","floor":13,"turns":4},{"damage":28,"enemies":"Exordium Wildlife","floor":15,"turns":6},{"damage":129,"enemies":"DF_ARCHETYPE_STREAMLINE","floor":16,"turns":14}],"seed_played":"1378283689765407822","potions_obtained":[{"floor":6,"key":"SpeedPotion"},{"floor":11,"key":"Weak Potion"},{"floor":15,"key":"sneckomod:MuddlingPotion"}],"is_trial":false,"path_per_floor":["R","M","M","?","M","E","T","?","?","R","M","R","$","?","M","B"],"character_chosen":"THE_CHAMP","items_purchased":["champ:FanOfKnives"],"campfire_rested":1,"item_purchase_floors":[13],"current_hp_per_floor":[90,90,90,90,90,58,58,61,61,61,58,88,88,88,85,0,0,0],"gold":19,"neow_bonus":"THREE_ENEMY_KILL","is_daily":false,"chose_seed":false,"campfire_upgraded":2,"win_rate":0.0,"timestamp":1612295956,"path_taken":["R","M","M","?","M","E","T","?","?","R","M","R","$","?","M","BOSS"],"items_purchased_type":["Card"],"build_version":"2020-12-22","purchased_purges":0,"victory":false,"max_hp_per_floor":[90,90,90,90,90,97,97,100,100,100,103,103,103,103,103,103,103,103],"relic_stats":{"counters":[8,38],"obtain_stats":[{"hubris:Icosahedron":9,"Strawberry":6,"champ:LiftRelic":14,"halation:EternalFortune":8,"champ:ChampionCrown":0,"downfall:HeartsMalice":0,"downfall:HeartBlessingGreen":10,"conspire:TopHat":7},{"hubris:Icosahedron":4,"Strawberry":4,"champ:LiftRelic":6,"halation:EternalFortune":4,"champ:ChampionCrown":0,"downfall:HeartsMalice":0,"downfall:HeartBlessingGreen":4,"conspire:TopHat":4},{"hubris:Icosahedron":11,"Strawberry":11,"champ:LiftRelic":18,"halation:EternalFortune":11,"champ:ChampionCrown":0,"downfall:HeartsMalice":0,"downfall:HeartBlessingGreen":11,"conspire:TopHat":11}]},"card_choices":[{"not_picked":["champ:EndlessRage","champ:BladeFlurry"],"picked":"champ:BringItOn","floor":2},{"not_picked":["champ:Shatter","champ:EnragedBash"],"picked":"champ:CrookedStrike","floor":3},{"not_picked":["champ:EndlessRage","champ:StanceDance"],"picked":"champ:Backstep","floor":5},{"not_picked":["champ:Haymaker","champ:BringItOn"],"picked":"champ:ShieldSlam","floor":6},{"not_picked":["champ:GutPunch","champ:EnragedBash"],"picked":"champ:BerserkersShout","floor":11},{"not_picked":["champ:MurderStrike","champ:Circumvent","champ:Endure"],"picked":"SKIP","floor":13},{"not_picked":["champ:EnGarde","champ:RisingSlash","champ:FlashCut"],"picked":"SKIP","floor":15}],"player_experience":409993,"relics_obtained":[{"floor":6,"key":"Strawberry"},{"floor":7,"key":"conspire:TopHat"},{"floor":11,"key":"halation:EternalFortune"}],"event_choices":[],"is_beta":false,"boss_relics":[],"items_purged_floors":[],"is_endless":false,"potions_floor_spawned":[6,11,15],"killed_by":"DF_ARCHETYPE_STREAMLINE","ascension_level":0}}