{"host":"d3b2x3wue20uj2ir","time":1612269908,"event":{"mods":["AchievementEnabler","BaseMod","Better Third Choice","BetterRewards","Exacting","FTL Soundtrack","Minty Spire (QoL Compilation)","Shop Mod","StSLib"],"gold_per_floor":[110,0,14,86,96,124,124,173,173,173,205,205,251,285,285,386,386,402,416,434,434,372,398,398,398],"floor_reached":24,"language":"ENG","playtime":841,"items_purged":[],"score":376,"play_id":"9523911b-9e10-4490-b3fe-07333a4b2f34","local_time":"20210202224508","is_ascension_mode":true,"campfire_choices":[{"floor":7,"key":"RECALL"},{"floor":10,"key":"REST"},{"data":"Inflame","floor":15,"key":"SMITH"}],"circlet_count":0,"master_deck":["Strike_R","Strike_R","Strike_R+1","Strike_R","Strike_R","Defend_R","Defend_R","Defend_R","Defend_R","Bash+1","Dark Embrace","Heavy Blade+1","Enlightenment","Inflame+1","Sword Boomerang+1","Pommel Strike+1","Shrug It Off","Wild Strike+1","Parasite","Double Tap","Demon Form","Armaments","Anger+1","Dropkick+1","Intimidate+1"],"relics":["Burning Blood","Molten Egg 2","Calipers","CaptainsWheel","Regal Pillow","Whetstone","Shuriken","Mark of Pain","Red Skull","Meat on the Bone"],"acts_visited":["Exordium","TheCity"],"potions_floor_usage":[6,11,14,19,23,24],"damage_taken":[{"damage":1,"enemies":"Cultist","floor":1,"turns":3},{"damage":9,"enemies":"Jaw Worm","floor":3,"turns":3},{"damage":8,"enemies":"2 Louse","floor":5,"turns":2},{"damage":31,"enemies":"Lagavulin","floor":6,"turns":5},{"damage":14,"enemies":"Gremlin Nob","floor":8,"turns":3},{"damage":23,"enemies":"3 Sentries","floor":11,"turns":7},{"damage":6,"enemies":"Gremlin Nob","floor":14,"turns":3},{"damage":53,"enemies":"Hexaghost","floor":16,"turns":8},{"damage":12,"enemies":"Chosen","floor":18,"turns":3},{"damage":1,"enemies":"Spheric Guardian","floor":19,"turns":4},{"damage":18,"enemies":"Snake Plant","floor":20,"turns":4},{"damage":73,"enemies":"Slavers","floor":23,"turns":5},{"damage":10,"enemies":"Centurion and Healer","floor":24,"turns":1}],"seed_played":"5751842219564284936","potions_obtained":[{"floor":5,"key":"ColorlessPotion"},{"floor":6,"key":"SpeedPotion"},{"floor":11,"key":"Strength Potion"},{"floor":16,"key":"DistilledChaos"},{"floor":20,"key":"BloodPotion"},{"floor":23,"key":"Fire Potion"}],"is_trial":false,"path_per_floor":["M","?","M","?","M","E","R","E","T","R","E","?","T","E","R","B",null,"M","M","M","?","?","E","M"],"character_chosen":"IRONCLAD","items_purchased":["Molten Egg 2","Dark Embrace"],"campfire_rested":1,"item_purchase_floors":[0,0],"current_hp_per_floor":[72,78,75,75,73,48,48,40,40,65,48,69,69,69,69,22,86,80,85,73,56,56,7,0,0],"gold":398,"neow_bonus":"","is_daily":false,"chose_seed":false,"campfire_upgraded":1,"win_rate":0.0,"timestamp":1612269908,"path_taken":["M","?","M","?","M","E","R","E","T","R","E","?","?","E","R","BOSS","M","M","M","?","?","E","?"],"items_purchased_type":["Relic","Card"],"build_version":"2020-12-22","purchased_purges":0,"victory":false,"max_hp_per_floor":[80,86,86,86,86,86,86,86,86,86,86,86,86,86,86,86,86,86,86,86,91,91,91,91,91],"card_choices":[{"not_picked":["Havoc","Headbutt+1"],"picked":"Heavy Blade+1","floor":1},{"not_picked":["Power Through","Cleave+1"],"picked":"Inflame","floor":3},{"not_picked":["Battle Trance","Whirlwind+1"],"picked":"Sword Boomerang+1","floor":5},{"not_picked":["Battle Trance","Dark Embrace"],"picked":"Pommel Strike+1","floor":6},{"not_picked":["Twin Strike+1","Armaments"],"picked":"Shrug It Off","floor":8},{"not_picked":["Twin Strike+1","Offering"],"picked":"Wild Strike+1","floor":11},{"not_picked":["Rampage+1","Intimidate"],"picked":"Double Tap","floor":14},{"not_picked":["Bludgeon+1","Exhume"],"picked":"Demon Form","floor":16},{"not_picked":["Shockwave","Body Slam+1"],"picked":"Armaments","floor":18},{"not_picked":["Thunderclap+1","Body Slam+1"],"picked":"Anger+1","floor":19},{"not_picked":["Body Slam+1","Anger+1"],"picked":"Dropkick+1","floor":20},{"not_picked":["Warcry+1","Pommel Strike+1"],"picked":"Intimidate+1","floor":23}],"player_experience":694766,"relics_obtained":[{"floor":6,"key":"Calipers"},{"floor":8,"key":"CaptainsWheel"},{"floor":11,"key":"Regal Pillow"},{"floor":13,"key":"Whetstone"},{"floor":14,"key":"Shuriken"},{"floor":23,"key":"Meat on the Bone"}],"event_choices":[{"damage_healed":0,"gold_gain":0,"player_choice":"RENOUNCE","damage_taken":110,"max_hp_gain":0,"max_hp_loss":0,"event_name":"betterThird:BetterSerpent","floor":2,"gold_loss":110,"cards_obtained":["Enlightenment"]},{"damage_healed":0,"gold_gain":72,"player_choice":"Gained Gold","damage_taken":0,"max_hp_gain":0,"max_hp_loss":0,"event_name":"Golden Wing","floor":4,"gold_loss":0},{"damage_healed":21,"gold_gain":0,"player_choice":"Healed and dodged fight","damage_taken":0,"max_hp_gain":0,"max_hp_loss":0,"event_name":"Mushrooms","floor":12,"gold_loss":0,"cards_obtained":["Parasite"]},{"damage_healed":0,"gold_gain":0,"player_choice":"Shed Blood","damage_taken":22,"max_hp_gain":5,"max_hp_loss":0,"event_name":"Forgotten Altar","floor":21,"gold_loss":0},{"damage_healed":0,"gold_gain":0,"player_choice":"Paid Gold","damage_taken":0,"relics_obtained":["Red Skull"],"max_hp_gain":0,"max_hp_loss":0,"event_name":"WeMeetAgain","floor":22,"gold_loss":62}],"is_beta":false,"boss_relics":[{"not_picked":["Runic Dome","Velvet Choker"],"picked":"Mark of Pain"}],"items_purged_floors":[],"is_endless":false,"potions_floor_spawned":[5,6,11,16,20,23],"killed_by":"Centurion and Healer","ascension_level":2}}