{"host":"0awa854l6bexpjrv","time":1612240166,"event":{"mods":["BaseMod","Block Reminder","Colored Map","Colored Powertips","Downfall","Highlight Path","Minty Spire (QoL Compilation)","Quick Restart","Rare Cards Sparkle","StSLib","SuperFastMode"],"gold_per_floor":[99,109,19,19,37,37,37,48,48,109,120,120,120,5,24,129,129,129,129,145,145,145,145,171,191,32,32,96,96,114,124,141,141,141,141],"floor_reached":33,"language":"ENG","playtime":4241,"items_purged":["downfall:Bewildered","bronze:Strike","bronze:Strike"],"score":285,"play_id":"d97a2882-53d2-4820-b72c-e669b2393399","local_time":"20210201202926","is_ascension_mode":false,"campfire_choices":[{"data":"bronze:Replicate","floor":1.0,"key":"SMITH"},{"data":"bronze:Goto","floor":6.0,"key":"SMITH"},{"floor":13.0,"key":"REST"},{"data":"bronze:Shell","floor":18,"key":"SMITH"},{"data":"bronze:DigitalCarnage","floor":23,"key":"SMITH"},{"data":"bronze:Repair","floor":29,"key":"SMITH"}],"circlet_count":0,"master_deck":["bronze:Defend","bronze:Defend","bronze:Defend","bronze:Defend","bronze:Replicate+1","bronze:Goto+1","bronze:Iterate+1","bronze:Boost","bronze:DigitalCarnage+1","bronze:Branch","bronze:ThunderWave+1","bronze:DelayedSlice","bronze:Shell+1","bronze:BronzeOrb","bronze:Library+1","CurseOfTheBell","bronze:Fortify","bronze:Overheat+1","bronze:Turbo","bronze:Safeguard","bronze:Repair+1","bronze:Overheat","bronze:RecursiveStrike","bronze:Flail"],"relics":["bronze:BronzeCore","FossilizedHelix","Kunai","Frozen Egg 2","Blue Candle","Calling Bell","White Beast Statue","Thread and Needle","downfall:RedIOU","Tiny Chest","MealTicket","Whetstone"],"acts_visited":["TheCity"],"potions_floor_usage":[15,15,20,31,33],"damage_taken":[{"damage":0.0,"enemies":"Cultist","floor":2.0,"turns":6.0},{"damage":4.0,"enemies":"downfall:FleeingMerchant","floor":3.0,"turns":4.0},{"damage":0.0,"enemies":"2 Louse","floor":5.0,"turns":3.0},{"damage":0.0,"enemies":"Small Slimes","floor":8.0,"turns":2.0},{"damage":11.0,"enemies":"Lagavulin Event","floor":10.0,"turns":6.0},{"damage":0.0,"enemies":"2 Fungi Beasts","floor":11.0,"turns":3.0},{"damage":0.0,"enemies":"downfall:FleeingMerchant","floor":14.0,"turns":4.0},{"damage":0,"enemies":"3 Louse","floor":15,"turns":1},{"damage":0,"enemies":"WA_ARCHETYPE_RETAIN","floor":16,"turns":5},{"damage":0,"enemies":"3 Byrds","floor":20,"turns":7},{"damage":11,"enemies":"Snake Plant","floor":25,"turns":5},{"damage":0,"enemies":"downfall:FleeingMerchant","floor":26,"turns":4},{"damage":5,"enemies":"downfall:FleeingMerchant","floor":28,"turns":4},{"damage":0,"enemies":"Sentry and Sphere","floor":30,"turns":4},{"damage":8,"enemies":"Shelled Parasite and Fungi","floor":31,"turns":5},{"damage":0,"enemies":"Snake Plant","floor":32,"turns":5},{"damage":70,"enemies":"IC_MUSHROOM_ARCHETYPE","floor":33,"turns":7}],"seed_played":"-7356949430398779612","potions_obtained":[{"floor":2.0,"key":"Explosive Potion"},{"floor":8.0,"key":"GamblersBrew"},{"floor":11.0,"key":"PowerPotion"},{"floor":15,"key":"GamblersBrew"},{"floor":16,"key":"ColorlessPotion"},{"floor":20,"key":"hexamod:SoulburnPotion"},{"floor":27,"key":"bronze:CleanCodePotion"},{"floor":27,"key":"PowerPotion"},{"floor":32,"key":"GamblersBrew"}],"is_trial":false,"path_per_floor":["R","M","$","?","M","R","T","M","?","?","M","T","R","$","M","B",null,"R","?","M","?","?","R","T","M","$","?","$","R","M","M","M","B"],"character_chosen":"THE_AUTOMATON","items_purchased":["MealTicket","Whetstone"],"campfire_rested":1,"item_purchase_floors":[26,28],"current_hp_per_floor":[70,70,66,66,66,66,66,66,66,55,55,55,70,70,70,70,70,70,70,70,70,70,70,70,59,59,59,65,65,70,62,70,0,0,0],"gold":141,"neow_bonus":"ONE_RARE_RELIC","is_daily":false,"chose_seed":false,"campfire_upgraded":5,"win_rate":0.0,"timestamp":1612240166,"path_taken":["R","M","$","?","M","R","T","M","?","?","M","?","R","$","M","BOSS","R","?","M","?","?","R","T","M","$","?","$","R","M","?","M","BOSS"],"items_purchased_type":["Relic","Relic"],"build_version":"2020-12-22","purchased_purges":3,"victory":false,"max_hp_per_floor":[70,70,70,70,70,70,70,70,70,70,70,70,70,70,70,70,70,70,70,70,70,70,70,70,70,70,70,70,70,70,70,70,70,70,70],"card_choices":[{"not_picked":["bronze:Turbo","bronze:Separator"],"picked":"bronze:Iterate","floor":2.0},{"not_picked":["bronze:Separator","bronze:BugBarrage"],"picked":"bronze:Boost","floor":3.0},{"not_picked":["bronze:Refactor","bronze:FineTuning"],"picked":"bronze:DigitalCarnage","floor":5.0},{"not_picked":["bronze:CloningBeam","bronze:BugBarrage"],"picked":"bronze:Branch","floor":8.0},{"not_picked":["bronze:FineTuning","bronze:WildBeam"],"picked":"bronze:ThunderWave","floor":10.0},{"not_picked":["bronze:Invalidate","bronze:Backtrace"],"picked":"bronze:DelayedSlice","floor":11.0},{"not_picked":["bronze:BugBarrage","bronze:DarkDash"],"picked":"bronze:Shell","floor":14.0},{"not_picked":["bronze:BitShift","bronze:Separator"],"picked":"bronze:BronzeOrb","floor":15},{"not_picked":["bronze:Format","bronze:Assembly"],"picked":"bronze:Library+1","floor":16},{"not_picked":["bronze:ClassDefault+1","bronze:Optimize+1"],"picked":"bronze:Overheat+1","floor":20},{"not_picked":["bronze:FineTuning","bronze:DelayedSlice"],"picked":"bronze:Turbo","floor":25},{"not_picked":["bronze:Deprecate","bronze:BugBarrage"],"picked":"bronze:Safeguard","floor":26},{"not_picked":["bronze:Constructor","bronze:DigitalCarnage"],"picked":"bronze:Repair","floor":28},{"not_picked":["bronze:FineTuning","bronze:Refactor"],"picked":"bronze:Overheat","floor":30},{"not_picked":["bronze:Shell","bronze:Overload"],"picked":"bronze:RecursiveStrike","floor":31},{"not_picked":["bronze:Terminator","bronze:ChosenStrike+1"],"picked":"bronze:Flail","floor":32}],"player_experience":700554,"relics_obtained":[{"floor":7.0,"key":"Kunai"},{"floor":12.0,"key":"Blue Candle"},{"floor":17,"key":"Oddly Smooth Stone"},{"floor":17,"key":"White Beast Statue"},{"floor":17,"key":"Thread and Needle"},{"floor":24,"key":"Tiny Chest"}],"event_choices":[{"cards_removed":["bronze:Strike"],"damage_healed":0.0,"max_hp_gain":0.0,"max_hp_loss":0.0,"gold_gain":0.0,"event_name":"The Cleric","player_choice":"Card Removal","floor":9.0,"gold_loss":0.0,"damage_taken":0.0},{"damage_healed":0,"gold_gain":0,"player_choice":"Got Potions","damage_taken":0,"max_hp_gain":0,"max_hp_loss":0,"event_name":"Lab","floor":27,"gold_loss":0}],"is_beta":false,"boss_relics":[{"not_picked":["Tiny House","Empty Cage"],"picked":"Calling Bell"}],"items_purged_floors":[3,14,28],"is_endless":false,"potions_floor_spawned":[2,8,11,15,16,20,25,26,28,30,31,32],"killed_by":"IC_MUSHROOM_ARCHETYPE","ascension_level":0}}