{"host":"4pckc3u5mqcilakq","time":1612291705,"event":{"mods":["AchievementEnabler","BaseMod","Bestiary","Colored Map","Colored Powertips","Highlight Path","Minty Spire (QoL Compilation)","Quick Restart","Relic Stats"],"gold_per_floor":[160,160,176,13,33,33,33,33,33,33,61,81,97,97,97,200,200,212,228,228,245,48,78,78,105,131,149,159,159,159,170,170,268,268,282,19,39,39,51,51,68,97,97,125,125,125,141,174,174,174],"floor_reached":51,"language":"ENG","playtime":3308,"items_purged":["Decay","Strike_G"],"score":1138,"play_id":"85850c82-a547-4eca-a985-9082322ae5f7","local_time":"20210202214825","is_ascension_mode":true,"campfire_choices":[{"data":"Deadly Poison","floor":6.0,"key":"SMITH"},{"data":"Poisoned Stab","floor":8.0,"key":"SMITH"},{"data":"Cloak And Dagger","floor":10.0,"key":"SMITH"},{"data":"Footwork","floor":15.0,"key":"SMITH"},{"floor":24.0,"key":"REST"},{"data":"Burst","floor":29.0,"key":"SMITH"},{"data":"Catalyst","floor":32.0,"key":"SMITH"},{"data":"Well Laid Plans","floor":40,"key":"SMITH"},{"data":"Footwork","floor":45,"key":"SMITH"},{"data":"Deadly Poison","floor":49,"key":"SMITH"}],"circlet_count":0,"master_deck":["Strike_G+1","Defend_G","Defend_G","Defend_G","Defend_G","Defend_G","Survivor","Poisoned Stab+1","Cloak And Dagger+1","Deadly Poison+1","Bandage Up+1","Deadly Poison+1","Footwork+1","Corpse Explosion","Bullet Time+1","Escape Plan+1","Acrobatics+1","Dodge and Roll","Catalyst+1","Dodge and Roll","Burst+1","Crippling Poison","Backflip","Wraith Form v2","Well Laid Plans+1","Footwork+1","Acrobatics+1","Pain","Expertise+1"],"relics":["Tiny House","Eternal Feather","The Courier","Mummified Hand","Astrolabe","MutagenicStrength","Mercury Hourglass","PreservedInsect","Anchor","Happy Flower","Philosopher\u0027s Stone","Medical Kit","Meat on the Bone","Blue Candle","HornCleat","WarpedTongs","Frozen Egg 2"],"acts_visited":["TheBeyond"],"potions_floor_usage":[35,50],"damage_taken":[{"damage":2.0,"enemies":"2 Louse","floor":1.0,"turns":3.0},{"damage":0.0,"enemies":"Cultist","floor":3.0,"turns":4.0},{"damage":11.0,"enemies":"Jaw Worm","floor":5.0,"turns":4.0},{"damage":12.0,"enemies":"Lagavulin","floor":11.0,"turns":5.0},{"damage":6.0,"enemies":"Looter","floor":12.0,"turns":3.0},{"damage":2.0,"enemies":"Blue Slaver","floor":13.0,"turns":4.0},{"damage":31.0,"enemies":"Hexaghost","floor":16.0,"turns":9.0},{"damage":16.0,"enemies":"2 Thieves","floor":18.0,"turns":4.0},{"damage":4.0,"enemies":"Shell Parasite","floor":19.0,"turns":5.0},{"damage":23.0,"enemies":"Centurion and Healer","floor":21.0,"turns":7.0},{"damage":46.0,"enemies":"Slavers","floor":23.0,"turns":4.0},{"damage":3.0,"enemies":"Gremlin Leader","floor":25.0,"turns":5.0},{"damage":3.0,"enemies":"Shelled Parasite and Fungi","floor":27.0,"turns":6.0},{"damage":27.0,"enemies":"Sentry and Sphere","floor":28.0,"turns":7.0},{"damage":17.0,"enemies":"Centurion and Healer","floor":31.0,"turns":8.0},{"damage":54.0,"enemies":"Collector","floor":33.0,"turns":7.0},{"damage":26,"enemies":"3 Darklings","floor":35,"turns":3},{"damage":0,"enemies":"3 Shapes","floor":37,"turns":3},{"damage":3,"enemies":"Spire Growth","floor":39,"turns":6},{"damage":0,"enemies":"4 Shapes","floor":41,"turns":5},{"damage":7,"enemies":"Giant Head","floor":42,"turns":8},{"damage":23,"enemies":"Reptomancer","floor":44,"turns":6},{"damage":10,"enemies":"Sphere and 2 Shapes","floor":47,"turns":7},{"damage":1,"enemies":"Nemesis","floor":48,"turns":5},{"damage":42,"enemies":"Awakened One","floor":50,"turns":15}],"seed_played":"7500071760970872290","potions_obtained":[{"floor":0.0,"key":"EntropicBrew"},{"floor":1.0,"key":"AttackPotion"},{"floor":21.0,"key":"Weak Potion"},{"floor":23.0,"key":"SpeedPotion"},{"floor":31.0,"key":"FearPotion"},{"floor":35,"key":"DuplicationPotion"},{"floor":41,"key":"CunningPotion"},{"floor":44,"key":"Swift Potion"}],"is_trial":false,"path_per_floor":["M","?","M","$","M","R","?","R","T","R","E","M","M","T","R","B",null,"M","M","?","M","$","E","R","E","T","M","M","R","?","M","R","B",null,"M","$","M","?","M","R","M","E","T","E","R","?","M","E","R","B",null],"character_chosen":"THE_SILENT","items_purchased":["Bandage Up","Mercury Hourglass","Footwork","Medical Kit"],"campfire_rested":1,"item_purchase_floors":[4,22,36,36],"current_hp_per_floor":[66,66,66,66,59,59,59,59,59,68,62,62,66,66,75,44,67,57,59,59,42,42,2,36,39,39,48,27,42,85,68,83,31,72,46,46,52,52,61,76,82,78,78,61,76,76,76,81,85,55],"gold":174,"neow_bonus":"BOSS_RELIC","is_daily":false,"chose_seed":false,"campfire_upgraded":9,"win_rate":0.0,"timestamp":1612291705,"path_taken":["M","?","?","$","M","R","?","R","T","R","E","M","M","?","R","BOSS","M","M","?","M","$","E","R","E","T","M","M","R","?","?","R","BOSS","M","$","M","?","M","R","M","E","T","E","R","?","M","E","R","BOSS"],"items_purchased_type":["Card","Relic","Card","Relic"],"build_version":"2020-12-22","purchased_purges":2,"victory":true,"max_hp_per_floor":[75,75,75,75,75,75,75,75,75,75,75,75,75,75,75,75,75,75,75,75,75,75,75,75,75,75,75,75,75,85,85,85,85,85,85,85,85,85,85,85,85,85,85,85,85,85,85,85,85,85],"relic_stats":{"Happy Flower":[19],"counters":[9,58],"Mummified Hand":[19],"Astrolabe":[],"Blue Candle":[3],"Eternal Feather":34,"PreservedInsect":239,"Medical Kit":[24],"obtain_stats":[{"Tiny House":0,"Happy Flower":0,"Astrolabe":0,"Blue Candle":43,"Eternal Feather":0,"The Courier":0,"PreservedInsect":0,"Frozen Egg 2":48,"Medical Kit":36,"Mercury Hourglass":0,"WarpedTongs":46,"Anchor":0,"HornCleat":44,"Mummified Hand":0,"MutagenicStrength":0,"Philosopher\u0027s Stone":34,"Meat on the Bone":42},{"Tiny House":0,"Happy Flower":0,"Astrolabe":0,"Blue Candle":5,"Eternal Feather":0,"The Courier":0,"PreservedInsect":0,"Frozen Egg 2":8,"Medical Kit":1,"Mercury Hourglass":0,"WarpedTongs":6,"Anchor":0,"HornCleat":6,"Mummified Hand":0,"MutagenicStrength":0,"Philosopher\u0027s Stone":0,"Meat on the Bone":5},{"Tiny House":0,"Happy Flower":0,"Astrolabe":0,"Blue Candle":25,"Eternal Feather":0,"The Courier":0,"PreservedInsect":0,"Frozen Egg 2":43,"Medical Kit":3,"Mercury Hourglass":0,"WarpedTongs":31,"Anchor":0,"HornCleat":31,"Mummified Hand":0,"MutagenicStrength":0,"Philosopher\u0027s Stone":0,"Meat on the Bone":25}],"Mercury Hourglass":[275],"Meat on the Bone":0,"WarpedTongs":[21]},"card_choices":[{"not_picked":["Accuracy","Acrobatics"],"picked":"Poisoned Stab","floor":0.0},{"not_picked":["Deflect","Escape Plan"],"picked":"Cloak And Dagger","floor":1.0},{"not_picked":["Dagger Spray","Poisoned Stab"],"picked":"Deadly Poison","floor":3.0},{"not_picked":["Cloak And Dagger","Eviscerate","Sucker Punch"],"picked":"SKIP","floor":5.0},{"not_picked":["Cloak And Dagger","Infinite Blades"],"picked":"Unload","floor":11.0},{"not_picked":["Predator","Dodge and Roll"],"picked":"Deadly Poison","floor":12.0},{"not_picked":["Prepared","Flying Knee"],"picked":"Footwork","floor":13.0},{"not_picked":["Adrenaline","Die Die Die"],"picked":"Corpse Explosion","floor":16.0},{"not_picked":["Prepared","Sucker Punch"],"picked":"Dodge and Roll","floor":18.0},{"not_picked":["Slice+1","Underhanded Strike","Prepared"],"picked":"SKIP","floor":19.0},{"not_picked":["Accuracy","Tactician"],"picked":"Catalyst","floor":21.0},{"not_picked":["Quick Slash","Endless Agony"],"picked":"Dodge and Roll","floor":23.0},{"not_picked":["Sucker Punch","Tactician+1"],"picked":"Burst","floor":25.0},{"not_picked":["Dagger Throw","Deflect","Sucker Punch"],"picked":"SKIP","floor":27.0},{"not_picked":["Poisoned Stab","Flying Knee+1"],"picked":"Crippling Poison","floor":28.0},{"not_picked":["Masterful Stab","Deadly Poison+1"],"picked":"Backflip","floor":31.0},{"not_picked":["Venomology","A Thousand Cuts"],"picked":"Wraith Form v2","floor":33.0},{"not_picked":["Prepared+1","Distraction"],"picked":"Well Laid Plans","floor":35},{"not_picked":["Bane+1","Outmaneuver+1","Flying Knee+1"],"picked":"SKIP","floor":37},{"not_picked":["Cloak And Dagger","Quick Slash","Outmaneuver+1"],"picked":"SKIP","floor":39},{"not_picked":["All Out Attack","Dagger Throw+1","Sucker Punch"],"picked":"SKIP","floor":41},{"not_picked":["Poisoned Stab+1","Blade Dance","Sucker Punch"],"picked":"SKIP","floor":42},{"not_picked":["Crippling Poison","Dagger Spray"],"picked":"Acrobatics+1","floor":44},{"not_picked":["Phantasmal Killer","Terror+1"],"picked":"Expertise+1","floor":47},{"not_picked":["Tactician","All Out Attack+1","Setup+1"],"picked":"SKIP","floor":48}],"player_experience":240727,"relics_obtained":[{"floor":9.0,"key":"Eternal Feather"},{"floor":11.0,"key":"The Courier"},{"floor":14.0,"key":"Mummified Hand"},{"floor":23.0,"key":"PreservedInsect"},{"floor":25.0,"key":"Anchor"},{"floor":26.0,"key":"Happy Flower"},{"floor":42,"key":"Meat on the Bone"},{"floor":43,"key":"Blue Candle"},{"floor":44,"key":"HornCleat"},{"floor":48,"key":"Frozen Egg 2"}],"event_choices":[{"damage_healed":0.0,"max_hp_gain":0.0,"max_hp_loss":0.0,"gold_gain":0.0,"event_name":"Wheel of Change","player_choice":"Cursed","floor":2.0,"gold_loss":0.0,"damage_taken":0.0,"cards_obtained":["Decay"]},{"damage_healed":0.0,"max_hp_gain":0.0,"max_hp_loss":0.0,"gold_gain":0.0,"event_name":"Living Wall","player_choice":"Grow","floor":7.0,"gold_loss":0.0,"damage_taken":0.0,"cards_upgraded":["Bandage Up"]},{"damage_healed":0.0,"max_hp_gain":0.0,"max_hp_loss":0.0,"gold_gain":0.0,"event_name":"Drug Dealer","player_choice":"Inject Mutagens","floor":20.0,"gold_loss":0.0,"damage_taken":0.0,"relics_obtained":["MutagenicStrength"]},{"cards_removed":["Unload"],"damage_healed":33.0,"max_hp_gain":10.0,"max_hp_loss":0.0,"gold_gain":0.0,"event_name":"Bonfire Elementals","player_choice":"Offered Rare","floor":30.0,"gold_loss":0.0,"damage_taken":0.0},{"cards_removed":["Neutralize"],"damage_healed":0,"gold_gain":0,"player_choice":"Removed Attack","damage_taken":0,"max_hp_gain":0,"max_hp_loss":0,"event_name":"Falling","floor":38,"gold_loss":0},{"damage_healed":0,"gold_gain":0,"player_choice":"Rummage","damage_taken":0,"relics_obtained":["WarpedTongs"],"max_hp_gain":0,"max_hp_loss":0,"event_name":"Accursed Blacksmith","floor":46,"gold_loss":0,"cards_obtained":["Pain"]}],"is_beta":false,"boss_relics":[{"not_picked":["Calling Bell","Empty Cage"],"picked":"Astrolabe"},{"not_picked":["HoveringKite","Snecko Eye"],"picked":"Philosopher\u0027s Stone"}],"items_purged_floors":[4,36],"is_endless":false,"potions_floor_spawned":[1,21,23,31,35,41,44],"ascension_level":8}}