{"host":"skr63qsdfgeey3it","time":1612301511,"event":{"mods":["BaseMod","Colored Map","Hubris","Minty Spire (QoL Compilation)","Monster B Gone","Reliquary","Replay The Spire","Spicy Shops","StSLib"],"gold_per_floor":[115,115,128,128,77,77,92,125,152,171,246,48,107,107,107,184,484,497,37,62,62,62,62,130,130,130],"floor_reached":25,"language":"ENG","playtime":979,"items_purged":["Strike_R","Strike_R"],"score":322,"play_id":"5ae06710-9336-48bf-99b1-af867c47fa31","local_time":"20210202153151","is_ascension_mode":true,"campfire_choices":[{"data":"Uppercut","floor":6,"key":"SMITH"},{"data":"Demon Form","floor":15,"key":"SMITH"}],"circlet_count":0,"master_deck":["AscendersBane","Strike_R","Strike_R","Strike_R","Defend_R","Defend_R","Defend_R","Defend_R","Bash","The Bomb","Uppercut+1","Hemokinesis+1","ReplayReversal","Reaper","Thunderclap","Demon Form+1","Rampage","Limit Break","Metallicize","Dual Wield"],"relics":["Burning Blood","hubris:Towel","Smiling Mask","ReplayTheSpireMod:Spearhead","hubris:OldNail","hubris:Backtick","Old Coin","Incense Burner","HandDrill","ReplayTheSpireMod:Lightbulb","Replay:Bottled Flurry"],"acts_visited":["Exordium","TheCity"],"potions_floor_usage":[13,16],"damage_taken":[{"damage":11,"enemies":"Cultist","floor":1,"turns":5},{"damage":7,"enemies":"2 Louse","floor":3,"turns":3},{"damage":4,"enemies":"Jaw Worm","floor":7,"turns":2},{"damage":14,"enemies":"Gremlin Nob","floor":8,"turns":3},{"damage":14,"enemies":"Exordium Wildlife","floor":10,"turns":4},{"damage":12,"enemies":"3 Sentries","floor":13,"turns":3},{"damage":44,"enemies":"Hexaghost","floor":16,"turns":8},{"damage":33,"enemies":"Spheric Guardian","floor":18,"turns":5},{"damage":28,"enemies":"Gremlin Leader","floor":25,"turns":4}],"seed_played":"3757166182629696749","potions_obtained":[{"floor":3,"key":"Energy Potion"},{"floor":8,"key":"Energy Potion"}],"is_trial":false,"path_per_floor":["M","$","M","?","$","R","M","E","T","M","?","$","?","?","R","B",null,"M","$","T","PTL","PTL","?","T","E"],"character_chosen":"IRONCLAD","items_purchased":["Hemokinesis+1","Demon Form","Metallicize","Incense Burner","HandDrill"],"campfire_rested":0,"item_purchase_floors":[5,12,19,19,19],"current_hp_per_floor":[67,67,66,66,66,66,68,60,60,60,49,49,51,51,51,28,61,34,34,34,34,34,34,34,11,11],"gold":130,"neow_bonus":"RANDOM_COLORLESS_2","is_daily":false,"chose_seed":false,"campfire_upgraded":2,"win_rate":0.0,"timestamp":1612301511,"path_taken":["M","$","?","?","$","R","M","E","T","M","?","?","?","?","R","BOSS","M","$","?","PTL","PTL","?","?","E"],"items_purchased_type":["Card","Card","Card","Relic","Relic"],"build_version":"2020-12-22","purchased_purges":2,"victory":false,"max_hp_per_floor":[72,72,72,72,72,72,72,72,72,72,72,72,72,72,72,72,72,72,72,72,72,72,72,72,72,72],"card_choices":[{"not_picked":["Sadistic Nature","Secret Weapon"],"picked":"The Bomb","floor":0},{"not_picked":["Wild Strike","Second Wind"],"picked":"Uppercut","floor":1},{"not_picked":["Iron Wave","Heavy Blade"],"picked":"Perfected Strike","floor":3},{"not_picked":["Havoc","Massacre"],"picked":"ReplayReversal","floor":7},{"not_picked":["ReplayTheSpireMod:Muscle Training","Abandon"],"picked":"Reaper","floor":8},{"not_picked":["True Grit","Reckless Charge"],"picked":"Thunderclap","floor":10},{"not_picked":["Iron Wave","ReplayTheSpireMod:Strike From Hell"],"picked":"Rampage","floor":13},{"not_picked":["Hemogenesis","Reaper"],"picked":"Limit Break","floor":16},{"not_picked":["Heavy Blade","Sword Boomerang+1","Cleave"],"picked":"SKIP","floor":18}],"player_experience":860696,"relics_obtained":[{"floor":8,"key":"Smiling Mask"},{"floor":9,"key":"ReplayTheSpireMod:Spearhead"},{"floor":13,"key":"hubris:OldNail"},{"floor":20,"key":"ReplayTheSpireMod:Lightbulb"},{"floor":24,"key":"Replay:Bottled Flurry"}],"event_choices":[{"damage_healed":0,"gold_gain":75,"player_choice":"Gather Gold","damage_taken":11,"max_hp_gain":0,"max_hp_loss":0,"event_name":"World of Goop","floor":11,"gold_loss":0},{"damage_healed":0,"gold_gain":0,"player_choice":"Searched \u00271\u0027 times","damage_taken":0,"max_hp_gain":0,"max_hp_loss":0,"event_name":"Dead Adventurer","floor":13,"gold_loss":0},{"cards_removed":["Perfected Strike"],"damage_healed":0,"gold_gain":0,"player_choice":"Card Removal","damage_taken":0,"max_hp_gain":0,"max_hp_loss":0,"event_name":"Wheel of Change","floor":14,"gold_loss":0},{"damage_healed":0,"gold_gain":0,"player_choice":"Read","damage_taken":0,"max_hp_gain":0,"max_hp_loss":0,"event_name":"The Library","floor":23,"gold_loss":0,"cards_obtained":["Dual Wield"]}],"is_beta":false,"boss_relics":[{"not_picked":["Coffee Dripper","hubris:ScarierMask"],"picked":"hubris:Backtick"}],"items_purged_floors":[12,19],"is_endless":false,"potions_floor_spawned":[3,8],"killed_by":"Gremlin Leader","ascension_level":13}}