{"host":"5v9rfzf5qju8k9wy","time":1612229919,"event":{"mods":["Act Like it!","Arknights","BaseMod","Gensokyo","Marisa£®ÏF”Í°°ƒß¿Ì…≥£©","Minty Spire (QoL Compilation)","Reimu£®≤©¿ˆ¡È√Œ£©","Remilia£®¿Ÿ√◊¿Ú—«£©","Replay The Spire","StSLib","The Administrix","Youmu£®ªÍ∆«—˝√Œ£©"],"gold_per_floor":[114,134,134,23,40,40,65,65,115,334,346,55,67,67,67,77,77,176,176,193,193,107,107,107],"floor_reached":23,"language":"ZHS","playtime":1792,"items_purged":["AdministrixMod:Defend_Administrix"],"score":216,"play_id":"d264576c-eddd-4940-b75b-c47a2ed6e464","local_time":"20210202093839","is_ascension_mode":false,"campfire_choices":[{"data":"AdministrixMod:RisingSunPrince","floor":6,"key":"SMITH"},{"data":"AdministrixMod:TrickOfTheLight","floor":17,"key":"SMITH"}],"circlet_count":0,"master_deck":["AdministrixMod:Strike_Administrix","AdministrixMod:Strike_Administrix","AdministrixMod:Strike_Administrix","AdministrixMod:RedCloak","AdministrixMod:Defend_Administrix","AdministrixMod:Defend_Administrix","AdministrixMod:BlueCloak","Impatience+1","AdministrixMod:RisingSunPrince+1","AdministrixMod:ChooseYourEnd+1","Gensokyo:ReactiveArmor","AdministrixMod:TouchOfCinnabar","AdministrixMod:TrickOfTheLight+1","Normality","AdministrixMod:Convergence","AdministrixMod:SyncreticSurge","AdministrixMod:XianArts","AdministrixMod:XianArts","AdministrixMod:RegentEdict+1","AdministrixMod:BishamonBlessing","AdministrixMod:QuietConspiracy","AdministrixMod:AmassedMasks","AdministrixMod:LightOfYourLife+1","Gensokyo:Shovel"],"relics":["AdministrixMod:ConductorRitualBaton","Replay:Bottled Flurry","Ring of Misfortune","Ancient Tea Set","Guide Book","AdministrixMod:ElixirOfImmorality"],"acts_visited":["Gensokyo:Gensokyo","Gensokyo:Gensokyoer"],"potions_floor_usage":[23],"damage_taken":[{"damage":2,"enemies":"Gensokyo:Python","floor":1,"turns":3},{"damage":0,"enemies":"Gensokyo:3_Fairies","floor":2,"turns":3},{"damage":0,"enemies":"Gensokyo:Gryphon","floor":5,"turns":3},{"damage":0,"enemies":"Gensokyo:Aya","floor":7,"turns":6},{"damage":1,"enemies":"Gensokyo:2_Rabbits","floor":10,"turns":5},{"damage":0,"enemies":"Gensokyo:LivingMonolith","floor":11,"turns":3},{"damage":4,"enemies":"Gensokyo:3_Kodama","floor":13,"turns":4},{"damage":7,"enemies":"Gensokyo:Kitsune","floor":16,"turns":2},{"damage":15,"enemies":"Gensokyo:Reimu","floor":18,"turns":8},{"damage":12,"enemies":"Gensokyo:3_Dogs","floor":20,"turns":7},{"damage":16,"enemies":"Gensokyo:AngelMirror","floor":23,"turns":2}],"seed_played":"7117703574953215475","potions_obtained":[{"floor":2,"key":"Strength Potion"},{"floor":7,"key":"Explosive Potion"},{"floor":11,"key":"ZuzhouPotion:ReiMu"},{"floor":16,"key":"Strength Potion"},{"floor":20,"key":"Reflective Coating"}],"is_trial":false,"path_per_floor":["M","M","?","COS","M","R","E","?","T","M","M","$","M","PTL","PTL","M","R","B",null,"M","?","COS","M"],"character_chosen":"TheAdministrix","items_purchased":["AdministrixMod:XianArts","Guide Book","AdministrixMod:RegentEdict+1"],"campfire_rested":0,"item_purchase_floors":[12,12,12],"current_hp_per_floor":[63,63,63,63,63,63,63,63,63,62,62,62,58,58,58,51,51,36,65,53,53,53,37,37],"gold":107,"neow_bonus":"RANDOM_COLORLESS","is_daily":false,"chose_seed":false,"campfire_upgraded":2,"win_rate":0.0,"timestamp":1612229919,"path_taken":["M","M","?","COS","M","R","E","?","T","?","M","?","?","PTL","PTL","M","R","BOSS","M","?","COS","M"],"items_purchased_type":["Card","Relic","Card"],"build_version":"2020-12-22","purchased_purges":1,"victory":false,"max_hp_per_floor":[65,65,65,65,65,65,65,65,65,65,65,65,65,65,65,65,65,65,65,65,65,65,65,65],"card_choices":[{"not_picked":["Dramatic Entrance","Finesse"],"picked":"Impatience","floor":0},{"not_picked":["AdministrixMod:BegetEternity","AdministrixMod:UnstableVigor"],"picked":"AdministrixMod:RisingSunPrince","floor":1},{"not_picked":["AdministrixMod:Transition","AdministrixMod:LightOfYourLife"],"picked":"AdministrixMod:ChooseYourEnd","floor":2},{"not_picked":["AdministrixMod:Wuji","AdministrixMod:Overdrive"],"picked":"AdministrixMod:TouchOfCinnabar","floor":5},{"not_picked":["AdministrixMod:ArmillarySphere","AdministrixMod:Transcension"],"picked":"AdministrixMod:TrickOfTheLight","floor":7},{"not_picked":["AdministrixMod:NoblePath","AdministrixMod:HarmonicReverence"],"picked":"AdministrixMod:Convergence","floor":10},{"not_picked":["AdministrixMod:ImmortalClarity","AdministrixMod:BegetEternity"],"picked":"AdministrixMod:SyncreticSurge","floor":11},{"not_picked":["AdministrixMod:ImmortalGrace","AdministrixMod:TouchOfCinnabar"],"picked":"AdministrixMod:BishamonBlessing","floor":13},{"not_picked":["AdministrixMod:FiendishCrimson","AdministrixMod:BegetEternity"],"picked":"AdministrixMod:QuietConspiracy","floor":16},{"not_picked":["AdministrixMod:Mastermind","AdministrixMod:DeathByGlamour"],"picked":"AdministrixMod:AmassedMasks","floor":18},{"not_picked":["AdministrixMod:ReachToHeaven","AdministrixMod:CastOffRegrets"],"picked":"AdministrixMod:LightOfYourLife+1","floor":20}],"player_experience":117125,"relics_obtained":[{"floor":7,"key":"Replay:Bottled Flurry"},{"floor":8,"key":"Ring of Misfortune"},{"floor":9,"key":"Ancient Tea Set"}],"event_choices":[],"is_beta":false,"boss_relics":[{"not_picked":["Tiny House","Honey Jar"],"picked":"AdministrixMod:ElixirOfImmorality"}],"items_purged_floors":[12],"is_endless":false,"potions_floor_spawned":[2,7,11,16,20],"killed_by":"Gensokyo:AngelMirror","ascension_level":0}}