{"host":"Sylvester","time":1612241565,"event":{"mods":["BaseMod","Filter the Spire","Lobotomy","Minty Spire (QoL Compilation)","Replay The Spire","StSLib"],"gold_per_floor":[109,34,53,63,38,38,70,70,97,107,121,148,158,235,235,235,235],"floor_reached":16,"language":"ENG","playtime":472,"items_purged":[],"score":224,"play_id":"c3b6ae21-3185-4f58-99b4-c197c64ffd07","local_time":"20210201205245","is_ascension_mode":true,"campfire_choices":[{"data":"Infinite Blades","floor":6.0,"key":"SMITH"},{"data":"Cloak And Dagger","floor":8.0,"key":"SMITH"},{"floor":15,"key":"REST"}],"circlet_count":0,"master_deck":["AscendersBane","Strike_G","Strike_G","Strike_G","Strike_G","Defend_G","Defend_G","Defend_G","Defend_G","Defend_G","Survivor","Neutralize","Quick Slash","Infinite Blades+1","Poisoned Stab","Cloak And Dagger+1","All Out Attack","Hidden Blade","Adrenaline"],"relics":["WristBlade","Toy Ornithopter","Replay:Rubber Ducky","Vajra"],"acts_visited":["Exordium"],"potions_floor_usage":[13,16],"damage_taken":[{"damage":0.0,"enemies":"Jaw Worm","floor":1.0,"turns":5.0},{"damage":9.0,"enemies":"2 Louse","floor":3.0,"turns":4.0},{"damage":4.0,"enemies":"Small Slimes","floor":4.0,"turns":4.0},{"damage":8.0,"enemies":"Lagavulin","floor":7.0,"turns":6.0},{"damage":0.0,"enemies":"Looter","floor":10.0,"turns":2.0},{"damage":4.0,"enemies":"2 Fungi Beasts","floor":11.0,"turns":3.0},{"damage":17.0,"enemies":"3 Sentries","floor":12.0,"turns":6.0},{"damage":0,"enemies":"3 Louse","floor":13,"turns":2},{"damage":46,"enemies":"The Guardian","floor":16,"turns":9}],"seed_played":"6847874904403250693","potions_obtained":[{"floor":4.0,"key":"BlessingOfTheForge"},{"floor":7.0,"key":"Energy Potion"},{"floor":11.0,"key":"Block Potion"}],"is_trial":false,"path_per_floor":["M","?","M","M","$","R","E","R","T","M","M","E","M","?","R","B"],"character_chosen":"THE_SILENT","items_purchased":["Cloak And Dagger"],"campfire_rested":1,"item_purchase_floors":[5],"current_hp_per_floor":[59,59,50,46,46,46,38,38,38,38,34,17,22,22,41,0,0],"gold":235,"neow_bonus":"BOSS_RELIC","is_daily":false,"chose_seed":false,"campfire_upgraded":2,"win_rate":0.0,"timestamp":1612241565,"path_taken":["M","?","M","M","$","R","E","R","T","M","M","E","M","?","R","BOSS"],"items_purchased_type":["Card"],"build_version":"2020-11-17","purchased_purges":0,"victory":false,"max_hp_per_floor":[66,66,66,66,66,66,66,66,66,66,66,66,66,66,66,66,66],"card_choices":[{"not_picked":["Dagger Throw","Sucker Punch"],"picked":"Quick Slash","floor":1.0},{"not_picked":["Slice","PiercingWail"],"picked":"Infinite Blades","floor":3.0},{"not_picked":["ReplayTheSpireMod:Necrosis","Acrobatics"],"picked":"Poisoned Stab","floor":4.0},{"not_picked":["Expertise","Outmaneuver"],"picked":"All Out Attack","floor":7.0},{"not_picked":["Noxious Fumes","Replay:Poison Smokescreen","Quick Slash"],"picked":"SKIP","floor":10.0},{"not_picked":["ReplayTheSpireMod:The Works","Bane"],"picked":"Hidden Blade","floor":11.0},{"not_picked":["PiercingWail","Reflex"],"picked":"Adrenaline","floor":12.0},{"not_picked":["Crippling Poison","Slice","Underhanded Strike"],"picked":"SKIP","floor":13}],"player_experience":186699,"relics_obtained":[{"floor":7.0,"key":"Toy Ornithopter"},{"floor":9.0,"key":"Replay:Rubber Ducky"},{"floor":12.0,"key":"Vajra"}],"event_choices":[{"cards_removed":["Strike_G"],"damage_healed":0.0,"max_hp_gain":0.0,"max_hp_loss":0.0,"gold_gain":0.0,"event_name":"The Cleric","player_choice":"Card Removal","floor":2.0,"gold_loss":75.0,"damage_taken":0.0},{"damage_healed":0,"gold_gain":77,"player_choice":"Gained Gold","damage_taken":0,"max_hp_gain":0,"max_hp_loss":0,"event_name":"Golden Wing","floor":14,"gold_loss":0}],"is_beta":true,"boss_relics":[],"items_purged_floors":[],"is_endless":false,"potions_floor_spawned":[4,7,11],"killed_by":"The Guardian","ascension_level":20}}