{"host":"o1umn66c6cmsknp2","time":1612268739,"event":{"mods":["BaseMod","Colored Map","DeckTracker","Highlight Path","Keyboard Shortcuts","Minty Spire (QoL Compilation)","Permanent Neow","SuperFastMode","Unceasing Turn Reminder","everything is the same but u backflip on backflip"],"gold_per_floor":[360,65,65,65,82,82,93,93,93,144,164,174,189,44,44,140,140,124,138,150,161,176,176,19,19,19,19,31,41,57,88,88,88,88],"floor_reached":33,"language":"KOR","playtime":1355,"items_purged":["Strike_G"],"score":408,"play_id":"d043c83e-6074-423f-ba83-484bd2feabf4","local_time":"20210202212539","is_ascension_mode":true,"campfire_choices":[{"data":"Poisoned Stab","floor":6.0,"key":"SMITH"},{"data":"Predator","floor":8.0,"key":"SMITH"},{"data":"Envenom","floor":15.0,"key":"SMITH"},{"data":"Blade Dance","floor":23.0,"key":"SMITH"},{"data":"Phantasmal Killer","floor":25.0,"key":"SMITH"},{"floor":32,"key":"REST"}],"circlet_count":0,"master_deck":["AscendersBane","Strike_G","Strike_G","Defend_G","Defend_G","Defend_G","Defend_G","Survivor","Neutralize+1","Dodge and Roll","Poisoned Stab+1","Predator+1","Leg Sweep","Infinite Blades","Masterful Stab","Choke","Envenom+1","Phantasmal Killer+1","Wraith Form v2+1","Underhanded Strike+1","Bullet Time+1","Blade Dance+1","PiercingWail+1","Blur+1","RitualDagger","Cloak And Dagger"],"relics":["Ring of the Snake","Shuriken","Kunai","Blood Vial","Orichalcum","Astrolabe","Lee\u0027s Waffle","Boot","Strawberry"],"acts_visited":["Exordium","TheCity"],"potions_floor_usage":[31],"damage_taken":[{"damage":1.0,"enemies":"Small Slimes","floor":1.0,"turns":4.0},{"damage":0.0,"enemies":"Jaw Worm","floor":5.0,"turns":4.0},{"damage":0.0,"enemies":"Cultist","floor":7.0,"turns":3.0},{"damage":0.0,"enemies":"2 Fungi Beasts","floor":11.0,"turns":4.0},{"damage":0.0,"enemies":"Blue Slaver","floor":12.0,"turns":5.0},{"damage":7.0,"enemies":"Looter","floor":13.0,"turns":4.0},{"damage":18.0,"enemies":"Slime Boss","floor":16.0,"turns":11.0},{"damage":6.0,"enemies":"2 Thieves","floor":18.0,"turns":4.0},{"damage":5.0,"enemies":"Shell Parasite","floor":19.0,"turns":5.0},{"damage":0.0,"enemies":"Centurion and Healer","floor":20.0,"turns":5.0},{"damage":19.0,"enemies":"Cultist and Chosen","floor":21.0,"turns":6.0},{"damage":34.0,"enemies":"Shelled Parasite and Fungi","floor":22.0,"turns":5.0},{"damage":1.0,"enemies":"Snecko","floor":28.0,"turns":6.0},{"damage":12.0,"enemies":"Snake Plant","floor":29.0,"turns":5.0},{"damage":37.0,"enemies":"Shelled Parasite and Fungi","floor":30.0,"turns":10.0},{"damage":15,"enemies":"Book of Stabbing","floor":31,"turns":4},{"damage":27,"enemies":"Collector","floor":33,"turns":6}],"seed_played":"-8556044100648536290","potions_obtained":[{"floor":12.0,"key":"EntropicBrew"},{"floor":16.0,"key":"Swift Potion"},{"floor":22.0,"key":"SmokeBomb"}],"is_trial":false,"path_per_floor":["M","$","?","?","M","R","M","R","T","T","M","M","M","$","R","B",null,"M","M","M","M","M","R","$","R","T","?","M","M","M","E","R","B"],"character_chosen":"THE_SILENT","items_purchased":["Shuriken","Poisoned Stab","Envenom","Lee\u0027s Waffle"],"campfire_rested":1,"item_purchase_floors":[2,2,14,24],"current_hp_per_floor":[62,62,62,50,50,50,50,50,50,50,52,54,49,49,49,33,56,52,49,51,34,2,2,70,70,70,64,65,55,20,14,37,12,12],"gold":88,"neow_bonus":"TWO_FIFTY_GOLD","is_daily":false,"chose_seed":false,"campfire_upgraded":5,"win_rate":0.0,"timestamp":1612268739,"path_taken":["M","$","?","?","M","R","M","R","T","?","M","M","M","?","R","BOSS","M","?","M","M","M","R","$","R","T","?","M","M","M","E","R","BOSS"],"items_purchased_type":["Relic","Card","Card","Relic"],"build_version":"2020-12-22","purchased_purges":1,"victory":false,"max_hp_per_floor":[63,63,63,63,63,63,63,63,63,63,63,63,63,63,63,63,63,63,63,63,63,63,63,70,70,70,70,70,70,70,77,77,77,77],"card_choices":[{"not_picked":["Flying Knee","Prepared"],"picked":"Dodge and Roll","floor":1.0},{"not_picked":["Quick Slash","Underhanded Strike"],"picked":"Predator","floor":5.0},{"not_picked":["Deadly Poison","Sucker Punch"],"picked":"Leg Sweep","floor":7.0},{"not_picked":["Dodge and Roll","Outmaneuver"],"picked":"Infinite Blades","floor":11.0},{"not_picked":["Slice","Underhanded Strike"],"picked":"Masterful Stab","floor":12.0},{"not_picked":["Crippling Poison","Deflect"],"picked":"Choke","floor":13.0},{"not_picked":["Burst","Doppelganger"],"picked":"Phantasmal Killer","floor":16.0},{"not_picked":["Footwork","Slice"],"picked":"Blade Dance","floor":18.0},{"not_picked":["Leg Sweep","Bouncing Flask","Concentrate"],"picked":"SKIP","floor":19.0},{"not_picked":["Poisoned Stab","Terror+1"],"picked":"PiercingWail+1","floor":20.0},{"not_picked":["Prepared","Slice+1"],"picked":"Blur+1","floor":21.0},{"not_picked":["Choke","Dodge and Roll+1","Deadly Poison"],"picked":"SKIP","floor":22.0},{"not_picked":["Predator","Dagger Throw","Distraction"],"picked":"SKIP","floor":28.0},{"not_picked":["Die Die Die","PiercingWail"],"picked":"Cloak And Dagger","floor":29.0},{"not_picked":["Poisoned Stab","Deflect","Prepared"],"picked":"SKIP","floor":30.0},{"not_picked":["Poisoned Stab","Setup","Deflect"],"picked":"SKIP","floor":31}],"player_experience":381941,"relics_obtained":[{"floor":9.0,"key":"Blood Vial"},{"floor":10.0,"key":"Orichalcum"},{"floor":26.0,"key":"Boot"},{"floor":31,"key":"Strawberry"}],"event_choices":[{"damage_healed":0.0,"max_hp_gain":0.0,"max_hp_loss":0.0,"gold_gain":0.0,"event_name":"Living Wall","player_choice":"Grow","floor":3.0,"gold_loss":0.0,"damage_taken":0.0,"cards_upgraded":["Neutralize"]},{"damage_healed":0.0,"max_hp_gain":0.0,"max_hp_loss":0.0,"gold_gain":0.0,"event_name":"Scrap Ooze","player_choice":"Success","floor":4.0,"gold_loss":0.0,"damage_taken":12.0,"relics_obtained":["Kunai"]},{"damage_healed":0.0,"max_hp_gain":0.0,"max_hp_loss":0.0,"gold_gain":0.0,"event_name":"Nest","player_choice":"Joined the Cult","floor":27.0,"gold_loss":0.0,"damage_taken":6.0,"cards_obtained":["RitualDagger"]}],"is_beta":false,"boss_relics":[{"not_picked":["Tiny House","Calling Bell"],"picked":"Astrolabe"}],"items_purged_floors":[14],"is_endless":false,"potions_floor_spawned":[12,16,18,19,20,22,30],"killed_by":"Collector","ascension_level":11}}