{"host":"xxj0bkgoog7xyy18","time":1612232744,"event":{"mods":["BaseMod","Colored Map","Colored Powertips","Downfall","Googly Eyes","Hermit","Minty Spire (QoL Compilation)","StSLib"],"gold_per_floor":[99,114,125,136,148,48,48,81,66,66,83,98,127,186,196,297,347,247,259,273,273,273,273,273,273],"floor_reached":23,"language":"ENG","playtime":4818,"items_purged":[],"score":203,"play_id":"5b89c1a0-c245-46e4-bd29-3cf8e436603f","local_time":"20210201192544","is_ascension_mode":false,"campfire_choices":[{"floor":1,"key":"RECALL"},{"data":"champ:Execute","floor":6,"key":"SMITH"},{"floor":10,"key":"REST"},{"data":"champ:StanceDance","floor":18,"key":"SMITH"}],"circlet_count":0,"master_deck":["champ:Strike","champ:Strike","champ:Strike","champ:Strike","champ:Defend","champ:Defend","champ:Defend","champ:Defend","champ:Execute+1","champ:Taunt","champ:Haymaker","champ:StanceDance+1","champ:StanceDance+1","champ:ArenaPreparation","champ:Endure","champ:FalseCounter","champ:BerserkersShout","champ:PreciseThrust","champ:ShieldWall","champ:Encircle","champ:PreciseThrust","champ:Devastate","champ:CalledShot","champ:Lariat+1","Slimebound:CheckThePlaybook","downfall:Bewildered"],"relics":["champ:ChampionCrown","downfall:HeartBlessingRed","Potion Belt","Pantograph","champ:FightingForDummies","Meat on the Bone","Tiny House","downfall:HeartBlessingGreen","sneckomod:BabySnecko"],"acts_visited":["Exordium","TheCity"],"potions_floor_usage":[13,15,16,16,16,23,23],"damage_taken":[{"damage":20,"enemies":"Cultist","floor":2,"turns":4},{"damage":18,"enemies":"Jaw Worm","floor":3,"turns":2},{"damage":2,"enemies":"Small Slimes","floor":4,"turns":3},{"damage":12,"enemies":"3 Louse","floor":5,"turns":4},{"damage":60,"enemies":"Lagavulin","floor":8,"turns":6},{"damage":35,"enemies":"downfall:FleeingMerchant","floor":9,"turns":4},{"damage":7,"enemies":"Lots of Slimes","floor":11,"turns":5},{"damage":29,"enemies":"Blue Slaver","floor":12,"turns":3},{"damage":13,"enemies":"Gremlin Nob","floor":13,"turns":4},{"damage":37,"enemies":"3 Sentries","floor":14,"turns":6},{"damage":14,"enemies":"Gremlin Gang","floor":15,"turns":4},{"damage":47,"enemies":"WA_ARCHETYPE_RETAIN","floor":16,"turns":5},{"damage":26,"enemies":"3 Byrds","floor":19,"turns":6},{"damage":92,"enemies":"Cultist and Chosen","floor":20,"turns":10},{"damage":28,"enemies":"Book of Stabbing","floor":23,"turns":3}],"seed_played":"5498629188602479502","potions_obtained":[{"floor":2,"key":"Block Potion"},{"floor":4,"key":"AttackPotion"},{"floor":12,"key":"Guardian:BlockOnCardUsePotion"},{"floor":13,"key":"Block Potion"},{"floor":14,"key":"ColorlessPotion"},{"floor":16,"key":"Ancient Potion"},{"floor":17,"key":"Explosive Potion"}],"is_trial":false,"path_per_floor":["R","M","M","M","M","R","T","E","$","R","M","M","E","?","M","B",null,"R","M","M","?","?","E"],"character_chosen":"THE_CHAMP","items_purchased":[],"campfire_rested":1,"item_purchase_floors":[],"current_hp_per_floor":[99,99,91,89,77,77,77,42,37,66,59,55,42,15,27,47,104,104,93,52,16,16,0,0,0],"gold":273,"neow_bonus":"TEN_PERCENT_HP_BONUS","is_daily":false,"chose_seed":false,"campfire_upgraded":2,"win_rate":0.0,"timestamp":1612232744,"path_taken":["R","M","M","M","M","R","T","E","?","R","M","M","E","?","M","BOSS","R","M","M","?","?","E"],"items_purchased_type":[],"build_version":"2020-12-22","purchased_purges":0,"victory":false,"max_hp_per_floor":[99,99,99,99,99,99,99,99,99,99,99,99,99,99,99,99,104,104,104,104,104,104,104,104,104],"card_choices":[{"not_picked":["champ:RapidStrikes","champ:PerfectedStrike"],"picked":"champ:Haymaker","floor":2},{"not_picked":["champ:AdrenalArmor","champ:PreciseThrust"],"picked":"champ:StanceDance","floor":3},{"not_picked":["champ:EnragedBash","champ:BladeFlurry"],"picked":"champ:StanceDance","floor":4},{"not_picked":["champ:GutPunch","champ:EnragedBash"],"picked":"champ:ArenaPreparation","floor":5},{"not_picked":["champ:Haymaker","champ:EnGarde"],"picked":"champ:Endure","floor":8},{"not_picked":["champ:BringItOn","champ:FaceSlap"],"picked":"champ:FalseCounter","floor":9},{"not_picked":["champ:Encircle","champ:BladeFlurry"],"picked":"champ:BerserkersShout","floor":11},{"not_picked":["champ:CrookedStrike","champ:SetATrap"],"picked":"champ:PreciseThrust","floor":12},{"not_picked":["champ:BladeFlurry","champ:DancingMaster"],"picked":"champ:ShieldWall","floor":13},{"not_picked":["champ:FaceSlap","champ:EnGarde"],"picked":"champ:Encircle","floor":14},{"not_picked":["champ:Haymaker","champ:BladeFlurry"],"picked":"champ:PreciseThrust","floor":15},{"not_picked":["champ:CheapShot","champ:ShieldThrow"],"picked":"champ:Devastate","floor":16},{"not_picked":["champ:BladeFlurry","champ:FocusedDefense"],"picked":"champ:CalledShot","floor":17},{"not_picked":["champ:StanceDance","champ:TornadoPunch"],"picked":"champ:Lariat+1","floor":19},{"not_picked":["champ:Lariat+1","champ:GladiatorStyle","champ:Circumvent"],"picked":"SKIP","floor":20}],"player_experience":193408,"relics_obtained":[{"floor":7,"key":"Potion Belt"},{"floor":8,"key":"Pantograph"},{"floor":13,"key":"champ:FightingForDummies"},{"floor":14,"key":"Meat on the Bone"}],"event_choices":[],"is_beta":false,"boss_relics":[{"not_picked":["Fusion Hammer","Calling Bell"],"picked":"Tiny House"}],"items_purged_floors":[],"is_endless":false,"potions_floor_spawned":[2,4,12,13,14,16],"killed_by":"Book of Stabbing","ascension_level":0}}