{"host":"e4udrxcgdvpx3wcj","time":1612294999,"event":{"mods":["Act Like it!","Aspiration","Astrologer","BaseMod","Gensokyo","Highlight Path","Infinite Spire","Koishi","Marisa????????","Minty Spire (QoL Compilation)","Replay The Spire","StSLib","SuperFastMode","The Bug Knight","The Construct","The Jungle","The Runesmith","The Servant 0.9.4","TheBandit"],"gold_per_floor":[113,113,113,113,136,136,163,16,16,16,31,31,41,72,72,177,177,188,203,453,453,464,464,464],"floor_reached":23,"language":"ENG","playtime":1429,"items_purged":["HollowMod:NailStrikeStart"],"score":262,"play_id":"5efb958c-6839-49f3-b9c2-79efff52bfab","local_time":"20210202144319","is_ascension_mode":true,"campfire_choices":[{"data":"HollowMod:DescendingDark","floor":6,"key":"SMITH"},{"data":"HollowMod:FocusHealStart","floor":15,"key":"SMITH"}],"circlet_count":0,"master_deck":["HollowMod:NailStrikeStart","HollowMod:NailStrikeStart","HollowMod:QuickDashStart","HollowMod:QuickDashStart","HollowMod:FocusHealStart+1","HollowMod:PogoStrike","HollowMod:DescendingDark+1","HollowMod:CycloneSlash+1","HollowMod:MothsMistake","HollowMod:DungDefenderAura","HollowMod:NewJinnsSoul","HollowMod:DreamGate","HollowMod:SlysStrikes","Replay:Battleflow","Replay:Hum","infinitespire:SevenWalls","HollowMod:ChannelNail+1"],"relics":["HollowMod:VesselMask","Tiny Chest","Replay:Bottled Flurry","construct:FoamFinger","Pear","Counterbalance","Bronze Scales","aspiration:WatcherSkillbook"],"acts_visited":["Gensokyo:Gensokyo","Gensokyo:Gensokyoer"],"potions_floor_usage":[18,22,23],"damage_taken":[{"damage":3,"enemies":"Gensokyo:Gryphon","floor":1,"turns":3},{"damage":25,"enemies":"Gensokyo:Mamizou","floor":7,"turns":7},{"damage":3,"enemies":"Gensokyo:Python","floor":11,"turns":3},{"damage":0,"enemies":"Gensokyo:2_Kodama","floor":13,"turns":1},{"damage":0,"enemies":"Gensokyo:Cirno","floor":14,"turns":4},{"damage":17,"enemies":"Gensokyo:Reimu","floor":16,"turns":8},{"damage":30,"enemies":"Gensokyo:3_Dogs","floor":18,"turns":4},{"damage":19,"enemies":"Gensokyo:Chomper","floor":19,"turns":4},{"damage":20,"enemies":"Gensokyo:Monolith_and_Dog","floor":22,"turns":4},{"damage":29,"enemies":"Gensokyo:Tenshi","floor":23,"turns":3}],"seed_played":"4560751553869283238","potions_obtained":[{"floor":7,"key":"ColorlessPotion"},{"floor":14,"key":"AttackPotion"},{"floor":16,"key":"LiquidBronze"},{"floor":18,"key":"Energy Potion"}],"is_trial":false,"path_per_floor":["M","?","?","?","T","R","E","$","T","?","M","T","M","E","R","B",null,"M","M","?","?","M","E"],"character_chosen":"THE_BUGKNIGHT","items_purchased":["HollowMod:DungDefenderAura"],"campfire_rested":0,"item_purchase_floors":[8],"current_hp_per_floor":[75,45,45,53,53,53,38,38,38,33,36,36,36,42,42,37,85,65,56,56,35,21,0,0],"gold":464,"neow_bonus":"RANDOM_COMMON_RELIC","is_daily":false,"chose_seed":false,"campfire_upgraded":2,"win_rate":0.0,"timestamp":1612294999,"path_taken":["M","?","?","?","?","R","E","?","T","?","?","?","?","E","R","BOSS","M","M","?","?","M","E"],"items_purchased_type":["Card"],"build_version":"2020-12-22","purchased_purges":1,"victory":false,"max_hp_per_floor":[75,75,75,75,75,75,75,75,75,85,85,85,85,85,85,85,85,85,85,80,80,80,80,80],"card_choices":[{"not_picked":["HollowMod:InfectedAttack","HollowMod:ChannelNail"],"picked":"HollowMod:DescendingDark","floor":1},{"not_picked":["HollowMod:DesolateDive","HollowMod:InfectedAttack"],"picked":"HollowMod:MothsMistake","floor":7},{"not_picked":["HollowMod:SiblingsSouls","HollowMod:DoubleDash"],"picked":"HollowMod:NewJinnsSoul","floor":11},{"not_picked":["HollowMod:ShapeofUnn","HollowMod:NewJinnsSoul","HollowMod:HeavyBlow"],"picked":"SKIP","floor":13},{"not_picked":["HollowMod:SoulEater","HollowMod:WraithStrike"],"picked":"HollowMod:DreamGate","floor":14},{"not_picked":["HollowMod:MidwifesHunger","HollowMod:SoulMaster"],"picked":"HollowMod:SlysStrikes","floor":16},{"not_picked":["Replay:AtTheReady","BattleHymn","HollowMod:TaintedHusks"],"picked":"Replay:Battleflow","floor":18},{"not_picked":["HollowMod:ChannelNail","HollowMod:FallenFury","HollowMod:AbyssShriek"],"picked":"Replay:Hum","floor":19},{"not_picked":["ReplayTheSpireMod:Echoes of Time","infinitespire:SealOfDarkness+"],"picked":"infinitespire:SevenWalls","floor":21},{"not_picked":["HollowMod:AbyssShriek","Halt","HollowMod:RecoilStrike"],"picked":"HollowMod:ChannelNail+1","floor":22}],"player_experience":2361248,"relics_obtained":[{"floor":7,"key":"Replay:Bottled Flurry"},{"floor":9,"key":"construct:FoamFinger"},{"floor":12,"key":"Counterbalance"},{"floor":14,"key":"Bronze Scales"}],"event_choices":[],"is_beta":false,"boss_relics":[{"not_picked":["aspiration:FutureDiary","Abe\u0027s Treasure"],"picked":"aspiration:WatcherSkillbook"}],"items_purged_floors":[8],"is_endless":false,"potions_floor_spawned":[7,14,16,18],"killed_by":"Gensokyo:Tenshi","ascension_level":4}}