{"host":"xltl1aroowo69o4n","time":1612308400,"event":{"mods":["BaseMod","Colored Map","Colored Powertips","Downfall","Minty Spire (QoL Compilation)","StSLib","The Cursed","The Hierophant","The Mystic"],"gold_per_floor":[109,35,50,64,80,80,110,110,110,141,63,63,73,89,89,89,89],"floor_reached":16,"language":"ENG","playtime":1002,"items_purged":[],"score":102,"play_id":"eacf358e-398e-43bf-ae97-c321f7745fc2","local_time":"20210202182640","is_ascension_mode":false,"campfire_choices":[{"data":"mysticmod:Dedication","floor":6,"key":"SMITH"},{"floor":8,"key":"RECALL"},{"floor":15,"key":"REST"}],"circlet_count":0,"master_deck":["mysticmod:Strike_Mystic","mysticmod:Strike_Mystic","mysticmod:Strike_Mystic","mysticmod:Strike_Mystic","mysticmod:Defend_Mystic","mysticmod:Defend_Mystic","mysticmod:Defend_Mystic","mysticmod:Defend_Mystic","mysticmod:ArcaneDodge","mysticmod:ShockingGrasp","mysticmod:Riposte","mysticmod:Dedication+1","mysticmod:LightningBolt","mysticmod:VorpalThrust","mysticmod:EarthenWall","mysticmod:PreparedCaster","mysticmod:PunishingArmor","mysticmod:Alacrity","mysticmod:Disintegrate"],"relics":["mysticmod:SpellBook","NeowsBlessing","Ornamental Fan","Odd Mushroom","Blood Vial","Mercury Hourglass"],"acts_visited":["Exordium"],"potions_floor_usage":[16,16],"damage_taken":[{"damage":0,"enemies":"2 Louse","floor":1,"turns":1},{"damage":0,"enemies":"Cultist","floor":3,"turns":1},{"damage":0,"enemies":"Jaw Worm","floor":4,"turns":1},{"damage":5,"enemies":"2 Fungi Beasts","floor":5,"turns":7},{"damage":18,"enemies":"The Mushroom Lair","floor":7,"turns":4},{"damage":18,"enemies":"Gremlin Nob","floor":10,"turns":5},{"damage":4,"enemies":"Large Slime","floor":13,"turns":6},{"damage":6,"enemies":"Exordium Thugs","floor":14,"turns":6},{"damage":54,"enemies":"Hexaghost","floor":16,"turns":14}],"seed_played":"-4754689927904122157","potions_obtained":[{"floor":5,"key":"DuplicationPotion"},{"floor":10,"key":"Strength Potion"},{"floor":14,"key":"Energy Potion"}],"is_trial":false,"path_per_floor":["M","?","M","M","M","R","?","R","T","E","$","?","M","M","R","B"],"character_chosen":"MYSTIC_CLASS","items_purchased":["mysticmod:PunishingArmor"],"campfire_rested":1,"item_purchase_floors":[11],"current_hp_per_floor":[77,77,77,77,72,72,54,54,54,36,36,29,27,23,46,0,0],"gold":89,"neow_bonus":"THREE_ENEMY_KILL","is_daily":false,"chose_seed":false,"campfire_upgraded":1,"win_rate":0.0,"timestamp":1612308400,"path_taken":["M","?","M","?","M","R","?","R","T","E","$","?","M","M","R","BOSS"],"items_purchased_type":["Card"],"build_version":"2020-12-13","purchased_purges":0,"victory":false,"max_hp_per_floor":[77,77,77,77,77,77,77,77,77,77,77,77,77,77,77,77,77],"card_choices":[{"not_picked":["mysticmod:HeavyStrike","mysticmod:CorrosiveTouch"],"picked":"mysticmod:Riposte","floor":1},{"not_picked":["mysticmod:Daze","mysticmod:CorrosiveTouch"],"picked":"mysticmod:Dedication","floor":3},{"not_picked":["mysticmod:PowerAttack","mysticmod:Probe"],"picked":"mysticmod:LightningBolt","floor":4},{"not_picked":["mysticmod:Disengage","mysticmod:PowerSlash"],"picked":"mysticmod:VorpalThrust","floor":5},{"not_picked":["mysticmod:CorrosiveTouch","mysticmod:LightningBolt"],"picked":"mysticmod:EarthenWall","floor":7},{"not_picked":["mysticmod:KeenEdge","mysticmod:CorrosiveTouch"],"picked":"mysticmod:PreparedCaster","floor":10},{"not_picked":["mysticmod:MightyMagic","mysticmod:Fly"],"picked":"mysticmod:Alacrity","floor":13},{"not_picked":["mysticmod:Fly","mysticmod:Flurry"],"picked":"mysticmod:Disintegrate","floor":14}],"player_experience":103739,"relics_obtained":[{"floor":7,"key":"Odd Mushroom"},{"floor":10,"key":"Blood Vial"}],"event_choices":[{"damage_healed":0,"gold_gain":0,"player_choice":"Paid Gold","damage_taken":0,"relics_obtained":["Ornamental Fan"],"max_hp_gain":0,"max_hp_loss":0,"event_name":"WeMeetAgain","floor":2,"gold_loss":74},{"damage_healed":0,"gold_gain":0,"player_choice":"Fought Mushrooms","damage_taken":0,"max_hp_gain":0,"max_hp_loss":0,"event_name":"Mushrooms","floor":7,"gold_loss":0},{"damage_healed":0,"gold_gain":0,"player_choice":"Success","damage_taken":7,"relics_obtained":["Mercury Hourglass"],"max_hp_gain":0,"max_hp_loss":0,"event_name":"Scrap Ooze","floor":12,"gold_loss":0}],"is_beta":false,"boss_relics":[],"items_purged_floors":[],"is_endless":false,"potions_floor_spawned":[5,10,14],"killed_by":"Hexaghost","ascension_level":0}}