{"host":"vyiqbz5w606ur92t","time":1612293468,"event":{"mods":["BaseMod","Downfall","Minty Spire (QoL Compilation)","StSLib"],"gold_per_floor":[99,116,126,126,36,63,63,78,78,90,5,5,5,23,36,136,136,136,150,113,128,145,164,164,190,208,308,318,318,118,148,167,270,270,170,188,205,218,218,218,218,235,6,35,53,53,53,69,87,87,87,113,50,50,50,50],"floor_reached":57,"language":"ENG","playtime":15489,"items_purged":["Shame","Regret","bronze:Replicate"],"score":1506,"play_id":"b91a04d7-bca4-4703-bb80-cc199a349fa5","local_time":"20210202191748","is_ascension_mode":true,"campfire_choices":[{"data":"bronze:Library","floor":1,"key":"SMITH"},{"floor":9,"key":"REST"},{"floor":12,"key":"REST"},{"data":"bronze:Turbo","floor":18,"key":"SMITH"},{"floor":30,"key":"RECALL"},{"data":"bronze:Mutator","floor":35,"key":"SMITH"},{"data":"bronze:ItsAFeature","floor":40,"key":"SMITH"},{"floor":47,"key":"REST"},{"data":"bronze:Goto","floor":54,"key":"SMITH"}],"circlet_count":0,"master_deck":["bronze:Defend","bronze:Defend","bronze:Defend","bronze:Goto+1","bronze:Library+1","bronze:Turbo+1","bronze:BugBarrage","bronze:GetLatest","bronze:Shield","bronze:Allocate+1","bronze:Shield+1","bronze:WildBeam","bronze:Refactor+1","bronze:BronzeOrb","bronze:Boost+1","bronze:BugBarrage","bronze:MaxOutput","bronze:GetLatest+1","bronze:FindAndReplace+1","bronze:FineTuning+1","bronze:DarkDash","bronze:Deprecate+1","bronze:Library","bronze:BronzeOrb+1","bronze:ForceShield+1","bronze:ItsAFeature+1","J.A.X.+1","bronze:AlphaBuild","bronze:Flail","bronze:ShipIt","bronze:BronzeArmor+1","bronze:Mutator+1","bronze:Shell+1","bronze:Return+1","bronze:Iterate+1","bronze:ForceShield+1","bronze:ItsAFeature+1"],"relics":["bronze:BronzeCore","PreservedInsect","Toxic Egg 2","Philosopher\u0027s Stone","Gremlin Horn","Slimebound:StickyStick","MutagenicStrength","downfall:HeartBlessingGreen","downfall:HeartBlessingBlue","Centennial Puzzle","Busted Crown","downfall:HeartBlessingRed","Mummified Hand","Membership Card","MealTicket","bronze:CableSpool","Bag of Preparation"],"acts_visited":["Exordium","TheCity","TheBeyond","TheEnding"],"potions_floor_usage":[6,10,16,21,27,31,31,38,42,44,56,56],"damage_taken":[{"damage":7,"enemies":"Jaw Worm","floor":2,"turns":3},{"damage":7,"enemies":"Cultist","floor":3,"turns":4},{"damage":3,"enemies":"downfall:FleeingMerchant","floor":5,"turns":4},{"damage":43,"enemies":"Gremlin Nob","floor":6,"turns":6},{"damage":7,"enemies":"Small Slimes","floor":8,"turns":4},{"damage":10,"enemies":"Gremlin Gang","floor":10,"turns":3},{"damage":0,"enemies":"downfall:FleeingMerchant","floor":11,"turns":4},{"damage":4,"enemies":"Exordium Wildlife","floor":14,"turns":3},{"damage":21,"enemies":"Exordium Thugs","floor":15,"turns":4},{"damage":7,"enemies":"WA_ARCHETYPE_RETAIN","floor":16,"turns":6},{"damage":6,"enemies":"Spheric Guardian","floor":19,"turns":5},{"damage":4,"enemies":"downfall:FleeingMerchant","floor":20,"turns":4},{"damage":0,"enemies":"Shell Parasite","floor":21,"turns":4},{"damage":0,"enemies":"Chosen and Byrds","floor":22,"turns":5},{"damage":0,"enemies":"Centurion and Healer","floor":23,"turns":5},{"damage":0,"enemies":"Gremlin Leader","floor":25,"turns":4},{"damage":0,"enemies":"Cultist and Chosen","floor":26,"turns":4},{"damage":1,"enemies":"downfall:Augmenter","floor":27,"turns":6},{"damage":0,"enemies":"Chosen and Byrds","floor":28,"turns":4},{"damage":5,"enemies":"Slavers","floor":31,"turns":3},{"damage":0,"enemies":"Centurion and Healer","floor":32,"turns":5},{"damage":27,"enemies":"IC_MUSHROOM_ARCHETYPE","floor":33,"turns":6},{"damage":0,"enemies":"Orb Walker","floor":36,"turns":2},{"damage":39,"enemies":"3 Darklings","floor":37,"turns":5},{"damage":9,"enemies":"Writhing Mass","floor":38,"turns":4},{"damage":12,"enemies":"Sphere and 2 Shapes","floor":42,"turns":3},{"damage":7,"enemies":"Giant Head","floor":44,"turns":5},{"damage":0,"enemies":"Maw","floor":45,"turns":5},{"damage":0,"enemies":"Spire Growth","floor":48,"turns":3},{"damage":0,"enemies":"3 Darklings","floor":49,"turns":3},{"damage":44,"enemies":"DF_ARCHETYPE_ORBS","floor":50,"turns":9},{"damage":3,"enemies":"downfall:CharBossMerchant","floor":52,"turns":5},{"damage":0,"enemies":"downfall:NeowBoss","floor":55,"turns":7},{"damage":39,"enemies":"downfall:NeowBossFinal","floor":56,"turns":7}],"seed_played":"2946069029740306650","potions_obtained":[{"floor":4,"key":"downfall:CursedFountainPotion"},{"floor":8,"key":"Slimebound:ThreeZeroPotion"},{"floor":10,"key":"Explosive Potion"},{"floor":15,"key":"sneckomod:MuddlingPotion"},{"floor":16,"key":"SpeedPotion"},{"floor":21,"key":"Weak Potion"},{"floor":25,"key":"Block Potion"},{"floor":27,"key":"FearPotion"},{"floor":33,"key":"CultistPotion"},{"floor":38,"key":"champ:CounterPotion"},{"floor":42,"key":"ColorlessPotion"},{"floor":44,"key":"champ:CounterPotion"},{"floor":49,"key":"bronze:FreeFunctionsPotion"},{"floor":52,"key":"Swift Potion"}],"is_trial":false,"path_per_floor":["R","M","M","?","$","E","T","M","R","M","$","R","?","M","M","B",null,"R","M","$","M","M","M","T","E","M","?","M","?","R","E","M","B",null,"R","M","M","M","?","R","T","M","$","E","M","$","R","M","M","B",null,"E","$","R","B","B",null],"character_chosen":"THE_AUTOMATON","items_purchased":["bronze:Refactor+1","Gremlin Horn","bronze:Deprecate+1","Membership Card","MealTicket"],"campfire_rested":3,"item_purchase_floors":[11,20,20,43,43],"current_hp_per_floor":[70,63,56,56,53,10,10,3,24,14,14,35,35,31,10,3,70,70,64,60,60,60,60,60,60,60,59,59,59,69,64,64,37,80,80,80,41,32,32,32,32,20,20,13,13,28,52,52,52,8,80,77,80,80,80,41],"gold":50,"neow_bonus":"THREE_RARE_CARDS","is_daily":false,"chose_seed":false,"campfire_upgraded":5,"win_rate":0.0,"timestamp":1612293468,"path_taken":["R","M","M","?","$","E","T","M","R","M","?","R","?","M","M","BOSS","R","M","$","M","?","M","T","E","M","?","M","?","R","E","M","BOSS","R","M","M","M","?","R","T","M","$","E","M","$","R","M","M","BOSS","E","$","R","BOSS","BOSS"],"items_purchased_type":["Card","Relic","Card","Relic","Relic"],"build_version":"2020-12-22","purchased_purges":3,"victory":true,"max_hp_per_floor":[70,70,70,70,70,70,70,70,70,70,70,70,70,70,70,70,70,70,70,70,70,70,70,70,70,70,70,70,70,80,80,80,80,80,80,80,80,80,80,80,80,80,80,80,80,80,80,80,80,80,80,80,80,80,80,80],"card_choices":[{"not_picked":["bronze:Verify","bronze:Format"],"picked":"bronze:Library","floor":0},{"not_picked":["bronze:Separator","bronze:Safeguard"],"picked":"bronze:Turbo","floor":2},{"not_picked":["bronze:BuggyMess","bronze:Shield"],"picked":"bronze:BugBarrage","floor":3},{"not_picked":["bronze:Iterate","bronze:DarkDash"],"picked":"bronze:GetLatest","floor":5},{"not_picked":["bronze:Verify","bronze:Repulsor"],"picked":"bronze:Shield","floor":6},{"not_picked":["bronze:ChildClass+1","bronze:Frontload+1"],"picked":"bronze:Allocate+1","floor":8},{"not_picked":["bronze:CutThrough","bronze:Iterate"],"picked":"bronze:Shield+1","floor":10},{"not_picked":["bronze:CutThrough","bronze:Invalidate+1"],"picked":"bronze:WildBeam","floor":11},{"not_picked":["bronze:CutThrough","bronze:WhirlingStrike"],"picked":"bronze:MaxOutput","floor":14},{"not_picked":["bronze:BugBarrage","bronze:DigitalCarnage"],"picked":"bronze:GetLatest+1","floor":15},{"not_picked":["bronze:Library","bronze:InfiniteLoop"],"picked":"bronze:FindAndReplace+1","floor":16},{"not_picked":["bronze:BronzeArmor+1","bronze:Deprecate+1"],"picked":"bronze:FineTuning+1","floor":19},{"not_picked":["bronze:WhirlingStrike","bronze:Iterate+1"],"picked":"bronze:DarkDash","floor":20},{"not_picked":["bronze:WildBeam","bronze:Turbo+1"],"picked":"bronze:Library","floor":21},{"not_picked":["bronze:Deprecate+1","bronze:CutThrough"],"picked":"bronze:BronzeOrb+1","floor":22},{"not_picked":["bronze:Terminator+1","bronze:Backtrace","bronze:Separator"],"picked":"SKIP","floor":23},{"not_picked":["bronze:DelayedGuard+1","bronze:DelayedSlice","bronze:Overheat"],"picked":"SKIP","floor":25},{"not_picked":["bronze:BitShift+1","bronze:OilSpill"],"picked":"bronze:ForceShield+1","floor":26},{"not_picked":["bronze:Backtrace+1","bronze:Invalidate+1"],"picked":"bronze:ItsAFeature","floor":27},{"not_picked":[],"picked":"J.A.X.","floor":27},{"not_picked":["bronze:Invalidate+1","bronze:DelayedGuard+1","bronze:BitShift+1"],"picked":"SKIP","floor":28},{"not_picked":["bronze:ThunderWave","bronze:DelayedSlice"],"picked":"bronze:ShipIt","floor":31},{"not_picked":["bronze:Separator","bronze:ForLoop+1"],"picked":"bronze:BronzeArmor+1","floor":32},{"not_picked":["bronze:InfiniteLoop","bronze:TinkerersToolbox+1"],"picked":"bronze:Mutator","floor":33},{"not_picked":["bronze:CutThrough"],"picked":"SKIP","floor":36},{"not_picked":["bronze:InfiniteBeams"],"picked":"SKIP","floor":37},{"not_picked":["bronze:OilSpill"],"picked":"SKIP","floor":38},{"not_picked":[],"picked":"bronze:Return+1","floor":42},{"not_picked":["bronze:CloningBeam+1"],"picked":"SKIP","floor":44},{"not_picked":["bronze:Iterate"],"picked":"SKIP","floor":45},{"not_picked":[],"picked":"bronze:Iterate+1","floor":48},{"not_picked":[],"picked":"bronze:ForceShield+1","floor":49},{"not_picked":[],"picked":"bronze:ItsAFeature+1","floor":52}],"player_experience":1383148,"relics_obtained":[{"floor":6,"key":"PreservedInsect"},{"floor":7,"key":"Toxic Egg 2"},{"floor":25,"key":"Slimebound:StickyStick"},{"floor":27,"key":"MutagenicStrength"},{"floor":31,"key":"Centennial Puzzle"},{"floor":41,"key":"Mummified Hand"},{"floor":44,"key":"bronze:CableSpool"},{"floor":52,"key":"Bag of Preparation"}],"event_choices":[{"damage_healed":0,"gold_gain":0,"player_choice":"Read","damage_taken":0,"max_hp_gain":0,"max_hp_loss":0,"event_name":"The Library","floor":29,"gold_loss":0,"cards_obtained":["bronze:Flail"]}],"is_beta":false,"boss_relics":[{"not_picked":["Velvet Choker","Runic Dome"],"picked":"Philosopher\u0027s Stone"},{"not_picked":["bronze:MakeshiftBattery","Runic Pyramid"],"picked":"Busted Crown"}],"items_purged_floors":[5,20,53],"is_endless":false,"potions_floor_spawned":[8,10,15,16,21,25,27,28,33,38,42,44,49,52],"ascension_level":4}}