{"host":"4jj9j1v1tx707ann","time":1612278553,"event":{"mods":["AchievementEnabler","BaseMod","Colored Map","Keyboard Shortcuts","Minty Spire (QoL Compilation)","Permanent Neow","Quick Restart","Rare Cards Sparkle","StSLib","SuperFastMode","everything is the same but u backflip on backflip"],"gold_per_floor":[20,37,54,67,67,98,98,16,16,34,34,64,82,107,107,202,202,220,231,245,245,262,287,287,306,306,323,334,364,384,364,364,468,468,482,499,510,257,257,257,288,288,288,288,140,152,171,171,171,171],"floor_reached":51,"language":"KOR","playtime":1520,"items_purged":["Strike_R","Strike_R"],"score":916,"play_id":"3ebefaba-faa7-4e2e-9417-3485b730a6a2","local_time":"20210203000913","is_ascension_mode":true,"campfire_choices":[{"floor":7.0,"key":"REST"},{"data":"Inflame","floor":11.0,"key":"SMITH"},{"data":"Rampage","floor":15.0,"key":"SMITH"},{"data":"Flash of Steel","floor":24.0,"key":"SMITH"},{"data":"Offering","floor":32.0,"key":"SMITH"},{"data":"Flash of Steel","floor":40,"key":"SMITH"},{"data":"Escape Plan","floor":42,"key":"SMITH"},{"floor":44,"key":"RECALL"},{"data":"Burning Pact","floor":49,"key":"SMITH"}],"circlet_count":0,"master_deck":["Strike_R","Strike_R+1","Defend_R+1","Defend_R","Defend_R","Bash+1","Twin Strike","Rampage+1","Armaments+1","Pommel Strike+1","Flash of Steel+1","Inflame+1","Offering+1","Shrug It Off","Fiend Fire","Dark Embrace+1","Impervious","Burning Pact+1","Inflame+1","Flash of Steel+1","Escape Plan+1","Panacea","JustLucky+1"],"relics":["Burning Blood","Smiling Mask","Meat on the Bone","Charon\u0027s Ashes","Anchor","Black Star","Pen Nib","Bronze Scales","Bottled Lightning","Whetstone","Omamori","Philosopher\u0027s Stone","PrismaticShard","Boot","War Paint","Happy Flower"],"acts_visited":["Exordium","TheCity","TheBeyond"],"potions_floor_usage":[41,50,50],"damage_taken":[{"damage":8.0,"enemies":"2 Louse","floor":1.0,"turns":2.0},{"damage":1.0,"enemies":"Cultist","floor":2.0,"turns":3.0},{"damage":12.0,"enemies":"Jaw Worm","floor":3.0,"turns":2.0},{"damage":40.0,"enemies":"Exordium Wildlife","floor":4.0,"turns":7.0},{"damage":30.0,"enemies":"3 Sentries","floor":6.0,"turns":8.0},{"damage":12.0,"enemies":"Red Slaver","floor":10.0,"turns":4.0},{"damage":15.0,"enemies":"Lagavulin","floor":12.0,"turns":7.0},{"damage":6.0,"enemies":"Lots of Slimes","floor":13.0,"turns":2.0},{"damage":32.0,"enemies":"Gremlin Nob","floor":14.0,"turns":4.0},{"damage":16.0,"enemies":"Slime Boss","floor":16.0,"turns":8.0},{"damage":10.0,"enemies":"2 Thieves","floor":18.0,"turns":4.0},{"damage":8.0,"enemies":"Chosen","floor":19.0,"turns":3.0},{"damage":24.0,"enemies":"Shelled Parasite and Fungi","floor":20.0,"turns":3.0},{"damage":11.0,"enemies":"Snecko","floor":22.0,"turns":3.0},{"damage":13.0,"enemies":"Slavers","floor":23.0,"turns":3.0},{"damage":19.0,"enemies":"Snake Plant","floor":25.0,"turns":4.0},{"damage":12.0,"enemies":"3 Cultists","floor":27.0,"turns":3.0},{"damage":19.0,"enemies":"Snecko","floor":28.0,"turns":3.0},{"damage":37.0,"enemies":"Book of Stabbing","floor":29.0,"turns":4.0},{"damage":6.0,"enemies":"Centurion and Healer","floor":30.0,"turns":2.0},{"damage":41.0,"enemies":"Automaton","floor":33.0,"turns":6.0},{"damage":48,"enemies":"3 Darklings","floor":35,"turns":4},{"damage":6,"enemies":"3 Shapes","floor":36,"turns":3},{"damage":37,"enemies":"Maw","floor":37,"turns":5},{"damage":50,"enemies":"Nemesis","floor":41,"turns":4},{"damage":6,"enemies":"Spire Growth","floor":46,"turns":3},{"damage":16,"enemies":"Writhing Mass","floor":47,"turns":3},{"damage":35,"enemies":"Donu and Deca","floor":50,"turns":6}],"seed_played":"-3816477377309360098","potions_obtained":[{"floor":2.0,"key":"FairyPotion"},{"floor":4.0,"key":"DuplicationPotion"},{"floor":10.0,"key":"FairyPotion"},{"floor":16.0,"key":"AttackPotion"},{"floor":20.0,"key":"AttackPotion"},{"floor":25.0,"key":"PowerPotion"},{"floor":31.0,"key":"Fire Potion"},{"floor":41,"key":"Block Potion"},{"floor":46,"key":"EssenceOfSteel"}],"is_trial":false,"path_per_floor":["M","M","M","M","?","E","R","$","T","M","R","E","M","E","R","B",null,"M","M","M","?","M","E","R","M","T","M","M","E","M","?","R","B",null,"M","M","M","$","?","R","E","R","T","R","$","M","M","?","R","B",null],"character_chosen":"IRONCLAD","items_purchased":["Flash of Steel","PrismaticShard","SkillPotion","Panacea"],"campfire_rested":1,"item_purchase_floors":[8,38,38,45],"current_hp_per_floor":[78,80,74,40,32,8,32,32,32,38,38,41,53,39,39,41,70,66,64,58,58,53,58,58,57,57,51,50,31,43,43,43,20,65,35,47,28,28,28,28,42,42,42,42,42,54,56,56,56,39],"gold":171,"neow_bonus":"REMOVE_TWO","is_daily":false,"chose_seed":false,"campfire_upgraded":7,"win_rate":0.0,"timestamp":1612278553,"path_taken":["M","M","M","M","?","E","R","?","T","M","R","E","M","E","R","BOSS","M","M","M","?","M","E","R","M","T","M","M","E","M","?","R","BOSS","M","M","M","$","?","R","E","R","T","R","$","?","M","?","R","BOSS"],"items_purchased_type":["Card","Relic","Potion","Card"],"build_version":"2020-12-22","purchased_purges":2,"victory":true,"max_hp_per_floor":[80,80,80,80,80,80,80,80,80,80,80,80,80,80,80,80,80,80,80,80,80,80,80,80,80,80,80,80,80,80,80,80,80,80,80,80,80,80,80,80,80,80,80,80,80,80,80,80,80,80],"card_choices":[{"not_picked":["Armaments","Flex"],"picked":"Twin Strike","floor":1.0},{"not_picked":["Second Wind","Iron Wave","Headbutt"],"picked":"SKIP","floor":2.0},{"not_picked":["Clash","Rage"],"picked":"Rampage","floor":3.0},{"not_picked":["Havoc","True Grit"],"picked":"Armaments","floor":4.0},{"not_picked":["Flex","Rupture"],"picked":"Pommel Strike","floor":6.0},{"not_picked":["Havoc","Twin Strike"],"picked":"Inflame","floor":10.0},{"not_picked":["Power Through","Sword Boomerang"],"picked":"Offering","floor":12.0},{"not_picked":["Body Slam","Dropkick"],"picked":"Shrug It Off","floor":13.0},{"not_picked":["Carnage","Anger","Armaments"],"picked":"SKIP","floor":14.0},{"not_picked":["Double Tap","Barricade"],"picked":"Fiend Fire","floor":16.0},{"not_picked":["Twin Strike+1","Thunderclap","Dropkick"],"picked":"SKIP","floor":18.0},{"not_picked":["Havoc","Clash","Anger+1"],"picked":"SKIP","floor":19.0},{"not_picked":["Flex","Sentinel+1","Dropkick"],"picked":"SKIP","floor":20.0},{"not_picked":["Headbutt+1","Fire Breathing+1","Rupture"],"picked":"SKIP","floor":22.0},{"not_picked":["Body Slam","Dual Wield","Wild Strike+1"],"picked":"SKIP","floor":23.0},{"not_picked":["Rupture+1","Pommel Strike","Armaments"],"picked":"SKIP","floor":25.0},{"not_picked":["Reckless Charge","Clothesline","Flex"],"picked":"SKIP","floor":27.0},{"not_picked":["Blood for Blood+1","Sever Soul","Limit Break"],"picked":"SKIP","floor":28.0},{"not_picked":["Clash","Heavy Blade"],"picked":"Dark Embrace+1","floor":29.0},{"not_picked":["Wild Strike","Perfected Strike","Pommel Strike"],"picked":"SKIP","floor":30.0},{"not_picked":["Brutality","Fiend Fire"],"picked":"Impervious","floor":33.0},{"not_picked":["Warcry","Heavy Blade+1"],"picked":"Burning Pact","floor":35},{"not_picked":["Pommel Strike+1","Clash+1"],"picked":"Inflame+1","floor":36},{"not_picked":["Rampage","Shrug It Off","Perfected Strike"],"picked":"SKIP","floor":37},{"not_picked":["Dagger Spray+1","Headbutt"],"picked":"Escape Plan","floor":41},{"not_picked":["White Noise","Indignation"],"picked":"JustLucky+1","floor":46},{"not_picked":["Havoc","Body Slam","Cloak And Dagger+1"],"picked":"SKIP","floor":47}],"player_experience":177942,"relics_obtained":[{"floor":6.0,"key":"Smiling Mask"},{"floor":9.0,"key":"Meat on the Bone"},{"floor":12.0,"key":"Charon\u0027s Ashes"},{"floor":14.0,"key":"Anchor"},{"floor":23.0,"key":"Pen Nib"},{"floor":23.0,"key":"Bronze Scales"},{"floor":26.0,"key":"Bottled Lightning"},{"floor":29.0,"key":"Whetstone"},{"floor":29.0,"key":"Omamori"},{"floor":41,"key":"Boot"},{"floor":41,"key":"War Paint"},{"floor":43,"key":"Happy Flower"}],"event_choices":[{"damage_healed":0.0,"max_hp_gain":0.0,"max_hp_loss":0.0,"gold_gain":0.0,"event_name":"Wheel of Change","player_choice":"Damaged","floor":5.0,"gold_loss":0.0,"damage_taken":8.0},{"damage_healed":0.0,"max_hp_gain":0.0,"max_hp_loss":0.0,"gold_gain":0.0,"event_name":"Ghosts","player_choice":"Ignored","floor":21.0,"gold_loss":0.0,"damage_taken":0.0},{"damage_healed":0.0,"max_hp_gain":0.0,"max_hp_loss":0.0,"gold_gain":0.0,"event_name":"The Woman in Blue","player_choice":"Bought 1 Potion","floor":31.0,"gold_loss":0.0,"damage_taken":0.0},{"damage_healed":0,"gold_gain":0,"player_choice":"1 cards matched","damage_taken":0,"max_hp_gain":0,"max_hp_loss":0,"event_name":"Match and Keep!","floor":39,"gold_loss":0,"cards_obtained":["Flash of Steel"]},{"damage_healed":0,"gold_gain":0,"player_choice":"Upgraded","damage_taken":0,"max_hp_gain":0,"max_hp_loss":0,"event_name":"Upgrade Shrine","floor":48,"gold_loss":0,"cards_upgraded":["Bash"]}],"is_beta":false,"boss_relics":[{"not_picked":["Fusion Hammer","Cursed Key"],"picked":"Black Star"},{"not_picked":["Pandora\u0027s Box","Velvet Choker"],"picked":"Philosopher\u0027s Stone"}],"items_purged_floors":[38,45],"is_endless":false,"potions_floor_spawned":[2,4,10,16,18,20,25,27,28,41,46],"ascension_level":5}}