{"host":"Oniwa","time":1612261078,"event":{"mods":["BaseMod","Colored Map","Colored Powertips","Minty Spire (QoL Compilation)","Relic Stats","Slay the Relics Exporter","SpireBot","StSLib","ojb\u0027s Better Paths Mod","ojb\u0027s Info Mod"],"gold_per_floor":[360,376,53,18,37,72,72,88,114,114,114,133,167,179,179,251,251,263,280,47,63,83,118,118,143,143,143,177,177,227,247,247,324,324,344,344,344,354,367,367,384,354,380,394,39,39,39],"floor_reached":46,"language":"JPN","playtime":2727,"items_purged":["Strike_B","Strike_B"],"score":1009,"play_id":"c4b48442-ac20-4378-96ac-21e157ff935f","local_time":"20210202191758","is_ascension_mode":true,"campfire_choices":[{"data":"Consume","floor":7,"key":"SMITH"},{"data":"Static Discharge","floor":15,"key":"SMITH"},{"data":"Capacitor","floor":24,"key":"SMITH"},{"data":"Buffer","floor":29,"key":"SMITH"},{"floor":32,"key":"REST"},{"data":"Fission","floor":40,"key":"SMITH"}],"circlet_count":0,"master_deck":["AscendersBane","Strike_B","Strike_B","Defend_B","Defend_B","Defend_B","Defend_B","Zap","Dualcast","Streamline","Rebound","Electrodynamics","Ball Lightning","Steam","Lockon","Consume+1","Static Discharge+1","Buffer+1","Ball Lightning","Self Repair","Echo Form","Echo Form","Go for the Eyes+1","Cold Snap","Capacitor+1","FTL","Coolheaded","Loop","Turbo","Aggregate","Fission+1","Stack","Thinking Ahead","Leap","Compile Driver","Clumsy","Hologram+1","Apotheosis"],"relics":["Cracked Core","Toy Ornithopter","Bag of Preparation","Akabeko","Cursed Key","Torii","Turnip","Mercury Hourglass","SlaversCollar","Frozen Eye"],"acts_visited":["Exordium","TheCity","TheBeyond"],"potions_floor_usage":[6,13,14,16,16,16,19,21,23,25,33,39,44],"damage_taken":[{"damage":2,"enemies":"Jaw Worm","floor":1,"turns":3},{"damage":1,"enemies":"2 Louse","floor":2,"turns":2},{"damage":0,"enemies":"Small Slimes","floor":5,"turns":3},{"damage":9,"enemies":"3 Sentries","floor":6,"turns":3},{"damage":15,"enemies":"3 Louse","floor":8,"turns":4},{"damage":3,"enemies":"2 Fungi Beasts","floor":12,"turns":2},{"damage":4,"enemies":"Lagavulin","floor":13,"turns":5},{"damage":11,"enemies":"Gremlin Gang","floor":14,"turns":3},{"damage":19,"enemies":"Hexaghost","floor":16,"turns":8},{"damage":23,"enemies":"2 Thieves","floor":18,"turns":3},{"damage":21,"enemies":"3 Byrds","floor":19,"turns":6},{"damage":9,"enemies":"Sentry and Sphere","floor":21,"turns":3},{"damage":5,"enemies":"3 Cultists","floor":22,"turns":4},{"damage":19,"enemies":"Book of Stabbing","floor":23,"turns":4},{"damage":15,"enemies":"Slavers","floor":25,"turns":3},{"damage":21,"enemies":"Gremlin Leader","floor":28,"turns":6},{"damage":17,"enemies":"Snake Plant","floor":31,"turns":4},{"damage":17,"enemies":"Automaton","floor":33,"turns":9},{"damage":40,"enemies":"3 Darklings","floor":35,"turns":4},{"damage":23,"enemies":"Orb Walker","floor":38,"turns":4},{"damage":20,"enemies":"Maw","floor":39,"turns":8},{"damage":0,"enemies":"Sphere and 2 Shapes","floor":41,"turns":4},{"damage":34,"enemies":"Writhing Mass","floor":44,"turns":7},{"damage":45,"enemies":"Nemesis","floor":46,"turns":4}],"seed_played":"-5268955088828150528","potions_obtained":[{"floor":1,"key":"Explosive Potion"},{"floor":12,"key":"SkillPotion"},{"floor":13,"key":"EntropicBrew"},{"floor":14,"key":"GamblersBrew"},{"floor":18,"key":"SkillPotion"},{"floor":21,"key":"DistilledChaos"},{"floor":25,"key":"FocusPotion"},{"floor":28,"key":"DuplicationPotion"},{"floor":35,"key":"Fire Potion"},{"floor":38,"key":"SkillPotion"},{"floor":41,"key":"EssenceOfSteel"},{"floor":42,"key":"PowerPotion"}],"is_trial":false,"path_per_floor":["M","M","$","?","M","E","R","M","T","?","?","M","E","M","R","B",null,"M","M","$","M","M","E","R","E","T","?","E","R","?","M","R","B",null,"M","?","?","M","M","R","M","?","T","M","$","E"],"character_chosen":"DEFECT","items_purchased":["Electrodynamics","Ball Lightning","Fire Potion","Steam","Capacitor","Energy Potion","Apotheosis","Frozen Eye"],"campfire_rested":1,"item_purchase_floors":[3,3,3,3,20,20,45,45],"current_hp_per_floor":[44,43,43,60,60,51,51,36,36,25,25,22,23,24,24,27,60,44,42,42,45,54,47,47,37,37,37,30,30,30,20,41,43,64,38,38,38,29,28,28,35,35,35,20,20,0,0],"gold":39,"neow_bonus":"TWO_FIFTY_GOLD","is_daily":false,"chose_seed":false,"campfire_upgraded":5,"win_rate":0.0,"timestamp":1612261078,"path_taken":["M","M","$","?","M","E","R","M","T","?","?","M","E","M","R","BOSS","M","?","$","M","M","E","R","E","T","?","E","R","?","?","R","BOSS","M","?","?","?","M","R","M","?","T","M","$","E"],"items_purchased_type":["Card","Card","Potion","Card","Card","Potion","Card","Relic"],"build_version":"2020-12-18","purchased_purges":2,"victory":false,"max_hp_per_floor":[71,71,71,71,71,71,71,71,71,71,71,71,71,71,71,71,71,71,71,71,71,71,71,71,71,71,71,71,71,71,71,71,71,71,71,67,67,67,67,67,67,67,67,67,67,67,67],"relic_stats":{"Torii":25,"counters":[24,106],"Turnip":[12],"Bag of Preparation":[38],"Cursed Key":1,"obtain_stats":[{"SlaversCollar":34,"Frozen Eye":45,"Torii":23,"Turnip":25,"Bag of Preparation":9,"Cracked Core":0,"Cursed Key":17,"Toy Ornithopter":6,"Akabeko":13,"Mercury Hourglass":28},{"SlaversCollar":18,"Frozen Eye":23,"Torii":14,"Turnip":15,"Bag of Preparation":5,"Cracked Core":0,"Cursed Key":9,"Toy Ornithopter":4,"Akabeko":7,"Mercury Hourglass":16},{"SlaversCollar":75,"Frozen Eye":102,"Torii":53,"Turnip":56,"Bag of Preparation":15,"Cracked Core":0,"Cursed Key":33,"Toy Ornithopter":11,"Akabeko":22,"Mercury Hourglass":62}],"Toy Ornithopter":60,"Mercury Hourglass":[128]},"card_choices":[{"not_picked":["Coolheaded","Heatsinks"],"picked":"Streamline","floor":1},{"not_picked":["Steam","Gash"],"picked":"Rebound","floor":2},{"not_picked":["Compile Driver","Redo"],"picked":"Lockon","floor":5},{"not_picked":["Blizzard","Heatsinks"],"picked":"Consume","floor":6},{"not_picked":["Coolheaded","Aggregate"],"picked":"Static Discharge","floor":8},{"not_picked":["Rebound","Steam"],"picked":"Ball Lightning","floor":12},{"not_picked":["Barrage","Rebound"],"picked":"Self Repair","floor":13},{"not_picked":["Skim","Double Energy"],"picked":"Echo Form","floor":14},{"not_picked":["Reboot","Thunder Strike"],"picked":"Echo Form","floor":16},{"not_picked":["Redo","Consume"],"picked":"Go for the Eyes+1","floor":18},{"not_picked":["Darkness","Beam Cell"],"picked":"Cold Snap","floor":19},{"not_picked":["Tempest","White Noise"],"picked":"FTL","floor":21},{"not_picked":["Doom and Gloom","Melter"],"picked":"Coolheaded","floor":22},{"not_picked":["Compile Driver","Scrape+1"],"picked":"Loop","floor":23},{"not_picked":["Sweeping Beam","Steam","Streamline"],"picked":"SKIP","floor":25},{"not_picked":["Consume","Sunder"],"picked":"Turbo","floor":28},{"not_picked":["Seek","Redo"],"picked":"Aggregate","floor":31},{"not_picked":["Thunder Strike","Buffer"],"picked":"Fission","floor":33},{"not_picked":["Loop","Streamline"],"picked":"Stack","floor":35},{"not_picked":["Magnetism","Transmutation"],"picked":"Thinking Ahead","floor":37},{"not_picked":["Beam Cell","Ball Lightning"],"picked":"Leap","floor":38},{"not_picked":["Lockon","Stack"],"picked":"Compile Driver","floor":39},{"not_picked":["FTL","Conserve Battery","Sweeping Beam"],"picked":"SKIP","floor":41},{"not_picked":["Recycle","Blizzard"],"picked":"Hologram+1","floor":44}],"player_experience":2638168,"relics_obtained":[{"floor":6,"key":"Toy Ornithopter"},{"floor":9,"key":"Bag of Preparation"},{"floor":13,"key":"Akabeko"},{"floor":23,"key":"Torii"},{"floor":25,"key":"Turnip"},{"floor":28,"key":"Mercury Hourglass"}],"event_choices":[{"damage_healed":17,"gold_gain":0,"player_choice":"Healed","damage_taken":0,"max_hp_gain":0,"max_hp_loss":0,"event_name":"The Cleric","floor":4,"gold_loss":35},{"damage_healed":0,"gold_gain":0,"player_choice":"Fled","damage_taken":11,"max_hp_gain":0,"max_hp_loss":0,"event_name":"Scrap Ooze","floor":10,"gold_loss":0},{"damage_healed":0,"gold_gain":0,"player_choice":"1 cards matched","damage_taken":0,"max_hp_gain":0,"max_hp_loss":0,"event_name":"Match and Keep!","floor":11,"gold_loss":0,"cards_obtained":["Buffer"]},{"damage_healed":0,"gold_gain":0,"player_choice":"Ignored","damage_taken":0,"max_hp_gain":0,"max_hp_loss":0,"event_name":"Vampires","floor":27,"gold_loss":0},{"damage_healed":0,"gold_gain":50,"player_choice":"Pray","damage_taken":0,"max_hp_gain":0,"max_hp_loss":0,"event_name":"Golden Shrine","floor":30,"gold_loss":0},{"damage_healed":0,"gold_gain":0,"player_choice":"Max HP","damage_taken":0,"max_hp_gain":0,"max_hp_loss":4,"event_name":"Winding Halls","floor":36,"gold_loss":0},{"damage_healed":0,"gold_gain":0,"player_choice":"Memory 1","damage_taken":0,"max_hp_gain":0,"max_hp_loss":0,"event_name":"SensoryStone","floor":37,"gold_loss":0},{"damage_healed":0,"gold_gain":0,"player_choice":"Bought 2 Potions","damage_taken":0,"max_hp_gain":0,"max_hp_loss":0,"event_name":"The Woman in Blue","floor":42,"gold_loss":0}],"is_beta":true,"boss_relics":[{"not_picked":["FrozenCore","Calling Bell"],"picked":"Cursed Key"},{"not_picked":["Tiny House","SacredBark"],"picked":"SlaversCollar"}],"items_purged_floors":[3,20],"is_endless":false,"potions_floor_spawned":[1,5,12,13,14,18,21,25,28,31,35,38,41],"killed_by":"Nemesis","ascension_level":20}}