{"host":"svgvsu39coyat28a","time":1612244512,"event":{"mods":["ATMod(°¢èªMod)","Act Like it!","BaseMod","Dota2Spire","HexUI Lib","Minty Spire (QoL Compilation)","MostiFishMod","StSLib","TestMod","[IsaacMod]ÒÔÈö¼âËþ","noobMod","¡¾ÒÅÎï¿¨ÅÆ¡¿REMEMod"],"gold_per_floor":[118,43,57,57,68,101,101,127,127,127,162,162,190,205,205,282,282,294,219,236,236,252,282,297,297,297,297,317,217,228,255,255,326,326,343,85,1084,1084,1095,1095,1124,1124,1124,1424,1117,1149,1190,1209,1209,1239,1239,1239,1239,633,697,727],"floor_reached":57,"language":"ZHS","playtime":4361,"items_purged":["Strike_B","Defend_B","Strike_B","Strike_B","Defend_B","Defend_B"],"score":3206,"play_id":"751c103d-98a8-46e9-8450-9e0422e32f73","local_time":"20210202134152","is_ascension_mode":true,"campfire_choices":[{"data":"MostiFishMod:Nova","floor":7.0,"key":"SMITH"},{"data":"White Noise","floor":12.0,"key":"SMITH"},{"data":"Dualcast","floor":15.0,"key":"SMITH"},{"data":"Heatsinks","floor":25.0,"key":"SMITH"},{"data":"AT_ThunderBolt","floor":32.0,"key":"SMITH"},{"data":"Seek","floor":40.0,"key":"SMITH"},{"data":"Coolheaded","floor":42.0,"key":"SMITH"},{"floor":49,"key":"RECALL"},{"data":"Coolheaded","floor":53,"key":"SMITH"}],"circlet_count":0,"master_deck":["AscendersBane","Defend_B+1","Zap","Dualcast+1","MostiFishMod:Nova+1","AT_WaterDrop+1","White Noise+1","Ball Lightning","Coolheaded","AT_ThunderBolt+1","Seek+1","CurseOfTheBell","AT_EMC2","Heatsinks+1","Loop+1","Electrodynamics+1","MostiFishMod:StarOceanB","Glacier","White Noise","Coolheaded+1","MostiFishMod:Galeforce+1","Coolheaded+1","Storm+1","Capacitor+1","Loop+1"],"relics":["HushsDoor","testmod-TestBox","ice","DaveBox","AT_ATBox","REME_ComplimentaryCards","Sozu","xbg","testmod-Fanaticism","DeathBook","SynthV:TestCard","testmod-Hope","AT_BladeRuinedKing","Centennial Puzzle","Dota2Spire:MagicBottle","Happy Flower","Dota2Spire:MonkeyKingBar","testmod-RainbowHikingShoes","Boot","Anchor","Ornamental Fan","Frozen Egg 2","Dota2Spire:RefresherOrb","GuppysPaw","Shuriken","Molten Egg 2","TheAbacus","Dota2Spire:HandOfMidas","HowToJump","Mummified Hand","Dota2Spire:ShadowBlade"],"acts_visited":["Exordium","TheCity","TheBeyond","TheEnding"],"potions_floor_usage":[],"damage_taken":[{"damage":12.0,"enemies":"2 Louse","floor":1.0,"turns":3.0},{"damage":39.0,"enemies":"Jaw Worm","floor":3.0,"turns":4.0},{"damage":3.0,"enemies":"Small Slimes","floor":5.0,"turns":3.0},{"damage":7.0,"enemies":"Gremlin Nob","floor":6.0,"turns":4.0},{"damage":20.0,"enemies":"3 Sentries","floor":8.0,"turns":6.0},{"damage":31.0,"enemies":"Lagavulin","floor":11.0,"turns":4.0},{"damage":12.0,"enemies":"3 Sentries","floor":13.0,"turns":2.0},{"damage":3.0,"enemies":"Blue Slaver","floor":14.0,"turns":2.0},{"damage":10.0,"enemies":"Hexaghost","floor":16.0,"turns":5.0},{"damage":10.0,"enemies":"3 Byrds","floor":18.0,"turns":1.0},{"damage":38.0,"enemies":"2 Thieves","floor":20.0,"turns":2.0},{"damage":2.0,"enemies":"Snecko","floor":22.0,"turns":3.0},{"damage":7.0,"enemies":"REME_1_Revenger","floor":23.0,"turns":3.0},{"damage":0.0,"enemies":"Centurion and Healer","floor":24.0,"turns":3.0},{"damage":0.0,"enemies":"Sentry and Sphere","floor":28.0,"turns":2.0},{"damage":0.0,"enemies":"3 Cultists","floor":30.0,"turns":2.0},{"damage":22.0,"enemies":"Gremlin Leader","floor":31.0,"turns":2.0},{"damage":17.0,"enemies":"Collector","floor":33.0,"turns":3.0},{"damage":13.0,"enemies":"3 Darklings","floor":35.0,"turns":5.0},{"damage":0.0,"enemies":"Orb Walker","floor":39.0,"turns":1.0},{"damage":0.0,"enemies":"Reptomancer","floor":41.0,"turns":3.0},{"damage":0.0,"enemies":"Nemesis","floor":46.0,"turns":2.0},{"damage":0.0,"enemies":"Transient","floor":47.0,"turns":4.0},{"damage":0.0,"enemies":"Maw","floor":48.0,"turns":4.0},{"damage":0,"enemies":"Donu and Deca","floor":50,"turns":2},{"damage":0,"enemies":"Time Eater","floor":51,"turns":3},{"damage":0,"enemies":"Shield and Spear","floor":55,"turns":2},{"damage":14,"enemies":"The Heart","floor":56,"turns":5}],"seed_played":"7311032640437987789","potions_obtained":[],"is_trial":false,"path_per_floor":["M","?","M","$","M","E","R","E","T","?","E","R","E","M","R","B",null,"M","$","M","T","M","E","M","R","T","?","M","$","M","E","R","B",null,"M","$","?","?","M","R","E","R","T","?","$","E","M","M","R","B","B",null,"R","$","E","B",null],"character_chosen":"DEFECT","items_purchased":["GuppysPaw","MostiFishMod:StarOceanB","White Noise","Coolheaded","TheAbacus","HowToJump","Mummified Hand"],"campfire_rested":0,"item_purchase_floors":[34,34,36,36,45,54,54],"current_hp_per_floor":[55,55,25,25,22,71,71,71,71,50,29,29,38,35,35,71,71,61,61,71,71,69,63,63,63,63,63,63,63,66,71,71,65,52,52,52,52,52,52,52,52,52,52,52,52,52,52,52,52,52,52,52,52,52,52,1],"gold":727,"neow_bonus":"BOSS_RELIC","is_daily":false,"chose_seed":false,"campfire_upgraded":8,"win_rate":0.0,"timestamp":1612244512,"path_taken":["M","?","M","$","M","E","R","E","T","?","E","R","E","?","R","BOSS","M","$","M","?","M","E","M","R","T","?","?","?","M","E","R","BOSS","M","$","?","?","?","R","E","R","T","?","$","E","M","M","R","BOSS","BOSS","R","$","E","BOSS"],"items_purchased_type":["Relic","Card","Card","Card","Relic","Relic","Relic"],"build_version":"2020-12-22","purchased_purges":6,"victory":true,"max_hp_per_floor":[71,71,71,71,71,71,71,71,71,71,71,71,71,71,71,71,71,71,71,71,71,71,71,71,71,71,71,71,71,71,71,71,71,52,52,52,52,52,52,52,52,52,52,52,52,52,52,52,52,52,52,52,52,52,54,1],"card_choices":[{"not_picked":["Beam Cell","REME_SelfUpgrade"],"picked":"White Noise","floor":1.0},{"not_picked":["Bomb","Steam","Beam Cell","Thunder Strike"],"picked":"Ball Lightning","floor":3.0},{"not_picked":["Bomb","Streamline","Sweeping Beam","Stack","MostiFishMod:PushDownKick"],"picked":"SKIP","floor":5.0},{"not_picked":["Lockon","Stack","Go for the Eyes","Sunder","AT_HeatAcrobatics"],"picked":"SKIP","floor":6.0},{"not_picked":["Steam","Pulse","Gash","Stack","AT_HeatAcrobatics"],"picked":"SKIP","floor":8.0},{"not_picked":["Steam","Chaos","Cold Snap","AT_ThreeBodyProblem","Redo"],"picked":"SKIP","floor":11.0},{"not_picked":["Storm","Fission","Redo","Rebound"],"picked":"Coolheaded","floor":13.0},{"not_picked":["Force Field","Lockon","Redo","Hologram"],"picked":"AT_ThunderBolt","floor":14.0},{"not_picked":["Thunder Strike","Reboot","Fission","Hyperbeam"],"picked":"Seek","floor":16.0},{"not_picked":["Hologram","Rip and Tear","Sweeping Beam","Stack"],"picked":"AT_EMC2","floor":18.0},{"not_picked":["Steam","Go for the Eyes","Hologram+1","AT_ThunderBolt","Aggregate"],"picked":"SKIP","floor":20.0},{"not_picked":["Turbo","Rebound","MostiFishMod:Prepare","Hello World","Gash"],"picked":"SKIP","floor":22.0},{"not_picked":["Stack","MostiFishMod:IceShield","Self Repair","Turbo"],"picked":"Heatsinks","floor":23.0},{"not_picked":["Hologram","Leap","Thunder Strike","Redo","Sweeping Beam"],"picked":"SKIP","floor":24.0},{"not_picked":["Ball Lightning+1","Hologram","Gash","AT_HeatAcrobatics","Streamline"],"picked":"SKIP","floor":28.0},{"not_picked":["Static Discharge","Conserve Battery","Streamline","Force Field","Ball Lightning"],"picked":"SKIP","floor":30.0},{"not_picked":["Leap","Lockon","MostiFishMod:Exploitation","Steam"],"picked":"Loop+1","floor":31.0},{"not_picked":["MostiFishMod:Culaccino","Seek","MostiFishMod:Exploitation","Fission"],"picked":"Electrodynamics+1","floor":33.0},{"not_picked":["Hologram+1","REME_DataAnalysis+1","Cold Snap","Turbo+1"],"picked":"Glacier","floor":35.0},{"not_picked":["testmod-VirtualReality","MostiFishMod:OneDayCity","MostiFishMod:ButterFly","testmod-HeadAttack"],"picked":"MostiFishMod:Galeforce+1","floor":38.0},{"not_picked":["MostiFishMod:PushDownKick","Beam Cell+1","MostiFishMod:ReprogramOld","AT_HeatAcrobatics"],"picked":"Coolheaded","floor":39.0},{"not_picked":["Ball Lightning+1","Streamline","AT_WarpDrive","Gash"],"picked":"Storm+1","floor":41.0},{"not_picked":["Melter+1","Ball Lightning+1","Leap","Streamline+1","Go for the Eyes+1"],"picked":"SKIP","floor":46.0},{"not_picked":["Compile Driver+1","Cold Snap+1","Sweeping Beam+1","Gash+1"],"picked":"Capacitor+1","floor":47.0},{"not_picked":["Auto Shields","Beam Cell+1","Coolheaded+1","Self Repair+1","Go for the Eyes+1"],"picked":"SKIP","floor":48.0},{"not_picked":["REME_ForAll+1","Steam+1","Heatsinks+1","Rebound+1"],"picked":"Loop+1","floor":55}],"player_experience":108578,"relics_obtained":[{"floor":1.0,"key":"SynthV:TestCard"},{"floor":6.0,"key":"testmod-Hope"},{"floor":8.0,"key":"AT_BladeRuinedKing"},{"floor":11.0,"key":"Centennial Puzzle"},{"floor":13.0,"key":"Dota2Spire:MagicBottle"},{"floor":17.0,"key":"Happy Flower"},{"floor":17.0,"key":"Dota2Spire:MonkeyKingBar"},{"floor":17.0,"key":"testmod-RainbowHikingShoes"},{"floor":21.0,"key":"Boot"},{"floor":23.0,"key":"Anchor"},{"floor":26.0,"key":"Ornamental Fan"},{"floor":31.0,"key":"Frozen Egg 2"},{"floor":41.0,"key":"Shuriken"},{"floor":43.0,"key":"Molten Egg 2"},{"floor":46.0,"key":"Dota2Spire:HandOfMidas"},{"floor":55,"key":"Dota2Spire:ShadowBlade"}],"event_choices":[{"cards_removed":["Strike_B"],"damage_healed":0.0,"max_hp_gain":0.0,"max_hp_loss":0.0,"gold_gain":0.0,"event_name":"The Cleric","player_choice":"Card Removal","floor":2.0,"gold_loss":75.0,"damage_taken":0.0},{"damage_healed":0.0,"max_hp_gain":0.0,"max_hp_loss":0.0,"gold_gain":0.0,"event_name":"Shining Light","player_choice":"Entered Light","floor":10.0,"gold_loss":0.0,"damage_taken":21.0,"cards_upgraded":["Defend_B","AT_WaterDrop"]},{"damage_healed":0.0,"max_hp_gain":0.0,"max_hp_loss":0.0,"gold_gain":999.0,"event_name":"¶÷ÂåË¹µÄÅÌ×Ó","player_choice":"Sell","floor":37.0,"relics_lost":["Calling Bell"],"gold_loss":0.0,"damage_taken":0.0},{"damage_healed":0.0,"max_hp_gain":0.0,"max_hp_loss":0.0,"gold_gain":0.0,"event_name":"SensoryStone","player_choice":"Memory 1","floor":38.0,"gold_loss":0.0,"damage_taken":0.0},{"damage_healed":0.0,"max_hp_gain":0.0,"max_hp_loss":0.0,"gold_gain":300.0,"event_name":"Wheel of Change","player_choice":"Gold","floor":44.0,"gold_loss":0.0,"damage_taken":0.0}],"is_beta":false,"boss_relics":[{"not_picked":["testmod-CardMagician","JellyFishMachine"],"picked":"Calling Bell"},{"not_picked":[]},{"not_picked":["testmod-TimeTraveler","ExusiaiGun"],"picked":"Dota2Spire:RefresherOrb"},{"not_picked":[]}],"items_purged_floors":[19,29,34,36,45,54],"is_endless":false,"potions_floor_spawned":[3,5,8,11,14,18,28,31,33,41,47,55],"ascension_level":20}}