{"host":"e3jr8cs0hrgde9ri","time":1612238590,"event":{"mods":["2.2 Compatiblity","BaseMod","Highlight Path","Minty Spire (QoL Compilation)","Permanent Neow","Quick Restart","SuperFastMode"],"gold_per_floor":[116,116,126,137,150,183,183,183,237,272,272,300,300,313,313,390,390,406,422,221,233,252,280,280,306,306,334,352,371,371,286,286,358,358,375,422,372,382,437,437,463,463,463,360,360,376,391,410,410,410,410],"floor_reached":50,"language":"ENG","playtime":1538,"items_purged":["Strike_R","Strike_R","Strike_R"],"score":1204,"play_id":"92c00d28-4482-4a39-a15c-5109d99e7455","local_time":"20210201200310","is_ascension_mode":true,"campfire_choices":[{"data":"Inflame","floor":7.0,"key":"SMITH"},{"data":"Immolate","floor":11.0,"key":"SMITH"},{"data":"Clothesline","floor":13.0,"key":"SMITH"},{"data":"Carnage","floor":15.0,"key":"SMITH"},{"data":"Immolate","floor":24.0,"key":"SMITH"},{"floor":32,"key":"REST"},{"data":"1","floor":40,"key":"LIFT"},{"data":"2","floor":42,"key":"LIFT"},{"data":"3","floor":45,"key":"LIFT"},{"floor":49,"key":"RECALL"}],"circlet_count":0,"master_deck":["AscendersBane","Strike_R","Defend_R","Defend_R","Defend_R","Defend_R","Bash","Power Through","Heavy Blade","Inflame+1","Clothesline+1","Immolate+1","Heavy Blade","Carnage+1","Immolate+1","Heavy Blade+1","Barricade","Double Tap","Disarm","Shockwave","Feed","Doubt","Shrug It Off","Pain","Limit Break","Flame Barrier","Demon Form"],"relics":["Snecko Eye","Pear","Tiny Chest","Art of War","CaptainsWheel","Cursed Key","Membership Card","Boot","Girya","Blue Candle","Sundial","Sozu","Bronze Scales","Lizard Tail","PreservedInsect"],"acts_visited":["Exordium","TheCity","TheBeyond"],"potions_floor_usage":[47],"damage_taken":[{"damage":10.0,"enemies":"2 Louse","floor":1.0,"turns":4.0},{"damage":1.0,"enemies":"Cultist","floor":3.0,"turns":3.0},{"damage":0.0,"enemies":"Jaw Worm","floor":4.0,"turns":1.0},{"damage":2.0,"enemies":"Exordium Wildlife","floor":5.0,"turns":4.0},{"damage":25.0,"enemies":"3 Sentries","floor":6.0,"turns":12.0},{"damage":10.0,"enemies":"Lagavulin","floor":10.0,"turns":6.0},{"damage":10.0,"enemies":"3 Sentries","floor":12.0,"turns":4.0},{"damage":0.0,"enemies":"Looter","floor":14.0,"turns":2.0},{"damage":6.0,"enemies":"Hexaghost","floor":16.0,"turns":7.0},{"damage":0.0,"enemies":"Spheric Guardian","floor":18.0,"turns":1.0},{"damage":13.0,"enemies":"3 Byrds","floor":19.0,"turns":3.0},{"damage":0.0,"enemies":"Snecko","floor":21.0,"turns":2.0},{"damage":0.0,"enemies":"Cultist and Chosen","floor":22.0,"turns":3.0},{"damage":20.0,"enemies":"Slavers","floor":23.0,"turns":2.0},{"damage":0.0,"enemies":"Gremlin Leader","floor":25.0,"turns":5.0},{"damage":14.0,"enemies":"Book of Stabbing","floor":27.0,"turns":2.0},{"damage":13.0,"enemies":"Centurion and Healer","floor":28.0,"turns":2.0},{"damage":23.0,"enemies":"Shelled Parasite and Fungi","floor":29.0,"turns":2.0},{"damage":19,"enemies":"Collector","floor":33,"turns":6},{"damage":2,"enemies":"3 Darklings","floor":35,"turns":2},{"damage":8,"enemies":"Orb Walker","floor":38,"turns":2},{"damage":10,"enemies":"2 Orb Walkers","floor":39,"turns":3},{"damage":39,"enemies":"Giant Head","floor":41,"turns":6},{"damage":0,"enemies":"3 Darklings","floor":46,"turns":2},{"damage":1,"enemies":"Spire Growth","floor":47,"turns":2},{"damage":2,"enemies":"Transient","floor":48,"turns":6},{"damage":68,"enemies":"Time Eater","floor":50,"turns":9}],"seed_played":"6824029034287718776","potions_obtained":[{"floor":3.0,"key":"FairyPotion"},{"floor":5.0,"key":"EntropicBrew"},{"floor":8.0,"key":"Fruit Juice"},{"floor":8.0,"key":"PowerPotion"},{"floor":27.0,"key":"Weak Potion"},{"floor":33,"key":"SneckoOil"}],"is_trial":false,"path_per_floor":["M","?","M","M","M","E","R","?","T","E","R","E","R","M","R","B",null,"M","M","$","M","M","E","R","E","T","E","M","M","?","?","R","B",null,"M","T","$","M","?","R","E","R","T","$","R","M","M","M","R","B"],"character_chosen":"IRONCLAD","items_purchased":["Membership Card","Limit Break"],"campfire_rested":1,"item_purchase_floors":[20,44],"current_hp_per_floor":[58,58,57,57,55,40,40,45,45,35,35,25,25,25,25,19,72,72,59,59,59,59,39,39,39,39,25,12,7,7,7,34,15,71,69,69,69,61,51,51,12,12,12,12,12,12,11,9,9,0,0],"gold":410,"neow_bonus":"BOSS_RELIC","is_daily":false,"chose_seed":false,"campfire_upgraded":5,"win_rate":0.0,"timestamp":1612238590,"path_taken":["M","?","M","M","?","E","R","?","T","E","R","E","R","M","R","BOSS","M","M","$","M","?","E","R","E","T","E","M","M","?","?","R","BOSS","M","?","$","M","?","R","E","R","T","$","R","M","M","M","R","BOSS"],"items_purchased_type":["Relic","Card"],"build_version":"2020-12-22","purchased_purges":3,"victory":false,"max_hp_per_floor":[75,75,75,75,75,85,85,90,90,90,90,90,90,90,90,90,90,90,90,90,90,90,90,90,90,90,90,90,90,90,90,90,90,90,90,90,90,90,90,90,90,90,90,90,90,90,90,90,90,90,90],"card_choices":[{"not_picked":["Cleave","Flex","Thunderclap"],"picked":"SKIP","floor":1.0},{"not_picked":["Power Through","Anger"],"picked":"Heavy Blade","floor":3.0},{"not_picked":["Wild Strike","Twin Strike"],"picked":"Inflame","floor":4.0},{"not_picked":["Thunderclap","Iron Wave","Sentinel"],"picked":"SKIP","floor":5.0},{"not_picked":["Combust","Body Slam"],"picked":"Clothesline","floor":6.0},{"not_picked":["Clothesline","Shrug It Off"],"picked":"Immolate","floor":10.0},{"not_picked":["Twin Strike","Havoc"],"picked":"Heavy Blade","floor":12.0},{"not_picked":["Flex","Power Through"],"picked":"Carnage","floor":14.0},{"not_picked":["Double Tap","Feed"],"picked":"Immolate","floor":16.0},{"not_picked":["Pommel Strike","Intimidate+1","Sword Boomerang"],"picked":"SKIP","floor":18.0},{"not_picked":["Thunderclap","Feel No Pain","Pommel Strike"],"picked":"SKIP","floor":19.0},{"not_picked":["Flex","Clash"],"picked":"Heavy Blade+1","floor":21.0},{"not_picked":["Anger","Armaments","Heavy Blade"],"picked":"SKIP","floor":22.0},{"not_picked":["Shrug It Off","Cleave"],"picked":"Barricade","floor":23.0},{"not_picked":["Perfected Strike","Twin Strike"],"picked":"Double Tap","floor":25.0},{"not_picked":["Pummel","Uppercut"],"picked":"Disarm","floor":27.0},{"not_picked":["Clothesline","Perfected Strike"],"picked":"Shockwave","floor":28.0},{"not_picked":["Thunderclap","Carnage","Dropkick"],"picked":"SKIP","floor":29.0},{"not_picked":["Exhume","Brutality"],"picked":"Feed","floor":33},{"not_picked":["Warcry","Dark Embrace","Cleave"],"picked":"SKIP","floor":35},{"not_picked":["Perfected Strike","Heavy Blade","Power Through"],"picked":"SKIP","floor":38},{"not_picked":["Iron Wave","Body Slam"],"picked":"Shrug It Off","floor":41},{"not_picked":["Entrench","Battle Trance"],"picked":"Flame Barrier","floor":46},{"not_picked":["Combust","Wild Strike"],"picked":"Demon Form","floor":47},{"not_picked":["Shockwave","Sentinel","Sword Boomerang"],"picked":"SKIP","floor":48}],"player_experience":1803718,"relics_obtained":[{"floor":6.0,"key":"Pear"},{"floor":9.0,"key":"Tiny Chest"},{"floor":10.0,"key":"Art of War"},{"floor":12.0,"key":"CaptainsWheel"},{"floor":23.0,"key":"Boot"},{"floor":25.0,"key":"Girya"},{"floor":27.0,"key":"Blue Candle"},{"floor":36,"key":"Bronze Scales"},{"floor":39,"key":"Lizard Tail"},{"floor":41,"key":"PreservedInsect"}],"event_choices":[{"damage_healed":0.0,"max_hp_gain":0.0,"max_hp_loss":0.0,"gold_gain":0.0,"cards_transformed":["Strike_R"],"event_name":"Transmorgrifier","player_choice":"Transformed","floor":2.0,"gold_loss":0.0,"damage_taken":0.0,"cards_obtained":["Power Through"]},{"damage_healed":0.0,"max_hp_gain":0.0,"max_hp_loss":0.0,"gold_gain":0.0,"event_name":"Lab","player_choice":"Got Potions","floor":8.0,"gold_loss":0.0,"damage_taken":0.0},{"damage_healed":0,"gold_gain":0,"player_choice":"Ignored","damage_taken":0,"max_hp_gain":0,"max_hp_loss":0,"event_name":"Cursed Tome","floor":30,"gold_loss":0},{"damage_healed":0,"gold_gain":0,"player_choice":"Obtained Relic","damage_taken":0,"relics_obtained":["Sundial"],"max_hp_gain":0,"max_hp_loss":0,"event_name":"Addict","floor":31,"gold_loss":85},{"damage_healed":0,"gold_gain":0,"player_choice":"Fight","damage_taken":0,"max_hp_gain":0,"max_hp_loss":0,"event_name":"Mysterious Sphere","floor":39,"gold_loss":0}],"is_beta":false,"boss_relics":[{"not_picked":["Astrolabe","Coffee Dripper"],"picked":"Cursed Key"},{"not_picked":["Runic Cube","Philosopher\u0027s Stone"],"picked":"Sozu"}],"items_purged_floors":[20,37,44],"is_endless":false,"potions_floor_spawned":[3,5,10,12,16,19,27,33,39,41,46],"killed_by":"Time Eater","ascension_level":20}}