{"host":"j4g6ia6asvpyu2b0","time":1612303715,"event":{"mods":["BaseMod","Colored Map","Minty Spire (QoL Compilation)","Permanent Neow","Quick Restart","Relic Stats","StSLib","Unceasing Turn Reminder"],"gold_per_floor":[112,126,51,51,67,67,67,67,67,67,67,96,108,140,152,164,164],"floor_reached":16,"language":"ENG","playtime":265,"items_purged":["Strike_R"],"score":113,"play_id":"36033bc4-5529-45f3-ab3c-2684cbe70254","local_time":"20210202150835","is_ascension_mode":true,"campfire_choices":[{"data":"Bash","floor":6,"key":"SMITH"},{"data":"Strike_R","floor":8,"key":"SMITH"},{"data":"Defend_R","floor":11,"key":"SMITH"},{"floor":15,"key":"REST"}],"circlet_count":0,"master_deck":["Strike_R","Strike_R","Strike_R","Strike_R+1","Defend_R+1","Bash+1"],"relics":["Burning Blood","Question Card","Dream Catcher","MawBank"],"acts_visited":["Exordium"],"potions_floor_usage":[12,16],"damage_taken":[{"damage":4,"enemies":"2 Louse","floor":1,"turns":4},{"damage":5,"enemies":"Small Slimes","floor":2,"turns":4},{"damage":6,"enemies":"Cultist","floor":5,"turns":3},{"damage":28,"enemies":"Lagavulin","floor":12,"turns":5},{"damage":15,"enemies":"Large Slime","floor":13,"turns":5},{"damage":27,"enemies":"Gremlin Nob","floor":14,"turns":4},{"damage":44,"enemies":"Hexaghost","floor":16,"turns":8}],"seed_played":"-5337269510150234766","potions_obtained":[{"floor":2,"key":"SteroidPotion"},{"floor":13,"key":"Fire Potion"}],"is_trial":false,"path_per_floor":["M","M","$","?","M","R","?","R","T","$","R","E","M","E","R","B"],"character_chosen":"IRONCLAD","items_purchased":[],"campfire_rested":1,"item_purchase_floors":[],"current_hp_per_floor":[72,72,72,72,72,72,72,72,72,72,72,50,41,20,41,0,0],"gold":164,"neow_bonus":"REMOVE_TWO","is_daily":false,"chose_seed":false,"campfire_upgraded":3,"win_rate":0.0,"timestamp":1612303715,"path_taken":["M","M","$","?","M","R","?","R","T","$","R","E","?","E","R","BOSS"],"items_purchased_type":[],"build_version":"2020-12-22","purchased_purges":1,"victory":false,"max_hp_per_floor":[72,72,72,72,72,72,72,72,72,72,72,72,72,72,72,72,72],"relic_stats":{"Dream Catcher":1,"counters":[7,33],"Question Card":4,"MawBank":24,"obtain_stats":[{"Dream Catcher":12,"Question Card":9,"MawBank":14,"Burning Blood":0},{"Dream Catcher":4,"Question Card":3,"MawBank":6,"Burning Blood":0},{"Dream Catcher":16,"Question Card":11,"MawBank":25,"Burning Blood":0}],"Burning Blood":33},"card_choices":[{"not_picked":["Armaments","Shrug It Off","Headbutt"],"picked":"SKIP","floor":1},{"not_picked":["Twin Strike","Iron Wave","Perfected Strike"],"picked":"SKIP","floor":2},{"not_picked":["Armaments","True Grit","Clothesline"],"picked":"SKIP","floor":5},{"not_picked":["Dark Embrace","Rupture","Infernal Blade","Shrug It Off"],"picked":"SKIP","floor":12},{"not_picked":["Ghostly Armor","True Grit","Carnage","Sentinel"],"picked":"SKIP","floor":13},{"not_picked":["Sentinel","Reckless Charge","Anger","Combust"],"picked":"SKIP","floor":14}],"player_experience":1108615,"relics_obtained":[{"floor":9,"key":"Question Card"},{"floor":12,"key":"Dream Catcher"},{"floor":14,"key":"MawBank"}],"event_choices":[{"cards_removed":["Defend_R"],"damage_healed":0,"gold_gain":0,"player_choice":"Forget","damage_taken":0,"max_hp_gain":0,"max_hp_loss":0,"event_name":"Living Wall","floor":4,"gold_loss":0},{"damage_healed":0,"gold_gain":0,"player_choice":"Ignored","damage_taken":0,"max_hp_gain":0,"max_hp_loss":0,"event_name":"NoteForYourself","floor":7,"gold_loss":0}],"is_beta":false,"boss_relics":[],"items_purged_floors":[3],"is_endless":false,"potions_floor_spawned":[2,13],"killed_by":"Hexaghost","ascension_level":1}}