{"host":"gbbz8f5svnnpwo8d","time":1612236000,"event":{"mods":["AchievementEnabler","AlwaysNeverKeys","BaseMod","Bestiary","Better Altar","Better Match","Better Note","Better Sensory Stone","Better Silent Start","Better Skull","Better Third Choice","Better Vampires","Better-Laid Plans","BetterRewards","Block Reminder","Colored Map","Colored Powertips","Curses Come First","Dark Map","Displayed Cursed Tome","GifTheSpireLib","Minty Spire (QoL Compilation)","MonsterHotkey","Permanent Neow","Potion Indicator Mod","Quick Restart","Random Character Button","Rare Cards Sparkle","Relic Stats","Shop Mod","Spicy Shops","Spire Birthday Party","StSLib","Transform Curses"],"gold_per_floor":[115,115,115,115,173,173,188,203,203,203,217,217,241,241,241,365,365,384,407,92,92,107,146,146,166,166,91,91,112,31,47,47,166,166,186,186,519,531,581,581,581,593,619,619,619,619,619,636,636,636,636,636,12,47,47,47],"floor_reached":55,"language":"ENG","playtime":1852,"items_purged":["Strike_G"],"score":975,"play_id":"e9dc7e96-7961-4479-82f6-73cdf336016c","local_time":"20210201202000","is_ascension_mode":false,"campfire_choices":[{"floor":6.0,"key":"REST"},{"floor":10.0,"key":"REST"},{"floor":15.0,"key":"REST"},{"floor":24.0,"key":"DIG"},{"floor":32,"key":"REST"},{"data":"1","floor":40,"key":"LIFT"},{"floor":45,"key":"REST"},{"floor":47,"key":"REST"},{"data":"2","floor":49,"key":"LIFT"},{"data":"3","floor":52,"key":"LIFT"}],"circlet_count":0,"master_deck":["Strike_G","Strike_G","Strike_G","Defend_G","Defend_G","Defend_G","Defend_G","Survivor","Neutralize","Dagger Throw","Underhanded Strike","Blade Dance+1","Panache+1","Infinite Blades","Deflect","Slice","Offering+1","Cloak And Dagger","Panache","A Thousand Cuts","Endless Agony","Concentrate","Blade Dance","Escape Plan","Prepared","After Image+1","After Image+1","Burst+1","Dash","Endless Agony","Doppelganger","Reflex+1","Escape Plan+1","Madness","Madness","Blur+1"],"relics":["Ring of the Snake","Shovel","Juzu Bracelet","Mercury Hourglass","HoveringKite","Tingsha","Blood Vial","Akabeko","Bottled Lightning","Fusion Hammer","Girya","Pen Nib","FossilizedHelix","Pantograph","Lee\u0027s Waffle","Dead Branch","Calipers"],"acts_visited":["Exordium","TheCity","TheBeyond","TheEnding"],"potions_floor_usage":[33,33,35,50],"damage_taken":[{"damage":0.0,"enemies":"Small Slimes","floor":1.0,"turns":2.0},{"damage":0.0,"enemies":"Jaw Worm","floor":7.0,"turns":2.0},{"damage":0.0,"enemies":"2 Louse","floor":8.0,"turns":1.0},{"damage":0.0,"enemies":"Large Slime","floor":11.0,"turns":3.0},{"damage":6.0,"enemies":"Blue Slaver","floor":13.0,"turns":2.0},{"damage":20.0,"enemies":"Hexaghost","floor":16.0,"turns":6.0},{"damage":0.0,"enemies":"Spheric Guardian","floor":18.0,"turns":3.0},{"damage":0.0,"enemies":"Chosen","floor":19.0,"turns":3.0},{"damage":8.0,"enemies":"Snake Plant","floor":22.0,"turns":4.0},{"damage":12.0,"enemies":"Slavers","floor":23.0,"turns":2.0},{"damage":11.0,"enemies":"Snecko","floor":25.0,"turns":4.0},{"damage":6,"enemies":"Centurion and Healer","floor":29,"turns":3},{"damage":11,"enemies":"Shelled Parasite and Fungi","floor":31,"turns":3},{"damage":6,"enemies":"Automaton","floor":33,"turns":5},{"damage":9,"enemies":"3 Darklings","floor":35,"turns":4},{"damage":6,"enemies":"3 Shapes","floor":38,"turns":2},{"damage":13,"enemies":"Mind Bloom Boss Battle","floor":39,"turns":5},{"damage":6,"enemies":"Spire Growth","floor":42,"turns":4},{"damage":0,"enemies":"Sphere and 2 Shapes","floor":48,"turns":2},{"damage":39,"enemies":"Awakened One","floor":50,"turns":8},{"damage":14,"enemies":"Shield and Spear","floor":54,"turns":3},{"damage":77,"enemies":"The Heart","floor":55,"turns":5}],"seed_played":"8940799681914845684","potions_obtained":[{"floor":8.0,"key":"Swift Potion"},{"floor":22.0,"key":"Strength Potion"},{"floor":25.0,"key":"CunningPotion"},{"floor":29,"key":"DistilledChaos"},{"floor":48,"key":"BlessingOfTheForge"}],"is_trial":false,"path_per_floor":["M","?","$","?","?","R","M","M","T","R","M","?","M","?","R","B",null,"M","M","$","?","M","E","R","M","T","?","?","M","$","M","R","B",null,"M","?","?","M","?","R","?","M","T","T","R","?","R","M","R","B",null,"R","$","E","B"],"character_chosen":"THE_SILENT","items_purchased":["Dagger Throw","Underhanded Strike","Juzu Bracelet","Blade Dance","Panache","Tingsha","Blade Dance","Dash","Pantograph","Lee\u0027s Waffle","Dead Branch"],"campfire_rested":6,"item_purchase_floors":[0,0,0,0,0,20,20,30,53,53,53],"current_hp_per_floor":[40,26,26,9,9,30,30,30,30,51,51,49,43,43,64,44,70,70,70,70,70,62,50,50,41,41,41,41,37,37,28,49,45,70,61,61,61,57,46,46,46,42,42,42,63,54,70,70,70,31,70,70,77,63,0,0],"gold":47,"neow_bonus":"","is_daily":false,"chose_seed":false,"campfire_upgraded":0,"win_rate":0.0,"timestamp":1612236000,"path_taken":["M","?","$","?","?","R","M","M","T","R","M","?","M","?","R","BOSS","M","M","$","?","M","E","R","M","T","?","?","M","?","M","R","BOSS","M","?","?","M","?","R","?","M","T","?","R","?","R","M","R","BOSS","R","$","E","BOSS"],"items_purchased_type":["Card","Card","Relic","Card","Card","Relic","Card","Card","Relic","Relic","Relic"],"build_version":"2020-12-22","purchased_purges":1,"victory":false,"max_hp_per_floor":[70,70,70,70,70,70,70,70,70,70,70,70,70,70,70,70,70,70,70,70,70,70,70,70,70,70,70,70,70,70,70,70,70,70,70,70,70,70,70,70,70,70,70,70,70,70,70,70,70,70,70,70,77,77,77,77],"relic_stats":{"Lee\u0027s Waffle":7,"counters":[216,955],"Dead Branch":[32],"HoveringKite":[48],"Tingsha":[129],"Pen Nib":[50],"Juzu Bracelet":3,"Mercury Hourglass":[255],"Blood Vial":14,"Shovel":1,"Pantograph":14,"obtain_stats":[{"Ice Cream":48,"TwistedFunnel":27,"Calipers":9,"Gremlin Horn":52,"Vajra":23,"HoveringKite":34,"Ginger":39,"Whetstone":6,"Bottled Tornado":45,"Boot":54,"Sozu":17,"Blood Vial":23,"Lizard Tail":48,"Strawberry":10,"MealTicket":0,"Fusion Hammer":17,"Necronomicon":29,"Kunai":0,"Toxic Egg 2":47,"reliquary:SharkskinSheath":23,"Girya":37,"MerchantsRug":0,"Happy Flower":7,"Astrolabe":17,"Blue Candle":47,"Dead Branch":53,"Eternal Feather":9,"Tingsha":0,"Pen Nib":7,"Letter Opener":8,"reliquary:WeakTea":0,"Paper Crane":43,"Question Card":0,"Akabeko":36,"Du-Vu Doll":42,"SlaversCollar":17,"Shuriken":36,"Bronze Scales":54,"Bird Faced Urn":0,"Molten Egg 2":26,"Pandora\u0027s Box":34,"Unceasing Top":0,"Meat on the Bone":10,"Regal Pillow":14,"Lantern":44,"Torii":0,"Singing Bowl":43,"Snake Skull":43,"Incense Burner":47,"Juzu Bracelet":0,"Empty Cage":34,"Cursed Key":17,"ClockworkSouvenir":53,"Emotion Chip":0,"Nunchaku":49,"Dream Catcher":41,"Shovel":14,"Matryoshka":0,"WristBlade":34,"Ninja Scroll":28,"Mummified Hand":0,"Gambling Chip":54,"Pantograph":53,"Tiny Chest":27,"Red Mask":20,"Cracked Core":0,"InkBottle":43,"Ring of the Snake":0,"Potion Belt":28,"Lee\u0027s Waffle":0,"The Specimen":0,"Golden Idol":11,"Thread and Needle":13,"PreservedInsect":0,"The Courier":9,"Frozen Egg 2":9,"reliquary:RosewoodLute":10,"White Beast Statue":7,"Nuclear Battery":17,"Mercury Hourglass":9,"Cauldron":0,"Anchor":42,"CaptainsWheel":0,"Busted Crown":17,"Ornamental Fan":0,"Bloody Idol":28,"Turnip":53,"Art of War":26,"Bag of Marbles":53,"Bottled Lightning":26,"Membership Card":27,"FossilizedHelix":53,"Toy Ornithopter":54,"TungstenRod":54},{"Ice Cream":30,"TwistedFunnel":102,"Calipers":142,"Gremlin Horn":64,"Vajra":50,"HoveringKite":184,"Ginger":60,"Whetstone":173,"Bottled Tornado":28,"Boot":90,"Sozu":177,"Blood Vial":204,"Lizard Tail":88,"Strawberry":120,"MealTicket":66,"Fusion Hammer":46,"Necronomicon":127,"Kunai":37,"Toxic Egg 2":62,"reliquary:SharkskinSheath":157,"Girya":27,"MerchantsRug":33,"Happy Flower":4,"Astrolabe":99,"Blue Candle":137,"Dead Branch":168,"Eternal Feather":4,"Tingsha":91,"Pen Nib":69,"Letter Opener":43,"reliquary:WeakTea":146,"Paper Crane":189,"Question Card":66,"Akabeko":82,"Du-Vu Doll":109,"SlaversCollar":7,"Shuriken":130,"Bronze Scales":32,"Bird Faced Urn":115,"Molten Egg 2":51,"Pandora\u0027s Box":55,"Unceasing Top":33,"Meat on the Bone":5,"Regal Pillow":45,"Lantern":85,"Torii":37,"Singing Bowl":60,"Snake Skull":85,"Incense Burner":111,"Juzu Bracelet":194,"Empty Cage":25,"Cursed Key":72,"ClockworkSouvenir":192,"Emotion Chip":0,"Nunchaku":63,"Dream Catcher":165,"Shovel":45,"Matryoshka":140,"WristBlade":104,"Ninja Scroll":102,"Mummified Hand":170,"Gambling Chip":65,"Pantograph":214,"Tiny Chest":51,"Red Mask":48,"Cracked Core":0,"InkBottle":27,"Ring of the Snake":0,"Potion Belt":80,"Lee\u0027s Waffle":66,"The Specimen":140,"Golden Idol":5,"Thread and Needle":121,"PreservedInsect":0,"The Courier":43,"Frozen Egg 2":15,"reliquary:RosewoodLute":143,"White Beast Statue":42,"Nuclear Battery":19,"Mercury Hourglass":197,"Cauldron":170,"Anchor":60,"CaptainsWheel":170,"Busted Crown":153,"Ornamental Fan":0,"Bloody Idol":23,"Turnip":113,"Art of War":22,"Bag of Marbles":64,"Bottled Lightning":102,"Membership Card":102,"FossilizedHelix":113,"Toy Ornithopter":114,"TungstenRod":169},{"Ice Cream":146,"TwistedFunnel":496,"Calipers":647,"Gremlin Horn":310,"Vajra":253,"HoveringKite":839,"Ginger":297,"Whetstone":771,"Bottled Tornado":134,"Boot":434,"Sozu":800,"Blood Vial":907,"Lizard Tail":422,"Strawberry":571,"MealTicket":324,"Fusion Hammer":235,"Necronomicon":595,"Kunai":197,"Toxic Egg 2":302,"reliquary:SharkskinSheath":707,"Girya":121,"MerchantsRug":176,"Happy Flower":12,"Astrolabe":480,"Blue Candle":628,"Dead Branch":750,"Eternal Feather":12,"Tingsha":445,"Pen Nib":334,"Letter Opener":221,"reliquary:WeakTea":672,"Paper Crane":858,"Question Card":324,"Akabeko":393,"Du-Vu Doll":526,"SlaversCollar":26,"Shuriken":605,"Bronze Scales":170,"Bird Faced Urn":554,"Molten Egg 2":258,"Pandora\u0027s Box":275,"Unceasing Top":176,"Meat on the Bone":15,"Regal Pillow":227,"Lantern":407,"Torii":197,"Singing Bowl":297,"Snake Skull":407,"Incense Burner":535,"Juzu Bracelet":879,"Empty Cage":106,"Cursed Key":351,"ClockworkSouvenir":872,"Emotion Chip":0,"Nunchaku":305,"Dream Catcher":734,"Shovel":227,"Matryoshka":638,"WristBlade":510,"Ninja Scroll":496,"Mummified Hand":758,"Gambling Chip":316,"Pantograph":947,"Tiny Chest":258,"Red Mask":244,"Cracked Core":0,"InkBottle":121,"Ring of the Snake":0,"Potion Belt":378,"Lee\u0027s Waffle":324,"The Specimen":638,"Golden Idol":15,"Thread and Needle":577,"PreservedInsect":0,"The Courier":221,"Frozen Egg 2":51,"reliquary:RosewoodLute":657,"White Beast Statue":214,"Nuclear Battery":66,"Mercury Hourglass":884,"Cauldron":758,"Anchor":297,"CaptainsWheel":758,"Busted Crown":692,"Ornamental Fan":0,"Bloody Idol":91,"Turnip":543,"Art of War":85,"Bag of Marbles":310,"Bottled Lightning":496,"Membership Card":496,"FossilizedHelix":543,"Toy Ornithopter":546,"TungstenRod":753}],"Ring of the Snake":[0]},"card_choices":[{"not_picked":["Deadly Poison","Bane"],"picked":"Infinite Blades","floor":1.0},{"not_picked":["Riddle With Holes","Flying Knee"],"picked":"Deflect","floor":7.0},{"not_picked":["Backflip","Dodge and Roll"],"picked":"Slice","floor":8.0},{"not_picked":["Night Terror","Backflip","Flying Knee"],"picked":"SKIP","floor":11.0},{"not_picked":["Quick Slash","PiercingWail"],"picked":"Cloak And Dagger","floor":13.0},{"not_picked":["Impatience","PanicButton"],"picked":"Panache","floor":14.0},{"not_picked":["Unload","Adrenaline"],"picked":"A Thousand Cuts","floor":16.0},{"not_picked":["Bane","Eviscerate"],"picked":"Endless Agony","floor":18.0},{"not_picked":["Well Laid Plans","Poisoned Stab"],"picked":"Concentrate","floor":19.0},{"not_picked":["Dagger Throw","Cloak And Dagger"],"picked":"Escape Plan","floor":22.0},{"not_picked":["Dodge and Roll","Noxious Fumes","Bouncing Flask"],"picked":"SKIP","floor":23.0},{"not_picked":["Skewer","Dodge and Roll+1"],"picked":"Prepared","floor":25.0},{"not_picked":["Adrenaline+1","Night Terror+1"],"picked":"After Image+1","floor":27},{"not_picked":["A Thousand Cuts+1","Corpse Explosion+1"],"picked":"After Image+1","floor":27},{"not_picked":["Venomology+1","Tools of the Trade+1"],"picked":"Burst+1","floor":27},{"not_picked":["Dagger Spray","All Out Attack+1","Infinite Blades"],"picked":"SKIP","floor":29},{"not_picked":["Heel Hook","Underhanded Strike"],"picked":"Endless Agony","floor":31},{"not_picked":["Wraith Form v2","Unload"],"picked":"Doppelganger","floor":33},{"not_picked":["Dash+1","Quick Slash+1","Slice"],"picked":"SKIP","floor":35},{"not_picked":["Backstab+1","Quick Slash+1","Bane+1"],"picked":"SKIP","floor":38},{"not_picked":["Underhanded Strike","Slice"],"picked":"Reflex+1","floor":39},{"not_picked":["Quick Slash","Prepared"],"picked":"Escape Plan+1","floor":42},{"not_picked":["Underhanded Strike+1","PiercingWail"],"picked":"Blur+1","floor":48},{"not_picked":["Deadly Poison","Bane","Underhanded Strike"],"picked":"SKIP","floor":54}],"player_experience":3666409,"relics_obtained":[{"floor":9.0,"key":"Mercury Hourglass"},{"floor":23.0,"key":"Blood Vial"},{"floor":24.0,"key":"Akabeko"},{"floor":26.0,"key":"Bottled Lightning"},{"floor":39,"key":"Girya"},{"floor":43,"key":"Pen Nib"},{"floor":44,"key":"FossilizedHelix"},{"floor":54,"key":"Calipers"}],"event_choices":[{"damage_healed":40.0,"max_hp_gain":0.0,"max_hp_loss":70.0,"gold_gain":0.0,"event_name":"betterThird:BetterShining","player_choice":"Upgrade","floor":2.0,"gold_loss":0.0,"damage_taken":14.0,"cards_upgraded":["Panache","Blade Dance"]},{"damage_healed":0.0,"max_hp_gain":0.0,"max_hp_loss":0.0,"gold_gain":0.0,"event_name":"Golden Idol","player_choice":"Take Damage","floor":4.0,"gold_loss":0.0,"damage_taken":17.0,"relics_obtained":["Golden Idol"]},{"damage_healed":0.0,"max_hp_gain":0.0,"max_hp_loss":0.0,"gold_gain":58.0,"event_name":"Golden Wing","player_choice":"Gained Gold","floor":5.0,"gold_loss":0.0,"damage_taken":0.0},{"damage_healed":0.0,"max_hp_gain":0.0,"max_hp_loss":0.0,"gold_gain":0.0,"event_name":"betterThird:BetterScrap","player_choice":"Card ","floor":12.0,"gold_loss":0.0,"damage_taken":2.0,"cards_obtained":["Offering"]},{"damage_healed":0.0,"max_hp_gain":0.0,"max_hp_loss":0.0,"gold_gain":1.0,"event_name":"betterStone:BetterStone","player_choice":"1","floor":14.0,"gold_loss":0.0,"damage_taken":0.0},{"cards_removed":["Strike_G"],"damage_healed":0.0,"max_hp_gain":0.0,"max_hp_loss":0.0,"gold_gain":0.0,"event_name":"betterNote:BetterNote","player_choice":"Give","floor":21.0,"gold_loss":0.0,"damage_taken":0.0,"cards_obtained":["Strike_R"]},{"damage_healed":0,"gold_gain":0,"player_choice":"3","damage_taken":0,"max_hp_gain":0,"max_hp_loss":0,"event_name":"betterMatch:BetterMatch","floor":27,"gold_loss":0,"cards_obtained":["betterMatch:RareCard"]},{"damage_healed":0,"gold_gain":0,"player_choice":"Ignored","damage_taken":0,"max_hp_gain":0,"max_hp_loss":0,"event_name":"The Mausoleum","floor":28,"gold_loss":0},{"damage_healed":0,"gold_gain":0,"player_choice":"Ignored","damage_taken":0,"max_hp_gain":0,"max_hp_loss":0,"event_name":"Tomb of Lord Red Mask","floor":36,"gold_loss":0},{"damage_healed":0,"gold_gain":333,"player_choice":"Gave Idol","damage_taken":0,"max_hp_gain":0,"max_hp_loss":0,"event_name":"The Moai Head","floor":37,"relics_lost":["Golden Idol"],"gold_loss":0},{"damage_healed":0,"gold_gain":0,"player_choice":"Fight","damage_taken":0,"max_hp_gain":0,"max_hp_loss":0,"event_name":"MindBloom","floor":39,"gold_loss":0},{"damage_healed":0,"gold_gain":0,"player_choice":"Ignored","damage_taken":0,"max_hp_gain":0,"max_hp_loss":0,"event_name":"Mysterious Sphere","floor":41,"gold_loss":0},{"damage_healed":0,"gold_gain":0,"player_choice":"Embrace Madness","damage_taken":9,"max_hp_gain":0,"max_hp_loss":0,"event_name":"Winding Halls","floor":46,"gold_loss":0,"cards_obtained":["Madness","Madness"]}],"is_beta":false,"boss_relics":[{"not_picked":["Pandora\u0027s Box","Runic Pyramid"],"picked":"HoveringKite"},{"not_picked":["Philosopher\u0027s Stone","Runic Dome"],"picked":"Fusion Hammer"}],"items_purged_floors":[0],"is_endless":false,"potions_floor_spawned":[8,22,25,29,48],"killed_by":"The Heart","ascension_level":0}}