{"host":"tq6qmx9nj4kgfpqr","time":1612240591,"event":{"mods":["AchievementEnabler","Bard","BaseMod","Bestiary","Better Match","Better Third Choice","ChefMod","Colored Map","Colored Powertips","Gremlin Skip","Hermit","Minty Spire (QoL Compilation)","Quarter Circle Forward PUNCH!","Quick Restart","READ ME - Guardian Mod","Somnambulant","StSLib","The Bladedancer","The Blue Laboratory","The Construct","The Cursed","The Juggle","The Poker Player","The Sage"],"gold_per_floor":[112,187,95,114,126,126,157,184,184,212,241,269,269,299,299,403,403,413,116,116,20,47,47,81,116,185,220,232,265,265,284,284,389,389,399,399,145,1144,738,738,145,179,179,210,7,40,40,51,51,51],"floor_reached":51,"language":"ENG","playtime":4840,"items_purged":["Normality","Normality"],"score":1251,"play_id":"dbf31423-8e59-4f55-a64e-5c49f2228962","local_time":"20210201233631","daily_mods":["SealedDeck","Heirloom","Time Dilation","Flight","DeadlyEvents","Elite Swarm"],"is_ascension_mode":false,"campfire_choices":[{"data":"Redo","floor":6.0,"key":"SMITH"},{"data":"Multi-Cast","floor":13.0,"key":"SMITH"},{"data":"Echo Form","floor":15.0,"key":"SMITH"},{"data":"Forethought","floor":23.0,"key":"SMITH"},{"data":"Echo Form","floor":30.0,"key":"SMITH"},{"data":"Seek","floor":32.0,"key":"SMITH"},{"data":"Seek","floor":40,"key":"SMITH"},{"data":"Seek","floor":47,"key":"SMITH"},{"data":"Machine Learning","floor":49,"key":"SMITH"}],"circlet_count":0,"master_deck":["Conserve Battery","Fusion+1","Fusion","Go for the Eyes","Conserve Battery","Hologram","Gash","Conserve Battery+1","Gash","FTL","Scrape","Redo+1","Gash","Self Repair","All For One","Electrodynamics","Multi-Cast+1","Echo Form+1","All For One","Hologram+1","Gash","Forethought+1","Meteor Strike","Echo Form+1","Seek+1","Gash+1","Seek+1","All For One","Gash+1","Madness","Madness","Forethought","Meteor Strike","Defragment","Enlightenment","Master of Strategy","Enlightenment","Scrape","Seek+1","Machine Learning+1","Conserve Battery","Defragment","Sunder"],"relics":["Cracked Core","Calipers","Kunai","StrikeDummy","Pantograph","Regal Pillow","Cables","Bag of Marbles","Potion Belt","Black Star","Mummified Hand","MutagenicStrength","Red Mask","CaptainsWheel","Bird Faced Urn","Question Card","TungstenRod","qcfpunch:Red_Gi","War Paint","qcfpunch:Broken_Tusk","Nunchaku","Dream Catcher","SlaversCollar","OrangePellets","Strange Spoon","Torii","Bottled Flame","Bag of Preparation","Singing Bowl","construct:BoolHorns","Orichalcum","construct:FoamFinger"],"acts_visited":["Exordium","TheCity","TheBeyond"],"potions_floor_usage":[50,50],"damage_taken":[{"damage":5.0,"enemies":"Small Slimes","floor":1.0,"turns":3.0},{"damage":0.0,"enemies":"Cultist","floor":4.0,"turns":3.0},{"damage":0.0,"enemies":"Jaw Worm","floor":5.0,"turns":2.0},{"damage":1.0,"enemies":"Gremlin Nob","floor":7.0,"turns":3.0},{"damage":0.0,"enemies":"Lagavulin","floor":8.0,"turns":4.0},{"damage":2.0,"enemies":"3 Sentries","floor":10.0,"turns":3.0},{"damage":0.0,"enemies":"Lagavulin","floor":11.0,"turns":4.0},{"damage":7.0,"enemies":"3 Sentries","floor":12.0,"turns":3.0},{"damage":0.0,"enemies":"Gremlin Nob","floor":14.0,"turns":2.0},{"damage":35.0,"enemies":"Hexaghost","floor":16.0,"turns":6.0},{"damage":13.0,"enemies":"2 Thieves","floor":18.0,"turns":3.0},{"damage":0.0,"enemies":"Masked Bandits","floor":22.0,"turns":2.0},{"damage":0.0,"enemies":"Gremlin Leader","floor":24.0,"turns":2.0},{"damage":20.0,"enemies":"Book of Stabbing","floor":25.0,"turns":3.0},{"damage":12.0,"enemies":"Slavers","floor":27.0,"turns":2.0},{"damage":4.0,"enemies":"Chosen","floor":28.0,"turns":2.0},{"damage":6.0,"enemies":"Gremlin Leader","floor":29.0,"turns":3.0},{"damage":0.0,"enemies":"Centurion and Healer","floor":31.0,"turns":1.0},{"damage":0.0,"enemies":"Champ","floor":33.0,"turns":2.0},{"damage":6.0,"enemies":"3 Shapes","floor":35.0,"turns":3.0},{"damage":1,"enemies":"Giant Head","floor":42,"turns":2},{"damage":0,"enemies":"Nemesis","floor":44,"turns":1},{"damage":0,"enemies":"Giant Head","floor":46,"turns":3},{"damage":0,"enemies":"3 Darklings","floor":48,"turns":2},{"damage":0,"enemies":"Awakened One","floor":50,"turns":2}],"seed_played":"8828098077500795765","potions_obtained":[{"floor":5.0,"key":"EssenceOfSteel"},{"floor":10.0,"key":"blueLaboratory:HummingbirdPotion"},{"floor":11.0,"key":"blueLaboratory:EnragingPotion"},{"floor":16.0,"key":"BlessingOfTheForge"},{"floor":25.0,"key":"FearPotion"},{"floor":27.0,"key":"blueLaboratory:BottledHope"},{"floor":31.0,"key":"blueLaboratory:Moonshine"},{"floor":33.0,"key":"blueLaboratory:NullPotion"},{"floor":44,"key":"EntropicBrew"},{"floor":46,"key":"LiquidMemories"}],"is_trial":true,"path_per_floor":["M","?","$","M","M","R","E","E","T","E","E","E","R","E","R","B",null,"M","$","?","$","?","R","E","E","T","E","M","E","R","M","R","B",null,"M","?","$","?","$","R","$","E","T","E","$","E","R","M","R","B",null],"character_chosen":"DEFECT","items_purchased":["Scrape","Redo","Mummified Hand","Gash","Forethought","Forethought","Meteor Strike","Defragment","Enlightenment","OrangePellets","Master of Strategy","Enlightenment","Scrape","Strange Spoon","Conserve Battery","Defragment","blueLaboratory:RelayPotion","Sunder"],"campfire_rested":0,"item_purchase_floors":[3,3,19,19,21,37,37,39,39,39,41,41,41,41,45,45,45,45],"current_hp_per_floor":[70,63,63,63,63,63,62,69,69,74,75,75,75,75,75,47,75,62,62,62,62,69,69,69,51,51,50,48,61,61,61,61,75,75,75,67,67,67,67,67,67,75,75,75,75,77,77,79,79,79],"gold":51,"neow_bonus":"","is_daily":false,"chose_seed":false,"campfire_upgraded":9,"win_rate":0.0,"timestamp":1612240591,"path_taken":["M","?","$","?","?","R","E","E","T","E","E","E","R","E","R","BOSS","M","$","?","$","?","R","E","E","T","E","?","E","R","M","R","BOSS","M","?","$","?","?","R","$","E","T","E","$","?","R","?","R","BOSS"],"items_purchased_type":["Card","Card","Relic","Card","Card","Card","Card","Card","Card","Relic","Card","Card","Card","Relic","Card","Card","Potion","Card"],"build_version":"2020-12-22","purchased_purges":2,"victory":true,"max_hp_per_floor":[75,75,75,75,75,75,75,75,75,75,75,75,75,75,75,75,75,75,75,75,75,75,75,75,75,75,75,75,75,75,75,75,75,75,75,75,75,75,75,75,75,75,75,75,75,77,77,79,79,79],"card_choices":[{"not_picked":["Stack","Consume","Steam"],"picked":"SKIP","floor":1.0},{"not_picked":["Rebound","Steam"],"picked":"Gash","floor":4.0},{"not_picked":["Tempest","Leap"],"picked":"Self Repair","floor":5.0},{"not_picked":["Hyperbeam","Amplify"],"picked":"All For One","floor":7.0},{"not_picked":["Biased Cognition","Reboot"],"picked":"Electrodynamics","floor":8.0},{"not_picked":["Reboot","Electrodynamics","Thunder Strike"],"picked":"SKIP","floor":10.0},{"not_picked":["Creative AI","Biased Cognition","Rainbow"],"picked":"SKIP","floor":11.0},{"not_picked":["Buffer","Creative AI"],"picked":"Multi-Cast","floor":12.0},{"not_picked":["Electrodynamics","All For One"],"picked":"Echo Form","floor":14.0},{"not_picked":["Rainbow","Amplify"],"picked":"All For One","floor":16.0},{"not_picked":["Heatsinks","Leap"],"picked":"Hologram+1","floor":18.0},{"not_picked":["Electrodynamics","Core Surge"],"picked":"Meteor Strike","floor":24.0},{"not_picked":["Buffer","Electrodynamics"],"picked":"Echo Form","floor":25.0},{"not_picked":["Hyperbeam","Meteor Strike","Buffer"],"picked":"Seek","floor":27.0},{"not_picked":["Sweeping Beam","Conserve Battery","Rebound"],"picked":"Gash+1","floor":28.0},{"not_picked":["Amplify","Reboot","Rainbow"],"picked":"Seek","floor":29.0},{"not_picked":["Cold Snap","Reprogram","Melter","Recycle+1"],"picked":"SKIP","floor":31.0},{"not_picked":["Cold Snap","Reprogram","Melter","Recycle+1"],"picked":"SKIP","floor":31.0},{"not_picked":["Biased Cognition","Electrodynamics","Creative AI"],"picked":"All For One","floor":33.0},{"not_picked":["Redo","Lockon+1","Stack"],"picked":"Gash+1","floor":35.0},{"not_picked":["Hyperbeam","Core Surge","Amplify"],"picked":"Seek","floor":42},{"not_picked":["Hyperbeam","Fission","Electrodynamics"],"picked":"Machine Learning","floor":44},{"not_picked":["Hyperbeam","Buffer","Electrodynamics","Biased Cognition"],"picked":"Singing Bowl","floor":46},{"not_picked":["Leap+1","Steam Power+1","Gash","Genetic Algorithm+1"],"picked":"Singing Bowl","floor":48}],"player_experience":227511,"relics_obtained":[{"floor":7.0,"key":"Kunai"},{"floor":8.0,"key":"StrikeDummy"},{"floor":9.0,"key":"Pantograph"},{"floor":10.0,"key":"Regal Pillow"},{"floor":11.0,"key":"Cables"},{"floor":12.0,"key":"Bag of Marbles"},{"floor":14.0,"key":"Potion Belt"},{"floor":22.0,"key":"Red Mask"},{"floor":24.0,"key":"CaptainsWheel"},{"floor":24.0,"key":"Bird Faced Urn"},{"floor":25.0,"key":"Question Card"},{"floor":25.0,"key":"TungstenRod"},{"floor":26.0,"key":"qcfpunch:Red_Gi"},{"floor":27.0,"key":"War Paint"},{"floor":27.0,"key":"qcfpunch:Broken_Tusk"},{"floor":29.0,"key":"Nunchaku"},{"floor":29.0,"key":"Dream Catcher"},{"floor":42,"key":"Torii"},{"floor":42,"key":"Bottled Flame"},{"floor":43,"key":"Bag of Preparation"},{"floor":44,"key":"Singing Bowl"},{"floor":44,"key":"construct:BoolHorns"},{"floor":46,"key":"Orichalcum"},{"floor":46,"key":"construct:FoamFinger"}],"event_choices":[{"damage_healed":0.0,"max_hp_gain":0.0,"max_hp_loss":0.0,"gold_gain":75.0,"event_name":"FaceTrader","player_choice":"Touch","floor":2.0,"gold_loss":0.0,"damage_taken":7.0},{"damage_healed":0.0,"max_hp_gain":0.0,"max_hp_loss":0.0,"gold_gain":0.0,"event_name":"Drug Dealer","player_choice":"Inject Mutagens","floor":20.0,"gold_loss":0.0,"damage_taken":0.0,"relics_obtained":["MutagenicStrength"]},{"damage_healed":0.0,"max_hp_gain":0.0,"max_hp_loss":0.0,"gold_gain":0.0,"event_name":"Masked Bandits","player_choice":"Fought Bandits","floor":22.0,"gold_loss":0.0,"damage_taken":0.0},{"damage_healed":0.0,"max_hp_gain":0.0,"max_hp_loss":0.0,"gold_gain":0.0,"event_name":"Winding Halls","player_choice":"Embrace Madness","floor":36.0,"gold_loss":0.0,"damage_taken":9.0,"cards_obtained":["Madness","Madness"]},{"damage_healed":0,"gold_gain":999,"player_choice":"Gold","damage_taken":0,"max_hp_gain":0,"max_hp_loss":0,"event_name":"MindBloom","floor":38,"gold_loss":0,"cards_obtained":["Normality","Normality"]}],"is_beta":false,"boss_relics":[{"not_picked":["Inserter","qcfpunch:Dark_Gi"],"picked":"Black Star"},{"not_picked":["qcfpunch:Crimson_Sash","Astrolabe"],"picked":"SlaversCollar"}],"items_purged_floors":[39,41],"is_endless":false,"potions_floor_spawned":[5,10,11,16,25,27,31,33,44,46],"ascension_level":0}}