{"host":"kmq7aw60w430zvtx","time":1612260531,"event":{"mods":["BaseMod","Downfall","GifTheSpireLib","Hermit","Hubris","Minty Spire (QoL Compilation)","Reliquary","Replay The Spire","StSLib","The Construct","The Cursed","The Hierophant","The Jungle","The Necromancer","The Runesmith"],"gold_per_floor":[114,114,114,132,144,144,14,42,65,19,37,68,84,104,104,201,201,212,212,212,228,23,58,58,58],"floor_reached":24,"language":"ENG","playtime":1287,"items_purged":["Strike_G"],"score":316,"play_id":"16332a68-3fce-49e6-831e-8ff518c91499","local_time":"20210202110851","is_ascension_mode":true,"campfire_choices":[{"floor":6,"key":"RECALL"},{"floor":15,"key":"REST"}],"circlet_count":0,"master_deck":["Strike_G","Strike_G","Strike_G","Strike_G","Defend_G","Defend_G+1","Defend_G","Defend_G","Defend_G+1","Survivor","Neutralize","Corpse Explosion","Deadly Poison","Bane","Bane","Escape Plan","Escape Plan","Caltrops","Slice","Deflect","Distraction","Masterful Stab","Dodge and Roll","Deadly Poison","Escape Plan","Bouncing Flask","Deflect"],"relics":["Ring of the Snake","HornCleat","Dream Catcher","Regal Pillow","hubris:Backtick","reliquary:RadioactivePellet","Snake Skull","reliquary:IridiumChain"],"acts_visited":["Exordium","TheCity"],"potions_floor_usage":[12,16,16,16,23],"damage_taken":[{"damage":0,"enemies":"Cultist","floor":1,"turns":4},{"damage":0,"enemies":"Small Slimes","floor":4,"turns":3},{"damage":0,"enemies":"Jaw Worm","floor":5,"turns":3},{"damage":23,"enemies":"Lagavulin","floor":8,"turns":6},{"damage":0,"enemies":"Looter","floor":11,"turns":3},{"damage":2,"enemies":"3 Sentries","floor":12,"turns":4},{"damage":2,"enemies":"3 Louse","floor":13,"turns":3},{"damage":16,"enemies":"Large Slime","floor":14,"turns":4},{"damage":18,"enemies":"The Guardian","floor":16,"turns":9},{"damage":0,"enemies":"Chosen","floor":18,"turns":4},{"damage":0,"enemies":"3 Byrds","floor":21,"turns":3},{"damage":35,"enemies":"Book of Stabbing","floor":23,"turns":6},{"damage":49,"enemies":"Centurion and Healer","floor":24,"turns":5}],"seed_played":"-5088654139907804125","potions_obtained":[{"floor":8,"key":"Weak Potion"},{"floor":11,"key":"Swift Potion"},{"floor":13,"key":"SteroidPotion"},{"floor":14,"key":"Adrenaline Potion"},{"floor":16,"key":"bronze:BurnAndBuffPotion"},{"floor":21,"key":"hexamod:SoulburnPotion"}],"is_trial":false,"path_per_floor":["M","?","?","M","M","R","$","E","T","$","M","E","M","M","R","B",null,"M","?","?","M","$","E","M"],"character_chosen":"THE_SILENT","items_purchased":["Escape Plan","Slice","Snake Skull","Poison Potion"],"campfire_rested":1,"item_purchase_floors":[7,10,22,22],"current_hp_per_floor":[63,49,49,49,49,49,49,26,26,26,26,24,22,6,42,24,59,59,43,80,80,80,45,0,0],"gold":58,"neow_bonus":"ONE_RANDOM_RARE_CARD","is_daily":false,"chose_seed":false,"campfire_upgraded":0,"win_rate":0.0,"timestamp":1612260531,"path_taken":["M","?","?","M","M","R","$","E","T","?","M","E","M","M","R","BOSS","M","?","?","M","$","E","M"],"items_purchased_type":["Card","Card","Relic","Potion"],"build_version":"2020-12-22","purchased_purges":1,"victory":false,"max_hp_per_floor":[70,70,70,70,70,70,70,70,70,70,70,70,70,70,70,70,70,70,70,80,80,80,80,80,80],"card_choices":[{"not_picked":["Bane","Flying Knee"],"picked":"Deadly Poison","floor":1},{"not_picked":["hubris:Counter","Hidden Blade"],"picked":"Bane","floor":4},{"not_picked":["Riddle With Holes","Reflex"],"picked":"Bane","floor":5},{"not_picked":["Finisher","Bullet Time"],"picked":"Caltrops","floor":8},{"not_picked":["ReplayTheSpireMod:Shiv Toss","Prepared"],"picked":"Deflect","floor":11},{"not_picked":["Backflip","Dagger Throw"],"picked":"Distraction","floor":12},{"not_picked":["Prepared","hubris:SlightOfHand"],"picked":"Masterful Stab","floor":13},{"not_picked":["Bane","Expertise"],"picked":"Dodge and Roll","floor":14},{"not_picked":["Escape Plan","Tactician"],"picked":"Deadly Poison","floor":15},{"not_picked":["Glass Knife","Bullet Time"],"picked":"Tools of the Trade","floor":16},{"not_picked":["Outmaneuver+1","Infinite Blades"],"picked":"Escape Plan","floor":18},{"not_picked":["Outmaneuver","Hidden Blade"],"picked":"Bouncing Flask","floor":21},{"not_picked":["Underhanded Strike+1","Reflex"],"picked":"Deflect","floor":23}],"player_experience":324629,"relics_obtained":[{"floor":8,"key":"HornCleat"},{"floor":9,"key":"Dream Catcher"},{"floor":12,"key":"Regal Pillow"},{"floor":23,"key":"reliquary:IridiumChain"}],"event_choices":[{"damage_healed":0,"gold_gain":0,"player_choice":"Entered Light","damage_taken":14,"max_hp_gain":0,"max_hp_loss":0,"event_name":"Shining Light","floor":2,"gold_loss":0,"cards_upgraded":["Defend_G","Defend_G"]},{"damage_healed":0,"gold_gain":0,"player_choice":"Ignored","damage_taken":0,"max_hp_gain":0,"max_hp_loss":0,"event_name":"Golden Wing","floor":3,"gold_loss":0},{"damage_healed":0,"gold_gain":0,"player_choice":"Obtained Book","damage_taken":16,"max_hp_gain":0,"max_hp_loss":0,"event_name":"Cursed Tome","floor":19,"gold_loss":0},{"cards_removed":["Tools of the Trade"],"damage_healed":27,"gold_gain":0,"player_choice":"Offered Rare","damage_taken":0,"max_hp_gain":10,"max_hp_loss":0,"event_name":"Bonfire Elementals","floor":20,"gold_loss":0}],"is_beta":false,"boss_relics":[{"not_picked":["Replay:Bronze Core","hubris:VirtuousBlindfold"],"picked":"hubris:Backtick"}],"items_purged_floors":[7],"is_endless":false,"potions_floor_spawned":[8,11,13,14,16,21],"killed_by":"Centurion and Healer","ascension_level":8}}