{"host":"25fn74ijs2305xd4","time":1612298090,"event":{"mods":["AchievementEnabler","BaseMod","Colored Map","Colored Powertips","Dark Map","Minty Spire (QoL Compilation)","Relic Stats","StSLib"],"gold_per_floor":[112,30,50,68,79,114,114,145,213,213,223,173,189,203,203,298,298,313,323,323,334,39,39,39],"floor_reached":23,"language":"POL","playtime":616,"items_purged":["Strike_B"],"score":277,"play_id":"d9026688-84cb-446c-8069-a607821a4f41","local_time":"20210202213450","is_ascension_mode":true,"campfire_choices":[{"floor":7,"key":"REST"},{"data":"Barrage","floor":10,"key":"SMITH"},{"floor":15,"key":"REST"}],"circlet_count":0,"master_deck":["Strike_B","Strike_B","Defend_B","Defend_B","Defend_B","Defend_B","Zap","Dualcast","Ball Lightning","Self Repair","Ball Lightning","Barrage+1","Cold Snap","Genetic Algorithm","Defragment","Coolheaded","Hologram","Meteor Strike","Doom and Gloom","FTL","Compile Driver+1","Loop"],"relics":["Cracked Core","NeowsBlessing","Pear","Unceasing Top","Mercury Hourglass","Busted Crown","Toolbox"],"acts_visited":["Exordium","TheCity"],"potions_floor_usage":[14],"damage_taken":[{"damage":0,"enemies":"Cultist","floor":1,"turns":1},{"damage":0,"enemies":"Small Slimes","floor":3,"turns":1},{"damage":0,"enemies":"2 Louse","floor":4,"turns":1},{"damage":19,"enemies":"Exordium Wildlife","floor":5,"turns":4},{"damage":40,"enemies":"3 Sentries","floor":6,"turns":5},{"damage":28,"enemies":"Lagavulin","floor":8,"turns":5},{"damage":8,"enemies":"Gremlin Gang","floor":11,"turns":3},{"damage":5,"enemies":"3 Louse","floor":13,"turns":2},{"damage":14,"enemies":"Exordium Thugs","floor":14,"turns":3},{"damage":55,"enemies":"The Guardian","floor":16,"turns":10},{"damage":5,"enemies":"Chosen","floor":18,"turns":3},{"damage":19,"enemies":"Spheric Guardian","floor":19,"turns":4},{"damage":24,"enemies":"Snake Plant","floor":21,"turns":4},{"damage":0,"enemies":"Slavers","floor":23,"turns":1}],"seed_played":"-4287522391804724128","potions_obtained":[{"floor":5,"key":"Energy Potion"},{"floor":6,"key":"BlessingOfTheForge"},{"floor":13,"key":"Dexterity Potion"},{"floor":16,"key":"SneckoOil"},{"floor":21,"key":"Fire Potion"}],"is_trial":false,"path_per_floor":["M","$","M","M","M","E","R","E","T","R","M","?","M","M","R","B",null,"M","M","?","M","$","E"],"character_chosen":"DEFECT","items_purchased":["Self Repair","Toolbox","Loop"],"campfire_rested":2,"item_purchase_floors":[2,22,22],"current_hp_per_floor":[68,68,68,75,63,40,65,44,44,44,36,36,38,31,56,8,66,68,56,56,39,39,39,39],"gold":39,"neow_bonus":"THREE_ENEMY_KILL","is_daily":false,"chose_seed":false,"campfire_upgraded":1,"win_rate":0.0,"timestamp":1612298090,"path_taken":["M","$","M","?","M","E","R","E","T","R","M","?","M","M","R","BOSS","M","M","?","M","?","E"],"items_purchased_type":["Card","Relic","Card"],"build_version":"2020-12-22","purchased_purges":1,"victory":false,"max_hp_per_floor":[75,75,75,75,75,85,85,85,85,85,85,85,85,85,85,85,85,85,85,85,85,85,85,85],"relic_stats":{"Busted Crown":6,"counters":[14,44],"obtain_stats":[{"Pear":6,"Busted Crown":17,"NeowsBlessing":0,"Toolbox":22,"Cracked Core":0,"Unceasing Top":8,"Mercury Hourglass":9},{"Pear":5,"Busted Crown":10,"NeowsBlessing":0,"Toolbox":13,"Cracked Core":0,"Unceasing Top":6,"Mercury Hourglass":6},{"Pear":12,"Busted Crown":33,"NeowsBlessing":0,"Toolbox":43,"Cracked Core":0,"Unceasing Top":17,"Mercury Hourglass":17}],"Unceasing Top":[1],"Mercury Hourglass":[109]},"card_choices":[{"not_picked":["Coolheaded","Go for the Eyes"],"picked":"Ball Lightning","floor":1},{"not_picked":["Reprogram","Auto Shields","Barrage"],"picked":"SKIP","floor":3},{"not_picked":["Rebound","Sweeping Beam"],"picked":"Ball Lightning","floor":4},{"not_picked":["Streamline","Rebound"],"picked":"Barrage","floor":5},{"not_picked":["Blizzard","Rip and Tear"],"picked":"Cold Snap","floor":6},{"not_picked":["BootSequence","Tempest"],"picked":"Genetic Algorithm","floor":8},{"not_picked":["Static Discharge","Hologram"],"picked":"Defragment","floor":11},{"not_picked":["Undo","Rebound"],"picked":"Coolheaded","floor":13},{"not_picked":["Double Energy","Leap"],"picked":"Hologram","floor":14},{"not_picked":["Seek","Multi-Cast"],"picked":"Meteor Strike","floor":16},{"not_picked":[],"picked":"Doom and Gloom","floor":18},{"not_picked":[],"picked":"FTL","floor":19},{"not_picked":[],"picked":"Compile Driver+1","floor":21}],"player_experience":81462,"relics_obtained":[{"floor":6,"key":"Pear"},{"floor":8,"key":"Unceasing Top"},{"floor":9,"key":"Mercury Hourglass"}],"event_choices":[{"cards_removed":["Strike_B"],"damage_healed":0,"gold_gain":0,"player_choice":"Card Removal","damage_taken":0,"max_hp_gain":0,"max_hp_loss":0,"event_name":"The Cleric","floor":12,"gold_loss":50},{"damage_healed":0,"gold_gain":0,"player_choice":"0 cards matched","damage_taken":0,"max_hp_gain":0,"max_hp_loss":0,"event_name":"Match and Keep!","floor":20,"gold_loss":0,"cards_obtained":[]}],"is_beta":false,"boss_relics":[{"not_picked":["Philosopher\u0027s Stone","Sozu"],"picked":"Busted Crown"}],"items_purged_floors":[22],"is_endless":false,"potions_floor_spawned":[5,6,13,16,21],"killed_by":"Slavers","ascension_level":7}}