{"host":"7f01flv6y0vhl3vt","time":1612291344,"event":{"mods":["Act Like it!","BaseMod","Downfall","Minty Spire (QoL Compilation)","StSLib"],"gold_per_floor":[99,115,126,142,160,190,215,15,31,31,16,16,16,30,46,141,141,141,161,178,197,197,29,107,17,35,35,35,35,35,35],"floor_reached":29,"language":"ENG","playtime":16156,"items_purged":["Parasite"],"score":252,"play_id":"1639f616-5a2a-44a3-ba78-991a284060e9","local_time":"20210202134223","is_ascension_mode":false,"campfire_choices":[{"floor":1.0,"key":"RECALL"},{"floor":8.0,"key":"REST"},{"floor":10.0,"key":"REST"},{"data":"sneckomod:Unknown3Cost","floor":13.0,"key":"SMITH"},{"data":"sneckomod:Cheat","floor":18.0,"key":"SMITH"},{"floor":27,"key":"REST"}],"circlet_count":0,"master_deck":["sneckomod:Strike","sneckomod:Strike","sneckomod:Strike","sneckomod:Defend","sneckomod:Defend","sneckomod:Defend","sneckomod:TailWhip","sneckomod:SnekBite","sneckomod:Unknown","sneckomod:Unknown","sneckomod:UnknownUncommonAttack","sneckomod:SoulRoll","sneckomod:Unknown3Cost+1","sneckomod:UnknownDraw","sneckomod:SoulCleanse","sneckomod:DiceCrush","sneckomod:Cheat+1","sneckomod:UnknownUncommonPower","sneckomod:UnknownDexterity","sneckomod:UnknownRarePower+1","sneckomod:SlitherStrike","sneckomod:UnendingSupply","sneckomod:UnknownClassTHE_BRONZE_AUTOMATON+1","sneckomod:Rotation","sneckomod:DiceCrush+1","sneckomod:UnknownUncommonPower"],"relics":["sneckomod:SneckoSoul","Orichalcum","downfall:HeartBlessingBlue","downfall:HeartBlessingRed","Sozu","Centennial Puzzle","Mercury Hourglass","Smiling Mask"],"acts_visited":[],"potions_floor_usage":[21],"damage_taken":[{"damage":9.0,"enemies":"Cultist","floor":2.0,"turns":4.0},{"damage":0.0,"enemies":"Small Slimes","floor":3.0,"turns":3.0},{"damage":8.0,"enemies":"2 Louse","floor":4.0,"turns":2.0},{"damage":19.0,"enemies":"Exordium Wildlife","floor":5.0,"turns":4.0},{"damage":51.0,"enemies":"Gremlin Nob","floor":6.0,"turns":5.0},{"damage":6.0,"enemies":"2 Fungi Beasts","floor":9.0,"turns":4.0},{"damage":3.0,"enemies":"downfall:FleeingMerchant","floor":11.0,"turns":4.0},{"damage":13.0,"enemies":"Lots of Slimes","floor":14.0,"turns":4.0},{"damage":27.0,"enemies":"Exordium Thugs","floor":15.0,"turns":5.0},{"damage":22.0,"enemies":"IC_STATUS_ARCHETYPE","floor":16.0,"turns":5.0},{"damage":20,"enemies":"Spheric Guardian","floor":19,"turns":5},{"damage":48,"enemies":"3 Byrds","floor":20,"turns":9},{"damage":15,"enemies":"Centurion and Healer","floor":21,"turns":6},{"damage":4,"enemies":"downfall:FleeingMerchant","floor":23,"turns":4},{"damage":15,"enemies":"downfall:FleeingMerchant","floor":25,"turns":4},{"damage":9,"enemies":"Snake Plant","floor":26,"turns":3},{"damage":37,"enemies":"Gremlin Leader","floor":29,"turns":2}],"seed_played":"7551205522111902898","potions_obtained":[{"floor":6.0,"key":"PowerPotion"},{"floor":14.0,"key":"Swift Potion"},{"floor":15.0,"key":"Strength Potion"}],"is_trial":false,"path_per_floor":["R","M","M","M","M","E","T","R","M","R","$","?","R","M","M","B",null,"R","M","M","M","?","$","T","$","M","R","?","E"],"character_chosen":"THE_SNECKO","items_purchased":["Centennial Puzzle"],"campfire_rested":3,"item_purchase_floors":[23],"current_hp_per_floor":[99,90,90,82,63,12,12,54,48,80,77,104,104,91,68,46,109,109,96,48,33,33,29,29,14,5,36,36,0,0,0],"gold":35,"neow_bonus":"TEN_PERCENT_HP_BONUS","is_daily":false,"chose_seed":false,"campfire_upgraded":2,"win_rate":0.0,"timestamp":1612291343,"path_taken":["R","M","M","?","M","E","T","R","M","R","$","?","R","M","M","BOSS","R","M","M","M","?","$","T","?","M","R","?","E"],"items_purchased_type":["Relic"],"build_version":"2020-12-22","purchased_purges":1,"victory":false,"max_hp_per_floor":[99,99,99,99,99,99,99,109,109,109,109,109,109,109,109,109,109,109,109,109,109,109,109,109,106,106,106,106,106,106,106],"card_choices":[{"not_picked":["sneckomod:DiceCrush","sneckomod:UnknownWeak"],"picked":"sneckomod:UnknownUncommonAttack","floor":2.0},{"not_picked":["sneckomod:UnknownCommonAttack","sneckomod:QuickMove"],"picked":"sneckomod:SoulRoll","floor":3.0},{"not_picked":["sneckomod:Unknown1Cost","sneckomod:UnknownUncommonSkill"],"picked":"sneckomod:Unknown3Cost","floor":4.0},{"not_picked":["sneckomod:SoulRoll","sneckomod:SoulDraw"],"picked":"sneckomod:UnknownDraw","floor":5.0},{"not_picked":["sneckomod:SoulDraw","sneckomod:UnknownCommonAttack"],"picked":"sneckomod:SoulCleanse","floor":6.0},{"not_picked":["sneckomod:DiceBlock","sneckomod:QuickMove"],"picked":"sneckomod:DiceCrush","floor":9.0},{"not_picked":["sneckomod:SoulDraw","sneckomod:SoulRoll"],"picked":"sneckomod:Cheat","floor":11.0},{"not_picked":["sneckomod:UnknownBlock","sneckomod:UnknownCommonSkill"],"picked":"sneckomod:UnknownUncommonPower","floor":14.0},{"not_picked":["sneckomod:DiceBlock","sneckomod:WideSting"],"picked":"sneckomod:UnknownDexterity","floor":15.0},{"not_picked":["sneckomod:GlitteringGambit","sneckomod:UnknownRareSkill"],"picked":"sneckomod:UnknownRarePower","floor":16.0},{"not_picked":["sneckomod:Nope","sneckomod:Unknown2Cost"],"picked":"sneckomod:SlitherStrike","floor":19},{"not_picked":["sneckomod:UnknownExhaust","sneckomod:Nope"],"picked":"sneckomod:UnendingSupply","floor":20},{"not_picked":["sneckomod:WideSting","sneckomod:DiceCrush"],"picked":"sneckomod:UnknownClassTHE_BRONZE_AUTOMATON+1","floor":21},{"not_picked":["sneckomod:UnknownClassBLUE","sneckomod:UnknownColorless"],"picked":"sneckomod:Rotation","floor":23},{"not_picked":["sneckomod:Unknown1Cost","sneckomod:IronFang"],"picked":"sneckomod:DiceCrush+1","floor":25},{"not_picked":["sneckomod:DiceCrush","sneckomod:ImprovisedAttack"],"picked":"sneckomod:UnknownUncommonPower","floor":26}],"player_experience":1566797,"relics_obtained":[{"floor":6.0,"key":"Orichalcum"},{"floor":24,"key":"Mercury Hourglass"}],"event_choices":[{"damage_healed":27.0,"max_hp_gain":0.0,"max_hp_loss":0.0,"gold_gain":0.0,"event_name":"Mushrooms","player_choice":"Healed and dodged fight","floor":12.0,"gold_loss":0.0,"damage_taken":0.0,"cards_obtained":["Parasite"]},{"damage_healed":0,"gold_gain":0,"player_choice":"Forge","damage_taken":0,"max_hp_gain":0,"max_hp_loss":0,"event_name":"Accursed Blacksmith","floor":22,"gold_loss":0,"cards_upgraded":["sneckomod:UnknownRarePower"]}],"is_beta":false,"boss_relics":[{"not_picked":["Coffee Dripper","Snecko Eye"],"picked":"Sozu"}],"items_purged_floors":[25],"is_endless":false,"potions_floor_spawned":[6,14,15,26],"killed_by":"Gremlin Leader","ascension_level":0}}