{"host":"rguvlafm46vqn9ib","time":1612250289,"event":{"mods":["2.2 Compatiblity","AchievementEnabler","Act Like it!","Arknights","Aspiration","BaseMod","Beaked The Cultist","Better Match","Better Note","Better Third Choice","BetterRewards","Colored Map","Downfall","Elementarium","GifTheSpireLib","Hermit","Highlight Path","Hubris","JesterMod","Mad Scientist","Minty Spire (QoL Compilation)","RRrroohrrRGHHhhh!!","Reliquary","Reorder Act Four","Replay The Spire","Retaliation","SCP261 Mod","Small Relic Pack","Spikes Relics","StSLib","Stuff the Spire","The Blackbeard","The Bug Knight","The Construct","The Death Knight","The Disciple","The Forsaken","The Judge","The Marked","The Mystic","The Necromancer","The Problem Sleuth","The Runesmith","TheSwordswoman"],"gold_per_floor":[109,109,71,171,182,214,227,227,227,227,256,268,284,74,74,176,176,187,287,287,299,317,317,317,335,335,36,52,52,66,80,80,175,175,187,15,32,50,69,69,86,86,138,56,56,56,68,93,93,93],"floor_reached":51,"language":"ENG","playtime":4855,"items_purged":[],"score":716,"play_id":"12a70899-5863-4b43-9346-c7844c70d96e","local_time":"20210202071809","is_ascension_mode":false,"campfire_choices":[{"floor":8,"key":"REST"},{"floor":10,"key":"REST"},{"floor":15,"key":"REST"},{"data":"ats:Neurotoxin","floor":23,"key":"SMITH"},{"floor":32,"key":"REST"},{"floor":40,"key":"REST"},{"data":"ats:Roar Of Ursus","floor":42,"key":"SMITH"},{"floor":49,"key":"REST"}],"circlet_count":0,"master_deck":["ats:Strike C","ats:Strike G","ats:Strike S","ats:Strike V","ats:Armor Crushing Shot","ats:Defend","ats:Defend","ats:Defend","ats:Defend","ats:Emotion Absorption","ats:Neurotoxin+1","ReplayUltimateDefense","ats:Explosion Area Strengthen","ats:Part Time Job","ats:Curse Doll","ats:Powerful Strike","ats:Sunburst","ats:Explosion Area Strengthen","ats:Leaping Hammer","ats:Nebulous Foxfire","ats:Ambush","ats:Thermite Blade+1","ats:Hammer On","ats:Ignite+1","ats:Ignite","ats:Explosion Area Strengthen","ats:Roar Of Ursus+1","ats:Healing Strengthening+1","ats:Hammer On","ats:Wolf Pack","ats:Encircling Forest+1","ats:Magnetic Hammer","ats:Flexible Camouflage","ats:Shadow Raid","ats:Thorns+1","ats:Shadow Raid+1","Parasite","ats:Consecutive Shot Auto","ats:Defend Order","ats:Powerful Strike","ats:Neurotoxin+1","ats:Flexible Camouflage+1","ats:Defend Order"],"relics":["ats:Sanity","theForsaken:Kindling","hubris:Towel","ats:Originium","Thread and Needle","ReplayTheSpireMod:Shallot","StuffTheSpire:OldFever","bronze:MakeshiftBattery","Torii","aspiration:StickyExplosives_weak","DeathKnight:SindragosasSkull","ats:Omniscience","Replay:Baseball","Pen Nib"],"acts_visited":["Exordium","TheCity","TheBeyond"],"potions_floor_usage":[16,16,18,28,33,33,33,38,39,50],"damage_taken":[{"damage":6,"enemies":"Jaw Worm","floor":1,"turns":4},{"damage":0,"enemies":"2 Louse","floor":5,"turns":4},{"damage":34,"enemies":"HollowMod:MossKnight","floor":6,"turns":9},{"damage":0,"enemies":"Cultist","floor":7,"turns":3},{"damage":18,"enemies":"Gremlin Nob","floor":11,"turns":5},{"damage":0,"enemies":"3 Louse","floor":12,"turns":2},{"damage":0,"enemies":"Exordium Wildlife","floor":13,"turns":3},{"damage":35,"enemies":"The Guardian","floor":16,"turns":13},{"damage":14,"enemies":"2 Thieves","floor":18,"turns":4},{"damage":5,"enemies":"Spheric Guardian","floor":21,"turns":4},{"damage":11,"enemies":"Snake Plant","floor":22,"turns":4},{"damage":13,"enemies":"Snecko","floor":25,"turns":5},{"damage":1,"enemies":"Shelled Parasite and Fungi","floor":28,"turns":3},{"damage":12,"enemies":"Sentry and Sphere","floor":30,"turns":4},{"damage":0,"enemies":"Chosen and Byrds","floor":31,"turns":4},{"damage":38,"enemies":"Automaton","floor":33,"turns":10},{"damage":19,"enemies":"3 Darklings","floor":35,"turns":4},{"damage":0,"enemies":"Orb Walker","floor":37,"turns":4},{"damage":24,"enemies":"Sphere and 2 Shapes","floor":38,"turns":5},{"damage":15,"enemies":"4 Shapes","floor":39,"turns":7},{"damage":0,"enemies":"Writhing Mass","floor":41,"turns":8},{"damage":6,"enemies":"Spire Growth","floor":47,"turns":6},{"damage":40,"enemies":"Nemesis","floor":48,"turns":5},{"damage":114,"enemies":"Time Eater","floor":50,"turns":15}],"seed_played":"-3344419445210483448","potions_obtained":[{"floor":7,"key":"SCP261:ClockworkPotion"},{"floor":12,"key":"PowerPotion"},{"floor":16,"key":"Regen Potion"},{"floor":25,"key":"AttackPotion"},{"floor":28,"key":"SpeedPotion"},{"floor":30,"key":"Strength Potion"},{"floor":31,"key":"Languid Potion"},{"floor":35,"key":"ats:Top Emergency Sanity Potion"},{"floor":48,"key":"SCP261:SweetSwarmPotion"}],"is_trial":false,"path_per_floor":["M","?","$","?","M","E","M","R","T","R","E","M","M","$","R","B",null,"M","?","?","M","M","R","?","M","T","$","M","T","M","M","R","B",null,"M","$","M","M","M","R","M","R","T","$","?","?","M","E","R","B",null],"character_chosen":"DOCTOR_CLASS","items_purchased":["theForsaken:Kindling","ats:Neurotoxin","ReplayUltimateDefense","ats:Part Time Job","ats:Nebulous Foxfire","Reflective Coating","aspiration:StickyExplosives_weak","ats:Explosion Area Strengthen","ats:Magnetic Hammer","Explosive Potion","ats:Flexible Camouflage","ats:Defend Order","ats:Powerful Strike"],"campfire_rested":6,"item_purchase_floors":[0,0,0,3,14,14,27,27,36,36,36,44,44],"current_hp_per_floor":[66,66,66,66,71,39,39,65,65,82,64,64,64,64,87,55,87,76,76,76,77,66,66,66,71,71,71,70,70,64,64,92,92,92,73,73,73,59,58,90,97,97,97,97,97,97,91,56,90,12],"gold":93,"neow_bonus":"","is_daily":false,"chose_seed":false,"campfire_upgraded":2,"win_rate":0.0,"timestamp":1612250289,"path_taken":["M","?","$","?","M","E","?","R","T","R","E","M","M","$","R","BOSS","M","?","?","M","M","R","?","M","T","$","M","?","M","M","R","BOSS","M","$","M","M","?","R","M","R","T","$","?","?","M","E","R","BOSS"],"items_purchased_type":["Relic","Card","Card","Card","Card","Potion","Relic","Card","Card","Potion","Card","Card","Card"],"build_version":"2020-12-22","purchased_purges":0,"victory":true,"max_hp_per_floor":[72,72,72,72,72,72,72,77,77,82,82,82,82,82,87,87,87,87,87,87,87,87,87,87,87,87,87,87,87,87,87,92,92,92,92,92,92,92,92,97,97,97,97,97,97,97,97,97,102,102],"card_choices":[{"not_picked":["ats:Cat Scratch","ats:Assault Order"],"picked":"ats:Explosion Area Strengthen","floor":1},{"not_picked":["ats:Absolute Focus","ats:Assault Order"],"picked":"ats:Hammer On","floor":5},{"not_picked":["ats:Leaping Hammer","ats:Demon Strength"],"picked":"ats:Curse Doll","floor":6},{"not_picked":["ats:Durian","ats:Guard Mode"],"picked":"ats:Powerful Strike","floor":7},{"not_picked":["ats:Hook Shot","ats:Assault Order"],"picked":"ats:Sunburst","floor":11},{"not_picked":["ats:Demon Strength","ats:Shell Defense"],"picked":"ats:Explosion Area Strengthen","floor":12},{"not_picked":["ats:Overload","ats:Blood Oath"],"picked":"ats:Leaping Hammer","floor":13},{"not_picked":["ats:Disruption Kick","ats:Durian"],"picked":"ats:Ambush","floor":16},{"not_picked":["ats:Healing Strengthening","ats:Consecutive Shot Auto"],"picked":"ats:Thermite Blade+1","floor":18},{"not_picked":["ats:Revitalization","ats:Flame Of Heaven+1"],"picked":"ats:Hammer On","floor":21},{"not_picked":["ats:Composite Medical Shells","ats:Apocalypse"],"picked":"ats:Ignite+1","floor":22},{"not_picked":["ats:Cat Scratch+1","ats:Volcano"],"picked":"ats:Ignite","floor":25},{"not_picked":["ats:Literary Storm","ats:Assault Order"],"picked":"ats:Roar Of Ursus","floor":28},{"not_picked":["ats:Explosion Area Strengthen","ats:Soul Rend"],"picked":"ats:Healing Strengthening+1","floor":30},{"not_picked":["ats:Spore Proliferation","ats:Leaping Hammer"],"picked":"ats:Hammer On","floor":31},{"not_picked":["ats:True Silver Slash","ats:Ambush"],"picked":"ats:Wolf Pack","floor":33},{"not_picked":["ats:Cat Scratch","ats:Shell Defense+1"],"picked":"ats:Encircling Forest+1","floor":35},{"not_picked":["ats:Sunburst","ats:Cat Scratch"],"picked":"ats:Shadow Raid","floor":37},{"not_picked":["ats:Hammer On","ats:Sunburst+1"],"picked":"ats:Thorns+1","floor":38},{"not_picked":["ats:Guard Mode+1","ats:Shell Defense+1"],"picked":"ats:Shadow Raid+1","floor":39},{"not_picked":["ats:Shell Defense","ats:Song Of Battle"],"picked":"ats:Consecutive Shot Auto","floor":41},{"not_picked":["ats:Consecutive Shot Auto","ats:Red Shift"],"picked":"ats:Flexible Camouflage+1","floor":47},{"not_picked":["ats:Healing Strengthening","ats:Magnetic Hammer+1"],"picked":"ats:Defend Order","floor":48}],"player_experience":983592,"relics_obtained":[{"floor":6,"key":"ats:Originium"},{"floor":6,"key":"Thread and Needle"},{"floor":9,"key":"ReplayTheSpireMod:Shallot"},{"floor":11,"key":"ats:Originium"},{"floor":11,"key":"StuffTheSpire:OldFever"},{"floor":26,"key":"Torii"},{"floor":29,"key":"DeathKnight:SindragosasSkull"},{"floor":43,"key":"Replay:Baseball"},{"floor":48,"key":"ats:Originium"},{"floor":48,"key":"Pen Nib"}],"event_choices":[{"damage_healed":0,"gold_gain":100,"player_choice":"Pray","damage_taken":0,"max_hp_gain":0,"max_hp_loss":0,"event_name":"Golden Shrine","floor":4,"gold_loss":0},{"damage_healed":0,"gold_gain":100,"player_choice":"Pray","damage_taken":0,"max_hp_gain":0,"max_hp_loss":0,"event_name":"Golden Shrine","floor":19,"gold_loss":0},{"cards_removed":["ats:Part Time Job"],"damage_healed":0,"gold_gain":0,"player_choice":"Give","damage_taken":0,"max_hp_gain":0,"max_hp_loss":0,"event_name":"betterNote:BetterNote","floor":20,"gold_loss":0,"cards_obtained":["None"]},{"cards_removed":["ats:Hammer On"],"damage_healed":0,"gold_gain":0,"player_choice":"Removed Attack","damage_taken":0,"max_hp_gain":0,"max_hp_loss":0,"event_name":"Falling","floor":45,"gold_loss":0},{"damage_healed":0,"gold_gain":0,"player_choice":"Copied","damage_taken":0,"max_hp_gain":0,"max_hp_loss":0,"event_name":"Duplicator","floor":46,"gold_loss":0,"cards_obtained":["ats:Neurotoxin"]}],"is_beta":false,"boss_relics":[{"not_picked":["StuffTheSpire:ModemDavis","Philosopher\u0027s Stone"],"picked":"bronze:MakeshiftBattery"},{"not_picked":["StuffTheSpire:Kangaroo","Replay:Drink Me"],"picked":"ats:Omniscience"}],"items_purged_floors":[],"is_endless":false,"potions_floor_spawned":[7,12,16,25,28,30,31,35,48],"ascension_level":0}}