{"host":"52m1o8iwwagurbjs","time":1612301974,"event":{"mods":["AchievementEnabler","BaseMod","Bestiary","Colored Powertips","GifTheSpireLib","Minty Spire (QoL Compilation)","Quick Restart","RNG Fix","Relic Stats","StSLib"],"gold_per_floor":[111,121,131,145,163,198,215,243,296,296,324,324,32,51,51,147,147,161,121,134,134,86,86,120,132,179,196,206,236,345,386,386,490,517,529,579,579,369,369,403,158,158,158,183,538,566,566,576,576,576],"floor_reached":51,"language":"ENG","playtime":2315,"items_purged":["Strike_R","Anger"],"score":949,"play_id":"c59d2bd3-a9a3-43a3-8c06-9a71ddc3bce8","local_time":"20210202163934","is_ascension_mode":true,"campfire_choices":[{"data":"Immolate","floor":10.0,"key":"SMITH"},{"data":"Strike_R","floor":15.0,"key":"PURGE"},{"data":"Strike_R","floor":23.0,"key":"PURGE"},{"data":"Entrench","floor":32.0,"key":"SMITH"},{"data":"True Grit","floor":42,"key":"SMITH"},{"floor":47,"key":"DIG"},{"data":"Barricade","floor":49,"key":"SMITH"}],"circlet_count":0,"master_deck":["Defend_R","Defend_R","Bash","Twin Strike","Spot Weakness","Immolate+1","Rage","Disarm","Shockwave","Exhume","Warcry","Bludgeon","Second Wind","Entrench+1","Barricade+1","Twin Strike+1","Shrug It Off","Spot Weakness","Power Through+1","Corruption","Hemokinesis+1","Shrug It Off+1","Impervious+1","Shrug It Off","Shrug It Off","True Grit+1","Burning Pact+1","Dark Embrace"],"relics":["Burning Blood","Lizard Tail","Peace Pipe","Potion Belt","Bottled Flame","StrikeDummy","Busted Crown","Pear","CeramicFish","Anchor","Magic Flower","Ornamental Fan","Vajra","Astrolabe","StoneCalendar","Membership Card","Gambling Chip","Bronze Scales","Bag of Preparation","Toxic Egg 2","Shovel","Old Coin","Pantograph"],"acts_visited":["Exordium","TheCity","TheBeyond"],"potions_floor_usage":[40,40,45,45,50,50],"damage_taken":[{"damage":11.0,"enemies":"Jaw Worm","floor":1.0,"turns":2.0},{"damage":0.0,"enemies":"Small Slimes","floor":2.0,"turns":3.0},{"damage":0.0,"enemies":"Cultist","floor":3.0,"turns":2.0},{"damage":25.0,"enemies":"Exordium Thugs","floor":4.0,"turns":4.0},{"damage":6.0,"enemies":"Red Slaver","floor":5.0,"turns":3.0},{"damage":6.0,"enemies":"Gremlin Nob","floor":6.0,"turns":3.0},{"damage":4.0,"enemies":"Blue Slaver","floor":7.0,"turns":3.0},{"damage":0.0,"enemies":"3 Sentries","floor":8.0,"turns":4.0},{"damage":32.0,"enemies":"Gremlin Nob","floor":11.0,"turns":4.0},{"damage":0.0,"enemies":"3 Louse","floor":14.0,"turns":1.0},{"damage":27.0,"enemies":"Hexaghost","floor":16.0,"turns":8.0},{"damage":31.0,"enemies":"Chosen","floor":18.0,"turns":6.0},{"damage":15.0,"enemies":"Shell Parasite","floor":20.0,"turns":3.0},{"damage":21.0,"enemies":"Book of Stabbing","floor":24.0,"turns":6.0},{"damage":2.0,"enemies":"3 Cultists","floor":25.0,"turns":3.0},{"damage":11.0,"enemies":"Snecko","floor":27.0,"turns":4.0},{"damage":20.0,"enemies":"Sentry and Sphere","floor":28.0,"turns":4.0},{"damage":19.0,"enemies":"Slavers","floor":29.0,"turns":4.0},{"damage":0.0,"enemies":"Colosseum Slavers","floor":30.0,"turns":4.0},{"damage":6.0,"enemies":"Colosseum Nobs","floor":30.0,"turns":3.0},{"damage":34.0,"enemies":"Book of Stabbing","floor":31.0,"turns":6.0},{"damage":54,"enemies":"Automaton","floor":33,"turns":15},{"damage":9,"enemies":"3 Darklings","floor":35,"turns":4},{"damage":2,"enemies":"Mind Bloom Boss Battle","floor":36,"turns":5},{"damage":2,"enemies":"Reptomancer","floor":40,"turns":7},{"damage":14,"enemies":"Nemesis","floor":44,"turns":9},{"damage":45,"enemies":"2 Orb Walkers","floor":45,"turns":7},{"damage":0,"enemies":"Orb Walker","floor":46,"turns":5},{"damage":32,"enemies":"Spire Growth","floor":48,"turns":5},{"damage":10,"enemies":"Time Eater","floor":50,"turns":20}],"seed_played":"-3200902497655978192","potions_obtained":[{"floor":2.0,"key":"Block Potion"},{"floor":4.0,"key":"FearPotion"},{"floor":5.0,"key":"LiquidMemories"},{"floor":7.0,"key":"HeartOfIron"},{"floor":8.0,"key":"SkillPotion"},{"floor":18.0,"key":"BlessingOfTheForge"},{"floor":19.0,"key":"LiquidBronze"},{"floor":19.0,"key":"AttackPotion"},{"floor":19.0,"key":"PowerPotion"},{"floor":25.0,"key":"Swift Potion"},{"floor":27.0,"key":"SpeedPotion"},{"floor":33,"key":"Fire Potion"},{"floor":36,"key":"Regen Potion"},{"floor":40,"key":"FearPotion"},{"floor":46,"key":"ColorlessPotion"}],"is_trial":false,"path_per_floor":["M","M","M","M","M","E","M","E","T","R","E","T","$","M","R","B",null,"M","?","M","?","$","R","E","M","T","M","M","E","?","E","R","B",null,"M","?","?","$","?","E","$","R","T","E","?","M","R","M","R","B",null],"character_chosen":"IRONCLAD","items_purchased":["Bludgeon","Second Wind","Shrug It Off","Membership Card","Shrug It Off","DistilledChaos","True Grit","Bronze Scales","Bag of Preparation","Block Potion"],"campfire_rested":0,"item_purchase_floors":[13,13,22,38,38,38,41,41,41,41],"current_hp_per_floor":[83,88,88,69,69,69,71,77,77,77,51,51,51,57,57,36,88,63,63,54,54,54,54,49,53,53,48,34,21,27,79,79,34,98,98,98,98,98,98,98,98,98,98,93,57,66,66,43,43,98],"gold":576,"neow_bonus":"TEN_PERCENT_HP_BONUS","is_daily":false,"chose_seed":false,"campfire_upgraded":4,"win_rate":0.0,"timestamp":1612301974,"path_taken":["M","M","M","M","?","E","?","E","T","R","E","?","?","M","R","BOSS","M","?","M","?","?","R","E","M","T","M","?","E","?","E","R","BOSS","M","?","?","$","?","E","$","R","T","E","?","M","R","M","R","BOSS"],"items_purchased_type":["Card","Card","Card","Relic","Card","Potion","Card","Relic","Relic","Potion"],"build_version":"2020-12-22","purchased_purges":2,"victory":true,"max_hp_per_floor":[88,88,88,88,88,88,88,88,88,88,88,88,88,88,88,88,88,88,88,88,88,88,88,98,98,98,98,98,98,98,98,98,98,98,98,98,98,98,98,98,98,98,98,98,98,98,98,98,98,98],"relic_stats":{"counters":[30,157],"CeramicFish":99,"Astrolabe":["Hemokinesis","Shrug It Off","Impervious"],"Magic Flower":[67],"StoneCalendar":[201],"Bag of Preparation":[10],"Burning Blood":184,"Peace Pipe":2,"Lizard Tail":74,"Busted Crown":34,"Shovel":1,"Ornamental Fan":[8],"Gambling Chip":[27],"Bronze Scales":[172],"Pantograph":38,"obtain_stats":[{"Potion Belt":9,"Pear":24,"CeramicFish":26,"Astrolabe":34,"Magic Flower":30,"Vajra":31,"StoneCalendar":36,"Bag of Preparation":41,"Burning Blood":0,"Old Coin":45,"Peace Pipe":8,"Lizard Tail":6,"Bottled Flame":11,"Anchor":29,"Busted Crown":17,"Shovel":44,"Ornamental Fan":30,"Gambling Chip":40,"Bronze Scales":41,"Pantograph":47,"Membership Card":38,"Toxic Egg 2":43,"StrikeDummy":12},{"Potion Belt":8,"Pear":14,"CeramicFish":15,"Astrolabe":22,"Magic Flower":20,"Vajra":21,"StoneCalendar":24,"Bag of Preparation":25,"Burning Blood":0,"Old Coin":27,"Peace Pipe":8,"Lizard Tail":6,"Bottled Flame":9,"Anchor":18,"Busted Crown":11,"Shovel":26,"Ornamental Fan":20,"Gambling Chip":25,"Bronze Scales":25,"Pantograph":28,"Membership Card":24,"Toxic Egg 2":25,"StrikeDummy":9},{"Potion Belt":24,"Pear":52,"CeramicFish":55,"Astrolabe":95,"Magic Flower":74,"Vajra":80,"StoneCalendar":104,"Bag of Preparation":111,"Burning Blood":0,"Old Coin":127,"Peace Pipe":24,"Lizard Tail":17,"Bottled Flame":28,"Anchor":67,"Busted Crown":37,"Shovel":120,"Ornamental Fan":74,"Gambling Chip":111,"Bronze Scales":111,"Pantograph":132,"Membership Card":104,"Toxic Egg 2":111,"StrikeDummy":28}]},"card_choices":[{"not_picked":["Rampage","Iron Wave"],"picked":"Twin Strike","floor":1.0},{"not_picked":["Pommel Strike","Sentinel"],"picked":"Spot Weakness","floor":2.0},{"not_picked":["Power Through","Twin Strike"],"picked":"Anger","floor":3.0},{"not_picked":["Pommel Strike","Sword Boomerang"],"picked":"Immolate","floor":4.0},{"not_picked":["Body Slam","Dark Embrace"],"picked":"Rage","floor":5.0},{"not_picked":["Body Slam","Second Wind"],"picked":"Disarm","floor":6.0},{"not_picked":["Headbutt","Wild Strike"],"picked":"Shockwave","floor":7.0},{"not_picked":["Evolve","Anger"],"picked":"Exhume","floor":8.0},{"not_picked":["Whirlwind","Cleave"],"picked":"Warcry","floor":11.0},{"not_picked":["Anger","Cleave"],"picked":"Entrench","floor":14.0},{"not_picked":["Exhume","Reaper"],"picked":"Barricade","floor":16.0},{"not_picked":[],"picked":"Twin Strike+1","floor":18.0},{"not_picked":["Headbutt"],"picked":"SKIP","floor":20.0},{"not_picked":["Blood for Blood"],"picked":"SKIP","floor":24.0},{"not_picked":["Pommel Strike"],"picked":"SKIP","floor":25.0},{"not_picked":["Perfected Strike"],"picked":"SKIP","floor":27.0},{"not_picked":["Searing Blow+1"],"picked":"SKIP","floor":28.0},{"not_picked":["Twin Strike"],"picked":"SKIP","floor":29.0},{"not_picked":[],"picked":"Spot Weakness","floor":30.0},{"not_picked":[],"picked":"Power Through+1","floor":31.0},{"not_picked":[],"picked":"Corruption","floor":33},{"not_picked":["Heavy Blade+1"],"picked":"SKIP","floor":35},{"not_picked":[],"picked":"Shrug It Off","floor":40},{"not_picked":["Cleave+1"],"picked":"SKIP","floor":44},{"not_picked":[],"picked":"Burning Pact+1","floor":45},{"not_picked":[],"picked":"Dark Embrace","floor":46},{"not_picked":["Clash+1"],"picked":"SKIP","floor":48}],"player_experience":1291598,"relics_obtained":[{"floor":6.0,"key":"Lizard Tail"},{"floor":8.0,"key":"Peace Pipe"},{"floor":9.0,"key":"Potion Belt"},{"floor":11.0,"key":"Bottled Flame"},{"floor":12.0,"key":"StrikeDummy"},{"floor":24.0,"key":"Pear"},{"floor":26.0,"key":"CeramicFish"},{"floor":29.0,"key":"Anchor"},{"floor":30.0,"key":"Magic Flower"},{"floor":30.0,"key":"Ornamental Fan"},{"floor":31.0,"key":"Vajra"},{"floor":36,"key":"StoneCalendar"},{"floor":40,"key":"Gambling Chip"},{"floor":43,"key":"Toxic Egg 2"},{"floor":44,"key":"Shovel"},{"floor":45,"key":"Old Coin"},{"floor":47,"key":"Pantograph"}],"event_choices":[{"damage_healed":0.0,"max_hp_gain":0.0,"max_hp_loss":0.0,"gold_gain":0.0,"event_name":"The Woman in Blue","player_choice":"Bought 3 Potions","floor":19.0,"gold_loss":0.0,"damage_taken":0.0},{"damage_healed":0.0,"max_hp_gain":0.0,"max_hp_loss":0.0,"gold_gain":0.0,"cards_transformed":["Strike_R"],"event_name":"Transmorgrifier","player_choice":"Transformed","floor":21.0,"gold_loss":0.0,"damage_taken":0.0,"cards_obtained":["Flex"]},{"damage_healed":0.0,"max_hp_gain":0.0,"max_hp_loss":0.0,"gold_gain":0.0,"event_name":"Colosseum","player_choice":"Fight","floor":30.0,"gold_loss":0.0,"damage_taken":0.0},{"damage_healed":0.0,"max_hp_gain":0.0,"max_hp_loss":0.0,"gold_gain":0.0,"event_name":"Colosseum","player_choice":"Fought Nobs","floor":30.0,"gold_loss":0.0,"damage_taken":0.0},{"damage_healed":0,"gold_gain":0,"player_choice":"Fight","damage_taken":0,"max_hp_gain":0,"max_hp_loss":0,"event_name":"MindBloom","floor":36,"gold_loss":0},{"damage_healed":0,"gold_gain":0,"player_choice":"Ignored","damage_taken":0,"max_hp_gain":0,"max_hp_loss":0,"event_name":"Tomb of Lord Red Mask","floor":37,"gold_loss":0},{"cards_removed":["Flex"],"damage_healed":0,"gold_gain":0,"player_choice":"Removed Skill","damage_taken":0,"max_hp_gain":0,"max_hp_loss":0,"event_name":"Falling","floor":39,"gold_loss":0},{"damage_healed":0,"gold_gain":0,"player_choice":"Fight","damage_taken":0,"max_hp_gain":0,"max_hp_loss":0,"event_name":"Mysterious Sphere","floor":45,"gold_loss":0}],"is_beta":false,"boss_relics":[{"not_picked":["Empty Cage","Velvet Choker"],"picked":"Busted Crown"},{"not_picked":["Mark of Pain","Black Blood"],"picked":"Astrolabe"}],"items_purged_floors":[13,41],"is_endless":false,"potions_floor_spawned":[2,4,5,7,8,18,25,27,33,36,40,46],"ascension_level":1}}