{"host":"lsq35p0sdkx2xifo","time":1612234518,"event":{"mods":["AchievementEnabler","BaseMod","Highlight Path","Minty Spire (QoL Compilation)","StSLib"],"gold_per_floor":[113,13,29,47,59,59,91,91,116,116,128,138,163,182,182,256,256,272,118,118,137,137,137],"floor_reached":22,"language":"ENG","playtime":1650,"items_purged":["Strike_G"],"score":347,"play_id":"8a0a7f48-866a-4a6b-b6a9-d085a375b335","local_time":"20210201185518","is_ascension_mode":true,"campfire_choices":[{"floor":6.0,"key":"REST"},{"floor":8.0,"key":"REST"},{"floor":10,"key":"REST"},{"floor":15,"key":"REST"}],"circlet_count":0,"master_deck":["AscendersBane","Strike_G","Strike_G","Strike_G","Strike_G","Defend_G","Defend_G","Defend_G","Defend_G","Defend_G","Survivor","Neutralize","Venomology","Flying Knee","Infinite Blades","Cloak And Dagger","Dagger Throw","Prepared","All Out Attack","Flying Knee","Blade Dance","Footwork","Terror","Venomology","Glass Knife","Blade Dance","Choke","J.A.X."],"relics":["Ring of the Snake","Omamori","Anchor","Oddly Smooth Stone","SlaversCollar"],"acts_visited":["Exordium","TheCity"],"potions_floor_usage":[11,12,13,13,14,16,16,16,16,18,18,22],"damage_taken":[{"damage":8.0,"enemies":"Jaw Worm","floor":1.0,"turns":5.0},{"damage":2.0,"enemies":"2 Louse","floor":3.0,"turns":2.0},{"damage":0.0,"enemies":"Cultist","floor":4.0,"turns":4.0},{"damage":0.0,"enemies":"Large Slime","floor":5.0,"turns":5.0},{"damage":38.0,"enemies":"Lagavulin","floor":7.0,"turns":12.0},{"damage":0,"enemies":"3 Louse","floor":11,"turns":3},{"damage":5,"enemies":"Blue Slaver","floor":12,"turns":3},{"damage":34,"enemies":"Gremlin Nob","floor":13,"turns":5},{"damage":15,"enemies":"Exordium Thugs","floor":14,"turns":5},{"damage":28,"enemies":"Slime Boss","floor":16,"turns":13},{"damage":11,"enemies":"Shell Parasite","floor":18,"turns":5},{"damage":27,"enemies":"3 Byrds","floor":21,"turns":4},{"damage":13,"enemies":"Snake Plant","floor":22,"turns":2}],"seed_played":"-8708351729185646799","potions_obtained":[{"floor":1.0,"key":"Fire Potion"},{"floor":7.0,"key":"SkillPotion"},{"floor":11,"key":"Ancient Potion"},{"floor":12,"key":"SpeedPotion"},{"floor":14,"key":"Swift Potion"}],"is_trial":false,"path_per_floor":["M","$","M","M","M","R","E","R","T","R","M","M","E","M","R","B",null,"M","$","?","M","M"],"character_chosen":"THE_SILENT","items_purchased":["Infinite Blades","Cloak And Dagger","Choke"],"campfire_rested":4,"item_purchase_floors":[2,2,19],"current_hp_per_floor":[51,51,49,49,49,66,28,47,47,66,66,61,27,12,31,3,50,39,39,39,12,0,0],"gold":137,"neow_bonus":"ONE_RANDOM_RARE_CARD","is_daily":false,"chose_seed":false,"campfire_upgraded":0,"win_rate":0.0,"timestamp":1612234518,"path_taken":["M","$","M","M","M","R","E","R","T","R","M","M","E","M","R","BOSS","M","$","?","M","M"],"items_purchased_type":["Card","Card","Card"],"build_version":"2020-12-22","purchased_purges":1,"victory":false,"max_hp_per_floor":[66,66,66,66,66,66,66,66,66,66,66,66,66,66,66,66,66,66,66,66,66,66,66],"card_choices":[{"not_picked":["Accuracy","Deflect"],"picked":"Flying Knee","floor":1.0},{"not_picked":["Prepared","PiercingWail"],"picked":"Dagger Throw","floor":3.0},{"not_picked":["Riddle With Holes","Poisoned Stab"],"picked":"Prepared","floor":4.0},{"not_picked":["Prepared","Deflect"],"picked":"All Out Attack","floor":5.0},{"not_picked":["Deadly Poison","PiercingWail"],"picked":"Flying Knee","floor":7.0},{"not_picked":["Poisoned Stab","Flying Knee"],"picked":"Blade Dance","floor":11},{"not_picked":["Riddle With Holes","Endless Agony"],"picked":"Footwork","floor":12},{"not_picked":["Acrobatics","Outmaneuver"],"picked":"Terror","floor":13},{"not_picked":["Dodge and Roll","Distraction"],"picked":"Venomology","floor":14},{"not_picked":["Grand Finale","Malaise"],"picked":"Glass Knife","floor":16},{"not_picked":["Flechettes","Sucker Punch"],"picked":"Blade Dance","floor":18},{"not_picked":["Slice","Dagger Spray","Dodge and Roll"],"picked":"SKIP","floor":21}],"player_experience":1263986,"relics_obtained":[{"floor":7.0,"key":"Omamori"},{"floor":9.0,"key":"Anchor"},{"floor":13,"key":"Oddly Smooth Stone"}],"event_choices":[{"damage_healed":0,"gold_gain":0,"player_choice":"Obtain J.A.X.","damage_taken":0,"max_hp_gain":0,"max_hp_loss":0,"event_name":"Drug Dealer","floor":20,"gold_loss":0,"cards_obtained":["J.A.X."]}],"is_beta":false,"boss_relics":[{"not_picked":["Black Star","Velvet Choker"],"picked":"SlaversCollar"}],"items_purged_floors":[19],"is_endless":false,"potions_floor_spawned":[1,7,11,12,14],"killed_by":"Snake Plant","ascension_level":15}}