{"host":"tkinv8gv6hgcc58b","time":1612290282,"event":{"mods":["AchievementEnabler","BaseMod","BetterRewards","Colored Map","Downfall","Googly Eyes","Hermit","Minty Spire (QoL Compilation)","Rare Cards Sparkle","Relic Filter","StSLib","The Cursed","The Disciple"],"gold_per_floor":[118,83,83,101,101,130,130,157,180,197,31,41,41,60,60,240,240,274,274,274,299,329,329,329],"floor_reached":23,"language":"ENG","playtime":1227,"items_purged":[],"score":346,"play_id":"ceb7b03c-677d-4c2e-ae79-326dee61a801","local_time":"20210202132442","is_ascension_mode":true,"campfire_choices":[{"floor":7,"key":"REST"},{"floor":13,"key":"REST"},{"floor":15,"key":"REST"}],"circlet_count":0,"master_deck":["hermit:Strike_Hermit","hermit:Strike_Hermit","hermit:Strike_Hermit","hermit:Strike_Hermit","hermit:Defend_Hermit","hermit:Defend_Hermit","hermit:Defend_Hermit","hermit:Defend_Hermit","hermit:Snapshot","hermit:Covet","Panache+1","hermit:ShadowCloak","hermit:Combo","hermit:Showdown","hermit:TakeCover","hermit:WideOpen","hermit:DeadOrAlive","hermit:Glare","Transmutation","hermit:Gestalt","hermit:EyeOfTheStorm","hermit:DeadOrAlive","Writhe"],"relics":["hermit:Momento","Tiny Chest","Unceasing Top","Blue Candle","Mango","StoneCalendar","Regal Pillow","Busted Crown","Lizard Tail","hermit:Horseshoe"],"acts_visited":["Exordium","TheCity"],"potions_floor_usage":[8,12,12,23],"damage_taken":[{"damage":12,"enemies":"Small Slimes","floor":1,"turns":4},{"damage":1,"enemies":"Cultist","floor":4,"turns":3},{"damage":48,"enemies":"Lagavulin","floor":6,"turns":9},{"damage":25,"enemies":"Gremlin Nob","floor":8,"turns":4},{"damage":7,"enemies":"Jaw Worm","floor":10,"turns":2},{"damage":11,"enemies":"Exordium Thugs","floor":12,"turns":4},{"damage":10,"enemies":"Blue Slaver","floor":14,"turns":4},{"damage":13,"enemies":"The Guardian","floor":16,"turns":9},{"damage":22,"enemies":"2 Thieves","floor":18,"turns":4},{"damage":24,"enemies":"3 Byrds","floor":21,"turns":6},{"damage":27,"enemies":"Shelled Parasite and Fungi","floor":22,"turns":5},{"damage":66,"enemies":"Gremlin Leader","floor":23,"turns":5}],"seed_played":"-7250852011007700103","potions_obtained":[{"floor":4,"key":"BlessingOfTheForge"},{"floor":8,"key":"hermit:Eclipse"},{"floor":10,"key":"hermit:Tonic"},{"floor":14,"key":"Dexterity Potion"},{"floor":21,"key":"SpeedPotion"}],"is_trial":false,"path_per_floor":["M","?","?","M","T","E","R","E","T","M","$","M","R","M","R","B",null,"M","?","T","M","M","E"],"character_chosen":"HERMIT","items_purchased":["Tiny Chest","Panache","Unceasing Top","hermit:Combo","Transmutation"],"campfire_rested":3,"item_purchase_floors":[0,0,0,0,11],"current_hp_per_floor":[39,57,57,56,56,22,48,23,23,16,16,5,46,36,77,64,89,67,67,67,43,16,0,0],"gold":329,"neow_bonus":"","is_daily":false,"chose_seed":false,"campfire_upgraded":0,"win_rate":0.0,"timestamp":1612290282,"path_taken":["M","?","?","?","?","E","R","E","T","M","?","?","R","M","R","BOSS","M","?","?","?","M","E"],"items_purchased_type":["Relic","Card","Relic","Card","Card"],"build_version":"2020-12-22","purchased_purges":0,"victory":false,"max_hp_per_floor":[75,75,75,75,75,89,89,89,89,89,89,89,89,89,89,89,89,89,89,89,89,89,89,89],"card_choices":[{"not_picked":["hermit:Manifest","hermit:Headshot"],"picked":"hermit:Showdown","floor":1},{"not_picked":["hermit:Manifest","hermit:Snipe"],"picked":"hermit:TakeCover","floor":4},{"not_picked":["hermit:Midnight","hermit:Feint"],"picked":"hermit:WideOpen","floor":6},{"not_picked":["hermit:HoleUp","hermit:Midnight"],"picked":"hermit:DeadOrAlive","floor":8},{"not_picked":["hermit:Misfire","hermit:BodyArmor"],"picked":"hermit:Glare","floor":10},{"not_picked":["hermit:Scavenge","hermit:LoneWolf"],"picked":"hermit:Gestalt","floor":12},{"not_picked":["hermit:ItchyTrigger","hermit:Roulette"],"picked":"hermit:EyeOfTheStorm","floor":14},{"not_picked":["hermit:Purgatory","hermit:Reprieve"],"picked":"hermit:DeadOrAlive","floor":16},{"not_picked":["hermit:HighCaliber"],"picked":"SKIP","floor":18},{"not_picked":["hermit:CalledShot"],"picked":"SKIP","floor":21},{"not_picked":["hermit:SprayPray"],"picked":"SKIP","floor":22}],"player_experience":1114836,"relics_obtained":[{"floor":5,"key":"Blue Candle"},{"floor":6,"key":"Mango"},{"floor":8,"key":"StoneCalendar"},{"floor":9,"key":"Regal Pillow"},{"floor":20,"key":"hermit:Horseshoe"}],"event_choices":[{"damage_healed":18,"gold_gain":0,"player_choice":"Healed","damage_taken":0,"max_hp_gain":0,"max_hp_loss":0,"event_name":"The Cleric","floor":2,"gold_loss":35},{"damage_healed":0,"gold_gain":0,"player_choice":"Upgraded","damage_taken":0,"max_hp_gain":0,"max_hp_loss":0,"event_name":"Upgrade Shrine","floor":3,"gold_loss":0,"cards_upgraded":["Panache"]},{"damage_healed":0,"gold_gain":0,"player_choice":"Opened","damage_taken":0,"relics_obtained":["Lizard Tail"],"max_hp_gain":0,"max_hp_loss":0,"event_name":"The Mausoleum","floor":19,"gold_loss":0,"cards_obtained":["Writhe"]}],"is_beta":false,"boss_relics":[{"not_picked":["Astrolabe","hermit:BartenderGlass"],"picked":"Busted Crown"}],"items_purged_floors":[],"is_endless":false,"potions_floor_spawned":[4,8,10,14,21],"killed_by":"Gremlin Leader","ascension_level":3}}