{"host":"v4tuy5ykrbdcm9o9","time":1612293237,"event":{"mods":["BaseMod","Duelist Mod","Minty Spire (QoL Compilation)","Replay The Spire","StSLib"],"gold_per_floor":[113,130,130,145,145,170,185,214,214,214,240,240,240,270,270,374,374,389,489,505,515,534,534,559,572,597,242,294,234,273,305,305,423,423,458,458,482,506,60,109,109,154,154,9,64,64,101,157,157,175,175,175,18,76,110],"floor_reached":56,"language":"ENG","playtime":10889,"items_purged":[],"score":2044,"play_id":"5f7ca5df-14c7-4107-a88f-3b95952e1b1b","local_time":"20210202141357","is_ascension_mode":true,"campfire_choices":[{"floor":10,"key":"REST"},{"floor":13,"key":"RECALL"},{"data":"DevaForm","floor":15,"key":"SMITH"},{"floor":23,"key":"REST"},{"floor":32,"key":"DIG"},{"floor":41,"key":"DIG"},{"data":"WindmillStrike","floor":49,"key":"SMITH"},{"floor":52,"key":"DIG"}],"circlet_count":0,"master_deck":["Strike_P","Strike_P+1","Strike_P+1","Strike_P","Defend_P+1","Defend_P","Defend_P+1","Defend_P+1","Eruption","Vigilance","Wallop+1","EmptyFist","Halt+1","Consecrate","Conclude","DevaForm+1","ThirdEye+1","LessonLearned","CutThroughFate+1","CutThroughFate","SandsOfTime+1","CutThroughFate+1","TalkToTheHand","WindmillStrike+1","Replay:ManipulateFuture+1","Wallop","CarveReality+1","Judgement","Wallop+1","Replay:ManipulateFuture","Consecrate","WindmillStrike+1","FollowUp","DeceiveReality+1","CrushJoints","SignatureMove+1","Swivel+1","Replay:Cycle","Weave"],"relics":["PureWater","Akabeko","ReplayTheSpireMod:Shallot","Replay:Ringing Soul","Kunai","Bronze Scales","Honey Jar","Bottled Tornado","Replay:Bandana","Gremlin Food","Shovel","Potion Belt","Garlic","SlaversCollar","Calipers","CeramicFish","PreservedInsect","Vajra","Shuriken","Pen Nib","Pocketwatch","Replay:Wax Seal","TeardropLocket","ClockworkSouvenir","Nunchaku"],"acts_visited":["Exordium","TheCity","TheBeyond","TheEnding"],"potions_floor_usage":[6,8,8,16,22,25,28,33,33,35,40,40,50,50,55],"damage_taken":[{"damage":0,"enemies":"Small Slimes","floor":1,"turns":6},{"damage":4,"enemies":"2 Louse","floor":2,"turns":3},{"damage":2,"enemies":"Jaw Worm","floor":4,"turns":2},{"damage":0,"enemies":"Gremlin Nob","floor":6,"turns":3},{"damage":0,"enemies":"Large Slime","floor":7,"turns":3},{"damage":35,"enemies":"Lagavulin","floor":8,"turns":8},{"damage":0,"enemies":"3 Sentries","floor":11,"turns":4},{"damage":14,"enemies":"Fading Forest","floor":16,"turns":11},{"damage":5,"enemies":"Shell Parasite","floor":18,"turns":6},{"damage":7,"enemies":"Chosen","floor":20,"turns":5},{"damage":7,"enemies":"Snecko","floor":21,"turns":5},{"damage":9,"enemies":"Snake Plant","floor":22,"turns":3},{"damage":7,"enemies":"theDuelist:KaibaA2","floor":24,"turns":5},{"damage":4,"enemies":"Centurion and Healer","floor":25,"turns":4},{"damage":8,"enemies":"Slavers","floor":28,"turns":5},{"damage":0,"enemies":"theDuelist:KaibaA2","floor":30,"turns":5},{"damage":1,"enemies":"Cultist and Chosen","floor":31,"turns":4},{"damage":18,"enemies":"Automaton","floor":33,"turns":8},{"damage":3,"enemies":"3 Darklings","floor":35,"turns":2},{"damage":2,"enemies":"Orb Walker","floor":37,"turns":4},{"damage":0,"enemies":"Sphere and 2 Shapes","floor":38,"turns":4},{"damage":0,"enemies":"R_Hoarder","floor":40,"turns":6},{"damage":0,"enemies":"Nemesis","floor":42,"turns":5},{"damage":0,"enemies":"R_Hoarder","floor":45,"turns":4},{"damage":0,"enemies":"Spire Growth","floor":47,"turns":4},{"damage":0,"enemies":"Giant Head","floor":48,"turns":6},{"damage":2,"enemies":"Donu and Deca","floor":50,"turns":7},{"damage":15,"enemies":"Shield and Spear","floor":54,"turns":4},{"damage":32,"enemies":"The Heart","floor":55,"turns":7}],"seed_played":"1656914681734184346","potions_obtained":[{"floor":1,"key":"Swift Potion"},{"floor":2,"key":"GamblersBrew"},{"floor":7,"key":"BottledMiracle"},{"floor":11,"key":"Strength Potion"},{"floor":20,"key":"AttackPotion"},{"floor":24,"key":"Weak Potion"},{"floor":30,"key":"Strength Potion"},{"floor":31,"key":"Swift Potion"},{"floor":37,"key":"BottledMiracle"},{"floor":38,"key":"FearPotion"},{"floor":45,"key":"Explosive Potion"},{"floor":47,"key":"DistilledChaos"}],"is_trial":false,"path_per_floor":["M","M","?","M","?","E","M","E","T","R","E","T","R","?","R","B",null,"M","?","M","M","M","R","E","M","T","$","E","?","E","M","R","B",null,"M","?","M","M","$","E","R","E","T","$","E","$","M","E","R","B",null,"R","$","E","B",null],"character_chosen":"WATCHER","items_purchased":["WindmillStrike","Adrenaline Potion","LiquidMemories","Gremlin Food","FollowUp","AttackPotion","Calipers","SpeedPotion","Pen Nib","ClockworkSouvenir"],"campfire_rested":2,"item_purchase_floors":[27,27,27,27,39,39,39,39,44,53],"current_hp_per_floor":[72,68,68,66,66,66,66,31,31,54,57,57,57,57,57,54,77,75,75,71,67,61,90,86,85,85,88,83,83,86,88,88,73,107,107,110,111,114,117,120,120,123,123,123,126,126,129,132,132,130,144,144,144,132,100],"gold":110,"neow_bonus":"TEN_PERCENT_HP_BONUS","is_daily":false,"chose_seed":false,"campfire_upgraded":2,"win_rate":0.0,"timestamp":1612293237,"path_taken":["M","M","?","M","?","E","M","E","T","R","E","?","R","?","R","BOSS","M","?","M","M","?","R","E","M","T","$","E","?","E","M","R","BOSS","M","?","M","?","$","E","R","E","T","$","E","$","M","E","R","BOSS","R","$","E","BOSS"],"items_purchased_type":["Card","Potion","Potion","Relic","Card","Potion","Relic","Potion","Relic","Relic"],"build_version":"2020-12-22","purchased_purges":0,"victory":true,"max_hp_per_floor":[79,79,79,79,79,79,79,79,79,79,82,82,82,82,82,85,85,88,88,91,94,97,97,100,103,103,106,109,109,112,115,115,118,118,121,124,127,130,133,136,136,139,139,139,142,142,145,148,148,148,148,148,148,151,151],"card_choices":[{"not_picked":["BattleHymn","Consecrate"],"picked":"Wallop","floor":1},{"not_picked":["Replay:AtTheReady","SandsOfTime"],"picked":"EmptyFist","floor":2},{"not_picked":["Replay:Vibes","BattleHymn"],"picked":"Halt","floor":4},{"not_picked":["Evaluate","Study"],"picked":"Consecrate","floor":6},{"not_picked":["FearNoEvil","CutThroughFate"],"picked":"Conclude","floor":7},{"not_picked":["FlurryOfBlows","WaveOfTheHand"],"picked":"DevaForm","floor":8},{"not_picked":["Pray","Crescendo"],"picked":"ThirdEye","floor":11},{"not_picked":["Replay:AllIn","Establishment"],"picked":"LessonLearned","floor":16},{"not_picked":["Adaptation","Indignation+1","Meditate"],"picked":"CutThroughFate+1","floor":18},{"not_picked":["Protect+1","Evaluate","Prostrate"],"picked":"Halt","floor":20},{"not_picked":["Prostrate","EmptyFist","Replay:BluntJabs"],"picked":"CutThroughFate","floor":21},{"not_picked":["FlurryOfBlows","Omniscience","Replay:BluntJabs+1"],"picked":"SandsOfTime+1","floor":22},{"not_picked":["Meditate+1","EmptyBody","Replay:Vibes"],"picked":"CutThroughFate","floor":24},{"not_picked":["InnerPeace+1","Nirvana","FlurryOfBlows"],"picked":"TalkToTheHand","floor":25},{"not_picked":["ThirdEye+1","CarveReality+1","Evaluate+1"],"picked":"Replay:ManipulateFuture+1","floor":28},{"not_picked":["WheelKick","LikeWater","FlyingSleeves"],"picked":"Wallop","floor":30},{"not_picked":["Adaptation+1","FearNoEvil+1","DeceiveReality"],"picked":"CarveReality+1","floor":31},{"not_picked":["MasterReality","Scrawl","Omniscience"],"picked":"Judgement","floor":33},{"not_picked":["Replay:ManipulateFuture","Replay:Hum+1","EmptyFist"],"picked":"Wallop+1","floor":35},{"not_picked":["ThirdEye+1","Collect","Prostrate+1"],"picked":"Consecrate","floor":37},{"not_picked":["CutThroughFate","EmptyFist","FlurryOfBlows"],"picked":"WindmillStrike+1","floor":38},{"not_picked":["Evaluate+1","Replay:ManipulateFuture+1","FearNoEvil"],"picked":"DeceiveReality+1","floor":40},{"not_picked":["ThirdEye","Replay:ManipulateFuture+1","Scrawl"],"picked":"CrushJoints","floor":42},{"not_picked":["Pray+1","EmptyBody","Prostrate+1"],"picked":"SignatureMove+1","floor":45},{"not_picked":["Study","Conclude+1","Evaluate"],"picked":"Swivel+1","floor":47},{"not_picked":["Adaptation+1","Study+1","JustLucky"],"picked":"Replay:Cycle","floor":48},{"not_picked":["EmptyMind+1","Protect","CrushJoints+1"],"picked":"Weave","floor":54}],"player_experience":725348,"relics_obtained":[{"floor":6,"key":"Akabeko"},{"floor":8,"key":"ReplayTheSpireMod:Shallot"},{"floor":9,"key":"Replay:Ringing Soul"},{"floor":11,"key":"Kunai"},{"floor":24,"key":"Bottled Tornado"},{"floor":26,"key":"Replay:Bandana"},{"floor":28,"key":"Shovel"},{"floor":30,"key":"Potion Belt"},{"floor":32,"key":"Garlic"},{"floor":40,"key":"CeramicFish"},{"floor":41,"key":"PreservedInsect"},{"floor":42,"key":"Vajra"},{"floor":43,"key":"Shuriken"},{"floor":45,"key":"Pocketwatch"},{"floor":48,"key":"Replay:Wax Seal"},{"floor":52,"key":"TeardropLocket"},{"floor":54,"key":"Nunchaku"}],"event_choices":[{"damage_healed":0,"gold_gain":0,"player_choice":"Ignored","damage_taken":0,"max_hp_gain":0,"max_hp_loss":0,"event_name":"Golden Wing","floor":3,"gold_loss":0},{"damage_healed":0,"gold_gain":0,"player_choice":"Grow","damage_taken":0,"max_hp_gain":0,"max_hp_loss":0,"event_name":"Living Wall","floor":5,"gold_loss":0,"cards_upgraded":["Wallop"]},{"damage_healed":0,"gold_gain":30,"player_choice":"Searched \u00272\u0027 times","damage_taken":0,"relics_obtained":["Bronze Scales"],"max_hp_gain":0,"max_hp_loss":0,"event_name":"Dead Adventurer","floor":14,"gold_loss":0},{"damage_healed":0,"gold_gain":100,"player_choice":"Pray","damage_taken":0,"max_hp_gain":0,"max_hp_loss":0,"event_name":"Golden Shrine","floor":19,"gold_loss":0},{"damage_healed":0,"gold_gain":0,"cards_transformed":["Halt"],"player_choice":"Transformed","damage_taken":0,"max_hp_gain":0,"max_hp_loss":0,"event_name":"Transmorgrifier","floor":36,"gold_loss":0,"cards_obtained":["Replay:ManipulateFuture"]}],"is_beta":false,"boss_relics":[{"not_picked":["Empty Cage","Replay:Drink Me"],"picked":"Honey Jar"},{"not_picked":["Painkiller Herb","Calling Bell"],"picked":"SlaversCollar"}],"items_purged_floors":[],"is_endless":false,"potions_floor_spawned":[1,2,7,11,20,24,30,31,37,38,45,47],"ascension_level":7}}