{"host":"d90cr1o5b5equuq8","time":1612233701,"event":{"mods":["BaseMod","Colored Powertips","Downfall","Minty Spire (QoL Compilation)","StSLib"],"gold_per_floor":[99,112,131,143,243,4,30,30,41,26,26,39,139,164,176,273,273,273,286,302,152,167,167,167,167,184,184,284,311,311,342,359,454,454,454,474,494,13,26,26,49,65,81,115,115,140,155,175,190,190],"floor_reached":51,"language":"ENG","playtime":8651,"items_purged":["Guardian:Defend_Guardian"],"score":859,"play_id":"01bd1f09-1bcc-472d-a51a-dfe2a94f9752","local_time":"20210201214141","is_ascension_mode":true,"campfire_choices":[{"floor":1,"key":"RECALL"},{"floor":30,"key":"REST"},{"floor":35,"key":"REST"},{"floor":40,"key":"REST"}],"circlet_count":0,"master_deck":["Guardian:Strike_Guardian","Guardian:Strike_Guardian","Guardian:Strike_Guardian","Guardian:Defend_Guardian","Guardian:Defend_Guardian","Guardian:Defend_Guardian","Guardian:CurlUp","Guardian:TwinSlam","Guardian:Orbwalk+1","Guardian:Clone+1","Guardian:BronzeOrb","Guardian:MultiBeam","Guardian:SentryBeam","Guardian:TemporalStrike","Guardian:ShieldCharger","Guardian:ExploitGems","Guardian:Incinerate","Ghostly","Guardian:Preprogram","Guardian:PrimingBeam","Guardian:PrismaticBarrier","Guardian:TimeSifter","Guardian:FastForward","Guardian:BodySlam+1","Guardian:PrimingBeam+1","Metamorphosis","Guardian:WalkerClaw","Guardian:Gem_Purple","Guardian:WalkerClaw+1","Guardian:SpikerProtocol","Guardian:Gem_Purple","Guardian:Emergency","Guardian:CrystalBeam"],"relics":["Guardian:ModeShifter","Dead Branch","Guardian:PickAxe","Nunchaku","Fusion Hammer","downfall:RedIOU","Shuriken","Bronze Scales","Calipers","Black Star","PreservedInsect","Oddly Smooth Stone","Centennial Puzzle","Blood Vial","Smiling Mask","Vajra"],"acts_visited":["Exordium","TheCity","TheBeyond"],"potions_floor_usage":[5,5,5,5,16,16,22,22,22,22,29,50,50,50],"damage_taken":[{"damage":8,"enemies":"Cultist","floor":2,"turns":5},{"damage":3,"enemies":"Small Slimes","floor":3,"turns":3},{"damage":6,"enemies":"Jaw Worm","floor":4,"turns":3},{"damage":8,"enemies":"downfall:Heads","floor":5,"turns":5},{"damage":0,"enemies":"downfall:FleeingMerchant","floor":6,"turns":4},{"damage":10,"enemies":"Large Slime","floor":9,"turns":7},{"damage":0,"enemies":"downfall:FleeingMerchant","floor":10,"turns":4},{"damage":0,"enemies":"2 Fungi Beasts","floor":12,"turns":2},{"damage":7,"enemies":"3 Louse","floor":15,"turns":3},{"damage":18,"enemies":"DF_ARCHETYPE_STREAMLINE","floor":16,"turns":11},{"damage":7,"enemies":"Shell Parasite","floor":19,"turns":4},{"damage":0,"enemies":"Chosen","floor":20,"turns":5},{"damage":0,"enemies":"3 Cultists","floor":22,"turns":3},{"damage":3,"enemies":"Chosen and Byrds","floor":26,"turns":5},{"damage":0,"enemies":"Gremlin Leader","floor":29,"turns":5},{"damage":13,"enemies":"Book of Stabbing","floor":31,"turns":4},{"damage":3,"enemies":"Sentry and Sphere","floor":32,"turns":4},{"damage":0,"enemies":"SI_MIRROR_ARCHETYPE","floor":33,"turns":8},{"damage":14,"enemies":"3 Shapes","floor":36,"turns":6},{"damage":3,"enemies":"3 Darklings","floor":37,"turns":4},{"damage":0,"enemies":"downfall:FleeingMerchant","floor":38,"turns":4},{"damage":0,"enemies":"Sphere and 2 Shapes","floor":39,"turns":4},{"damage":16,"enemies":"Writhing Mass","floor":42,"turns":5},{"damage":0,"enemies":"Maw","floor":43,"turns":4},{"damage":0,"enemies":"Reptomancer","floor":44,"turns":4},{"damage":0,"enemies":"Nemesis","floor":46,"turns":5},{"damage":5,"enemies":"Jaw Worm Horde","floor":47,"turns":3},{"damage":5,"enemies":"4 Shapes","floor":48,"turns":5},{"damage":0,"enemies":"Transient","floor":49,"turns":5},{"damage":67,"enemies":"WA_ARCHETYPE_DIVINITY","floor":50,"turns":6}],"seed_played":"9136457357095042371","potions_obtained":[{"floor":2,"key":"DuplicationPotion"},{"floor":4,"key":"EntropicBrew"},{"floor":5,"key":"Dexterity Potion"},{"floor":12,"key":"ColorlessPotion"},{"floor":19,"key":"Guardian:AcceleratePotion"},{"floor":20,"key":"EntropicBrew"},{"floor":22,"key":"ColorlessPotion"},{"floor":36,"key":"Regen Potion"},{"floor":39,"key":"Guardian:StasisDiscoveryPotion"},{"floor":44,"key":"LiquidMemories"},{"floor":46,"key":"DuplicationPotion"}],"is_trial":false,"path_per_floor":["R","M","M","M","?","$","T","?","M","$","R","M","?","T","M","B",null,"R","M","M","?","M","?","T","?","M","R","?","E","R","E","M","B",null,"R","M","M","$","M","R","T","M","M","E","?","E","M","M","M","B",null],"character_chosen":"GUARDIAN","items_purchased":["Guardian:PickAxe","Guardian:MultiBeam","PreservedInsect","Metamorphosis","Guardian:WalkerClaw"],"campfire_rested":3,"item_purchase_floors":[6,6,38,38,38],"current_hp_per_floor":[80,72,69,63,55,55,55,55,45,45,45,45,45,45,38,20,80,80,73,73,73,73,73,73,73,70,70,70,70,80,67,64,64,80,80,66,63,63,63,80,80,64,64,64,64,66,63,60,62,2],"gold":190,"neow_bonus":"ONE_RARE_RELIC","is_daily":false,"chose_seed":false,"campfire_upgraded":0,"win_rate":0.0,"timestamp":1612233701,"path_taken":["R","M","M","?","?","$","T","?","M","?","R","M","?","?","M","BOSS","R","M","M","?","M","?","T","?","?","R","?","E","R","E","M","BOSS","R","M","M","$","M","R","T","M","M","E","?","E","M","?","M","BOSS"],"items_purchased_type":["Relic","Card","Relic","Card","Card"],"build_version":"2020-12-22","purchased_purges":1,"victory":true,"max_hp_per_floor":[80,80,80,80,80,80,80,80,80,80,80,80,80,80,80,80,80,80,80,80,80,80,80,80,80,80,80,80,80,80,80,80,80,80,80,80,80,80,80,80,80,80,80,80,80,80,80,80,80,80],"card_choices":[{"not_picked":["Guardian:RollAttack","Guardian:ShieldSpikes"],"picked":"Guardian:Orbwalk","floor":2},{"not_picked":["Guardian:Reroute","Guardian:ShieldCharger"],"picked":"Guardian:Gem_Purple","floor":3},{"not_picked":["Guardian:MultiBeam","Guardian:BronzeOrb"],"picked":"Guardian:Gem_Blue","floor":4},{"not_picked":["Guardian:CrystalBeam","Guardian:SphericShield"],"picked":"Guardian:Clone","floor":5},{"not_picked":["Guardian:Gem_White","Guardian:CrystalBeam"],"picked":"Guardian:BronzeOrb","floor":6},{"not_picked":["Guardian:BronzeArmor","Guardian:Clone"],"picked":"Guardian:SentryBeam","floor":9},{"not_picked":["Guardian:EvasiveProtocol","Guardian:BronzeArmor"],"picked":"Guardian:Gem_Green","floor":10},{"not_picked":["Guardian:BronzeArmor","Guardian:PrimingBeam"],"picked":"Guardian:TemporalStrike","floor":12},{"not_picked":["Guardian:WalkerClaw","Guardian:BronzeArmor"],"picked":"Guardian:ShieldCharger","floor":15},{"not_picked":["Guardian:ConstructionForm","Guardian:SphericShield"],"picked":"Guardian:ExploitGems","floor":16},{"not_picked":["Guardian:BronzeOrb","Guardian:Suspension"],"picked":"Guardian:Gem_Red","floor":19},{"not_picked":["Guardian:Gem_Cyan","Guardian:PrismaticBarrier"],"picked":"Guardian:Incinerate","floor":20},{"not_picked":["Guardian:Gem_Fragmented","Guardian:VentSteam"],"picked":"Guardian:Gem_Red","floor":22},{"not_picked":["Guardian:PrimingBeam","Guardian:Gem_Purple"],"picked":"Guardian:Preprogram","floor":26},{"not_picked":["Guardian:RollAttack","Guardian:ArmoredProtocol"],"picked":"Guardian:PrimingBeam","floor":29},{"not_picked":["Guardian:Gem_Yellow","Guardian:Suspension"],"picked":"Guardian:PrismaticBarrier","floor":31},{"not_picked":["Guardian:CrystalBeam","Guardian:RollAttack"],"picked":"Guardian:TimeSifter","floor":32},{"not_picked":["Guardian:RevengeProtocol","Guardian:AncientConstruct"],"picked":"Guardian:FastForward","floor":33},{"not_picked":["Guardian:ShieldCharger+1","Guardian:Incinerate+1"],"picked":"Guardian:Gem_Red","floor":36},{"not_picked":["Guardian:Gem_Green","Guardian:Suspension"],"picked":"Guardian:BodySlam+1","floor":37},{"not_picked":["Guardian:Gem_Cyan","Guardian:ConstructionForm"],"picked":"Guardian:PrimingBeam+1","floor":38},{"not_picked":["Guardian:RefractedBeam","Guardian:TimeCapacitor"],"picked":"Guardian:Gem_Purple","floor":39},{"not_picked":["Guardian:Suspension","Guardian:Planning+1"],"picked":"Guardian:WalkerClaw+1","floor":42},{"not_picked":["Guardian:RollAttack","Guardian:PrimingBeam","Guardian:Recover"],"picked":"SKIP","floor":43},{"not_picked":["Guardian:Reroute","Guardian:RollAttack"],"picked":"Guardian:SpikerProtocol","floor":44},{"not_picked":["Guardian:Gem_Lightblue","Guardian:Gem_Crimson","Guardian:GatlingBeam"],"picked":"SKIP","floor":46},{"not_picked":["Guardian:RollAttack","Guardian:Gem_Fragmented"],"picked":"Guardian:Gem_Purple","floor":47},{"not_picked":["Guardian:Gem_Green","Guardian:Planning+1"],"picked":"Guardian:Emergency","floor":48},{"not_picked":["Guardian:ShieldCharger+1","Guardian:PrismaticBarrier"],"picked":"Guardian:CrystalBeam","floor":49}],"player_experience":90445,"relics_obtained":[{"floor":7,"key":"Tiny Chest"},{"floor":24,"key":"Shuriken"},{"floor":29,"key":"Bronze Scales"},{"floor":31,"key":"Calipers"},{"floor":41,"key":"Oddly Smooth Stone"},{"floor":44,"key":"Centennial Puzzle"},{"floor":44,"key":"Blood Vial"},{"floor":46,"key":"Smiling Mask"},{"floor":46,"key":"Vajra"}],"event_choices":[],"is_beta":false,"boss_relics":[{"not_picked":["Snecko Eye","Astrolabe"],"picked":"Fusion Hammer"},{"not_picked":["Coffee Dripper","Busted Crown"],"picked":"Black Star"}],"items_purged_floors":[38],"is_endless":false,"potions_floor_spawned":[2,4,5,12,19,20,22,36,39,44,46,47],"ascension_level":1}}