{"host":"sukcbjnra5ncnw4n","time":1612309672,"event":{"mods":["AchievementEnabler","Ascension Reborn","BaseMod","Bestiary","Better Third Choice","Colored Map","Colored Powertips","Curses Come First","Hermit","Highlight Path","Hubris","Minty Spire (QoL Compilation)","Quick Restart","Random Character Button","Rare Cards Sparkle","Relic Sorter","Relic Stats","Reliquary","Replay The Spire","Shop Mod","Spikes Relics","StSLib","The Cursed","The Disciple","The Forsaken","The Marked","The Runesmith","The Servant 0.9.4"],"gold_per_floor":[112,126,126,126,126,157,157,187,187,207,218,273,287,287,287,382,432,443,443,123,140,159,159,173,24,24,54,54,69,69,89,89,191,191,207,225,70,82,97,97,129,129,129,129,144,144,162,162,162,162,162],"floor_reached":50,"language":"PTB","playtime":15732,"items_purged":[],"score":703,"play_id":"004dee87-193d-452c-806d-367cf00a7014","local_time":"20210202214752","is_ascension_mode":false,"campfire_choices":[{"floor":7.0,"key":"REST"},{"floor":15.0,"key":"REST"},{"floor":23.0,"key":"REST"},{"floor":28.0,"key":"REST"},{"floor":32.0,"key":"REST"},{"floor":40.0,"key":"REST"},{"floor":42.0,"key":"REST"},{"floor":49.0,"key":"REST"}],"circlet_count":0,"master_deck":["theForsaken:TheForsaken_Strike","theForsaken:TheForsaken_Strike","theForsaken:TheForsaken_Strike+1","theForsaken:TheForsaken_Strike","theForsaken:TheForsaken_Defend+1","theForsaken:TheForsaken_Defend","theForsaken:TheForsaken_Defend","theForsaken:TheForsaken_Defend+1","theForsaken:Smite","theForsaken:Penitence","theForsaken:RainingSunlight","theForsaken:ScorchingSunlight","theForsaken:Parry","theForsaken:Bolster","theForsaken:Mantra","theForsaken:FuryStrikes","theForsaken:SiphonStrike","theForsaken:DarkBargain","theForsaken:Confusion","theForsaken:ShieldCharge","theForsaken:Eulogy+1","theForsaken:DarkBargain","Blind","ReplayTheSpireMod:Brewmster","theForsaken:StoreUp","theForsaken:ShieldCharge+1","theForsaken:ScorchingSunlight+1","theForsaken:Parry","theForsaken:BountifulSunlight+1","theForsaken:DesperatePlea","theForsaken:SolarFlare","theForsaken:StoreUp","theForsaken:LightRoll+1","theForsaken:SiphonStrike+1","Insight","theForsaken:Thunderbolt","theForsaken:Retribution","theForsaken:Backlash+1","theForsaken:Thunderbolt+1","theForsaken:TearsOfSunlight","theForsaken:Preservation+1","theForsaken:PreciseStrike+1","theForsaken:RainingSunlight+1","theForsaken:PlagueCurse","theForsaken:CorruptedWord","Replay:Sssssssssshield","Assess","theForsaken:HymnOfPatience+1"],"relics":["theForsaken:JudgementScales","hubris:DeckOfHolding","Tiny House","hubris:Towel","ReplayTheSpireMod:Shallot","hubris:BottledRain","Orrery","War Paint","Replay:Bottled Snecko","hubris:HollowSoul","hubris:Metronome","LugNut","theForsaken:PlagueMask","Spirit Poop"],"acts_visited":["Exordium","TheCity","TheBeyond"],"potions_floor_usage":[50,50,50],"damage_taken":[{"damage":15.0,"enemies":"Small Slimes","floor":1.0,"turns":5.0},{"damage":3.0,"enemies":"Jaw Worm","floor":2.0,"turns":4.0},{"damage":8.0,"enemies":"3 Sentries","floor":6.0,"turns":7.0},{"damage":58.0,"enemies":"Lagavulin","floor":8.0,"turns":14.0},{"damage":3.0,"enemies":"2 Louse","floor":10.0,"turns":2.0},{"damage":0.0,"enemies":"2 Fungi Beasts","floor":11.0,"turns":4.0},{"damage":5.0,"enemies":"Blue Slaver","floor":13.0,"turns":4.0},{"damage":24.0,"enemies":"Hexaghost","floor":16.0,"turns":17.0},{"damage":1.0,"enemies":"Chosen","floor":18.0,"turns":7.0},{"damage":32.0,"enemies":"3 Byrds","floor":21.0,"turns":8.0},{"damage":24.0,"enemies":"Shelled Parasite and Fungi","floor":22.0,"turns":11.0},{"damage":25.0,"enemies":"Centurion and Healer","floor":24.0,"turns":7.0},{"damage":18.0,"enemies":"Replay:Snechameleon","floor":27.0,"turns":8.0},{"damage":22.0,"enemies":"Snecko","floor":29.0,"turns":7.0},{"damage":7.0,"enemies":"Cultist and Chosen","floor":31.0,"turns":5.0},{"damage":61.0,"enemies":"Pondfish","floor":33.0,"turns":12.0},{"damage":72.0,"enemies":"3 Darklings","floor":35.0,"turns":7.0},{"damage":4.0,"enemies":"3 Shapes","floor":36.0,"turns":4.0},{"damage":38.0,"enemies":"Spire Growth","floor":38.0,"turns":5.0},{"damage":36.0,"enemies":"Writhing Mass","floor":39.0,"turns":8.0},{"damage":108.0,"enemies":"Giant Head","floor":41.0,"turns":10.0},{"damage":3.0,"enemies":"Transient","floor":45.0,"turns":5.0},{"damage":27.0,"enemies":"3 Darklings","floor":47.0,"turns":6.0},{"damage":15,"enemies":"Awakened One","floor":50,"turns":3}],"seed_played":"-1327107957611099151","potions_obtained":[{"floor":1.0,"key":"Elixir"},{"floor":6.0,"key":"Fire Potion"},{"floor":13.0,"key":"AttackPotion"},{"floor":16.0,"key":"EntropicBrew"},{"floor":24.0,"key":"FearPotion"},{"floor":27.0,"key":"Explosive Potion"},{"floor":29.0,"key":"SkillPotion"},{"floor":33.0,"key":"LifebloodPotion"},{"floor":39.0,"key":"GamblersBrew"},{"floor":45.0,"key":"Fire Potion"}],"is_trial":false,"path_per_floor":["M","M","?","?","?","E","R","E","T","M","M","?","M","?","R","B",null,"M","?","$","M","M","R","M","$","T","E","R","M","?","M","R","B",null,"M","M","$","M","M","R","E","R","T","?","M","?","M","?","R","B"],"character_chosen":"THE_FORSAKEN","items_purchased":["theForsaken:DarkBargain","Blind","ReplayTheSpireMod:Brewmster","Orrery","theForsaken:TearsOfSunlight"],"campfire_rested":8,"item_purchase_floors":[20,20,20,25,37],"current_hp_per_floor":[61,63,63,63,54,46,67,18,18,15,18,18,15,15,36,32,76,76,76,76,52,42,64,39,39,39,41,63,44,44,37,59,43,76,7,9,9,19,6,28,17,39,39,39,38,33,10,10,31,0,0],"gold":162,"neow_bonus":"TEN_PERCENT_HP_BONUS","is_daily":false,"chose_seed":false,"campfire_upgraded":0,"win_rate":0.0,"timestamp":1612309672,"path_taken":["M","M","?","?","?","E","R","E","T","M","M","?","?","?","R","BOSS","M","?","$","M","M","R","M","$","T","E","R","?","?","M","R","BOSS","M","M","$","M","M","R","E","R","T","?","M","?","?","?","R","BOSS"],"items_purchased_type":["Card","Card","Card","Relic","Card"],"build_version":"2020-12-22","purchased_purges":0,"victory":false,"max_hp_per_floor":[71,71,71,71,71,71,71,71,71,71,71,71,71,71,71,71,76,76,76,76,76,76,76,76,76,76,76,76,76,76,76,76,76,76,76,76,76,76,76,76,76,76,76,76,76,76,76,73,73,73,73],"relic_stats":{"counters":[24,179],"War Paint":["theForsaken:TheForsaken_Defend","theForsaken:Eulogy"],"obtain_stats":[{"hubris:Metronome":41,"Tiny House":17,"Spirit Poop":48,"hubris:HollowSoul":34,"hubris:Towel":4,"War Paint":26,"theForsaken:PlagueMask":44,"ReplayTheSpireMod:Shallot":6,"Orrery":25,"hubris:DeckOfHolding":9,"Replay:Bottled Snecko":27,"theForsaken:JudgementScales":0,"LugNut":43,"hubris:BottledRain":8},{"hubris:Metronome":21,"Tiny House":8,"Spirit Poop":23,"hubris:HollowSoul":16,"hubris:Towel":2,"War Paint":12,"theForsaken:PlagueMask":21,"ReplayTheSpireMod:Shallot":3,"Orrery":12,"hubris:DeckOfHolding":4,"Replay:Bottled Snecko":13,"theForsaken:JudgementScales":0,"LugNut":21,"hubris:BottledRain":4},{"hubris:Metronome":156,"Tiny House":57,"Spirit Poop":172,"hubris:HollowSoul":122,"hubris:Towel":9,"War Paint":90,"theForsaken:PlagueMask":156,"ReplayTheSpireMod:Shallot":16,"Orrery":90,"hubris:DeckOfHolding":30,"Replay:Bottled Snecko":98,"theForsaken:JudgementScales":0,"LugNut":156,"hubris:BottledRain":30}]},"card_choices":[{"not_picked":["theForsaken:Enfeeble","theForsaken:NobleSacrifice"],"picked":"theForsaken:RainingSunlight","floor":1.0},{"not_picked":["theForsaken:DefensiveStance","theForsaken:BountifulSunlight"],"picked":"theForsaken:ScorchingSunlight","floor":2.0},{"not_picked":["theForsaken:ScorchingSunlight","theForsaken:ShieldBash"],"picked":"theForsaken:Parry","floor":6.0},{"not_picked":["theForsaken:CorruptedWord","theForsaken:Parry"],"picked":"theForsaken:Bolster","floor":8.0},{"not_picked":["theForsaken:Enfeeble","theForsaken:FuryStrikes"],"picked":"theForsaken:Mantra","floor":10.0},{"not_picked":["theForsaken:WordsOfPestilence","theForsaken:Eulogy"],"picked":"theForsaken:FuryStrikes","floor":11.0},{"not_picked":["theForsaken:CorruptedWord","theForsaken:Thunderbolt"],"picked":"theForsaken:SiphonStrike","floor":13.0},{"not_picked":["theForsaken:DivineGuidance","theForsaken:CorruptedForm"],"picked":"theForsaken:Confusion","floor":16.0},{"not_picked":["theForsaken:HorrifyingStrike","theForsaken:Enfeeble"],"picked":"theForsaken:ShieldCharge","floor":17.0},{"not_picked":["theForsaken:ShieldBash","theForsaken:BlindFaith"],"picked":"theForsaken:Eulogy","floor":18.0},{"not_picked":["theForsaken:HorrifyingStrike","theForsaken:ScorchingSunlight"],"picked":"theForsaken:StoreUp","floor":21.0},{"not_picked":["theForsaken:Enfeeble+1","theForsaken:HorrifyingStrike"],"picked":"theForsaken:ShieldCharge+1","floor":22.0},{"not_picked":["theForsaken:RainingSunlight","theForsaken:Tranquility"],"picked":"theForsaken:ScorchingSunlight+1","floor":24.0},{"not_picked":["theForsaken:Prudence","theForsaken:DarkRift"],"picked":"theForsaken:Parry","floor":25.0},{"not_picked":["theForsaken:CorruptedWord","theForsaken:ScorchingSunlight"],"picked":"theForsaken:BountifulSunlight+1","floor":25.0},{"not_picked":["theForsaken:ScorchingSunlight","theForsaken:HymnOfPatience"],"picked":"theForsaken:DesperatePlea","floor":25.0},{"not_picked":["theForsaken:InspiringBlow","theForsaken:WordsOfMight"],"picked":"theForsaken:SolarFlare","floor":25.0},{"not_picked":["theForsaken:FuryStrikes","theForsaken:Enfeeble"],"picked":"theForsaken:StoreUp","floor":25.0},{"not_picked":["theForsaken:PreciseStrike","theForsaken:SolarFlare"],"picked":"theForsaken:LightRoll+1","floor":27.0},{"not_picked":["theForsaken:DesperatePlea","theForsaken:MagicWeapon"],"picked":"theForsaken:SiphonStrike+1","floor":29.0},{"not_picked":["theForsaken:BountifulSunlight","theForsaken:Eulogy"],"picked":"theForsaken:Thunderbolt","floor":31.0},{"not_picked":["theForsaken:DesperatePlea","theForsaken:Mantra"],"picked":"theForsaken:Retribution","floor":33.0},{"not_picked":["theForsaken:CowardsBrand","theForsaken:NobleSacrifice"],"picked":"theForsaken:Backlash+1","floor":35.0},{"not_picked":["theForsaken:BottledPlague","theForsaken:NobleSacrifice"],"picked":"theForsaken:Thunderbolt+1","floor":36.0},{"not_picked":["theForsaken:CowardsBrand","theForsaken:HorrifyingStrike+1"],"picked":"theForsaken:Preservation+1","floor":38.0},{"not_picked":["theForsaken:FatRoll","theForsaken:Preservation"],"picked":"theForsaken:PreciseStrike+1","floor":39.0},{"not_picked":["theForsaken:Thunderbolt","theForsaken:BlessedWeapon"],"picked":"theForsaken:RainingSunlight+1","floor":41.0},{"not_picked":["theForsaken:Preservation","theForsaken:ChargeAttack"],"picked":"theForsaken:CorruptedWord","floor":45.0},{"not_picked":["Specialist","Panacea"],"picked":"Replay:Sssssssssshield","floor":46.0},{"not_picked":["Flash of Steel","PlatinumSkin"],"picked":"Assess","floor":46.0},{"not_picked":["theForsaken:LightRoll+1","theForsaken:WrathOfGod"],"picked":"theForsaken:HymnOfPatience+1","floor":47.0}],"player_experience":38484,"relics_obtained":[{"floor":6.0,"key":"ReplayTheSpireMod:Shallot"},{"floor":8.0,"key":"hubris:BottledRain"},{"floor":9.0,"key":"hubris:DeckOfHolding"},{"floor":26.0,"key":"War Paint"},{"floor":27.0,"key":"Replay:Bottled Snecko"},{"floor":41.0,"key":"hubris:Metronome"},{"floor":43.0,"key":"LugNut"}],"event_choices":[{"damage_healed":0.0,"max_hp_gain":0.0,"max_hp_loss":0.0,"gold_gain":1.0,"event_name":"betterThird:BetterScrap","player_choice":"LEAVE","floor":5.0,"gold_loss":0.0,"damage_taken":9.0,"cards_obtained":["Burning Pact"]},{"damage_healed":0.0,"max_hp_gain":0.0,"max_hp_loss":0.0,"gold_gain":55.0,"event_name":"Golden Wing","player_choice":"Gained Gold","floor":12.0,"gold_loss":0.0,"damage_taken":0.0},{"damage_healed":0.0,"max_hp_gain":0.0,"max_hp_loss":0.0,"gold_gain":0.0,"event_name":"NoteForYourself","player_choice":"Ignored","floor":19.0,"gold_loss":0.0,"damage_taken":0.0},{"damage_healed":0.0,"max_hp_gain":0.0,"max_hp_loss":0.0,"gold_gain":0.0,"event_name":"betterThird:BetterWriting","player_choice":"Insight","floor":30.0,"gold_loss":0.0,"damage_taken":0.0,"cards_obtained":["Insight"]},{"damage_healed":0.0,"max_hp_gain":0.0,"max_hp_loss":0.0,"gold_gain":0.0,"event_name":"Plague Doctor","player_choice":"Obtain Plague Curse","floor":44.0,"gold_loss":0.0,"damage_taken":0.0,"cards_obtained":["theForsaken:PlagueCurse"]},{"damage_healed":0.0,"max_hp_gain":0.0,"max_hp_loss":0.0,"gold_gain":0.0,"event_name":"SensoryStone","player_choice":"Memory 2","floor":46.0,"gold_loss":0.0,"damage_taken":5.0},{"cards_removed":["Parasite"],"damage_healed":0.0,"max_hp_gain":0.0,"max_hp_loss":0.0,"gold_gain":0.0,"event_name":"Bonfire Elementals","player_choice":"Offered Curse","floor":48.0,"gold_loss":0.0,"damage_taken":0.0,"relics_obtained":["Spirit Poop"]}],"is_beta":false,"boss_relics":[{"not_picked":["theForsaken:PaleLantern","Kintsugi"],"picked":"Tiny House"},{"not_picked":["Astrolabe","hubris:GrandSneckoEye"],"picked":"hubris:HollowSoul"}],"items_purged_floors":[],"is_endless":false,"potions_floor_spawned":[1,6,13,16,24,27,29,33,35,39,45],"killed_by":"Awakened One","ascension_level":0}}