{"host":"vyjryxuuuxkt43k4","time":1612281275,"event":{"mods":["AchievementEnabler","BaseMod","Colored Map","DeckTracker","Keyboard Shortcuts","Minty Spire (QoL Compilation)","Permanent Neow","Quick Restart","Rare Cards Sparkle","Relic Stats","StSLib","SuperFastMode","everything is the same but u backflip on backflip"],"gold_per_floor":[112,123,140,140,153,153,178,178,178,178,192,33,50,83,83,83,83],"floor_reached":16,"language":"KOR","playtime":613,"items_purged":["Strike_G"],"score":202,"play_id":"c95065d0-114c-4f6b-bb01-116be358cc84","local_time":"20210203005435","is_ascension_mode":true,"campfire_choices":[{"data":"Dagger Spray","floor":6.0,"key":"SMITH"},{"data":"Neutralize","floor":8.0,"key":"SMITH"},{"data":"Dash","floor":10.0,"key":"SMITH"},{"data":"Doppelganger","floor":15.0,"key":"SMITH"}],"circlet_count":0,"master_deck":["AscendersBane","Strike_G","Strike_G","Strike_G","Strike_G","Defend_G","Defend_G","Defend_G","Defend_G","Defend_G","Survivor","Neutralize+1","Dagger Spray+1","Backflip","Poisoned Stab","Blur","Dash+1","Cloak And Dagger","Well Laid Plans","Escape Plan","Doppelganger+1"],"relics":["Ring of the Snake","Blood Vial","Sundial","Mummified Hand","Eternal Feather","Happy Flower"],"acts_visited":["Exordium"],"potions_floor_usage":[16],"damage_taken":[{"damage":5.0,"enemies":"Cultist","floor":1.0,"turns":5.0},{"damage":0.0,"enemies":"2 Louse","floor":2.0,"turns":3.0},{"damage":0.0,"enemies":"Small Slimes","floor":3.0,"turns":2.0},{"damage":4.0,"enemies":"Blue Slaver","floor":5.0,"turns":4.0},{"damage":20.0,"enemies":"3 Sentries","floor":7.0,"turns":9.0},{"damage":1.0,"enemies":"Looter","floor":11.0,"turns":4.0},{"damage":0.0,"enemies":"3 Louse","floor":13.0,"turns":4.0},{"damage":17.0,"enemies":"Gremlin Nob","floor":14.0,"turns":5.0},{"damage":33,"enemies":"Slime Boss","floor":16,"turns":11}],"seed_played":"1447466632409040258","potions_obtained":[{"floor":5.0,"key":"Weak Potion"},{"floor":11.0,"key":"Energy Potion"},{"floor":14.0,"key":"DistilledChaos"}],"is_trial":false,"path_per_floor":["M","M","M","?","M","R","E","R","T","R","M","$","M","E","R","B"],"character_chosen":"THE_SILENT","items_purchased":["Well Laid Plans"],"campfire_rested":0,"item_purchase_floors":[12],"current_hp_per_floor":[56,58,60,42,40,40,22,22,22,31,32,32,34,19,31,0,0],"gold":83,"neow_bonus":"RANDOM_COMMON_RELIC","is_daily":false,"chose_seed":false,"campfire_upgraded":4,"win_rate":0.0,"timestamp":1612281275,"path_taken":["M","M","?","?","M","R","E","R","T","R","M","$","M","E","R","BOSS"],"items_purchased_type":["Card"],"build_version":"2020-12-22","purchased_purges":1,"victory":false,"max_hp_per_floor":[66,66,66,66,66,66,66,66,66,66,66,66,66,66,66,66,66],"relic_stats":{"Blood Vial":18,"Happy Flower":[3],"counters":[9,47],"Sundial":[6],"Mummified Hand":[1],"Eternal Feather":21,"obtain_stats":[{"Blood Vial":0,"Happy Flower":14,"Sundial":4,"Mummified Hand":7,"Eternal Feather":9,"Ring of the Snake":0},{"Blood Vial":0,"Happy Flower":8,"Sundial":3,"Mummified Hand":5,"Eternal Feather":5,"Ring of the Snake":0},{"Blood Vial":0,"Happy Flower":36,"Sundial":10,"Mummified Hand":23,"Eternal Feather":23,"Ring of the Snake":0}],"Ring of the Snake":[18]},"card_choices":[{"not_picked":["Dodge and Roll","Riddle With Holes"],"picked":"Dagger Spray","floor":1.0},{"not_picked":["Prepared","Sucker Punch"],"picked":"Backflip","floor":2.0},{"not_picked":["Caltrops","Dagger Spray"],"picked":"Poisoned Stab","floor":3.0},{"not_picked":["Doppelganger","Cloak And Dagger"],"picked":"Blur","floor":5.0},{"not_picked":["Poisoned Stab","Backflip"],"picked":"Dash","floor":7.0},{"not_picked":["Flying Knee","Expertise"],"picked":"Cloak And Dagger","floor":11.0},{"not_picked":["Dash","Blade Dance"],"picked":"Escape Plan","floor":13.0},{"not_picked":["Distraction","Choke"],"picked":"Doppelganger","floor":14.0}],"player_experience":636273,"relics_obtained":[{"floor":7.0,"key":"Mummified Hand"},{"floor":9.0,"key":"Eternal Feather"},{"floor":14.0,"key":"Happy Flower"}],"event_choices":[{"damage_healed":0.0,"max_hp_gain":0.0,"max_hp_loss":0.0,"gold_gain":0.0,"event_name":"Scrap Ooze","player_choice":"Success","floor":4.0,"gold_loss":0.0,"damage_taken":18.0,"relics_obtained":["Sundial"]}],"is_beta":false,"boss_relics":[],"items_purged_floors":[12],"is_endless":false,"potions_floor_spawned":[5,11,14],"killed_by":"Slime Boss","ascension_level":16}}