{"host":"lly094a91h6n5nv5","time":1612258248,"event":{"mods":["AchievementEnabler","BaseMod","Block Reminder","Colored Map","Minty Spire (QoL Compilation)"],"gold_per_floor":[118,118,118,40,55,55,86,11,38,38,38,57,57,71,71,172,172,188,113,128,128,153,186,186,206,206,206,216,216,216],"floor_reached":29,"language":"ENG","playtime":1349,"items_purged":["Strike_R"],"score":301,"play_id":"2bae6ae6-8973-4f7c-8d16-688205a3e6c4","local_time":"20210202033048","is_ascension_mode":true,"campfire_choices":[{"data":"Inflame","floor":6.0,"key":"SMITH"},{"data":"Flame Barrier","floor":10.0,"key":"SMITH"},{"data":"Clothesline","floor":13.0,"key":"SMITH"},{"data":"Inflame","floor":15.0,"key":"SMITH"},{"data":"Dramatic Entrance","floor":24,"key":"SMITH"},{"data":"1","floor":27,"key":"LIFT"}],"circlet_count":0,"master_deck":["Strike_R","Strike_R","Strike_R","Defend_R","Defend_R","Defend_R","Defend_R","Bash","Metamorphosis+1","Clothesline+1","Flame Barrier+1","Inflame+1","Headbutt","Dramatic Entrance+1","Shrug It Off","Inflame+1","Limit Break","Spot Weakness","True Grit+1","Pain","Warcry+1","Injury"],"relics":["Burning Blood","Strawberry","Bag of Marbles","Tiny Chest","Cursed Key","HornCleat","Happy Flower","Toxic Egg 2","Girya"],"acts_visited":["Exordium","TheCity"],"potions_floor_usage":[23,28,29],"damage_taken":[{"damage":3.0,"enemies":"Small Slimes","floor":1.0,"turns":3.0},{"damage":0.0,"enemies":"2 Louse","floor":5.0,"turns":3.0},{"damage":15.0,"enemies":"3 Sentries","floor":7.0,"turns":4.0},{"damage":0.0,"enemies":"Cultist","floor":12.0,"turns":3.0},{"damage":1.0,"enemies":"2 Fungi Beasts","floor":14.0,"turns":2.0},{"damage":46.0,"enemies":"The Guardian","floor":16.0,"turns":9.0},{"damage":12.0,"enemies":"Shell Parasite","floor":18.0,"turns":4.0},{"damage":21.0,"enemies":"2 Thieves","floor":20.0,"turns":4.0},{"damage":24,"enemies":"Slavers","floor":23,"turns":6},{"damage":8,"enemies":"Snecko","floor":25,"turns":5},{"damage":21,"enemies":"Centurion and Healer","floor":28,"turns":3},{"damage":12,"enemies":"Chosen and Byrds","floor":29,"turns":1}],"seed_played":"3992893029509038172","potions_obtained":[{"floor":12.0,"key":"GamblersBrew"},{"floor":14.0,"key":"Dexterity Potion"},{"floor":18.0,"key":"SteroidPotion"},{"floor":25,"key":"DistilledChaos"}],"is_trial":false,"path_per_floor":["M","?","?","$","M","R","E","$","T","R","?","M","R","M","R","B",null,"M","?","M","?","T","E","R","M","T","R","M","M"],"character_chosen":"IRONCLAD","items_purchased":["Flame Barrier"],"campfire_rested":0,"item_purchase_floors":[4],"current_hp_per_floor":[59,59,41,41,47,47,38,38,38,38,38,44,44,49,49,9,68,62,62,47,47,47,29,29,27,27,27,12,0,0],"gold":216,"neow_bonus":"RANDOM_COLORLESS_2","is_daily":false,"chose_seed":false,"campfire_upgraded":5,"win_rate":0.0,"timestamp":1612258248,"path_taken":["M","?","?","$","M","R","E","$","T","R","?","M","R","M","R","BOSS","M","?","M","?","?","E","R","M","T","R","M","?"],"items_purchased_type":["Card"],"build_version":"2020-12-22","purchased_purges":1,"victory":false,"max_hp_per_floor":[80,80,87,87,87,87,87,87,87,87,87,87,87,87,87,87,87,87,87,87,87,87,87,87,87,87,87,87,87,87],"card_choices":[{"not_picked":["Transmutation","Chrysalis"],"picked":"Metamorphosis","floor":0.0},{"not_picked":["Fire Breathing","Iron Wave"],"picked":"Clothesline","floor":1.0},{"not_picked":["Twin Strike","Second Wind"],"picked":"Inflame","floor":5.0},{"not_picked":["Bloodletting","Combust"],"picked":"Headbutt","floor":7.0},{"not_picked":["Burning Pact","Headbutt","Pommel Strike"],"picked":"SKIP","floor":12.0},{"not_picked":["Sever Soul","Sentinel"],"picked":"Inflame","floor":14.0},{"not_picked":["Berserk","Demon Form"],"picked":"Limit Break","floor":16.0},{"not_picked":["Entrench","Body Slam"],"picked":"Spot Weakness","floor":18.0},{"not_picked":["Headbutt","Perfected Strike+1"],"picked":"True Grit+1","floor":20.0},{"not_picked":["Body Slam+1","Pommel Strike","Thunderclap"],"picked":"SKIP","floor":23},{"not_picked":["Perfected Strike+1","Bloodletting+1"],"picked":"Warcry+1","floor":25},{"not_picked":["Body Slam+1","Twin Strike","Spot Weakness+1"],"picked":"SKIP","floor":28}],"player_experience":124425,"relics_obtained":[{"floor":7.0,"key":"Bag of Marbles"},{"floor":9.0,"key":"Tiny Chest"},{"floor":22.0,"key":"Happy Flower"},{"floor":23,"key":"Toxic Egg 2"},{"floor":26,"key":"Girya"}],"event_choices":[{"damage_healed":0.0,"max_hp_gain":0.0,"max_hp_loss":0.0,"gold_gain":0.0,"event_name":"Living Wall","player_choice":"Grow","floor":2.0,"gold_loss":0.0,"damage_taken":0.0,"cards_upgraded":["Metamorphosis"]},{"damage_healed":0.0,"max_hp_gain":0.0,"max_hp_loss":0.0,"gold_gain":0.0,"event_name":"Scrap Ooze","player_choice":"Success","floor":3.0,"gold_loss":0.0,"damage_taken":25.0,"relics_obtained":["Strawberry"]},{"damage_healed":0.0,"max_hp_gain":0.0,"max_hp_loss":0.0,"gold_gain":0.0,"event_name":"Match and Keep!","player_choice":"2 cards matched","floor":11.0,"gold_loss":0.0,"damage_taken":0.0,"cards_obtained":["Dramatic Entrance","Shrug It Off"]},{"cards_removed":["Strike_R"],"damage_healed":0.0,"max_hp_gain":0.0,"max_hp_loss":0.0,"gold_gain":0.0,"event_name":"Beggar","player_choice":"Gave Gold","floor":19.0,"gold_loss":75.0,"damage_taken":0.0},{"damage_healed":0.0,"max_hp_gain":0.0,"max_hp_loss":0.0,"gold_gain":0.0,"event_name":"The Mausoleum","player_choice":"Opened","floor":21.0,"gold_loss":0.0,"damage_taken":0.0,"relics_obtained":["HornCleat"]}],"is_beta":false,"boss_relics":[{"not_picked":["Tiny House","Runic Cube"],"picked":"Cursed Key"}],"items_purged_floors":[8],"is_endless":false,"potions_floor_spawned":[12,14,18,20,25],"killed_by":"Chosen and Byrds","ascension_level":5}}