{"host":"hbvn1mkfq2iixsau","time":1612297975,"event":{"mods":["AchievementEnabler","Act Like it!","BaseMod","Better Altar","Better Match","Better Sensory Stone","Better Skull","Better Third Choice","Colored Map","Displayed Cursed Tome","Hermit","Minty Spire (QoL Compilation)","Quick Restart","Relic Stats","Shop Mod","StSLib"],"gold_per_floor":[116,116,116,66,66,66,94,94,94,129,129,139,139,472,472,577,577,591,606,606,617,632,657,657,689,689,689,699,170,95,127,127,222,222,233,153,153,171,0,0,35,35,35,35,35,60,60,88,88,88,88,88,88,122,122],"floor_reached":56,"language":"ENG","playtime":3199,"items_purged":[],"score":1432,"play_id":"03836300-b047-4451-863f-0e11b488deb9","local_time":"20210202223255","is_ascension_mode":true,"campfire_choices":[{"data":"Neutralize","floor":6.0,"key":"SMITH"},{"floor":8.0,"key":"RECALL"},{"data":"Survivor","floor":11.0,"key":"SMITH"},{"data":"Bouncing Flask","floor":15.0,"key":"SMITH"},{"floor":24.0,"key":"REST"},{"floor":27.0,"key":"REST"},{"floor":32.0,"key":"REST"},{"data":"Venomology","floor":40.0,"key":"SMITH"},{"data":"Catalyst","floor":45.0,"key":"SMITH"},{"data":"1","floor":49.0,"key":"LIFT"},{"data":"Night Terror","floor":52.0,"key":"SMITH"}],"circlet_count":0,"master_deck":["Strike_G","Strike_G","Strike_G","Strike_G","Strike_G","Defend_G","Defend_G","Defend_G","Defend_G","Defend_G","Survivor+1","Neutralize+1","Catalyst+1","Bouncing Flask+1","Night Terror+1","Outmaneuver","Deadly Poison","Insight","Crippling Poison+1","Poisoned Stab+1","Catalyst+1","Footwork+1","Metamorphosis+1","Bane","Venomology+1","Catalyst+1","Noxious Fumes+1","Catalyst+1","Chrysalis","Escape Plan","Outmaneuver+1"],"relics":["Ring of the Snake","NeowsBlessing","Paper Crane","Frozen Egg 2","Eternal Feather","Akabeko","Old Coin","SlaversCollar","Vajra","Kunai","Torii","Art of War","DollysMirror","MerchantsRug","InkBottle","Runic Pyramid","Red Mask","Tingsha","Girya","Pear","HornCleat"],"acts_visited":["Exordium","TheCity","TheBeyond","TheEnding"],"potions_floor_usage":[55,55,55,55],"damage_taken":[{"damage":0.0,"enemies":"Small Slimes","floor":1.0,"turns":1.0},{"damage":0.0,"enemies":"3 Sentries","floor":7.0,"turns":1.0},{"damage":0.0,"enemies":"Gremlin Nob","floor":10.0,"turns":1.0},{"damage":0.0,"enemies":"Jaw Worm","floor":12.0,"turns":4.0},{"damage":32.0,"enemies":"3 Sentries","floor":14.0,"turns":15.0},{"damage":4.0,"enemies":"The Guardian","floor":16.0,"turns":6.0},{"damage":0.0,"enemies":"Spheric Guardian","floor":18.0,"turns":2.0},{"damage":24.0,"enemies":"3 Byrds","floor":19.0,"turns":7.0},{"damage":8.0,"enemies":"Shelled Parasite and Fungi","floor":21.0,"turns":4.0},{"damage":24.0,"enemies":"Centurion and Healer","floor":22.0,"turns":8.0},{"damage":5.0,"enemies":"Book of Stabbing","floor":23.0,"turns":3.0},{"damage":29.0,"enemies":"Gremlin Leader","floor":25.0,"turns":5.0},{"damage":1.0,"enemies":"Chosen and Byrds","floor":28.0,"turns":3.0},{"damage":6.0,"enemies":"Book of Stabbing","floor":31.0,"turns":5.0},{"damage":31.0,"enemies":"Collector","floor":33.0,"turns":4.0},{"damage":17.0,"enemies":"3 Shapes","floor":35.0,"turns":5.0},{"damage":11.0,"enemies":"3 Darklings","floor":38.0,"turns":5.0},{"damage":37.0,"enemies":"Reptomancer","floor":41.0,"turns":5.0},{"damage":0.0,"enemies":"Giant Head","floor":46.0,"turns":3.0},{"damage":12.0,"enemies":"Nemesis","floor":48.0,"turns":5.0},{"damage":36.0,"enemies":"Donu and Deca","floor":50.0,"turns":4.0},{"damage":24.0,"enemies":"Shield and Spear","floor":54.0,"turns":4.0},{"damage":39,"enemies":"The Heart","floor":55,"turns":6}],"seed_played":"2842113212911948243","potions_obtained":[{"floor":7.0,"key":"EssenceOfSteel"},{"floor":14.0,"key":"Energy Potion"},{"floor":18.0,"key":"Swift Potion"},{"floor":21.0,"key":"BlessingOfTheForge"},{"floor":25.0,"key":"PowerPotion"},{"floor":28.0,"key":"LiquidMemories"},{"floor":46.0,"key":"BlessingOfTheForge"}],"is_trial":false,"path_per_floor":["M","?","?","?","$","R","E","R","T","E","R","M","$","E","R","B",null,"M","M","?","M","M","E","R","E","T","R","M","$","?","E","R","B",null,"M","$","?","M","?","R","E","?","T","?","R","E","$","E","R","B",null,"R","$","E","B",null],"character_chosen":"THE_SILENT","items_purchased":["Art of War","DollysMirror","Footwork+1","MerchantsRug","Noxious Fumes+1"],"campfire_rested":3,"item_purchase_floors":[29,29,29,29,36],"current_hp_per_floor":[70,70,70,70,70,70,70,70,70,70,70,70,70,38,44,40,70,70,46,46,38,14,9,39,10,10,40,39,39,39,33,66,35,70,53,53,53,42,42,57,20,20,20,61,61,61,61,59,71,35,71,71,71,47,8],"gold":122,"neow_bonus":"THREE_ENEMY_KILL","is_daily":false,"chose_seed":false,"campfire_upgraded":6,"win_rate":0.0,"timestamp":1612297975,"path_taken":["M","?","?","?","$","R","E","R","T","E","R","M","?","E","R","BOSS","M","M","?","M","M","E","R","E","T","R","M","$","?","E","R","BOSS","M","$","?","?","?","R","E","?","T","?","R","E","$","E","R","BOSS","R","$","E","BOSS"],"items_purchased_type":["Relic","Relic","Card","Relic","Card"],"build_version":"2020-12-22","purchased_purges":0,"victory":true,"max_hp_per_floor":[70,70,70,70,70,70,70,70,70,70,70,70,70,70,70,70,70,70,70,70,70,70,70,70,70,70,70,70,70,70,70,70,70,70,70,70,70,70,70,70,70,70,70,61,61,61,61,71,71,71,71,71,71,71,71],"relic_stats":{"Torii":77,"counters":[23,106],"Eternal Feather":63,"Tingsha":[4],"Art of War":[15],"Kunai":[2],"obtain_stats":[{"MerchantsRug":29,"Girya":46,"Pear":48,"NeowsBlessing":0,"Torii":26,"Vajra":23,"Eternal Feather":9,"Tingsha":41,"Paper Crane":3,"Frozen Egg 2":7,"Akabeko":10,"Old Coin":14,"SlaversCollar":17,"HornCleat":54,"DollysMirror":29,"Art of War":29,"Red Mask":39,"Kunai":25,"InkBottle":31,"Ring of the Snake":0,"Runic Pyramid":34},{"MerchantsRug":13,"Girya":19,"Pear":20,"NeowsBlessing":0,"Torii":12,"Vajra":11,"Eternal Feather":2,"Tingsha":18,"Paper Crane":1,"Frozen Egg 2":2,"Akabeko":3,"Old Coin":5,"SlaversCollar":6,"HornCleat":22,"DollysMirror":13,"Art of War":13,"Red Mask":17,"Kunai":12,"InkBottle":14,"Ring of the Snake":0,"Runic Pyramid":15},{"MerchantsRug":60,"Girya":87,"Pear":92,"NeowsBlessing":0,"Torii":57,"Vajra":52,"Eternal Feather":2,"Tingsha":84,"Paper Crane":1,"Frozen Egg 2":2,"Akabeko":3,"Old Coin":22,"SlaversCollar":28,"HornCleat":100,"DollysMirror":60,"Art of War":60,"Red Mask":79,"Kunai":57,"InkBottle":65,"Ring of the Snake":0,"Runic Pyramid":69}],"InkBottle":[17],"Ring of the Snake":[46]},"card_choices":[{"not_picked":["Poisoned Stab","Dagger Spray"],"picked":"Catalyst","floor":1.0},{"not_picked":["Acrobatics","Quick Slash","Sucker Punch"],"picked":"SKIP","floor":7.0},{"not_picked":["Leg Sweep","Heel Hook","Flechettes"],"picked":"SKIP","floor":10.0},{"not_picked":["Concentrate","Dagger Spray","Expertise"],"picked":"SKIP","floor":12.0},{"not_picked":["Bane","Tactician"],"picked":"Bouncing Flask","floor":14.0},{"not_picked":["Die Die Die","Storm of Steel"],"picked":"Night Terror","floor":16.0},{"not_picked":["Acrobatics","Dagger Spray+1"],"picked":"Outmaneuver","floor":18.0},{"not_picked":["Prepared","PiercingWail"],"picked":"Deadly Poison","floor":19.0},{"not_picked":["Leg Sweep","Blade Dance+1","Quick Slash"],"picked":"SKIP","floor":21.0},{"not_picked":["A Thousand Cuts+1","Prepared","Underhanded Strike"],"picked":"SKIP","floor":22.0},{"not_picked":["Heel Hook","Sucker Punch+1","Cloak And Dagger"],"picked":"SKIP","floor":23.0},{"not_picked":["Deflect+1","Reflex+1"],"picked":"Crippling Poison+1","floor":25.0},{"not_picked":["Outmaneuver","Deflect+1"],"picked":"Poisoned Stab+1","floor":28.0},{"not_picked":["HandOfGreed+1","Violence+1"],"picked":"Metamorphosis+1","floor":30.0},{"not_picked":["Heel Hook+1","Envenom+1"],"picked":"Bane","floor":31.0},{"not_picked":["Storm of Steel","Envenom+1"],"picked":"Venomology","floor":33.0},{"not_picked":["Eviscerate","Concentrate"],"picked":"Catalyst","floor":35.0},{"not_picked":["Acrobatics","Underhanded Strike","Riddle With Holes+1"],"picked":"SKIP","floor":38.0},{"not_picked":["Dagger Spray+1","Dagger Throw+1"],"picked":"Catalyst","floor":41.0},{"not_picked":["Madness","Magnetism+1"],"picked":"Chrysalis","floor":42.0},{"not_picked":["Poisoned Stab","Dagger Spray","Setup"],"picked":"SKIP","floor":46.0},{"not_picked":["All Out Attack","Dagger Spray+1"],"picked":"Escape Plan","floor":48.0},{"not_picked":["All Out Attack","Quick Slash"],"picked":"Outmaneuver+1","floor":54.0}],"player_experience":253169,"relics_obtained":[{"floor":7.0,"key":"Frozen Egg 2"},{"floor":9.0,"key":"Eternal Feather"},{"floor":10.0,"key":"Akabeko"},{"floor":14.0,"key":"Old Coin"},{"floor":23.0,"key":"Vajra"},{"floor":25.0,"key":"Kunai"},{"floor":26.0,"key":"Torii"},{"floor":31.0,"key":"InkBottle"},{"floor":41.0,"key":"Tingsha"},{"floor":46.0,"key":"Girya"},{"floor":48.0,"key":"Pear"},{"floor":54.0,"key":"HornCleat"}],"event_choices":[{"damage_healed":0.0,"max_hp_gain":0.0,"max_hp_loss":0.0,"gold_gain":0.0,"event_name":"Living Wall","player_choice":"Grow","floor":2.0,"gold_loss":0.0,"damage_taken":0.0,"cards_upgraded":["Catalyst"]},{"damage_healed":0.0,"max_hp_gain":0.0,"max_hp_loss":0.0,"gold_gain":0.0,"event_name":"Big Fish","player_choice":"Box","floor":3.0,"gold_loss":0.0,"damage_taken":0.0,"relics_obtained":["Paper Crane"],"cards_obtained":["Regret"]},{"cards_removed":["Regret"],"damage_healed":0.0,"max_hp_gain":0.0,"max_hp_loss":0.0,"gold_gain":0.0,"event_name":"The Cleric","player_choice":"Card Removal","floor":4.0,"gold_loss":50.0,"damage_taken":0.0},{"damage_healed":0.0,"max_hp_gain":0.0,"max_hp_loss":0.0,"gold_gain":0.0,"event_name":"betterThird:BetterWriting","player_choice":"Insight","floor":20.0,"gold_loss":0.0,"damage_taken":0.0,"cards_obtained":["Insight"]},{"damage_healed":0.0,"max_hp_gain":0.0,"max_hp_loss":0.0,"gold_gain":0.0,"event_name":"betterMatch:BetterMatch","player_choice":"2","floor":30.0,"gold_loss":0.0,"damage_taken":0.0,"cards_obtained":["betterMatch:ColorlessRareCard"]},{"damage_healed":0.0,"max_hp_gain":0.0,"max_hp_loss":0.0,"gold_gain":0.0,"event_name":"Upgrade Shrine","player_choice":"Upgraded","floor":37.0,"gold_loss":0.0,"damage_taken":0.0,"cards_upgraded":["Catalyst"]},{"damage_healed":0.0,"max_hp_gain":0.0,"max_hp_loss":0.0,"gold_gain":0.0,"event_name":"Tomb of Lord Red Mask","player_choice":"Paid","floor":39.0,"gold_loss":171.0,"damage_taken":0.0,"relics_obtained":["Red Mask"]},{"damage_healed":0.0,"max_hp_gain":0.0,"max_hp_loss":0.0,"gold_gain":3.0,"event_name":"betterStone:BetterStone","player_choice":"1","floor":42.0,"gold_loss":0.0,"damage_taken":0.0},{"damage_healed":61.0,"max_hp_gain":0.0,"max_hp_loss":9.0,"gold_gain":0.0,"event_name":"The Moai Head","player_choice":"Heal","floor":44.0,"gold_loss":0.0,"damage_taken":0.0}],"is_beta":false,"boss_relics":[{"not_picked":["Calling Bell","Pandora\u0027s Box"],"picked":"SlaversCollar"},{"not_picked":["Coffee Dripper","Snecko Eye"],"picked":"Runic Pyramid"}],"items_purged_floors":[],"is_endless":false,"potions_floor_spawned":[7,14,18,21,25,28,46,48,54],"ascension_level":1}}