{"host":"56d873i5r3uhle0q","time":1612301621,"event":{"mods":["100% Spire Juice","Act Like it!","Aspiration","BaseMod","Block Reminder","Conspire","Dota2Spire","Downfall","Gensokyo","Hermit","Hubris","Infinite Spire","Jedi Mod","Lobotomy","LobotomyExtend","Marisa????????","Marked Mod","Minty Spire (QoL Compilation)","Reliquary","Replay The Spire","StSLib","The Animator","The Bug Knight","The Cursed","The Marked","The Servant 0.9.4","Wandering Minibosses","everything is the same but u backflip on backflip","??????REMEMod"],"gold_per_floor":[112,66,66,82,82,82,99,99,99,110,110,110,130,146,216,216,216],"floor_reached":16,"language":"ENG","playtime":534,"items_purged":[],"score":92,"play_id":"51510398-9c81-426e-aa77-593d6193e045","local_time":"20210202143341","is_ascension_mode":false,"campfire_choices":[{"data":"hermit:FinalCanter","floor":6.0,"key":"SMITH"},{"data":"hermit:Misfire","floor":12.0,"key":"SMITH"}],"circlet_count":0,"master_deck":["hermit:Strike_Hermit","hermit:Strike_Hermit","hermit:Strike_Hermit","hermit:Strike_Hermit","hermit:Defend_Hermit","hermit:Defend_Hermit","hermit:Defend_Hermit","hermit:Defend_Hermit","hermit:Snapshot","hermit:Covet","hermit:FinalCanter+1","hermit:Misfire+1","hermit:Malice","hermit:FinalCanter"],"relics":["hermit:Momento","REME_ComplimentaryCards","NeowsBlessing","LetterFromLob","Pear","Bottled Flame","jedi:purplefairy"],"acts_visited":["Gensokyo:Gensokyo"],"potions_floor_usage":[16,16],"damage_taken":[{"damage":0.0,"enemies":"Gensokyo:2_Kodama","floor":1.0,"turns":2.0},{"damage":0.0,"enemies":"Gensokyo:Python","floor":4.0,"turns":1.0},{"damage":0.0,"enemies":"Gensokyo:3_Fairies","floor":7.0,"turns":2.0},{"damage":5.0,"enemies":"Gensokyo:VengefulSpirit","floor":10.0,"turns":3.0},{"damage":0.0,"enemies":"Gensokyo:LivingMonolith","floor":13.0,"turns":2.0},{"damage":0.0,"enemies":"Gensokyo:Python_and_Kodama","floor":14.0,"turns":2.0},{"damage":96,"enemies":"Gensokyo:Reimu","floor":16,"turns":13}],"seed_played":"-1334277562592009238","potions_obtained":[{"floor":4.0,"key":"Venom Potion"},{"floor":7.0,"key":"Fire Potion"},{"floor":10.0,"key":"Dexterity Potion"}],"is_trial":false,"path_per_floor":["M","COS","?","M","?","R","M","?","T","M","?","R","M","M","R","B"],"character_chosen":"HERMIT","items_purchased":[],"campfire_rested":0,"item_purchase_floors":[],"current_hp_per_floor":[75,75,75,75,70,70,70,70,70,65,74,84,84,84,84,0,0],"gold":216,"neow_bonus":"THREE_ENEMY_KILL","is_daily":false,"chose_seed":false,"campfire_upgraded":2,"win_rate":0.0,"timestamp":1612301621,"path_taken":["M","COS","?","?","?","R","M","?","T","?","?","R","M","?","R","BOSS"],"items_purchased_type":[],"build_version":"2020-12-22","purchased_purges":0,"victory":false,"max_hp_per_floor":[75,75,75,75,85,85,85,85,85,85,85,85,85,85,85,85,85],"card_choices":[{"not_picked":["hermit:PistolWhip","hermit:HoleUp","hermit:Quickdraw"],"picked":"SKIP","floor":1.0},{"not_picked":["hermit:HighCaliber","hermit:Roulette","hermit:CalledShot"],"picked":"SKIP","floor":4.0},{"not_picked":["hermit:TrackingShot","hermit:LowProfile"],"picked":"hermit:Misfire","floor":7.0},{"not_picked":["hermit:LowProfile","hermit:Showdown","hermit:Determination"],"picked":"SKIP","floor":10.0},{"not_picked":["hermit:HoleUp","hermit:TakeAim"],"picked":"hermit:Malice","floor":13.0},{"not_picked":["hermit:Misfire","hermit:DeadMansHand"],"picked":"hermit:FinalCanter","floor":14.0}],"player_experience":698976,"relics_obtained":[{"floor":1.0,"key":"LetterFromLob"},{"floor":9.0,"key":"Bottled Flame"}],"event_choices":[],"is_beta":false,"boss_relics":[],"items_purged_floors":[],"is_endless":false,"potions_floor_spawned":[4,7,10],"killed_by":"Gensokyo:Reimu","ascension_level":0}}