{"host":"nx6ib2o6hmd449ys","time":1612284817,"event":{"mods":["100% Spire Juice","2.2 Compatiblity","Act Like it!","Arknights The Spire","Aspiration","BaseMod","BetterRewards","CCEM","Challenge The Spire","Clockwork Mod","Colorless Booster Pack","Conjunction","Conspire","Dota2Spire","Downfall","Energized Spire","Fox Events","Friendly Minions","Gensokyo","GifTheSpireLib","GungeonMod","Halation","Hermit","HornydragonMod","Hubris","Infinite Spire","Jedi Mod","Kalas","Luminous","Marisa????????","Minty Spire (QoL Compilation)","MostiFishMod","Pale of the Ancients","Quick Restart","RRrroohrrRGHHhhh!!","Rare Cards Sparkle","RatMod","Reliquary","Remilia??????","Replay The Spire","Retaliation","RumiaBox-????????","Shop Mod","Slay the StarCraft II Mod","Small Relic Pack","Spicy Shops","Spikes Relics","Spire Arcade","StS++","StSLib","Stuff the Spire","SuperFastMode","TestMod","The Administrix","The Bladedancer","The Blue Laboratory","The Factory","The Jungle","Wandering Minibosses","Wide Potions","Yuyuko","[IsaacMod]????","noobMod","sanctuary","vexMod","??????REMEMod"],"gold_per_floor":[111,130,17,27,44,72,72,82,109,109,109,128,128,161,161,263,263,280,299,299,148,212,240,240,253,253,294,294,294,294],"floor_reached":29,"language":"ENG","playtime":3974,"items_purged":["hubris:Envy","rorgmod:Fever"],"score":368,"play_id":"1cefc5c0-e2b5-43c5-adda-961dfabc4aa6","local_time":"20210202175337","is_ascension_mode":true,"campfire_choices":[{"floor":7,"key":"REST"},{"data":"Luminous:Darks_Surge_Luminous","floor":15,"key":"SMITH"},{"data":"conspire:Banana","floor":24,"key":"SMITH"}],"circlet_count":0,"master_deck":["Luminous:Light_Flash_Shower+1","Luminous:Light_Flash_Shower+1","Luminous:Light_Flash_Shower+1","Luminous:Dark_Abyssal_Drop+1","Luminous:Dark_Abyssal_Drop+1","Luminous:Dark_Abyssal_Drop+1","Luminous:Defend_Luminous+1","Luminous:Defend_Luminous+1","Luminous:Defend_Luminous+1","Luminous:Defend_Luminous+1","Luminous:Switch_Luminous","MostiFishMod:EE1D","MostiFishMod:EE1D","MostiFishMod:EE1D","Blind","Luminous:Light_Sylvan_Lance","Luminous:Darks_Surge_Luminous+1","Luminous:Light_Gather","Luminous:Arcane_Rage_Luminous+1","Luminous:Light_Spectral_Light","Luminous:Erosion_Luminous+1","conspire:Banana+1","Luminous:Dark_Apocalypse","Luminous:Equalize_Luminous+1","Luminous:Abyss_Heart_Luminous","Luminous:Lunar_Tide_Luminous+1","Pride","MostiFishMod:TheLastGuard+1","Luminous:Light_Wash_Luminous"],"relics":["Luminous:MirrorRelic","testmod-TestBox","ice","HushsDoor","DaveBox","REME_ComplimentaryCards","Leech","testmod-BouquetWithThorns","EE1DDrone","OriginationStaff","Membership Card","ReplayTheSpireMod:CursedCoin","Mummified Hand","LugNut","reliquary:JackalopeAntler","SynthV:TestCard","BrkXgEgg","aspiration:ChemicalBlood","halation:LettersToHer","Pear","reliquary:SharkskinSheath","reliquary:RedPaperclip","CCEMRelics:OrganicArmor","Chemical X","Golden Egg","testmod-EqualTreatment","Damocles","jedi:ominousloannote","reliquary:ExpiredCoupon","Gremlin Food","Dota2Spire:PhaseBoots","DemoMod:GlassGuonStoneRelic","Dota2Spire:DrumOfEndurance"],"acts_visited":["Exordium","TheCity"],"potions_floor_usage":[2,6,16,28,29],"damage_taken":[{"damage":4,"enemies":"Gensokyo:Python","floor":1,"turns":5},{"damage":2,"enemies":"Gensokyo:Gryphon","floor":2,"turns":4},{"damage":7,"enemies":"Gensokyo:2_Kodama","floor":4,"turns":2},{"damage":9,"enemies":"Gensokyo:Kitsune","floor":5,"turns":3},{"damage":6,"enemies":"Gensokyo:Aya","floor":6,"turns":3},{"damage":5,"enemies":"Gensokyo:Python_and_Kodama","floor":8,"turns":2},{"damage":0,"enemies":"Gensokyo:2_Rabbits","floor":12,"turns":1},{"damage":0,"enemies":"Gensokyo:Cirno","floor":14,"turns":6},{"damage":13,"enemies":"Gensokyo:Kokoro","floor":16,"turns":5},{"damage":0,"enemies":"3 Byrds","floor":18,"turns":2},{"damage":0,"enemies":"Chosen","floor":19,"turns":3},{"damage":32,"enemies":"Nightmare","floor":23,"turns":5},{"damage":9,"enemies":"3 Cultists","floor":25,"turns":2},{"damage":0,"enemies":"Chosen and Byrds","floor":28,"turns":5},{"damage":17,"enemies":"REME_1_Revenger","floor":29,"turns":2}],"seed_played":"4999595824969688506","potions_obtained":[{"floor":1,"key":"Adrenaline Potion"},{"floor":4,"key":"blueLaboratory:FrostheartPotion"},{"floor":6,"key":"blueLaboratory:PyrophylliteBrew"},{"floor":12,"key":"blueLaboratory:BottleOfRum"},{"floor":23,"key":"ColorlessPotion"},{"floor":23,"key":"AttackPotion"}],"is_trial":false,"path_per_floor":["M","M","$","M","M","E","R","M","T","?","?","M","?","E","R","B",null,"M","M","?","$","?","NM","R","M","T","$","M","E"],"character_chosen":"LuminousClass","items_purchased":["Membership Card","ReplayTheSpireMod:CursedCoin","LugNut","reliquary:JackalopeAntler","BrkXgEgg","conspire:Banana","CCEMRelics:OrganicArmor","Chemical X","jedi:ominousloannote","reliquary:ExpiredCoupon","Gremlin Food","Dota2Spire:PhaseBoots","MostiFishMod:TheLastGuard+1"],"campfire_rested":1,"item_purchase_floors":[0,0,0,0,3,17,21,21,27,27,27,27,27],"current_hp_per_floor":[33,34,34,29,23,20,42,39,39,39,24,25,20,20,20,12,83,84,86,86,86,52,25,25,17,17,17,26,0,0],"gold":294,"neow_bonus":"","is_daily":false,"chose_seed":false,"campfire_upgraded":2,"win_rate":0.0,"timestamp":1612284817,"path_taken":["M","M","$","M","M","E","R","M","T","?","?","?","?","E","R","BOSS","M","M","?","$","?","NM","R","M","T","?","M","E"],"items_purchased_type":["Relic","Relic","Relic","Relic","Relic","Card","Relic","Relic","Relic","Relic","Relic","Relic","Card"],"build_version":"2020-12-13","purchased_purges":2,"victory":false,"max_hp_per_floor":[75,75,75,75,75,75,75,75,75,75,75,75,85,85,85,85,83,84,86,86,86,86,87,87,87,87,87,91,93,93],"card_choices":[{"not_picked":[],"picked":"Bomb","floor":0},{"not_picked":["Luminous:Fast_Spell_Luminous","Luminous:Light_Disperse"],"picked":"Luminous:Light_Sylvan_Lance","floor":1},{"not_picked":["Luminous:Dark_Dim_Erosion","Luminous:Light_Gather","Luminous:Equalize_Luminous","Luminous:Magic_Guard_Luminous"],"picked":"Luminous:Darks_Surge_Luminous","floor":2},{"not_picked":["Luminous:Accumulation_Luminous","Luminous:Dark_Raid","Luminous:Shadow_Shell_Luminous","Luminous:Dark_Dim_Erosion"],"picked":"Luminous:Light_Gather","floor":4},{"not_picked":["Luminous:Dark_Raid","Luminous:Light_Wash_Luminous","Luminous:Light_Disperse","Luminous:Dark_Pressure_Void"],"picked":"Luminous:Dark_Dim_Erosion","floor":5},{"not_picked":["Luminous:Lights_Protection_Luminous","Luminous:Accumulation_Luminous","Luminous:Dark_Dim_Erosion","Luminous:Dark_Apocalypse"],"picked":"Luminous:Arcane_Rage_Luminous+1","floor":6},{"not_picked":["Luminous:Phantom_Treasure_Luminous","Luminous:Dark_Moonlight_Spear","Luminous:Dark_Dim_Erosion","Luminous:Light_Sylvan_Lance","Luminous:Light_Gather"],"picked":"SKIP","floor":8},{"not_picked":["Luminous:Light_Disperse","Luminous:Light_Gather","Luminous:Light_Wash_Luminous","Luminous:Blinding_Pillar_Luminous","Luminous:Light_Sylvan_Lance"],"picked":"SKIP","floor":12},{"not_picked":["Luminous:Light_Track","Luminous:Light_Gather","Luminous:Light_Sylvan_Lance","Luminous:Accumulation_Luminous"],"picked":"Luminous:Light_Spectral_Light","floor":14},{"not_picked":["Luminous:Ethereal_Form_Luminous+1","Luminous:Date_of_Light_Luminous+1","Luminous:Equalize_Luminous+1","Luminous:Freud_Wisdom1_Luminous+1"],"picked":"Luminous:Erosion_Luminous+1","floor":16},{"not_picked":["Luminous:Mana_Well_Luminous","Luminous:Light_Glare","Luminous:Concentrate_Luminous","Luminous:Dark_Raid+1"],"picked":"Luminous:Dark_Apocalypse","floor":18},{"not_picked":["Luminous:Darkness_Mastery_Luminous+1","Luminous:Light_Gather","Luminous:Blinding_Pillar_Luminous+1","Luminous:Dark_Raid","Luminous:Light_Glare"],"picked":"SKIP","floor":19},{"not_picked":["Luminous:Dark_Morning_Star","Luminous:Light_Disperse","Luminous:Dark_Dim_Erosion","Luminous:Dark_Raid"],"picked":"Luminous:Equalize_Luminous+1","floor":22},{"not_picked":["Luminous:Balance_Death_Scythe","Luminous:Dark_Raid","Luminous:Dark_Morning_Star+1","Luminous:Dusk_Guard_Luminous"],"picked":"Luminous:Abyss_Heart_Luminous","floor":23},{"not_picked":["Luminous:Concentrate_Luminous","Luminous:Balance_Ender","Luminous:Light_Glare","Luminous:Dark_Dim_Erosion"],"picked":"Luminous:Lunar_Tide_Luminous+1","floor":25},{"not_picked":["Luminous:Dark_Dim_Erosion","Luminous:Accumulation_Luminous+1","Luminous:Blinding_Pillar_Luminous","Luminous:Concentrate_Luminous"],"picked":"Luminous:Light_Wash_Luminous","floor":28}],"player_experience":383321,"relics_obtained":[{"floor":1,"key":"SynthV:TestCard"},{"floor":6,"key":"reliquary:TridentHead"},{"floor":9,"key":"aspiration:ChemicalBlood"},{"floor":14,"key":"reliquary:SharkskinSheath"},{"floor":22,"key":"Golden Egg"},{"floor":23,"key":"testmod-EqualTreatment"},{"floor":26,"key":"halation:LettersToHer"},{"floor":26,"key":"Damocles"},{"floor":28,"key":"Dota2Spire:DrumOfEndurance"}],"event_choices":[{"damage_healed":0,"gold_gain":0,"player_choice":"Simplicity","damage_taken":0,"max_hp_gain":0,"max_hp_loss":0,"event_name":"Back to Basics","floor":20,"gold_loss":0,"cards_upgraded":["Luminous:Light_Flash_Shower","Luminous:Light_Flash_Shower","Luminous:Light_Flash_Shower","Luminous:Dark_Abyssal_Drop","Luminous:Dark_Abyssal_Drop","Luminous:Dark_Abyssal_Drop","Luminous:Defend_Luminous","Luminous:Defend_Luminous","Luminous:Defend_Luminous","Luminous:Defend_Luminous"]}],"is_beta":false,"boss_relics":[{"not_picked":["energizedSpire:RedRose","energizedSpire:SpiderWeb"],"picked":"reliquary:RedPaperclip"},{"not_picked":[]}],"items_purged_floors":[3,27],"is_endless":false,"potions_floor_spawned":[1,4,6,12,19,23,25],"killed_by":"REME_1_Revenger","ascension_level":1}}