{"host":"lzrwpfoki0hksi4s","time":1612272322,"event":{"mods":["100% Spire Juice","Arknights","BaseMod","CapriCore","Lobotomy","Minty Spire (QoL Compilation)","StSLib","WarShipGirlsR/??á´Ò³R mod"],"gold_per_floor":[110,110,125,135,151,151,176,176,202,215,230,16,49,66,66,169,169,185,217,235,235,235,247,275,275,355,355,1,21,38,51,51,148,148,165,125,0,0,15,15,44,44,44,75,95,22,50,50,50,50,50,50,50,50,103,103,103],"floor_reached":56,"language":"KOR","playtime":5712,"items_purged":["ats:Strike V","ats:Strike C","ats:Strike G"],"score":742,"play_id":"f6f79c3a-87ff-4364-8497-530fdb0afa4e","local_time":"20210202222522","is_ascension_mode":false,"campfire_choices":[{"data":"ats:Apocalypse","floor":6,"key":"SMITH"},{"data":"ats:Thorns","floor":8,"key":"SMITH"},{"data":"ats:Disruption Kick","floor":15,"key":"SMITH"},{"data":"ats:Soul Rend","floor":25,"key":"SMITH"},{"data":"ats:Shell Defense","floor":27,"key":"SMITH"},{"data":"ats:Emotion Absorption","floor":32,"key":"SMITH"},{"data":"ats:Counter Healing Mode","floor":40,"key":"SMITH"},{"data":"ats:Demon Strength","floor":42,"key":"SMITH"},{"floor":49,"key":"RECALL"},{"data":"ats:Soul Rend","floor":53,"key":"SMITH"}],"circlet_count":0,"master_deck":["ats:Armor Crushing Shot","ats:Defend","ats:Defend","ats:Emotion Absorption+1","ats:Red Shift","ats:Powerful Strike","ats:Shell Defense+1","ats:Apocalypse+1","ats:Thorns+1","ats:Disruption Kick+1","ats:Soul Rend+1","ats:Durian","ats:Blood Oath+1","ats:Mental Burst","ats:Directed Diagnosis","ats:Assault Order+1","ats:Thorns+1","ats:Calcification+1","ats:Red Shift","ats:Soul Rend+1","ats:Mental Burst","ats:Counter Healing Mode+1","ats:Calcification+1","ats:Shell Defense+1","ats:Demon Strength+1","ats:Beaten Up+1","ats:Wolf Pack"],"relics":["ats:Sanity","ats:Originium","Boot","Centennial Puzzle","ats:Tactical Delivery","Red Mask","GremlinMask","Pen Nib","Singing Bowl","Toxic Egg 2","Black Star","Sundial","ats:Industrial Water Cannon","CeramicFish","Bag of Marbles","Bottled Tornado","Unceasing Top","Shuriken","ats:Gyao","Du-Vu Doll"],"acts_visited":["Exordium","TheCity","TheBeyond","TheEnding"],"potions_floor_usage":[5,16,19,31,50,55,56],"damage_taken":[{"damage":8,"enemies":"Jaw Worm","floor":1,"turns":3},{"damage":0,"enemies":"Cultist","floor":3,"turns":2},{"damage":6,"enemies":"Small Slimes","floor":4,"turns":4},{"damage":0,"enemies":"Blue Slaver","floor":5,"turns":1},{"damage":21,"enemies":"Lagavulin","floor":7,"turns":6},{"damage":0,"enemies":"3 Louse","floor":10,"turns":4},{"damage":21,"enemies":"Exordium Thugs","floor":11,"turns":5},{"damage":25,"enemies":"Gremlin Nob","floor":13,"turns":6},{"damage":22,"enemies":"Large Slime","floor":14,"turns":7},{"damage":33,"enemies":"The Guardian","floor":16,"turns":8},{"damage":15,"enemies":"Chosen","floor":18,"turns":4},{"damage":33,"enemies":"Masked Bandits","floor":19,"turns":4},{"damage":25,"enemies":"Shell Parasite","floor":20,"turns":3},{"damage":21,"enemies":"Centurion and Healer","floor":23,"turns":4},{"damage":9,"enemies":"Gremlin Leader","floor":24,"turns":5},{"damage":11,"enemies":"Snecko","floor":29,"turns":4},{"damage":26,"enemies":"Cultist and Chosen","floor":30,"turns":4},{"damage":14,"enemies":"Centurion and Healer","floor":31,"turns":4},{"damage":47,"enemies":"Champ","floor":33,"turns":9},{"damage":66,"enemies":"3 Darklings","floor":35,"turns":5},{"damage":22,"enemies":"Orb Walker","floor":39,"turns":3},{"damage":59,"enemies":"Reptomancer","floor":41,"turns":8},{"damage":85,"enemies":"Giant Head","floor":44,"turns":10},{"damage":68,"enemies":"Maw","floor":45,"turns":8},{"damage":75,"enemies":"Nemesis","floor":47,"turns":7},{"damage":68,"enemies":"Donu and Deca","floor":50,"turns":8},{"damage":70,"enemies":"Shield and Spear","floor":55,"turns":7},{"damage":79,"enemies":"The Heart","floor":56,"turns":3}],"seed_played":"-7084905949320263019","potions_obtained":[{"floor":3,"key":"Explosive Potion"},{"floor":4,"key":"Swift Potion"},{"floor":11,"key":"GamblersBrew"},{"floor":14,"key":"CultistPotion"},{"floor":20,"key":"DuplicationPotion"},{"floor":23,"key":"BlessingOfTheForge"},{"floor":24,"key":"ats:Emergency Sanity Potion"},{"floor":30,"key":"LiquidMemories"},{"floor":33,"key":"Weak Potion"},{"floor":41,"key":"ats:Emergency Sanity Potion"},{"floor":55,"key":"Block Potion"}],"is_trial":false,"path_per_floor":["M","?","M","M","M","R","E","R","T","M","M","$","E","M","R","B",null,"M","?","M","?","?","M","E","R","T","R","$","M","M","M","R","B",null,"M","?","$","?","M","R","E","R","T","E","M","$","E","$","R","B",null,null,"R","$","E","B"],"character_chosen":"DOCTOR_CLASS","items_purchased":["ats:Disruption Kick","Toxic Egg 2","ats:Beaten Up+1"],"campfire_rested":0,"item_purchase_floors":[12,28,46],"current_hp_per_floor":[57,57,57,59,59,59,51,51,51,63,52,52,49,50,50,51,65,65,54,46,46,46,40,65,65,65,65,65,65,45,46,46,60,67,69,73,73,69,63,63,69,69,69,42,54,54,47,47,47,18,18,75,75,75,74,0,0],"gold":103,"neow_bonus":"TRANSFORM_TWO_CARDS","is_daily":false,"chose_seed":false,"campfire_upgraded":9,"win_rate":0.0,"timestamp":1612272322,"path_taken":["M","?","M","M","M","R","E","R","T","?","M","$","E","M","R","BOSS","M","?","M","?","?","?","E","R","T","R","$","M","M","M","R","BOSS","M","?","$","?","M","R","E","R","T","E","M","$","E","?","R","BOSS","R","$","E","BOSS"],"items_purchased_type":["Card","Relic","Card"],"build_version":"2020-12-22","purchased_purges":3,"victory":false,"max_hp_per_floor":[65,65,65,65,65,65,65,65,65,65,65,65,65,65,65,65,65,65,65,65,65,65,65,65,65,65,65,65,65,67,67,67,67,67,69,73,73,69,69,69,69,69,69,71,73,73,75,75,75,75,75,75,75,75,75,75,75],"card_choices":[{"not_picked":["ats:Cat Scratch","ats:Shadow Raid"],"picked":"ats:Shell Defense","floor":1},{"not_picked":["ats:Leaping Hammer","ats:Hammer On"],"picked":"ats:Apocalypse","floor":3},{"not_picked":["ats:Guard Mode","ats:Defend Order"],"picked":"ats:Thorns","floor":4},{"not_picked":["ats:Composite Medical Shells","ats:Guardian Obelisk","ats:Leaping Hammer"],"picked":"SKIP","floor":5},{"not_picked":["ats:Healing Drone","ats:Absolute Focus","ats:Curse Doll"],"picked":"SKIP","floor":7},{"not_picked":["ats:Guard Mode","ats:Flexible Camouflage","ats:Hammer On"],"picked":"SKIP","floor":10},{"not_picked":["ats:Song Of Battle","ats:Cat Scratch","ats:Explosion Area Strengthen"],"picked":"SKIP","floor":11},{"not_picked":["ats:Revitalization","ats:Absolute Focus","ats:Very Hot Blade"],"picked":"SKIP","floor":13},{"not_picked":["ats:Poison Spread","ats:Closed Bolt Burst Fire"],"picked":"ats:Soul Rend","floor":14},{"not_picked":["ats:Rat Pack","ats:Shadow Assault"],"picked":"ats:Durian","floor":16},{"not_picked":["ats:Very Hot Blade+1","ats:Leaping Hammer+1","ats:Curse Doll+1"],"picked":"SKIP","floor":18},{"not_picked":["ats:Curse Doll","ats:Sashimi Platter"],"picked":"ats:Blood Oath+1","floor":19},{"not_picked":["ats:Blood Oath","ats:Apocalypse+1"],"picked":"ats:Mental Burst","floor":20},{"not_picked":["ats:Literary Storm+1","ats:Ignite+1"],"picked":"ats:Assault Order+1","floor":23},{"not_picked":["ats:Shadow Raid","ats:Shell Defense"],"picked":"ats:Thorns+1","floor":24},{"not_picked":["ats:Composite Medical Shells","ats:Closed Bolt Burst Fire"],"picked":"ats:Calcification+1","floor":29},{"not_picked":["ats:Apocalypse+1","ats:Cat Scratch","ats:Powerful Strike+1"],"picked":"Singing Bowl","floor":30},{"not_picked":["ats:Explosion Area Strengthen","ats:Counter Healing Mode"],"picked":"ats:Red Shift","floor":31},{"not_picked":["ats:Fractured Body+1","ats:Rat Pack+1"],"picked":"ats:Soul Rend","floor":33},{"not_picked":["ats:Guard Mode+1","ats:Flame Of Heaven+1","ats:Part Time Job+1"],"picked":"Singing Bowl","floor":35},{"not_picked":[],"picked":"ats:Mental Burst","floor":36},{"not_picked":["ats:Defend Order"],"picked":"Singing Bowl","floor":36},{"not_picked":["ats:Defend Order"],"picked":"Singing Bowl","floor":36},{"not_picked":[],"picked":"ats:Counter Healing Mode","floor":36},{"not_picked":[],"picked":"ats:Calcification","floor":36},{"not_picked":["ats:Leaping Hammer+1","ats:Healing Drone+1"],"picked":"ats:Shell Defense+1","floor":39},{"not_picked":["ats:Absolute Focus+1","ats:Closed Bolt Burst Fire+1"],"picked":"ats:Demon Strength","floor":41},{"not_picked":["ats:Revitalization+1","ats:Explosion Area Strengthen+1","ats:Very Hot Blade+1"],"picked":"SKIP","floor":44},{"not_picked":["ats:Revitalization+1","ats:Explosion Area Strengthen+1","ats:Very Hot Blade+1"],"picked":"Singing Bowl","floor":44},{"not_picked":["ats:Leaping Hammer+1","ats:Hook Shot+1","ats:Curse Doll+1"],"picked":"Singing Bowl","floor":45},{"not_picked":["ats:Guard Mode+1","ats:Ignite+1","ats:Rapid Magazine+1"],"picked":"Singing Bowl","floor":47},{"not_picked":["ats:Shell Defense+1","ats:Sword Rain+1"],"picked":"ats:Wolf Pack","floor":55}],"player_experience":486857,"relics_obtained":[{"floor":7,"key":"ats:Originium"},{"floor":7,"key":"Boot"},{"floor":13,"key":"ats:Originium"},{"floor":13,"key":"Centennial Puzzle"},{"floor":19,"key":"Red Mask"},{"floor":24,"key":"Pen Nib"},{"floor":26,"key":"Singing Bowl"},{"floor":41,"key":"Sundial"},{"floor":41,"key":"ats:Industrial Water Cannon"},{"floor":43,"key":"CeramicFish"},{"floor":44,"key":"Bag of Marbles"},{"floor":44,"key":"Bottled Tornado"},{"floor":47,"key":"Unceasing Top"},{"floor":47,"key":"Shuriken"},{"floor":55,"key":"ats:Gyao"},{"floor":55,"key":"Du-Vu Doll"}],"event_choices":[{"cards_removed":["ats:Strike S"],"damage_healed":0,"gold_gain":0,"player_choice":"Purged","damage_taken":0,"max_hp_gain":0,"max_hp_loss":0,"event_name":"Purifier","floor":2,"gold_loss":0},{"damage_healed":0,"gold_gain":0,"player_choice":"Fought Bandits","damage_taken":0,"max_hp_gain":0,"max_hp_loss":0,"event_name":"Masked Bandits","floor":19,"gold_loss":0},{"damage_healed":0,"gold_gain":0,"player_choice":"Read","damage_taken":0,"max_hp_gain":0,"max_hp_loss":0,"event_name":"The Library","floor":21,"gold_loss":0,"cards_obtained":["ats:Directed Diagnosis"]},{"damage_healed":0,"gold_gain":0,"player_choice":"Trade","damage_taken":0,"relics_obtained":["GremlinMask"],"max_hp_gain":0,"max_hp_loss":0,"event_name":"FaceTrader","floor":22,"gold_loss":0},{"damage_healed":0,"gold_gain":0,"player_choice":"Max HP","damage_taken":0,"max_hp_gain":0,"max_hp_loss":4,"event_name":"Winding Halls","floor":38,"gold_loss":0}],"is_beta":false,"boss_relics":[{"not_picked":["Busted Crown","Ectoplasm"],"picked":"ats:Tactical Delivery"},{"not_picked":["Sozu","Astrolabe"],"picked":"Black Star"}],"items_purged_floors":[12,28,37],"is_endless":false,"potions_floor_spawned":[3,4,11,14,20,23,24,30,33,35,41,45,55],"killed_by":"The Heart","ascension_level":0}}