{"host":"Aki","time":1612250368,"event":{"mods":["ATMod(°¢èªMod)","BaseMod","Challenge The Spire","Custom Start","DeckTracker","Minty Spire (QoL Compilation)","Quick Restart","StSLib"],"gold_per_floor":[117,117,67,83,101,134,134,178,178,33,66,90,90,133,133,253,253,276,176,197,49,63,96,96,139,139,164,182,182,182,226,226,357,357,377,287,312,325,131,162,181,212,289,323,387,408,408,424,424,424,424,424,36,75,75],"floor_reached":56,"language":"ZHS","playtime":2298,"items_purged":["Strike_R","Dropkick","Bash","Corruption+1"],"score":1730,"play_id":"e14dcabe-59a9-4db2-95b2-d2ac0a22dadf","local_time":"20210202151928","is_ascension_mode":true,"campfire_choices":[{"data":"Sword Boomerang","floor":7.0,"key":"SMITH"},{"data":"Dark Embrace","floor":15.0,"key":"SMITH"},{"data":"Corruption","floor":29.0,"key":"SMITH"},{"floor":32.0,"key":"RECALL"},{"data":"Barricade","floor":49.0,"key":"SMITH"},{"data":"Inflame","floor":52.0,"key":"SMITH"}],"circlet_count":0,"master_deck":["AT_FamilyPortrait+1","Dark Embrace+1","Sword Boomerang+1","Inflame+1","Reaper+1","Limit Break+1","Intimidate+1","Exhume+1","AT_BodySlamDance+1","Flex+1","Bloodletting+1","Limit Break+1","Warcry+1","Second Wind+1","Power Through+1","Barricade+1","Seeing Red+1","Entrench+1","Evolve+1","Warcry+1","AT_IchimonjiDouble+1","Shrug It Off+1","Deep Breath+1","Warcry+1"],"relics":["Burning Blood","AT_ATBox","NeowsBlessing","Golden Idol","AT_SunfireAegis","Meat on the Bone","Toxic Egg 2","PreservedInsect","Potion Belt","Pandora\u0027s Box","Orrery","MealTicket","AT_RedNoBalance","Unceasing Top","Charon\u0027s Ashes","AT_TrinityForce","AT_RabadonDeathcap","Strawberry","War Paint","CaptainsWheel","Red Skull","Medical Kit","Incense Burner"],"acts_visited":["Exordium","TheCity","TheBeyond","TheEnding"],"potions_floor_usage":[55,55,55,55],"damage_taken":[{"damage":0.0,"enemies":"2 Louse","floor":1.0,"turns":1.0},{"damage":0.0,"enemies":"Small Slimes","floor":4.0,"turns":2.0},{"damage":0.0,"enemies":"Cultist","floor":5.0,"turns":1.0},{"damage":16.0,"enemies":"Gremlin Nob","floor":6.0,"turns":3.0},{"damage":15.0,"enemies":"Lagavulin","floor":8.0,"turns":8.0},{"damage":29.0,"enemies":"Gremlin Nob","floor":11.0,"turns":4.0},{"damage":17.0,"enemies":"Exordium Thugs","floor":12.0,"turns":3.0},{"damage":15.0,"enemies":"3 Sentries","floor":14.0,"turns":3.0},{"damage":32.0,"enemies":"The Guardian","floor":16.0,"turns":8.0},{"damage":21.0,"enemies":"Chosen","floor":18.0,"turns":4.0},{"damage":8.0,"enemies":"2 Thieves","floor":20.0,"turns":3.0},{"damage":3.0,"enemies":"Sentry and Sphere","floor":22.0,"turns":3.0},{"damage":52.0,"enemies":"Book of Stabbing","floor":23.0,"turns":4.0},{"damage":6.0,"enemies":"Gremlin Leader","floor":25.0,"turns":2.0},{"damage":3.0,"enemies":"Snake Plant","floor":27.0,"turns":1.0},{"damage":18.0,"enemies":"Cultist and Chosen","floor":28.0,"turns":2.0},{"damage":45.0,"enemies":"Book of Stabbing","floor":31.0,"turns":4.0},{"damage":11.0,"enemies":"Collector","floor":33.0,"turns":5.0},{"damage":0.0,"enemies":"Orb Walker","floor":35.0,"turns":1.0},{"damage":12.0,"enemies":"3 Darklings","floor":37.0,"turns":4.0},{"damage":3.0,"enemies":"Sphere and 2 Shapes","floor":38.0,"turns":1.0},{"damage":3.0,"enemies":"Reptomancer","floor":40.0,"turns":1.0},{"damage":0.0,"enemies":"Jaw Worm Horde","floor":41.0,"turns":1.0},{"damage":0.0,"enemies":"Giant Head","floor":42.0,"turns":2.0},{"damage":0.0,"enemies":"Reptomancer","floor":44.0,"turns":2.0},{"damage":0.0,"enemies":"2 Orb Walkers","floor":45.0,"turns":1.0},{"damage":0.0,"enemies":"Transient","floor":46.0,"turns":3.0},{"damage":3.0,"enemies":"Maw","floor":48.0,"turns":2.0},{"damage":3.0,"enemies":"Donu and Deca","floor":50.0,"turns":4.0},{"damage":3.0,"enemies":"Shield and Spear","floor":54.0,"turns":2.0},{"damage":23,"enemies":"The Heart","floor":55,"turns":4}],"seed_played":"-2134029837635151857","potions_obtained":[{"floor":1.0,"key":"Weak Potion"},{"floor":6.0,"key":"Fire Potion"},{"floor":11.0,"key":"Swift Potion"},{"floor":12.0,"key":"Explosive Potion"},{"floor":18.0,"key":"Strength Potion"},{"floor":22.0,"key":"Block Potion"},{"floor":33.0,"key":"Fruit Juice"},{"floor":37.0,"key":"LiquidMemories"},{"floor":40.0,"key":"Fire Potion"},{"floor":46.0,"key":"EssenceOfSteel"},{"floor":48.0,"key":"BloodPotion"}],"is_trial":false,"path_per_floor":["M","?","?","M","M","E","R","E","T","$","E","M","?","E","R","B",null,"M","$","M","$","M","E","?","E","T","M","M","R","?","E","R","B",null,"M","?","M","M","$","E","M","E","T","E","?","M","T","M","R","B",null,"R","$","E","B",null],"character_chosen":"IRONCLAD","items_purchased":["Inflame","Orrery","Entrench+1","Medical Kit","Deep Breath+1"],"campfire_rested":0,"item_purchase_floors":[10,21,39,53,53],"current_hp_per_floor":[80,60,60,66,72,62,62,53,53,53,42,43,90,81,81,55,90,90,90,90,90,90,90,90,90,90,68,90,90,90,90,90,90,90,90,90,84,90,90,90,90,97,97,97,97,97,97,102,102,102,102,102,102,102,85],"gold":75,"neow_bonus":"THREE_ENEMY_KILL","is_daily":false,"chose_seed":false,"campfire_upgraded":5,"win_rate":0.0,"timestamp":1612250368,"path_taken":["M","?","?","M","M","E","R","E","T","$","E","M","?","E","R","BOSS","M","$","M","$","M","E","?","E","T","M","M","R","?","E","R","BOSS","M","?","?","M","$","E","M","E","T","E","?","M","?","?","R","BOSS","R","$","E","BOSS"],"items_purchased_type":["Card","Relic","Card","Relic","Card"],"build_version":"2020-12-18","purchased_purges":4,"victory":true,"max_hp_per_floor":[80,80,80,80,80,80,80,80,80,80,80,80,90,90,90,90,90,90,90,90,90,90,90,90,90,90,90,90,90,90,90,90,90,90,90,90,90,90,90,90,90,97,97,97,97,97,97,102,102,102,102,102,102,102,102],"card_choices":[{"not_picked":["Cleave","Reckless Charge"],"picked":"Dark Embrace","floor":1.0},{"not_picked":["Seeing Red","Clothesline"],"picked":"Sword Boomerang","floor":4.0},{"not_picked":["Iron Wave","Flame Barrier","Sword Boomerang"],"picked":"SKIP","floor":5.0},{"not_picked":["Warcry","Sword Boomerang","Havoc"],"picked":"SKIP","floor":6.0},{"not_picked":["AT_GerminateFire","True Grit","Havoc"],"picked":"SKIP","floor":8.0},{"not_picked":["Combust","Bloodletting+1"],"picked":"Corruption","floor":11.0},{"not_picked":["Havoc+1","AT_DrawKnifeCut","Heavy Blade"],"picked":"SKIP","floor":12.0},{"not_picked":["Sword Boomerang","Dual Wield+1"],"picked":"Demon Form","floor":14.0},{"not_picked":["Offering+1","Feed"],"picked":"Reaper","floor":16.0},{"not_picked":["Sword Boomerang","AT_BodySlamDance+1"],"picked":"Flex+1","floor":18.0},{"not_picked":["Pummel","Wild Strike","AT_IchimonjiDouble"],"picked":"SKIP","floor":20.0},{"not_picked":["Heavy Blade","AT_IchimonjiDouble"],"picked":"Bloodletting+1","floor":21.0},{"not_picked":["Perfected Strike","Power Through+1"],"picked":"Limit Break+1","floor":21.0},{"not_picked":["Iron Wave+1","Flex+1","Cleave"],"picked":"SKIP","floor":22.0},{"not_picked":["Armaments+1","Bludgeon"],"picked":"Warcry+1","floor":23.0},{"not_picked":["Pummel","Twin Strike"],"picked":"Second Wind+1","floor":25.0},{"not_picked":["Entrench+1","Sword Boomerang","Blood for Blood"],"picked":"SKIP","floor":27.0},{"not_picked":["Searing Blow","Flex+1","Cleave+1"],"picked":"SKIP","floor":28.0},{"not_picked":["AT_CaressingTears+1","Spot Weakness+1"],"picked":"Power Through+1","floor":31.0},{"not_picked":["Demon Form","Immolate"],"picked":"Barricade","floor":33.0},{"not_picked":["Perfected Strike+1","Whirlwind","Thunderclap+1"],"picked":"SKIP","floor":35.0},{"not_picked":["Clash","Flex+1","Heavy Blade"],"picked":"SKIP","floor":37.0},{"not_picked":["Body Slam+1","Perfected Strike"],"picked":"Seeing Red+1","floor":38.0},{"not_picked":["Whirlwind+1","Iron Wave","Twin Strike"],"picked":"SKIP","floor":40.0},{"not_picked":["Infernal Blade+1","Twin Strike+1"],"picked":"Evolve+1","floor":41.0},{"not_picked":["Dark Embrace","AT_DrawKnifeCut","Perfected Strike+1"],"picked":"SKIP","floor":42.0},{"not_picked":["Barricade","Headbutt+1"],"picked":"Warcry+1","floor":44.0},{"not_picked":["Flex+1","True Grit+1"],"picked":"AT_IchimonjiDouble+1","floor":45.0},{"not_picked":["Combust","Clash","True Grit+1"],"picked":"SKIP","floor":46.0},{"not_picked":["Fire Breathing+1","Intimidate+1"],"picked":"Shrug It Off+1","floor":48.0},{"not_picked":["Dual Wield+1","Iron Wave"],"picked":"Warcry+1","floor":54.0}],"player_experience":30905,"relics_obtained":[{"floor":6.0,"key":"AT_SunfireAegis"},{"floor":8.0,"key":"Meat on the Bone"},{"floor":9.0,"key":"Toxic Egg 2"},{"floor":11.0,"key":"PreservedInsect"},{"floor":14.0,"key":"Potion Belt"},{"floor":23.0,"key":"MealTicket"},{"floor":26.0,"key":"AT_SilverBalance"},{"floor":31.0,"key":"Charon\u0027s Ashes"},{"floor":40.0,"key":"AT_RabadonDeathcap"},{"floor":42.0,"key":"Strawberry"},{"floor":44.0,"key":"War Paint"},{"floor":45.0,"key":"CaptainsWheel"},{"floor":47.0,"key":"Red Skull"},{"floor":54.0,"key":"Incense Burner"}],"event_choices":[{"damage_healed":0.0,"max_hp_gain":0.0,"max_hp_loss":0.0,"gold_gain":0.0,"event_name":"Golden Idol","player_choice":"Take Damage","floor":2.0,"gold_loss":0.0,"damage_taken":20.0,"relics_obtained":["Golden Idol"]},{"cards_removed":["Defend_R"],"damage_healed":0.0,"max_hp_gain":0.0,"max_hp_loss":0.0,"gold_gain":0.0,"event_name":"The Cleric","player_choice":"Card Removal","floor":3.0,"gold_loss":50.0,"damage_taken":0.0},{"cards_removed":["Corruption"],"damage_healed":37.0,"max_hp_gain":10.0,"max_hp_loss":0.0,"gold_gain":0.0,"event_name":"Bonfire Elementals","player_choice":"Offered Rare","floor":13.0,"gold_loss":0.0,"damage_taken":0.0},{"cards_removed":["Cleave"],"damage_healed":0.0,"max_hp_gain":0.0,"max_hp_loss":0.0,"gold_gain":0.0,"event_name":"Purifier","player_choice":"Purged","floor":24.0,"gold_loss":0.0,"damage_taken":0.0},{"damage_healed":0.0,"max_hp_gain":0.0,"max_hp_loss":0.0,"gold_gain":0.0,"event_name":"The Mausoleum","player_choice":"Opened","floor":30.0,"gold_loss":0.0,"damage_taken":0.0,"relics_obtained":["Unceasing Top"]},{"cards_removed":["Demon Form"],"damage_healed":0.0,"max_hp_gain":0.0,"max_hp_loss":0.0,"gold_gain":0.0,"event_name":"Designer","player_choice":"Upgrade and Remove","floor":36.0,"gold_loss":90.0,"damage_taken":0.0,"cards_upgraded":["AT_FamilyPortrait"]},{"damage_healed":0.0,"max_hp_gain":0.0,"max_hp_loss":0.0,"gold_gain":0.0,"event_name":"Mysterious Sphere","player_choice":"Fight","floor":45.0,"gold_loss":0.0,"damage_taken":0.0}],"is_beta":true,"boss_relics":[{"not_picked":["Runic Cube","Black Blood"],"picked":"Pandora\u0027s Box"},{"not_picked":["Black Star","AT_MortalBlade"],"picked":"AT_TrinityForce"}],"items_purged_floors":[10,19,39,53],"is_endless":false,"potions_floor_spawned":[1,6,11,12,18,22,33,37,40,46,48],"ascension_level":3}}