{"host":"v54ek091sdz7ha6h","time":1612298154,"event":{"mods":["BaseMod","Better Vampires","Colored Map","Colored Powertips","DeckTracker","Highlight Path","KOR Keyword Fix","Minty Spire (QoL Compilation)","Rare Cards Sparkle","Relic Stats","StSLib","SuperFastMode"],"gold_per_floor":[111,123,134,134,152,172,172,201,201,201,201,201,219,233,233,233,233],"floor_reached":16,"language":"KOR","playtime":291,"items_purged":[],"score":208,"play_id":"86bd0f1f-8848-4aaa-815c-1bca7c485ab8","local_time":"20210203053554","is_ascension_mode":true,"campfire_choices":[{"data":"Consume","floor":7.0,"key":"SMITH"},{"floor":10.0,"key":"REST"},{"data":"Zap","floor":12.0,"key":"SMITH"},{"data":"Dualcast","floor":15.0,"key":"SMITH"}],"circlet_count":0,"master_deck":["AscendersBane","Strike_B","Strike_B","Strike_B","Strike_B","Defend_B","Defend_B","Defend_B","Defend_B","Zap+1","Dualcast+1","Master of Strategy","Sweeping Beam","Capacitor","Turbo","Consume+1","Tempest","Seek"],"relics":["Cracked Core","HornCleat","Smiling Mask","Oddly Smooth Stone"],"acts_visited":["Exordium"],"potions_floor_usage":[16],"damage_taken":[{"damage":3.0,"enemies":"Small Slimes","floor":1.0,"turns":3.0},{"damage":2.0,"enemies":"Jaw Worm","floor":2.0,"turns":4.0},{"damage":1.0,"enemies":"Cultist","floor":3.0,"turns":3.0},{"damage":8.0,"enemies":"Blue Slaver","floor":5.0,"turns":3.0},{"damage":17.0,"enemies":"3 Louse","floor":6.0,"turns":4.0},{"damage":33.0,"enemies":"Gremlin Nob","floor":8.0,"turns":4.0},{"damage":0.0,"enemies":"Exordium Thugs","floor":13.0,"turns":4.0},{"damage":13.0,"enemies":"Blue Slaver","floor":14.0,"turns":4.0},{"damage":18,"enemies":"Slime Boss","floor":16,"turns":5}],"seed_played":"4288573599296889588","potions_obtained":[{"floor":3.0,"key":"Regen Potion"},{"floor":8.0,"key":"Dexterity Potion"},{"floor":14.0,"key":"SneckoOil"}],"is_trial":false,"path_per_floor":["M","M","M","?","M","M","R","E","T","R","?","R","M","M","R","B"],"character_chosen":"DEFECT","items_purchased":[],"campfire_rested":1,"item_purchase_floors":[],"current_hp_per_floor":[61,59,58,47,39,34,34,1,1,20,20,20,20,7,7,0,0],"gold":233,"neow_bonus":"RANDOM_COLORLESS_2","is_daily":false,"chose_seed":false,"campfire_upgraded":3,"win_rate":0.0,"timestamp":1612298154,"path_taken":["M","M","M","?","M","M","R","E","T","R","?","R","M","M","R","BOSS"],"items_purchased_type":[],"build_version":"2020-12-22","purchased_purges":0,"victory":false,"max_hp_per_floor":[64,64,64,64,64,64,64,64,64,64,64,64,64,64,64,64,64],"relic_stats":{"counters":[9,34],"Smiling Mask":0,"obtain_stats":[{"HornCleat":4,"Oddly Smooth Stone":9,"Cracked Core":0,"Smiling Mask":8},{"HornCleat":3,"Oddly Smooth Stone":6,"Cracked Core":0,"Smiling Mask":6},{"HornCleat":10,"Oddly Smooth Stone":21,"Cracked Core":0,"Smiling Mask":21}]},"card_choices":[{"not_picked":["Magnetism","Transmutation"],"picked":"Master of Strategy","floor":0.0},{"not_picked":["Stack","Hologram"],"picked":"Sweeping Beam","floor":1.0},{"not_picked":["Redo","Melter"],"picked":"Capacitor","floor":2.0},{"not_picked":["Steam","Redo"],"picked":"Turbo","floor":3.0},{"not_picked":["Sweeping Beam","Static Discharge","Steam"],"picked":"SKIP","floor":5.0},{"not_picked":["Loop","Gash"],"picked":"Consume","floor":6.0},{"not_picked":["Static Discharge","Conserve Battery"],"picked":"Tempest","floor":8.0},{"not_picked":["Scrape","Hologram","Compile Driver"],"picked":"SKIP","floor":13.0},{"not_picked":["Reprogram","BootSequence"],"picked":"Seek","floor":14.0}],"player_experience":1467365,"relics_obtained":[{"floor":8.0,"key":"Smiling Mask"},{"floor":9.0,"key":"Oddly Smooth Stone"}],"event_choices":[{"damage_healed":0.0,"max_hp_gain":0.0,"max_hp_loss":0.0,"gold_gain":0.0,"event_name":"Scrap Ooze","player_choice":"Success","floor":4.0,"gold_loss":0.0,"damage_taken":11.0,"relics_obtained":["HornCleat"]},{"damage_healed":0.0,"max_hp_gain":0.0,"max_hp_loss":0.0,"gold_gain":0.0,"event_name":"Liars Game","player_choice":"Ignored","floor":11.0,"gold_loss":0.0,"damage_taken":0.0}],"is_beta":false,"boss_relics":[],"items_purged_floors":[],"is_endless":false,"potions_floor_spawned":[3,8,14],"killed_by":"Slime Boss","ascension_level":20}}