{"host":"hjajo0rafoe1e6c4","time":1612238624,"event":{"mods":["AchievementEnabler","BaseMod","Bestiary","Colored Map","Colored Powertips","Downfall","Highlight Path","Minty Spire (QoL Compilation)","Relic Stats","StSLib"],"gold_per_floor":[99,110,129,141,141,141,187,207,236,260,260,278,278,46,73,170,170,170,181,201,201,215,228,251,286,286,321,121,221,121,135,150,254,254,254,254,264,264,282,292,292,50,50,75,88,88,88,88,102,102,102,140,62,62,62,62,62,62],"floor_reached":56,"language":"ENG","playtime":6480,"items_purged":["Parasite"],"score":946,"play_id":"40eda8c0-f946-4724-a6b6-eb819ca266fb","local_time":"20210201230344","is_ascension_mode":false,"campfire_choices":[{"data":"sneckomod:SnekBite","floor":1.0,"key":"SMITH"},{"data":"sneckomod:TrashToTreasure","floor":13.0,"key":"SMITH"},{"data":"sneckomod:SerpentMind","floor":18.0,"key":"SMITH"},{"floor":28,"key":"RECALL"},{"data":"sneckomod:TrashToTreasure","floor":30,"key":"SMITH"},{"data":"sneckomod:UnknownBoss","floor":35,"key":"SMITH"},{"data":"sneckomod:Restock","floor":43,"key":"SMITH"},{"floor":46,"key":"REST"},{"floor":54,"key":"REST"}],"circlet_count":0,"master_deck":["sneckomod:Defend+1","sneckomod:TailWhip","sneckomod:SnekBite+1","sneckomod:Unknown+1","sneckomod:Unknown","sneckomod:Unknown2Cost","sneckomod:QuickMove+1","sneckomod:UnknownUncommonPower","sneckomod:Restock+1","sneckomod:UnknownClassSLIMEBOUND","sneckomod:DefensiveFlair","sneckomod:UnknownBlock+1","sneckomod:UnknownBoss+1","sneckomod:SnekBite+1","sneckomod:QuickMove+1","sneckomod:TrashToTreasure+1","sneckomod:SerpentMind+1","sneckomod:Unknown3Cost","sneckomod:SoulDraw+1","sneckomod:MorePower","sneckomod:SoulDraw+1","sneckomod:Unknown0Cost+1","sneckomod:MasterEye+1","sneckomod:Unknown3Cost+1","sneckomod:UnknownDraw+1","sneckomod:UnknownBoss+1","sneckomod:SoulRoll+1","downfall:Bewildered","sneckomod:UnknownExhaust+1","sneckomod:Nope+1","sneckomod:Unknown3Cost+1","sneckomod:WideSting+1","sneckomod:UnknownRareSkill+1","sneckomod:QuickMove","downfall:Bewildered","sneckomod:UnknownUncommonPower+1","sneckomod:Nope+1","sneckomod:DiceBlock","sneckomod:TrashToTreasure+1","sneckomod:Restock","Dramatic Entrance","sneckomod:UnknownRareSkill+1","sneckomod:SnekBeam","sneckomod:DiceCrush+1","sneckomod:Unknown3Cost+1","sneckomod:MorePower","sneckomod:UnknownClassSLIMEBOUND+1","sneckomod:ImprovisedGuard","sneckomod:UnknownBoss+1","sneckomod:UnknownRareSkill+1","sneckomod:Nope+1","sneckomod:UnknownBlock+1","sneckomod:UnknownRareSkill+1","sneckomod:Restock+1","sneckomod:UnknownRareSkill+1","sneckomod:Unknown2Cost+1","sneckomod:UnknownDraw+1","sneckomod:Restock","sneckomod:Unknown3Cost+1","sneckomod:UnknownUncommonAttack+1","hexamod:SecondSeal","sneckomod:CheapStock","hexamod:SixthSeal","sneckomod:SerpentIdol+1","sneckomod:UnknownDraw+1","sneckomod:UnknownRareSkill+1","sneckomod:UnknownUncommonPower+1","sneckomod:MasterEye"],"relics":["sneckomod:SneckoSoul","MealTicket","sneckomod:SneckoCommon","Mango","War Paint","Astrolabe","sneckomod:LoadedDie","sneckomod:BabySnecko","Bag of Preparation","downfall:HeartBlessingGreen","downfall:HeartBlessingBlue","downfall:GremlinSack","downfall:HeartBlessingRed","Empty Cage","Bottled Lightning","Mummified Hand","Pen Nib","Ancient Tea Set","Torii"],"acts_visited":["Exordium","TheCity","TheBeyond","TheEnding"],"potions_floor_usage":[42,56,56,56],"damage_taken":[{"damage":0.0,"enemies":"Small Slimes","floor":2.0,"turns":2.0},{"damage":4.0,"enemies":"Cultist","floor":3.0,"turns":3.0},{"damage":11.0,"enemies":"Jaw Worm","floor":4.0,"turns":3.0},{"damage":16.0,"enemies":"Blue Slaver","floor":8.0,"turns":5.0},{"damage":15.0,"enemies":"Gremlin Nob","floor":9.0,"turns":6.0},{"damage":15.0,"enemies":"Lots of Slimes","floor":12.0,"turns":2.0},{"damage":0.0,"enemies":"downfall:FleeingMerchant","floor":14.0,"turns":4.0},{"damage":14.0,"enemies":"Gremlin Gang","floor":15.0,"turns":4.0},{"damage":32.0,"enemies":"DF_ARCHETYPE_STREAMLINE","floor":16.0,"turns":9.0},{"damage":18.0,"enemies":"Shell Parasite","floor":19.0,"turns":6.0},{"damage":15.0,"enemies":"Snecko","floor":20.0,"turns":4.0},{"damage":29,"enemies":"Centurion and Healer","floor":22,"turns":4},{"damage":0,"enemies":"Sentry and Sphere","floor":23,"turns":3},{"damage":8,"enemies":"Gremlin Leader","floor":25,"turns":5},{"damage":27,"enemies":"Slavers","floor":27,"turns":4},{"damage":17,"enemies":"Slavers","floor":29,"turns":4},{"damage":6,"enemies":"Chosen and Byrds","floor":31,"turns":5},{"damage":0,"enemies":"Centurion and Healer","floor":32,"turns":2},{"damage":3,"enemies":"WA_ARCHETYPE_CALM","floor":33,"turns":7},{"damage":28,"enemies":"Orb Walker","floor":36,"turns":4},{"damage":25,"enemies":"3 Shapes","floor":37,"turns":3},{"damage":14,"enemies":"Jaw Worm Horde","floor":39,"turns":3},{"damage":24,"enemies":"Writhing Mass","floor":40,"turns":6},{"damage":0,"enemies":"downfall:FleeingMerchant","floor":42,"turns":4},{"damage":15,"enemies":"Giant Head","floor":44,"turns":4},{"damage":31,"enemies":"Spire Growth","floor":45,"turns":3},{"damage":0,"enemies":"3 Darklings","floor":49,"turns":2},{"damage":54,"enemies":"SI_POISON_ARCHETYPE","floor":50,"turns":9},{"damage":44,"enemies":"downfall:CharBossMerchant","floor":52,"turns":5},{"damage":0,"enemies":"downfall:NeowBoss","floor":55,"turns":6},{"damage":199,"enemies":"downfall:NeowBossFinal","floor":56,"turns":9}],"seed_played":"7311451269956245358","potions_obtained":[{"floor":2.0,"key":"BlessingOfTheForge"},{"floor":3.0,"key":"hexamod:SoulburnPotion"},{"floor":9.0,"key":"AttackPotion"},{"floor":15.0,"key":"Energy Potion"},{"floor":40,"key":"SneckoOil"},{"floor":44,"key":"Dexterity Potion"},{"floor":45,"key":"Strength Potion"}],"is_trial":false,"path_per_floor":["R","M","M","M","?","?","T","M","E","T","?","M","R","$","M","B",null,"R","M","M","?","M","M","T","E","?","E","R","?","R","M","M","B",null,"R","M","M","?","M","M","T","$","R","E","M","R","?","?","M","B",null,"E","$","R","B","B"],"character_chosen":"THE_SNECKO","items_purchased":["sneckomod:Unknown3Cost","sneckomod:Restock","Mummified Hand","Pen Nib","sneckomod:MasterEye"],"campfire_rested":2,"item_purchase_floors":[14,42,42,42,53],"current_hp_per_floor":[99,99,95,84,84,84,84,68,67,67,67,67,67,82,68,36,125,125,107,107,107,78,78,78,70,70,43,53,40,40,34,34,38,139,139,126,116,149,135,111,111,126,126,111,95,139,139,139,146,92,149,105,120,149,149,0,0,0],"gold":62,"neow_bonus":"TEN_PERCENT_HP_BONUS","is_daily":false,"chose_seed":false,"campfire_upgraded":6,"win_rate":0.0,"timestamp":1612238624,"path_taken":["R","M","M","M","?","?","T","?","E","?","?","?","R","$","M","BOSS","R","M","M","?","M","?","T","E","?","E","R","?","R","?","M","BOSS","R","M","M","?","?","M","T","?","R","E","?","R","?","?","M","BOSS","E","$","R","BOSS","BOSS"],"items_purchased_type":["Card","Card","Relic","Relic","Card"],"build_version":"2020-12-22","purchased_purges":1,"victory":false,"max_hp_per_floor":[99,99,99,99,99,99,99,99,113,113,113,128,128,125,125,125,125,125,125,125,125,125,125,125,125,125,125,135,139,139,139,139,139,139,139,139,139,149,149,149,149,149,149,149,149,149,149,149,149,149,149,149,149,149,149,149,149,149],"relic_stats":{"Torii":1,"counters":[31,140],"Mummified Hand":[102],"Astrolabe":["sneckomod:SoulDraw","sneckomod:Unknown0Cost","sneckomod:MasterEye"],"MealTicket":45,"Pen Nib":[11],"Bag of Preparation":[32],"War Paint":["sneckomod:QuickMove","sneckomod:Defend"],"obtain_stats":[{"sneckomod:SneckoCommon":7,"sneckomod:LoadedDie":25,"downfall:HeartBlessingRed":30,"Torii":52,"Astrolabe":17,"Mango":9,"downfall:HeartBlessingGreen":28,"Pen Nib":42,"Bag of Preparation":27,"War Paint":10,"sneckomod:SneckoSoul":0,"Empty Cage":34,"Ancient Tea Set":44,"sneckomod:BabySnecko":26,"downfall:GremlinSack":29,"downfall:HeartBlessingBlue":28,"Mummified Hand":42,"MealTicket":5,"Bottled Lightning":41},{"sneckomod:SneckoCommon":3,"sneckomod:LoadedDie":14,"downfall:HeartBlessingRed":16,"Torii":29,"Astrolabe":9,"Mango":5,"downfall:HeartBlessingGreen":15,"Pen Nib":24,"Bag of Preparation":15,"War Paint":5,"sneckomod:SneckoSoul":0,"Empty Cage":19,"Ancient Tea Set":25,"sneckomod:BabySnecko":14,"downfall:GremlinSack":16,"downfall:HeartBlessingBlue":15,"Mummified Hand":24,"MealTicket":3,"Bottled Lightning":23},{"sneckomod:SneckoCommon":8,"sneckomod:LoadedDie":60,"downfall:HeartBlessingRed":68,"Torii":125,"Astrolabe":38,"Mango":19,"downfall:HeartBlessingGreen":64,"Pen Nib":102,"Bag of Preparation":64,"War Paint":19,"sneckomod:SneckoSoul":0,"Empty Cage":82,"Ancient Tea Set":106,"sneckomod:BabySnecko":60,"downfall:GremlinSack":68,"downfall:HeartBlessingBlue":64,"Mummified Hand":102,"MealTicket":8,"Bottled Lightning":98}]},"card_choices":[{"not_picked":["sneckomod:Nope","sneckomod:UnknownCommonAttack"],"picked":"sneckomod:Unknown2Cost","floor":2.0},{"not_picked":["sneckomod:SerpentIdol","sneckomod:DiceCrush"],"picked":"sneckomod:QuickMove","floor":3.0},{"not_picked":["sneckomod:Unknown1Cost","sneckomod:DiceBlock"],"picked":"sneckomod:UnknownUncommonPower","floor":4.0},{"not_picked":["sneckomod:SoulDraw","sneckomod:QuickBite"],"picked":"sneckomod:DefensiveFlair","floor":8.0},{"not_picked":["sneckomod:SoulRoll","sneckomod:SnakeSap"],"picked":"sneckomod:UnknownBlock","floor":9.0},{"not_picked":["sneckomod:SoulDraw","sneckomod:ImprovisedAttack"],"picked":"sneckomod:UnknownBoss","floor":9.0},{"not_picked":["sneckomod:SoulCleanse","sneckomod:UnknownUncommonAttack"],"picked":"sneckomod:TrashToTreasure","floor":12.0},{"not_picked":["sneckomod:UnknownCommonAttack","sneckomod:QuickMove"],"picked":"sneckomod:SerpentMind","floor":14.0},{"not_picked":["sneckomod:SnekBeam","sneckomod:UnknownExhaust"],"picked":"sneckomod:SoulDraw","floor":15.0},{"not_picked":["sneckomod:UnknownRareAttack","sneckomod:UnlimitedRolls"],"picked":"sneckomod:MorePower","floor":16.0},{"not_picked":["sneckomod:UnknownWeak+1","sneckomod:UnknownBlock+1"],"picked":"sneckomod:Unknown3Cost+1","floor":19.0},{"not_picked":["sneckomod:DiceCrush","sneckomod:IronFang"],"picked":"sneckomod:UnknownDraw+1","floor":19.0},{"not_picked":["sneckomod:UnknownBlock+1","sneckomod:UnknownClassHEXA_GHOST_PURPLE+1"],"picked":"sneckomod:UnknownBoss+1","floor":20.0},{"not_picked":["sneckomod:QuickMove","sneckomod:SnekBeam"],"picked":"sneckomod:SoulRoll","floor":20.0},{"not_picked":["sneckomod:Unknown1Cost+1","sneckomod:UnknownClassGUARDIAN+1"],"picked":"sneckomod:UnknownExhaust+1","floor":22},{"not_picked":["sneckomod:SerpentIdol","sneckomod:UnknownClassGUARDIAN"],"picked":"sneckomod:Nope+1","floor":22},{"not_picked":["sneckomod:Unknown0Cost+1","sneckomod:UnknownBoss+1"],"picked":"sneckomod:Unknown3Cost+1","floor":23},{"not_picked":["sneckomod:TrashToTreasure","sneckomod:MasterEye+1"],"picked":"sneckomod:WideSting+1","floor":23},{"not_picked":["sneckomod:UnknownExhaust+1","sneckomod:UnknownClassSLIMEBOUND+1"],"picked":"sneckomod:UnknownRareSkill+1","floor":25},{"not_picked":["sneckomod:UnknownX","sneckomod:IronFang"],"picked":"sneckomod:QuickMove","floor":25},{"not_picked":["sneckomod:Unknown0Cost+1","sneckomod:UnknownDraw+1"],"picked":"sneckomod:UnknownUncommonPower+1","floor":27},{"not_picked":["sneckomod:UnendingSupply+1","sneckomod:UnknownUncommonPower"],"picked":"sneckomod:Nope+1","floor":27},{"not_picked":["sneckomod:UnknownVulnerable+1","sneckomod:UnknownCommonSkill+1"],"picked":"sneckomod:UnknownRareSkill+1","floor":29},{"not_picked":["sneckomod:UnknownUncommonAttack","sneckomod:Unknown1Cost"],"picked":"sneckomod:SnekBeam","floor":29},{"not_picked":["sneckomod:Unknown1Cost+1","sneckomod:UnknownCommonAttack","sneckomod:WideSting+1"],"picked":"SKIP","floor":31},{"not_picked":["sneckomod:UnknownCommonAttack","sneckomod:UnknownClassHEXA_GHOST_PURPLE"],"picked":"sneckomod:DiceCrush+1","floor":32},{"not_picked":["sneckomod:UnknownStrike+1","sneckomod:UnknownVulnerable+1"],"picked":"sneckomod:Unknown3Cost+1","floor":33},{"not_picked":["sneckomod:UnknownRarePower","sneckomod:Cheat"],"picked":"sneckomod:MorePower","floor":33},{"not_picked":["sneckomod:UnknownDraw+1","sneckomod:Unknown1Cost+1"],"picked":"sneckomod:UnknownClassSLIMEBOUND+1","floor":36},{"not_picked":["sneckomod:DiceBlock","sneckomod:ImprovisedGuard","sneckomod:Unknown1Cost"],"picked":"SKIP","floor":36},{"not_picked":["sneckomod:DiceBlock","sneckomod:Unknown1Cost"],"picked":"sneckomod:ImprovisedGuard","floor":36},{"not_picked":["sneckomod:UnknownCommonAttack+1","sneckomod:UnknownExhaust+1"],"picked":"sneckomod:UnknownBoss+1","floor":37},{"not_picked":["sneckomod:WideSting+1","sneckomod:UnknownClassGUARDIAN+1","sneckomod:DiceBlock+1"],"picked":"SKIP","floor":37},{"not_picked":["sneckomod:Unknown1Cost+1","sneckomod:UnknownUncommonSkill+1"],"picked":"sneckomod:UnknownRareSkill+1","floor":37},{"not_picked":["sneckomod:WideSting+1","sneckomod:UnknownClassGUARDIAN+1","sneckomod:DiceBlock+1"],"picked":"SKIP","floor":37},{"not_picked":["sneckomod:UnknownDraw","sneckomod:Unknown0Cost+1"],"picked":"sneckomod:Nope+1","floor":39},{"not_picked":["sneckomod:UnknownUncommonAttack+1","sneckomod:UnknownCommonAttack+1"],"picked":"sneckomod:UnknownBlock+1","floor":40},{"not_picked":["sneckomod:UnknownCommonAttack+1","sneckomod:UnknownRareAttack+1"],"picked":"sneckomod:UnknownRareSkill+1","floor":40},{"not_picked":["sneckomod:UnknownVulnerable","sneckomod:UnknownUncommonSkill+1"],"picked":"sneckomod:Restock","floor":40},{"not_picked":["sneckomod:UnknownClassGUARDIAN+1","sneckomod:UnknownBoss+1"],"picked":"sneckomod:UnknownRareSkill+1","floor":42},{"not_picked":["sneckomod:UnknownCommonSkill+1","sneckomod:Unknown1Cost+1"],"picked":"sneckomod:Unknown2Cost+1","floor":42},{"not_picked":["sneckomod:UnendingSupply+1","sneckomod:Unknown1Cost"],"picked":"sneckomod:UnknownDraw+1","floor":42},{"not_picked":["sneckomod:Unknown1Cost+1","sneckomod:Unknown0Cost+1"],"picked":"sneckomod:Unknown3Cost+1","floor":44},{"not_picked":["sneckomod:UnknownUncommonSkill+1","sneckomod:UnknownUncommonPower+1"],"picked":"sneckomod:UnknownUncommonAttack+1","floor":44},{"not_picked":["hexamod:ThirdSeal","hexamod:SixthSeal"],"picked":"hexamod:SecondSeal","floor":44},{"not_picked":["sneckomod:UnknownWeak+1","sneckomod:UnknownBoss"],"picked":"sneckomod:CheapStock","floor":44},{"not_picked":["hexamod:ThirdSeal","hexamod:FirstSeal"],"picked":"hexamod:SixthSeal","floor":45},{"not_picked":["sneckomod:Unknown2Cost+1","sneckomod:DiceCrush+1"],"picked":"sneckomod:SerpentIdol+1","floor":45},{"not_picked":["sneckomod:UnknownExhaust+1","sneckomod:UnknownCommonSkill+1"],"picked":"sneckomod:UnknownDraw+1","floor":49},{"not_picked":["sneckomod:UnknownBoss+1","sneckomod:UnknownClassGUARDIAN+1"],"picked":"sneckomod:UnknownRareSkill+1","floor":49},{"not_picked":["sneckomod:UnknownClassGUARDIAN","sneckomod:UnendingSupply","sneckomod:UnknownCommonSkill"],"picked":"SKIP","floor":49},{"not_picked":["sneckomod:UnknownCommonSkill+1","sneckomod:UnknownExhaust+1"],"picked":"sneckomod:UnknownUncommonPower+1","floor":52},{"not_picked":["sneckomod:UnknownBlock","sneckomod:SlitherStrike","sneckomod:UnknownCommonAttack+1"],"picked":"SKIP","floor":52}],"player_experience":212895,"relics_obtained":[{"floor":7.0,"key":"sneckomod:SneckoCommon"},{"floor":9.0,"key":"Mango"},{"floor":10.0,"key":"War Paint"},{"floor":25,"key":"sneckomod:LoadedDie"},{"floor":27,"key":"Bag of Preparation"},{"floor":29,"key":"downfall:GremlinSack"},{"floor":41,"key":"Bottled Lightning"},{"floor":44,"key":"Ancient Tea Set"},{"floor":52,"key":"Torii"}],"event_choices":[{"cards_removed":["hexamod:ForkedFlame"],"damage_healed":23,"gold_gain":0,"player_choice":"Offered Rare","damage_taken":0,"max_hp_gain":10,"max_hp_loss":0,"event_name":"Bonfire Elementals","floor":38,"gold_loss":0}],"is_beta":false,"boss_relics":[{"not_picked":["Velvet Choker","Tiny House"],"picked":"Astrolabe"},{"not_picked":["Coffee Dripper","Cursed Key"],"picked":"Empty Cage"}],"items_purged_floors":[14],"is_endless":false,"potions_floor_spawned":[2,3,9,15,22,23,29,32,33,37,39,40,44,45],"killed_by":"downfall:NeowBossFinal","ascension_level":0}}