{"host":"dscols65uipasqd2","time":1612245966,"event":{"mods":["2.2 Compatiblity","AchievementEnabler","Aspiration","BaseMod","Colored Powertips","Downfall","Energized Spire","GifTheSpireLib","Hermit","Hubris","Infinite Spire","JesterMod","Jorbs\u0027s Wanderer Trilogy","Magitek Elite","Marisa????????","Minty Spire (QoL Compilation)","Rare Cards Sparkle","Replay The Spire","StSLib","Stuff the Spire","The Cursed","The Disciple","The Hierophant","The Judge","The Jungle","TheFirefly"],"gold_per_floor":[99,109,94,112,112,144,144,164,64,24,49,49,49,60,71,175,175,75,75,75,75,75,175,194,94,118,118,130,147,159,159,159,159,225,351,351,351,363,377,397,397,426,449,461,476,489,489,502,527,527,542,542,542,569,38,38,38,38,38,38],"floor_reached":58,"language":"ENG","playtime":4736,"items_purged":["SwitchThreat"],"score":907,"play_id":"1833c679-387b-4338-a4b5-fef7f5ed015a","local_time":"20210202010606","is_ascension_mode":true,"campfire_choices":[{"data":"sneckomod:SnekBite","floor":1.0,"key":"SMITH"},{"floor":9.0,"key":"REST"},{"floor":12.0,"key":"REST"},{"floor":18.0,"key":"RECALL"},{"floor":25.0,"key":"REST"},{"floor":27.0,"key":"REST"},{"floor":32.0,"key":"REST"},{"floor":37.0,"key":"DIG"},{"floor":56.0,"key":"REST"}],"circlet_count":0,"master_deck":["sneckomod:Strike","sneckomod:Strike","sneckomod:Strike","sneckomod:Defend","sneckomod:Defend","sneckomod:Defend","sneckomod:TailWhip","sneckomod:SnekBite+1","sneckomod:Unknown","sneckomod:Unknown+1","Flash of Steel","sneckomod:WideSting","sneckomod:UnknownClassRED","sneckomod:UnknownClassTHE_CURSED_PURPLE","sneckomod:UnknownClassTHE_CURSED_PURPLE","sneckomod:UnknownClassSLIMEBOUND","sneckomod:SerpentIdol","sneckomod:UnknownColorless","sneckomod:QuickBite","sneckomod:MasterEye","sneckomod:MasterEye","sneckomod:UnknownClassTHE_CHAMP_GRAY","sneckomod:UnknownRareSkill","StuffTheSpire:Innocence","infinitespire:TheBestDefense","infinitespire:FinalStrike","sneckomod:Unknown1Cost+1","sneckomod:RainOfDice+1","sneckomod:SoulDraw+1","sneckomod:UnknownClassSLIMEBOUND","sneckomod:UnknownClassSLIMEBOUND+1","sneckomod:UnknownX","sneckomod:MorePower","sneckomod:Unknown3Cost+1","sneckomod:UnknownExhaust+1","sneckomod:UnknownClassSLIMEBOUND+1","sneckomod:ImprovisedAttack+1","infinitespire:DeathsTouch","Replay:Fractal Strike","sneckomod:SnakeSap+1","sneckomod:SerpentIdol+1","sneckomod:UnknownBoss+1","sneckomod:UnknownClassHIEROPHANT_GOLD_COLOR+1","sneckomod:UnknownClassHEXA_GHOST_PURPLE+1","sneckomod:UnknownClassGREEN+1","sneckomod:MasterEye+1","sneckomod:UnknownClassFIREFLY_COLOR+1","StuffTheSpire:BrainWave","Hello World","sneckomod:Unknown2Cost+1","sneckomod:QuickMove","sneckomod:UnknownClassSLIMEBOUND+1","expansioncontent:Chronoboost"],"relics":["sneckomod:SneckoSoul","infinitespire:CursedDice","downfall:HeartBlessingBlue","Smiling Mask","Golden_Hairpin","downfall:HeartBlessingGreen","Unceasing Top","aspiration:RunicSpoon","StuffTheSpire:Tea","downfall:HeartBlessingRed","aspiration:ChemicalBlood","hubris:Towel","aspiration:SecretTechniqueScroll","sneckomod:CleanMud","FossilizedHelix","Replay:Towering Pillar of Hats","Blue Doll","Lizard Tail","StuffTheSpire:Gunfinga","Lantern","HandDrill"],"acts_visited":["Exordium","TheCity","TheBeyond","TheEnding"],"potions_floor_usage":[57,57,58],"damage_taken":[{"damage":3.0,"enemies":"Small Slimes","floor":2.0,"turns":2.0},{"damage":0.0,"enemies":"downfall:FleeingMerchant","floor":3.0,"turns":4.0},{"damage":13.0,"enemies":"infinitespire:Voidling","floor":4.0,"turns":2.0},{"damage":24.0,"enemies":"Lagavulin","floor":6.0,"turns":7.0},{"damage":9.0,"enemies":"Cultist","floor":8.0,"turns":3.0},{"damage":10.0,"enemies":"downfall:FleeingMerchant","floor":10.0,"turns":4.0},{"damage":28.0,"enemies":"Gremlin Nob","floor":11.0,"turns":5.0},{"damage":17.0,"enemies":"Large Slime","floor":14.0,"turns":4.0},{"damage":0.0,"enemies":"Exordium Wildlife","floor":15.0,"turns":3.0},{"damage":50.0,"enemies":"SI_SHIV_ARCHETYPE","floor":16.0,"turns":6.0},{"damage":17.0,"enemies":"DF_ARCHETYPE_STREAMLINE","floor":23.0,"turns":8.0},{"damage":18.0,"enemies":"Shell Parasite","floor":24.0,"turns":5.0},{"damage":5.0,"enemies":"Spheric Guardian","floor":28.0,"turns":4.0},{"damage":18.0,"enemies":"Snake Plant","floor":29.0,"turns":3.0},{"damage":5.0,"enemies":"Centurion and Healer","floor":30.0,"turns":2.0},{"damage":2.0,"enemies":"Shelled Parasite and Fungi","floor":34.0,"turns":3.0},{"damage":30.0,"enemies":"WA_ARCHETYPE_CALM","floor":35.0,"turns":7.0},{"damage":4.0,"enemies":"Orb Walker","floor":38.0,"turns":3.0},{"damage":4.0,"enemies":"3 Shapes","floor":39.0,"turns":3.0},{"damage":35.0,"enemies":"Maw","floor":40.0,"turns":6.0},{"damage":61.0,"enemies":"Nightmare","floor":42.0,"turns":8.0},{"damage":0.0,"enemies":"3 Darklings","floor":44.0,"turns":1.0},{"damage":13.0,"enemies":"4 Shapes","floor":45.0,"turns":4.0},{"damage":0.0,"enemies":"Maw","floor":46.0,"turns":4.0},{"damage":0.0,"enemies":"Transient","floor":48.0,"turns":5.0},{"damage":19.0,"enemies":"Reptomancer","floor":49.0,"turns":6.0},{"damage":22.0,"enemies":"Writhing Mass","floor":51.0,"turns":4.0},{"damage":16.0,"enemies":"DF_ARCHETYPE_ORBS","floor":52.0,"turns":3.0},{"damage":59.0,"enemies":"downfall:CharBossMerchant","floor":54.0,"turns":6.0},{"damage":0,"enemies":"downfall:NeowBoss","floor":57,"turns":5},{"damage":70,"enemies":"downfall:NeowBossFinal","floor":58,"turns":2}],"seed_played":"-4719159155535433937","potions_obtained":[{"floor":6.0,"key":"Block Potion"},{"floor":8.0,"key":"FearPotion"},{"floor":11.0,"key":"champ:CounterPotion"},{"floor":15.0,"key":"ColorlessPotion"},{"floor":16.0,"key":"FearPotion"},{"floor":24.0,"key":"AttackPotion"},{"floor":30.0,"key":"EssenceOfSteel"},{"floor":34.0,"key":"SmokeBomb"},{"floor":35.0,"key":"Block Potion"},{"floor":44.0,"key":"Explosive Potion"},{"floor":45.0,"key":"Reflective Coating"},{"floor":46.0,"key":"Languid Potion"},{"floor":48.0,"key":"PowerPotion"},{"floor":51.0,"key":"Strength Potion"},{"floor":54.0,"key":"CultistPotion"}],"is_trial":false,"path_per_floor":["R","M","$","M","?","E","T","M","R","$","E","R","?","M","M","B",null,"R","?","PTL","PTL","AVR","?","M","R","T","R","M","M","M","?","R","?","M","B",null,"R","M","M","M","AVR","NM","T","M","M","M","?","M","E","?","M","B",null,"E","$","R","B","B"],"character_chosen":"THE_SNECKO","items_purchased":["sneckomod:QuickBite","Lantern","HandDrill","expansioncontent:Chronoboost","infinitespire:BlackPotion"],"campfire_rested":6,"item_purchase_floors":[10,55,55,55,55],"current_hp_per_floor":[90,87,87,74,74,50,50,41,81,71,43,73,73,56,56,15,100,100,75,75,75,75,58,40,70,70,100,95,77,72,72,100,100,98,83,100,100,96,97,76,76,15,15,15,2,2,2,2,36,36,14,45,90,31,31,58,58,0,0,0],"gold":38,"neow_bonus":"RANDOM_COLORLESS","is_daily":false,"chose_seed":false,"campfire_upgraded":1,"win_rate":0.0,"timestamp":1612245966,"path_taken":["R","M","$","M","?","E","T","?","R","$","E","R","?","M","M","BOSS","R","?","PTL","PTL","AVR","?","M","R","T","R","M","M","?","?","R","?","M","BOSS","R","M","M","M","AVR","NM","T","M","M","?","?","?","E","?","M","BOSS","E","$","R","BOSS","BOSS"],"items_purchased_type":["Card","Relic","Relic","Card","Potion"],"build_version":"2020-12-22","purchased_purges":1,"victory":false,"max_hp_per_floor":[90,90,90,90,90,90,90,90,100,100,100,100,100,100,100,100,100,100,100,100,100,100,100,100,100,100,100,100,100,100,100,100,100,100,100,100,100,100,100,100,100,100,100,100,100,100,100,100,100,90,90,90,90,90,90,90,90,90,90,90],"card_choices":[{"not_picked":["Swift Strike","Good Instincts"],"picked":"Flash of Steel","floor":0.0},{"not_picked":["sneckomod:MasterEye","sneckomod:UnknownCommonAttack"],"picked":"sneckomod:WideSting","floor":2.0},{"not_picked":["sneckomod:UnknownStrength","sneckomod:UnknownClassGREEN"],"picked":"sneckomod:UnknownClassRED","floor":3.0},{"not_picked":["sneckomod:RainOfDice","sneckomod:UnknownClassBLUE"],"picked":"sneckomod:UnknownClassTHE_CURSED_PURPLE","floor":4.0},{"not_picked":["sneckomod:MixItUp","sneckomod:Restock"],"picked":"sneckomod:UnknownClassSLIMEBOUND","floor":6.0},{"not_picked":["sneckomod:UnknownClassTHE_CHAMP_GRAY","sneckomod:PureSnecko"],"picked":"sneckomod:SerpentIdol","floor":8.0},{"not_picked":["sneckomod:UnknownClassBLUE","sneckomod:DefensiveFlair"],"picked":"sneckomod:UnknownColorless","floor":10.0},{"not_picked":["sneckomod:UnknownExhaust","sneckomod:ImprovisedGuard"],"picked":"sneckomod:MasterEye","floor":11.0},{"not_picked":["sneckomod:UnknownClassCULL_RED_COLOR","sneckomod:UnknownClassHEXA_GHOST_PURPLE"],"picked":"sneckomod:MasterEye","floor":14.0},{"not_picked":["sneckomod:UnknownStrike","sneckomod:UnknownClassWANDERER_GRAY_COLOR"],"picked":"sneckomod:UnknownClassTHE_CHAMP_GRAY","floor":15.0},{"not_picked":["sneckomod:Transmogrify","sneckomod:Mudshield"],"picked":"sneckomod:UnknownRareSkill","floor":16.0},{"not_picked":["sneckomod:QuickBite","sneckomod:SoulCleanse"],"picked":"sneckomod:Unknown1Cost+1","floor":23.0},{"not_picked":["sneckomod:WideSting","sneckomod:DefensiveFlair"],"picked":"sneckomod:RainOfDice+1","floor":24.0},{"not_picked":["sneckomod:UnknownClassCHRONO_GOLD","sneckomod:UnknownClassMARISA_COLOR"],"picked":"sneckomod:SoulDraw+1","floor":28.0},{"not_picked":["sneckomod:UnknownUncommonSkill","sneckomod:Cheat"],"picked":"sneckomod:UnknownClassSLIMEBOUND","floor":29.0},{"not_picked":["sneckomod:QuickMove","sneckomod:UnknownBlock"],"picked":"sneckomod:UnknownClassSLIMEBOUND+1","floor":30.0},{"not_picked":["sneckomod:DiceCrush","sneckomod:MixItUp"],"picked":"sneckomod:UnknownX","floor":34.0},{"not_picked":["sneckomod:UnlimitedRolls","sneckomod:UnknownRareAttack"],"picked":"sneckomod:MorePower","floor":35.0},{"not_picked":["sneckomod:UnknownClassBLESSING+1","sneckomod:UnknownClassCULL_RED_COLOR+1"],"picked":"sneckomod:Unknown3Cost+1","floor":38.0},{"not_picked":["sneckomod:WideSting","sneckomod:UnknownClassDEFAULT_GRAY_COLOR+1"],"picked":"sneckomod:UnknownExhaust+1","floor":38.0},{"not_picked":["sneckomod:UnknownClassHEXA_GHOST_PURPLE+1","sneckomod:UnknownClassWANDERER_GRAY_COLOR+1"],"picked":"sneckomod:UnknownClassSLIMEBOUND+1","floor":39.0},{"not_picked":["sneckomod:CheapStock","sneckomod:TrashToTreasure+1"],"picked":"sneckomod:ImprovisedAttack+1","floor":40.0},{"not_picked":["sneckomod:UnknownBlock","sneckomod:SoulRoll"],"picked":"sneckomod:SnakeSap+1","floor":42.0},{"not_picked":["sneckomod:UnknownDraw+1","sneckomod:UnknownUncommonPower"],"picked":"sneckomod:SerpentIdol+1","floor":44.0},{"not_picked":["sneckomod:UnknownClassCHRONO_GOLD+1","sneckomod:UnknownClassLAVENDER+1"],"picked":"sneckomod:UnknownBoss+1","floor":45.0},{"not_picked":["sneckomod:UnknownColorless","sneckomod:QuickBite"],"picked":"sneckomod:UnknownClassHIEROPHANT_GOLD_COLOR+1","floor":45.0},{"not_picked":["sneckomod:UnknownClassFIREFLY_COLOR","sneckomod:UnknownClassBLESSING+1"],"picked":"sneckomod:UnknownClassHEXA_GHOST_PURPLE+1","floor":46.0},{"not_picked":["sneckomod:UnknownWeak+1","sneckomod:UnknownX+1"],"picked":"sneckomod:UnknownClassGREEN+1","floor":48.0},{"not_picked":["sneckomod:Nope","sneckomod:Mudshield"],"picked":"sneckomod:MasterEye+1","floor":48.0},{"not_picked":["sneckomod:UnknownUncommonSkill","sneckomod:UnknownClassDEFAULT_GRAY_COLOR"],"picked":"sneckomod:UnknownClassFIREFLY_COLOR+1","floor":49.0},{"not_picked":["sneckomod:UnknownClassBLESSING+1","sneckomod:UnknownClassMARISA_COLOR+1"],"picked":"sneckomod:Unknown2Cost+1","floor":51.0},{"not_picked":["sneckomod:UnknownStrength","sneckomod:UnknownClassTHE_CHAMP_GRAY"],"picked":"sneckomod:QuickMove","floor":51.0},{"not_picked":["sneckomod:DiceBlock+1","sneckomod:DiceBoulder+1"],"picked":"sneckomod:UnknownClassSLIMEBOUND+1","floor":54.0}],"player_experience":542654,"relics_obtained":[{"floor":6.0,"key":"infinitespire:CursedDice"},{"floor":11.0,"key":"Smiling Mask"},{"floor":23.0,"key":"StuffTheSpire:Tea"},{"floor":26.0,"key":"aspiration:ChemicalBlood"},{"floor":37.0,"key":"sneckomod:CleanMud"},{"floor":42.0,"key":"Replay:Towering Pillar of Hats"},{"floor":43.0,"key":"Blue Doll"},{"floor":49.0,"key":"Lizard Tail"},{"floor":54.0,"key":"StuffTheSpire:Gunfinga"}],"event_choices":[{"cards_removed":["sneckomod:SnekBite"],"damage_healed":0.0,"max_hp_gain":0.0,"max_hp_loss":0.0,"gold_gain":0.0,"event_name":"Bonfire Elementals","player_choice":"Offered Basic","floor":47.0,"gold_loss":0.0,"damage_taken":0.0}],"is_beta":false,"boss_relics":[{"not_picked":["aspiration:WatcherSkillbook","energizedSpire:MagnifyingGlass"],"picked":"Golden_Hairpin"},{"not_picked":["hubris:HollowSoul","Replay:Grab Bag"],"picked":"aspiration:SecretTechniqueScroll"}],"items_purged_floors":[41],"is_endless":false,"potions_floor_spawned":[6,8,11,15,16,24,30,34,35,44,45,46,48,51,54],"killed_by":"downfall:NeowBossFinal","ascension_level":2}}