{"host":"815dqs41i1y8uxms","time":1612283989,"event":{"mods":["A Penny For Your Troubles","Act Like it!","BaseMod","Elementarium","Fox Events","Jorbs\u0027s Wanderer Trilogy","Minty Spire (QoL Compilation)","Rare Cards Sparkle","Shop Mod","Spire Arcade","StSLib","The Marked"],"gold_per_floor":[119,119,119,119,85,85,100,100,123,139,159,188,207,223,223,318,318,338,338,27,27,41,41,41,55,55,55,65,75,100,116,116,116,116],"floor_reached":33,"language":"ENG","playtime":2245,"items_purged":["Decay"],"score":269,"play_id":"cd77248b-c42b-4a5e-8fe8-d9e3541d515d","local_time":"20210202173949","is_ascension_mode":false,"campfire_choices":[{"floor":6,"key":"RECALL"},{"data":"theMarked:ComboAttacks","floor":8,"key":"SMITH"},{"floor":15,"key":"REST"},{"floor":23,"key":"DIG"},{"floor":32,"key":"REST"}],"circlet_count":0,"master_deck":["theMarked:Strike","theMarked:Strike","theMarked:Strike","theMarked:Strike","theMarked:Strike+1","theMarked:Defend","theMarked:Defend","theMarked:Defend","theMarked:Defend","theMarked:SoldierOfQuellstein","theMarked:Improvise","theMarked:ComboAttacks+1","theMarked:BanishingWave","theMarked:Snap","theMarked:TunnelVision","theMarked:TurnInvisible","theMarked:KeepCalmAndFight","theMarked:Electrocute","theMarked:Toughness","theMarked:HeightenedSenses+1","Elementarium:FireblessedBlade","Elementarium:WindblessedBlade","Elementarium:EarthblessedBlade","Elementarium:IceblessedBlade","Elementarium:VoidblessedBlade","theMarked:Pokerface","theMarked:Seal","theMarked:ContemptForTheProud","theMarked:Heritage","theMarked:ParalyzingBlade+1","theMarked:Toughness","Elementarium:StickyTar","theMarked:PowerFlow"],"relics":["theMarked:ArtifactOfAir","NeowsBlessing","PreservedInsect","Shovel","SlaversCollar","MerchantsRug","Lee\u0027s Waffle","Elementarium:FlickeringLantern","Tiny Chest","White Beast Statue"],"acts_visited":["Exordium","Elementarium:Elementarium"],"potions_floor_usage":[12,13,16,16,20,30,30,31,33],"damage_taken":[{"damage":0,"enemies":"Cultist","floor":1,"turns":1},{"damage":0,"enemies":"2 Louse","floor":7,"turns":1},{"damage":0,"enemies":"Small Slimes","floor":10,"turns":1},{"damage":5,"enemies":"2 Fungi Beasts","floor":11,"turns":4},{"damage":6,"enemies":"Gremlin Nob","floor":12,"turns":3},{"damage":5,"enemies":"Looter","floor":13,"turns":2},{"damage":21,"enemies":"Lots of Slimes","floor":14,"turns":3},{"damage":13,"enemies":"Slime Boss","floor":16,"turns":7},{"damage":21,"enemies":"Elementarium:VoidCorruption","floor":18,"turns":5},{"damage":7,"enemies":"Elementarium:2_ELEMENTALS","floor":22,"turns":3},{"damage":8,"enemies":"Elementarium:STONE_GOLEMS","floor":25,"turns":4},{"damage":24,"enemies":"Elementarium:Hydrostalker","floor":28,"turns":5},{"damage":9,"enemies":"Elementarium:RubyGolem","floor":29,"turns":4},{"damage":2,"enemies":"Elementarium:FIRE_NOBILITY","floor":30,"turns":4},{"damage":0,"enemies":"Elementarium:VOID_CORRUPTION_AND_TAR_GOLEM","floor":31,"turns":6},{"damage":19,"enemies":"Elementarium:PHOENIXES","floor":33,"turns":5}],"seed_played":"6549357859834206525","potions_obtained":[{"floor":7,"key":"Weak Potion"},{"floor":12,"key":"GamblersBrew"},{"floor":13,"key":"Fruit Juice"},{"floor":14,"key":"theMarked:ChargePotion"},{"floor":16,"key":"SneckoOil"},{"floor":18,"key":"EntropicBrew"},{"floor":25,"key":"Strength Potion"},{"floor":28,"key":"SmokeBomb"},{"floor":29,"key":"FearPotion"},{"floor":30,"key":"Dexterity Potion"},{"floor":31,"key":"Swift Potion"}],"is_trial":false,"path_per_floor":["M","?","?","?","$","R","M","R","T","M","M","E","M","M","R","B",null,"M","?","$","?","M","R","?","M","T","?","M","M","E","M","R","B"],"character_chosen":"THE_DEFAULT","items_purchased":["theMarked:ComboAttacks","MerchantsRug","theMarked:Pokerface","Lee\u0027s Waffle"],"campfire_rested":2,"item_purchase_floors":[5,20,20,20],"current_hp_per_floor":[70,70,70,70,70,70,70,70,70,70,65,59,59,38,60,47,75,54,45,52,52,45,45,45,37,37,37,13,4,2,2,17,0,0],"gold":116,"neow_bonus":"THREE_ENEMY_KILL","is_daily":false,"chose_seed":false,"campfire_upgraded":1,"win_rate":0.0,"timestamp":1612283989,"path_taken":["M","?","?","?","$","R","M","R","T","?","?","E","M","M","R","BOSS","M","?","$","?","M","R","?","M","T","?","M","?","E","M","R","BOSS"],"items_purchased_type":["Card","Relic","Card","Relic"],"build_version":"2020-12-22","purchased_purges":1,"victory":false,"max_hp_per_floor":[70,70,70,70,70,70,70,70,70,70,70,70,75,75,75,75,75,75,45,52,52,52,52,52,52,52,52,52,52,52,52,52,52,52],"card_choices":[{"not_picked":["theMarked:ResourceFulStrike","theMarked:ElectricStrings"],"picked":"theMarked:Improvise","floor":1},{"not_picked":["theMarked:Memento","theMarked:PowerFlow"],"picked":"theMarked:BanishingWave","floor":7},{"not_picked":["theMarked:Determination","theMarked:Parkour"],"picked":"theMarked:Snap","floor":10},{"not_picked":["theMarked:CreepingChasm","theMarked:ElectricStrings"],"picked":"theMarked:TunnelVision","floor":11},{"not_picked":["theMarked:Standoff","theMarked:Parkour"],"picked":"theMarked:TurnInvisible","floor":12},{"not_picked":["theMarked:ResourceFulStrike","theMarked:ChainLightning"],"picked":"theMarked:KeepCalmAndFight","floor":13},{"not_picked":["theMarked:Reabsorb","theMarked:TwofoldDefense"],"picked":"theMarked:Electrocute","floor":14},{"not_picked":["theMarked:ThrowWeapon","theMarked:Abjuration"],"picked":"theMarked:Toughness","floor":16},{"not_picked":["theMarked:BanishingWave","theMarked:BanishingStrike"],"picked":"theMarked:HeightenedSenses+1","floor":18},{"not_picked":["theMarked:ChainLightning","theMarked:Frustration"],"picked":"theMarked:Seal","floor":22},{"not_picked":["theMarked:ElectricStrings","theMarked:SwordAndMagic+1"],"picked":"theMarked:ContemptForTheProud","floor":25},{"not_picked":["theMarked:TunnelVision","theMarked:ChainLightning"],"picked":"theMarked:Heritage","floor":28},{"not_picked":["theMarked:TheMission","theMarked:ComboAttacks"],"picked":"theMarked:ParalyzingBlade+1","floor":29},{"not_picked":["theMarked:TwofoldDefense","theMarked:Aftermath"],"picked":"theMarked:Toughness","floor":30},{"not_picked":["theMarked:Improvise","theMarked:ElectricStrings"],"picked":"theMarked:PowerFlow","floor":31}],"player_experience":3856971,"relics_obtained":[{"floor":9,"key":"PreservedInsect"},{"floor":12,"key":"Shovel"},{"floor":23,"key":"Tiny Chest"},{"floor":30,"key":"White Beast Statue"}],"event_choices":[{"damage_healed":0,"gold_gain":0,"player_choice":"Leave","damage_taken":0,"max_hp_gain":0,"max_hp_loss":0,"event_name":"The Cleric","floor":2,"gold_loss":0},{"damage_healed":0,"gold_gain":0,"player_choice":"Ignored","damage_taken":0,"max_hp_gain":0,"max_hp_loss":0,"event_name":"Golden Wing","floor":3,"gold_loss":0},{"damage_healed":0,"gold_gain":0,"player_choice":"Cursed","damage_taken":0,"max_hp_gain":0,"max_hp_loss":0,"event_name":"Wheel of Change","floor":4,"gold_loss":0,"cards_obtained":["Decay"]},{"damage_healed":0,"gold_gain":0,"player_choice":"Touch","damage_taken":0,"max_hp_gain":0,"max_hp_loss":30,"event_name":"Elementarium:ElementalBlades","floor":19,"gold_loss":0,"cards_obtained":["Elementarium:FireblessedBlade","Elementarium:WindblessedBlade","Elementarium:EarthblessedBlade","Elementarium:IceblessedBlade","Elementarium:VoidblessedBlade"]},{"damage_healed":0,"gold_gain":0,"player_choice":"Take","damage_taken":0,"relics_obtained":["Elementarium:FlickeringLantern"],"max_hp_gain":0,"max_hp_loss":0,"event_name":"Elementarium:HeartOfTheVoid","floor":21,"gold_loss":0},{"damage_healed":0,"gold_gain":0,"player_choice":"Pray","damage_taken":0,"max_hp_gain":0,"max_hp_loss":0,"event_name":"Elementarium:VoidShrine","floor":24,"gold_loss":0,"cards_upgraded":["theMarked:Strike"]},{"damage_healed":0,"gold_gain":0,"player_choice":"Ignored","damage_taken":0,"max_hp_gain":0,"max_hp_loss":0,"event_name":"Elementarium:FountainOfGold","floor":27,"gold_loss":0}],"is_beta":false,"boss_relics":[{"not_picked":["SacredBark","Cursed Key"],"picked":"SlaversCollar"}],"items_purged_floors":[20],"is_endless":false,"potions_floor_spawned":[7,12,13,14,16,18,25,28,29,30,31],"killed_by":"Elementarium:PHOENIXES","ascension_level":0}}