{"host":"skr63qsdfgeey3it","time":1612306698,"event":{"mods":["BaseMod","Colored Map","Hubris","Minty Spire (QoL Compilation)","Monster B Gone","Reliquary","Replay The Spire","Spicy Shops","StSLib"],"gold_per_floor":[111,78,78,90,90,90,116,136,136,166,166,181,211,225,225,300,300,314,18,18,18,28,56,68,78,123,123,141,141,152,179,179,251,251,267,0,19,38,35,60,72,72,72,89,89,124,16,27,27,27],"floor_reached":51,"language":"ENG","playtime":2454,"items_purged":[],"score":1534,"play_id":"616f76ea-7254-4987-a473-dcd7b24f673f","local_time":"20210202165818","is_ascension_mode":true,"campfire_choices":[{"data":"ReplayReversal","floor":6,"key":"SMITH"},{"floor":11,"key":"REST"},{"floor":15,"key":"DIG"},{"data":"Power Through","floor":29,"key":"SMITH"},{"data":"Juggernaut","floor":32,"key":"SMITH"},{"data":"Entrench","floor":42,"key":"SMITH"},{"data":"Fiend Fire","floor":45,"key":"SMITH"},{"data":"Offering","floor":49,"key":"SMITH"}],"circlet_count":0,"master_deck":["AscendersBane","Strike_R","Strike_R","Strike_R","Strike_R","Defend_R+1","Defend_R+1","Defend_R+1","Defend_R+1","Bash","Offering+1","Perfected Strike","Spreading Infection","ReplayReversal+1","Sentinel","Shrug It Off","Fiend Fire+1","Defy Death","Juggernaut+1","Power Through+1","Perfected Strike","Corruption","Bludgeon","Juggernaut","Spot Weakness","Juggernaut","Apotheosis","ReplayTheSpireMod:Muscle Training+1","True Grit+1","Master of Strategy","Body Slam","Entrench+1","Fire Breathing","Fire Breathing"],"relics":["Burning Blood","Ring of Panic","Ring of Misfortune","reliquary:OuijaBoard","Unceasing Top","Onion Ring","reliquary:PartyBalloon","Replay:Bottled Eggs","Bottled Lightning","Replay:Ancient Bell","reliquary:Boomerang","reliquary:Sideboard","Another Sword","Membership Card","Letter Opener","hubris:IronBody","ReplayTheSpireMod:Lightbulb","hubris:Towel","Mirror","Painkiller Herb","ReplayTheSpireMod:ShopPack","Bronze Scales","Gambling Chip","MawBank","Mummified Hand"],"acts_visited":["Exordium","TheCity","TheBeyond"],"potions_floor_usage":[22,33,33,50,50],"damage_taken":[{"damage":0,"enemies":"Small Slimes","floor":1,"turns":3},{"damage":0,"enemies":"2 Louse","floor":4,"turns":2},{"damage":44,"enemies":"Lagavulin","floor":7,"turns":6},{"damage":3,"enemies":"Cultist","floor":8,"turns":3},{"damage":10,"enemies":"Gremlin Nob","floor":10,"turns":3},{"damage":0,"enemies":"Looter","floor":12,"turns":2},{"damage":6,"enemies":"3 Sentries","floor":13,"turns":6},{"damage":0,"enemies":"Large Slime","floor":14,"turns":2},{"damage":12,"enemies":"Hexaghost","floor":16,"turns":11},{"damage":6,"enemies":"Spheric Guardian","floor":18,"turns":2},{"damage":0,"enemies":"3 Byrds","floor":22,"turns":4},{"damage":0,"enemies":"Slavers","floor":23,"turns":3},{"damage":6,"enemies":"Snecko","floor":24,"turns":2},{"damage":0,"enemies":"Centurion and Healer","floor":25,"turns":4},{"damage":6,"enemies":"Cultist and Chosen","floor":28,"turns":2},{"damage":0,"enemies":"Sentry and Sphere","floor":30,"turns":3},{"damage":4,"enemies":"Gremlin Leader","floor":31,"turns":4},{"damage":7,"enemies":"Collector","floor":33,"turns":7},{"damage":6,"enemies":"Orb Walker","floor":35,"turns":2},{"damage":0,"enemies":"3 Darklings","floor":37,"turns":3},{"damage":19,"enemies":"4 Shapes","floor":38,"turns":3},{"damage":6,"enemies":"R_Hoarder","floor":40,"turns":4},{"damage":20,"enemies":"Spire Growth","floor":41,"turns":3},{"damage":0,"enemies":"Jaw Worm Horde","floor":44,"turns":3},{"damage":3,"enemies":"Reptomancer","floor":46,"turns":3},{"damage":6,"enemies":"4 Shapes","floor":48,"turns":2},{"damage":0,"enemies":"hubris:GrandSnecko","floor":50,"turns":4}],"seed_played":"7979026772508118220","potions_obtained":[{"floor":1,"key":"SmokeBomb"},{"floor":12,"key":"Elixir"},{"floor":14,"key":"Milkshake"},{"floor":23,"key":"Flashbang"},{"floor":25,"key":"BlessingOfTheForge"},{"floor":33,"key":"SkillPotion"},{"floor":35,"key":"BlessingOfTheForge"}],"is_trial":false,"path_per_floor":["M","$","?","M","?","R","E","M","T","E","R","M","E","M","R_BF","B",null,"M","$","?","?","M","E","M","M","T","?","M","R","M","E","R","B",null,"?","T","?","?","T","E","?","T","T","?","T","E","T","?","T","B",null],"character_chosen":"IRONCLAD","items_purchased":["Perfected Strike","Membership Card","Power Through","Perfected Strike","Juggernaut","Spot Weakness","ReplayTheSpireMod:ShopPack","Fire Breathing","Mummified Hand"],"campfire_rested":1,"item_purchase_floors":[2,19,19,19,36,36,36,39,47],"current_hp_per_floor":[57,57,57,63,63,63,25,28,28,24,48,54,54,60,60,54,74,74,74,74,74,80,80,80,80,80,80,80,80,80,80,80,79,80,80,80,80,67,67,67,53,53,53,59,59,62,62,62,62,68],"gold":27,"neow_bonus":"THREE_RARE_CARDS","is_daily":false,"chose_seed":false,"campfire_upgraded":6,"win_rate":0.0,"timestamp":1612306698,"path_taken":["M","$","?","M","?","R","E","M","T","E","R","?","E","M","R_BF","BOSS","M","$","?","?","M","E","?","?","T","?","M","R","M","E","R","BOSS","?","T","?","?","T","E","?","T","T","?","T","E","T","?","T","BOSS"],"items_purchased_type":["Card","Relic","Card","Card","Card","Card","Relic","Card","Relic"],"build_version":"2020-12-22","purchased_purges":0,"victory":true,"max_hp_per_floor":[80,80,80,80,80,80,80,80,80,80,80,80,80,80,80,80,80,80,80,80,80,80,80,80,80,80,80,80,80,80,80,80,80,80,80,80,80,80,80,80,80,80,80,80,80,80,80,80,80,80],"card_choices":[{"not_picked":["Impervious","Replay:Many Hands"],"picked":"Offering","floor":0},{"not_picked":["Run Through","Sever Soul","Heavy Blade"],"picked":"SKIP","floor":1},{"not_picked":["Havoc","hubris:ReadiedAction"],"picked":"ReplayReversal","floor":4},{"not_picked":["Clothesline","ReplayTheSpireMod:Strike From Hell"],"picked":"Sentinel","floor":7},{"not_picked":["Flex","Replay:Undeath\u0027s Touch"],"picked":"Shrug It Off","floor":8},{"not_picked":["Sword Boomerang","Rage"],"picked":"Fiend Fire","floor":10},{"not_picked":["Anger","Iron Wave","Run Through"],"picked":"SKIP","floor":12},{"not_picked":["Rage","ReplayTheSpireMod:Corrosion Curse","Spot Weakness"],"picked":"SKIP","floor":13},{"not_picked":["Havoc","hubris:SharpeningStone"],"picked":"Defy Death","floor":14},{"not_picked":["Immolate","Barricade"],"picked":"Juggernaut","floor":16},{"not_picked":["Amnesia","hubris:Despair"],"picked":"Hallucinations","floor":17},{"not_picked":["Spreading Infection","Amnesia"],"picked":"Shame","floor":17},{"not_picked":["Languid","hubris:Greed"],"picked":"Sickly","floor":17},{"not_picked":["Pommel Strike","Clash"],"picked":"hubris:ReadiedAction","floor":18},{"not_picked":["Abandon","Whirlwind","Pommel Strike"],"picked":"SKIP","floor":22},{"not_picked":["Massacre","Rampage"],"picked":"Flame Barrier","floor":23},{"not_picked":["Carnage","Armaments"],"picked":"Power Through","floor":24},{"not_picked":["hubris:ReadiedAction","Twin Strike"],"picked":"Sever Soul","floor":25},{"not_picked":["True Grit","Pommel Strike","Clothesline"],"picked":"SKIP","floor":28},{"not_picked":["Replay:Undeath\u0027s Touch","Warcry"],"picked":"ReplayTheSpireMod:Muscle Training+1","floor":30},{"not_picked":["Shrug It Off","Heavy Blade"],"picked":"Bloodletting","floor":31},{"not_picked":["Limit Break","Hemogenesis"],"picked":"Juggernaut","floor":33},{"not_picked":["Sword Boomerang","Iron Wave"],"picked":"True Grit+1","floor":35},{"not_picked":["Transmutation","The Bomb"],"picked":"Master of Strategy","floor":36},{"not_picked":["Magnetism","Swift Strike"],"picked":"Apotheosis","floor":36},{"not_picked":["Clash+1","Brutality"],"picked":"Entrench","floor":37},{"not_picked":["Wild Strike","Iron Wave"],"picked":"Body Slam","floor":38},{"not_picked":["Heavy Blade","Twin Strike","Abandon"],"picked":"SKIP","floor":40},{"not_picked":["Iron Wave","Eclipse","Fire Breathing"],"picked":"SKIP","floor":41},{"not_picked":["Armaments","Perfected Strike"],"picked":"Dual Wield","floor":44},{"not_picked":["hubris:CleavingFinish","Pommel Strike","Feed"],"picked":"SKIP","floor":46},{"not_picked":["Hemokinesis","Cleave","Burning Pact"],"picked":"SKIP","floor":48}],"player_experience":864356,"relics_obtained":[{"floor":3,"key":"Ring of Panic"},{"floor":3,"key":"Ring of Misfortune"},{"floor":7,"key":"Unceasing Top"},{"floor":9,"key":"Onion Ring"},{"floor":10,"key":"reliquary:PartyBalloon"},{"floor":13,"key":"Replay:Bottled Eggs"},{"floor":15,"key":"Bottled Lightning"},{"floor":21,"key":"Letter Opener"},{"floor":23,"key":"hubris:IronBody"},{"floor":26,"key":"ReplayTheSpireMod:Lightbulb"},{"floor":31,"key":"Mirror"},{"floor":40,"key":"Bronze Scales"},{"floor":43,"key":"Gambling Chip"},{"floor":46,"key":"MawBank"}],"event_choices":[{"damage_healed":0,"gold_gain":0,"player_choice":"Gave Potion","damage_taken":0,"relics_obtained":["reliquary:OuijaBoard"],"max_hp_gain":0,"max_hp_loss":0,"event_name":"WeMeetAgain","floor":5,"gold_loss":0},{"damage_healed":0,"gold_gain":0,"cards_transformed":["hubris:ReadiedAction","Strike_R"],"player_choice":"Became Test Subject","damage_taken":0,"max_hp_gain":0,"max_hp_loss":0,"event_name":"Drug Dealer","floor":20,"gold_loss":0,"cards_obtained":["Corruption","Bludgeon"]},{"damage_healed":0,"gold_gain":0,"player_choice":"Relic","damage_taken":0,"max_hp_gain":0,"max_hp_loss":0,"event_name":"Wheel of Change","floor":21,"gold_loss":0}],"is_beta":false,"boss_relics":[{"not_picked":["reliquary:RedCape","SlaversCollar"],"picked":"Replay:Ancient Bell"},{"not_picked":["Vajra","Potion Belt"],"picked":"reliquary:Boomerang"},{"not_picked":["Pantograph","Gremlin Horn"],"picked":"reliquary:Sideboard"},{"not_picked":["Charon\u0027s Ashes","Turnip"],"picked":"Another Sword"},{"not_picked":["Black Star","hubris:ScarierMask"],"picked":"Painkiller Herb"}],"items_purged_floors":[],"is_endless":false,"potions_floor_spawned":[1,12,14,16,23,25,30,33,35,41,44],"ascension_level":13}}