{"host":"6xsbn6ynqlzwllfm","time":1612278874,"event":{"mods":["2.2 Compatiblity","BaseMod","Bestiary","Colored Map","Colored Powertips","Curses Come First","Highlight Path","Keyboard Shortcuts","Minty Spire (QoL Compilation)","Relic Stats","Slay the Relics Exporter","StSLib","SuperFastMode"],"gold_per_floor":[116,130,142,142,142,477,80,109,109,144,144,160,192,210,210,287,287,305,321,321,371,16,46,46,79,79,91,116,143,181,213,225,311,323,345,64,79,90,90,121,121,154,154,165,165,195,212,141,141,141,141],"floor_reached":50,"language":"ENG","playtime":2125,"items_purged":["Strike_P","Strike_P","Clumsy"],"score":1540,"play_id":"60f9bd8e-84de-4971-b469-e1463faca81a","local_time":"20210202101434","is_ascension_mode":true,"campfire_choices":[{"data":"Blasphemy","floor":11.0,"key":"SMITH"},{"data":"Conclude","floor":15.0,"key":"SMITH"},{"data":"Tantrum","floor":24,"key":"SMITH"},{"data":"Vault","floor":27,"key":"SMITH"},{"floor":32,"key":"REST"},{"floor":41,"key":"REST"},{"floor":45,"key":"REST"},{"floor":49,"key":"RECALL"}],"circlet_count":0,"master_deck":["AscendersBane","Strike_P+1","Strike_P","Defend_P+1","Defend_P+1","Defend_P","Defend_P","Eruption+1","Vigilance","Tantrum+1","Conclude+1","EmptyFist+1","Blasphemy+1","Wallop+1","WheelKick+1","CutThroughFate+1","DeusExMachina+1","FlurryOfBlows+1","WindmillStrike+1","Vault+1","TalkToTheHand+1","TalkToTheHand+1","FlurryOfBlows+1","ClearTheMind+1","TalkToTheHand+1","CrushJoints+1","WheelKick+1","ThirdEye+1","Weave+1","Study+1","Ragnarok+1","ThirdEye+1","ThirdEye+1","InnerPeace+1","Shame","CutThroughFate+1"],"relics":["PureWater","Old Coin","Molten Egg 2","Prayer Wheel","WingedGreaves","Sundial","Matryoshka","Cursed Key","Whetstone","Toy Ornithopter","Frozen Egg 2","MawBank","TeardropLocket","Gambling Chip","Busted Crown","Melange","Bronze Scales","Happy Flower","Toxic Egg 2","War Paint","White Beast Statue"],"acts_visited":["Exordium","TheCity","TheBeyond"],"potions_floor_usage":[25,35,40,42,46],"damage_taken":[{"damage":0.0,"enemies":"2 Louse","floor":1.0,"turns":3.0},{"damage":6.0,"enemies":"Cultist","floor":2.0,"turns":3.0},{"damage":6.0,"enemies":"Small Slimes","floor":3.0,"turns":3.0},{"damage":15.0,"enemies":"3 Sentries","floor":6.0,"turns":4.0},{"damage":3.0,"enemies":"Gremlin Nob","floor":8.0,"turns":3.0},{"damage":15.0,"enemies":"Lagavulin","floor":10.0,"turns":4.0},{"damage":0.0,"enemies":"Gremlin Gang","floor":12.0,"turns":3.0},{"damage":0.0,"enemies":"3 Sentries","floor":13.0,"turns":3.0},{"damage":0.0,"enemies":"Lots of Slimes","floor":14.0,"turns":2.0},{"damage":0.0,"enemies":"Slime Boss","floor":16.0,"turns":2.0},{"damage":0,"enemies":"Shell Parasite","floor":18,"turns":1},{"damage":0,"enemies":"2 Thieves","floor":19,"turns":3},{"damage":5,"enemies":"Book of Stabbing","floor":23,"turns":4},{"damage":14,"enemies":"Slavers","floor":25,"turns":3},{"damage":5,"enemies":"Snecko","floor":28,"turns":3},{"damage":12,"enemies":"Snake Plant","floor":29,"turns":3},{"damage":0,"enemies":"Book of Stabbing","floor":30,"turns":3},{"damage":0,"enemies":"Sentry and Sphere","floor":31,"turns":2},{"damage":14,"enemies":"Collector","floor":33,"turns":4},{"damage":4,"enemies":"3 Darklings","floor":35,"turns":3},{"damage":7,"enemies":"Orb Walker","floor":37,"turns":2},{"damage":4,"enemies":"Sphere and 2 Shapes","floor":38,"turns":3},{"damage":24,"enemies":"Reptomancer","floor":40,"turns":4},{"damage":42,"enemies":"Nemesis","floor":42,"turns":3},{"damage":19,"enemies":"Jaw Worm Horde","floor":44,"turns":3},{"damage":0,"enemies":"Reptomancer","floor":46,"turns":3},{"damage":0,"enemies":"3 Darklings","floor":47,"turns":3},{"damage":34,"enemies":"Awakened One","floor":50,"turns":4}],"seed_played":"-1764094751366876941","potions_obtained":[{"floor":3.0,"key":"Dexterity Potion"},{"floor":8.0,"key":"StancePotion"},{"floor":12.0,"key":"AttackPotion"},{"floor":16.0,"key":"Energy Potion"},{"floor":23,"key":"AttackPotion"},{"floor":30,"key":"BlessingOfTheForge"},{"floor":33,"key":"Fire Potion"},{"floor":37,"key":"Strength Potion"},{"floor":38,"key":"PowerPotion"},{"floor":44,"key":"DistilledChaos"},{"floor":47,"key":"Explosive Potion"}],"is_trial":false,"path_per_floor":["M","M","M","?","?","E","$","E","T","E","R","M","E","M","R","B",null,"M","M","T","?","$","E","R","E","T","R","M","M","E","M","R","B",null,"M","$","M","M","$","E","R","E","T","M","R","E","M","?","R","B"],"character_chosen":"WATCHER","items_purchased":["Molten Egg 2","SteroidPotion","TalkToTheHand+1","Whetstone","Melange"],"campfire_rested":3,"item_purchase_floors":[7,7,22,22,36],"current_hp_per_floor":[67,61,55,33,74,59,59,56,56,41,41,41,41,41,41,41,66,66,66,66,59,59,54,54,45,45,45,40,28,28,28,50,36,65,66,66,59,55,55,36,58,21,21,2,24,29,29,29,29,0,0],"gold":141,"neow_bonus":"TEN_PERCENT_HP_BONUS","is_daily":false,"chose_seed":false,"campfire_upgraded":4,"win_rate":0.0,"timestamp":1612278874,"path_taken":["M","M","M","?","?","E","$","E","T","E","R","?","E","M","R","BOSS","M","?","?","?","$","E","R","E","T","R","?","?","E","M","R","BOSS","M","?","M","?","?","E","R","E","T","M","R","E","M","?","R","BOSS"],"items_purchased_type":["Relic","Potion","Card","Relic","Relic"],"build_version":"2020-12-22","purchased_purges":3,"victory":false,"max_hp_per_floor":[74,74,74,74,74,74,74,74,74,74,74,74,74,74,74,74,74,74,74,74,74,74,74,74,74,74,74,74,74,74,74,74,74,74,74,74,74,74,74,74,74,74,74,74,74,74,74,74,74,74,74],"relic_stats":{"Happy Flower":[4],"counters":[28,84],"Melange":[3],"Whetstone":["Eruption","EmptyFist"],"War Paint":["Defend_P","DeusExMachina"],"Cursed Key":2,"MawBank":120,"Busted Crown":26,"Sundial":[0],"Gambling Chip":[38],"Bronze Scales":[40],"Prayer Wheel":12,"obtain_stats":[{"Happy Flower":42,"Melange":36,"Whetstone":22,"TeardropLocket":26,"Frozen Egg 2":25,"War Paint":46,"Cursed Key":17,"MawBank":26,"White Beast Statue":48,"Old Coin":6,"Matryoshka":13,"Busted Crown":34,"Sundial":10,"Gambling Chip":30,"Bronze Scales":40,"Molten Egg 2":7,"Prayer Wheel":8,"WingedGreaves":9,"PureWater":0,"Toxic Egg 2":43,"Toy Ornithopter":23},{"Happy Flower":24,"Melange":20,"Whetstone":12,"TeardropLocket":14,"Frozen Egg 2":14,"War Paint":26,"Cursed Key":10,"MawBank":14,"White Beast Statue":27,"Old Coin":4,"Matryoshka":8,"Busted Crown":19,"Sundial":6,"Gambling Chip":17,"Bronze Scales":23,"Molten Egg 2":4,"Prayer Wheel":5,"WingedGreaves":5,"PureWater":0,"Toxic Egg 2":24,"Toy Ornithopter":13},{"Happy Flower":71,"Melange":59,"Whetstone":34,"TeardropLocket":41,"Frozen Egg 2":41,"War Paint":77,"Cursed Key":30,"MawBank":41,"White Beast Statue":80,"Old Coin":13,"Matryoshka":26,"Busted Crown":56,"Sundial":20,"Gambling Chip":50,"Bronze Scales":68,"Molten Egg 2":13,"Prayer Wheel":16,"WingedGreaves":16,"PureWater":0,"Toxic Egg 2":71,"Toy Ornithopter":38}],"Toy Ornithopter":25},"card_choices":[{"not_picked":["Prostrate","Indignation"],"picked":"Tantrum","floor":1.0},{"not_picked":["ThirdEye","Perseverance"],"picked":"Conclude","floor":2.0},{"not_picked":["Halt","Prostrate"],"picked":"EmptyFist","floor":3.0},{"not_picked":["JustLucky","Protect"],"picked":"Blasphemy","floor":6.0},{"not_picked":["EmptyFist+1","CarveReality+1"],"picked":"Wallop+1","floor":8.0},{"not_picked":["FollowUp+1","EmptyFist+1"],"picked":"WheelKick+1","floor":10.0},{"not_picked":["DeceiveReality","FlyingSleeves+1"],"picked":"CutThroughFate+1","floor":12.0},{"not_picked":["SignatureMove+1","SpiritShield"],"picked":"DeusExMachina","floor":13.0},{"not_picked":["Halt","PathToVictory"],"picked":"FlurryOfBlows+1","floor":14.0},{"not_picked":["JustLucky+1","Halt"],"picked":"WindmillStrike+1","floor":14.0},{"not_picked":["ConjureBlade","Ragnarok+1"],"picked":"Vault","floor":16.0},{"not_picked":["BattleHymn","PathToVictory"],"picked":"TalkToTheHand+1","floor":18},{"not_picked":["Pray","CarveReality+1"],"picked":"TalkToTheHand+1","floor":18},{"not_picked":["JustLucky+1","Conclude+1"],"picked":"FlurryOfBlows+1","floor":19},{"not_picked":["BowlingBash+1","Crescendo"],"picked":"ClearTheMind+1","floor":19},{"not_picked":["Nirvana+1","Pray"],"picked":"CrushJoints+1","floor":25},{"not_picked":["ThirdEye","Prostrate"],"picked":"WheelKick+1","floor":28},{"not_picked":["PathToVictory","Conclude+1"],"picked":"ThirdEye+1","floor":28},{"not_picked":["ClearTheMind","WaveOfTheHand"],"picked":"Weave+1","floor":31},{"not_picked":["FlyingSleeves+1","Worship"],"picked":"Study+1","floor":31},{"not_picked":["Blasphemy","Establishment+1"],"picked":"Ragnarok+1","floor":33},{"not_picked":[],"picked":"ThirdEye+1","floor":35},{"not_picked":[],"picked":"ThirdEye+1","floor":37},{"not_picked":[],"picked":"InnerPeace+1","floor":42},{"not_picked":[],"picked":"CutThroughFate+1","floor":47}],"player_experience":1372567,"relics_obtained":[{"floor":6.0,"key":"Old Coin"},{"floor":8.0,"key":"Prayer Wheel"},{"floor":9.0,"key":"WingedGreaves"},{"floor":10.0,"key":"Sundial"},{"floor":13.0,"key":"Matryoshka"},{"floor":23,"key":"Toy Ornithopter"},{"floor":25,"key":"Frozen Egg 2"},{"floor":26,"key":"MawBank"},{"floor":26,"key":"TeardropLocket"},{"floor":30,"key":"Gambling Chip"},{"floor":40,"key":"Bronze Scales"},{"floor":42,"key":"Happy Flower"},{"floor":43,"key":"Toxic Egg 2"},{"floor":46,"key":"War Paint"}],"event_choices":[{"damage_healed":0.0,"max_hp_gain":0.0,"max_hp_loss":0.0,"gold_gain":0.0,"event_name":"Shining Light","player_choice":"Entered Light","floor":4.0,"gold_loss":0.0,"damage_taken":22.0,"cards_upgraded":["Defend_P","Strike_P"]},{"damage_healed":41.0,"max_hp_gain":0.0,"max_hp_loss":0.0,"gold_gain":0.0,"event_name":"Wheel of Change","player_choice":"Full Heal","floor":5.0,"gold_loss":0.0,"damage_taken":0.0},{"damage_healed":0,"gold_gain":50,"player_choice":"Touch","damage_taken":7,"max_hp_gain":0,"max_hp_loss":0,"event_name":"FaceTrader","floor":21,"gold_loss":0},{"damage_healed":0,"gold_gain":0,"player_choice":"Paid Gold","damage_taken":0,"relics_obtained":["White Beast Statue"],"max_hp_gain":0,"max_hp_loss":0,"event_name":"WeMeetAgain","floor":48,"gold_loss":71}],"is_beta":false,"boss_relics":[{"not_picked":["Coffee Dripper","SacredBark"],"picked":"Cursed Key"},{"not_picked":["Tiny House","SlaversCollar"],"picked":"Busted Crown"}],"items_purged_floors":[7,22,36],"is_endless":false,"potions_floor_spawned":[3,8,12,16,23,30,31,33,37,38,44,47],"killed_by":"Awakened One","ascension_level":20}}