{"host":"52m1o8iwwagurbjs","time":1612231307,"event":{"mods":["AchievementEnabler","BaseMod","Bestiary","Colored Powertips","GifTheSpireLib","Minty Spire (QoL Compilation)","Quick Restart","RNG Fix","Relic Stats","StSLib"],"gold_per_floor":[110,73,148,148,148,173,173,201,254,273,288,288,288],"floor_reached":12,"language":"ENG","playtime":285,"items_purged":[],"score":90,"play_id":"9b599d60-3e56-4c93-9454-8cb0844ce66e","local_time":"20210201210147","is_ascension_mode":true,"campfire_choices":[{"data":"Skewer","floor":7,"key":"SMITH"}],"circlet_count":0,"master_deck":["Strike_G","Strike_G","Strike_G","Strike_G","Defend_G","Defend_G","Defend_G","Defend_G","Defend_G","Survivor","Neutralize","Skewer+1","Backstab","PiercingWail","Malaise"],"relics":["Ring of the Snake","Lantern","Nunchaku","Ancient Tea Set","Smiling Mask"],"acts_visited":["Exordium"],"potions_floor_usage":[12],"damage_taken":[{"damage":1.0,"enemies":"Cultist","floor":1.0,"turns":4.0},{"damage":32,"enemies":"Gremlin Nob","floor":6,"turns":5},{"damage":26,"enemies":"3 Sentries","floor":8,"turns":7},{"damage":0,"enemies":"Small Slimes","floor":10,"turns":3},{"damage":0,"enemies":"2 Louse","floor":11,"turns":1},{"damage":14,"enemies":"Lagavulin","floor":12,"turns":3}],"seed_played":"3917953027930419377","potions_obtained":[{"floor":6,"key":"Poison Potion"}],"is_trial":false,"path_per_floor":["M","$","?","?","?","E","R","E","T","M","M","E"],"character_chosen":"THE_SILENT","items_purchased":["Backstab"],"campfire_rested":0,"item_purchase_floors":[2],"current_hp_per_floor":[69,69,62,67,67,35,35,9,9,9,9,0,0],"gold":288,"neow_bonus":"RANDOM_COMMON_RELIC","is_daily":false,"chose_seed":false,"campfire_upgraded":1,"win_rate":0.0,"timestamp":1612231307,"path_taken":["M","$","?","?","?","E","R","E","T","M","?","E"],"items_purchased_type":["Card"],"build_version":"2020-12-22","purchased_purges":0,"victory":false,"max_hp_per_floor":[70,70,70,75,75,75,75,75,75,75,75,75,75],"relic_stats":{"Nunchaku":[2],"counters":[6,23],"Smiling Mask":0,"obtain_stats":[{"Lantern":0,"Nunchaku":6,"Ancient Tea Set":8,"Smiling Mask":9,"Ring of the Snake":0},{"Lantern":0,"Nunchaku":2,"Ancient Tea Set":3,"Smiling Mask":3,"Ring of the Snake":0},{"Lantern":0,"Nunchaku":9,"Ancient Tea Set":16,"Smiling Mask":16,"Ring of the Snake":0}],"Ring of the Snake":[12]},"card_choices":[{"not_picked":["Setup","Concentrate"],"picked":"Skewer","floor":1.0},{"not_picked":["Dagger Throw","Outmaneuver"],"picked":"PiercingWail","floor":6},{"not_picked":["Dodge and Roll","Catalyst"],"picked":"Malaise","floor":8},{"not_picked":["PiercingWail","Setup","Distraction"],"picked":"SKIP","floor":10},{"not_picked":["Acrobatics","Dodge and Roll","Outmaneuver"],"picked":"SKIP","floor":11}],"player_experience":1279109,"relics_obtained":[{"floor":6,"key":"Nunchaku"},{"floor":8,"key":"Ancient Tea Set"},{"floor":9,"key":"Smiling Mask"}],"event_choices":[{"damage_healed":0,"gold_gain":75,"player_choice":"Touch","damage_taken":7,"max_hp_gain":0,"max_hp_loss":0,"event_name":"FaceTrader","floor":3,"gold_loss":0},{"damage_healed":0,"gold_gain":0,"player_choice":"Donut","damage_taken":0,"max_hp_gain":5,"max_hp_loss":0,"event_name":"Big Fish","floor":4,"gold_loss":0},{"cards_removed":["Strike_G"],"damage_healed":0,"gold_gain":0,"player_choice":"Offered Basic","damage_taken":0,"max_hp_gain":0,"max_hp_loss":0,"event_name":"Bonfire Elementals","floor":5,"gold_loss":0}],"is_beta":false,"boss_relics":[],"items_purged_floors":[],"is_endless":false,"potions_floor_spawned":[6],"killed_by":"Lagavulin","ascension_level":1}}