{"host":"d52brwsy6af8zvaq","time":1612225045,"event":{"mods":["AchievementEnabler","BaseMod","Bestiary","Highlight Path","Minty Spire (QoL Compilation)","Quick Restart","Relic Stats","ojb\u0027s Better Paths Mod"],"gold_per_floor":[113,124,124,124,143,143,161,193,193,193,207,239,239,239,239,332,332,346,362,12,12,12],"floor_reached":21,"language":"ENG","playtime":967,"items_purged":["Strike_G"],"score":378,"play_id":"b85066fb-41e1-4d07-bb92-86207e799794","local_time":"20210201171725","is_ascension_mode":true,"campfire_choices":[{"data":"Noxious Fumes","floor":6.0,"key":"SMITH"},{"data":"Predator","floor":10.0,"key":"SMITH"},{"data":"Bane","floor":15.0,"key":"SMITH"}],"circlet_count":0,"master_deck":["AscendersBane","Strike_G","Strike_G","Strike_G","Strike_G","Defend_G","Defend_G","Defend_G","Defend_G","Defend_G","Survivor","Neutralize","Wraith Form v2+1","Cloak And Dagger","Noxious Fumes+1","Predator+1","Cloak And Dagger","Bane+1","After Image+1","Acrobatics","Injury","Envenom+1","Well Laid Plans+1"],"relics":["Ring of the Snake","Pantograph","Orichalcum","Frozen Egg 2","Happy Flower","Golden Idol","Sozu","Eternal Feather"],"acts_visited":["TheCity"],"potions_floor_usage":[],"damage_taken":[{"damage":4.0,"enemies":"2 Louse","floor":1.0,"turns":5.0},{"damage":3.0,"enemies":"Jaw Worm","floor":2.0,"turns":6.0},{"damage":0.0,"enemies":"Cultist","floor":5.0,"turns":5.0},{"damage":2.0,"enemies":"Exordium Wildlife","floor":7.0,"turns":5.0},{"damage":8.0,"enemies":"Lagavulin","floor":8.0,"turns":7.0},{"damage":1.0,"enemies":"Looter","floor":11.0,"turns":4.0},{"damage":17.0,"enemies":"3 Sentries","floor":12.0,"turns":10.0},{"damage":37.0,"enemies":"The Guardian","floor":16.0,"turns":13.0},{"damage":12.0,"enemies":"2 Thieves","floor":18.0,"turns":4.0},{"damage":9,"enemies":"Shell Parasite","floor":19,"turns":7},{"damage":34,"enemies":"Sentry and Sphere","floor":21,"turns":10}],"seed_played":"-6668796088918931311","potions_obtained":[{"floor":1.0,"key":"Strength Potion"},{"floor":5.0,"key":"BlessingOfTheForge"},{"floor":8.0,"key":"FearPotion"},{"floor":16.0,"key":"Poison Potion"}],"is_trial":false,"path_per_floor":["M","M","?","T","M","R","M","E","T","R","M","E","?","?","R","B",null,"M","M","$","M"],"character_chosen":"THE_SILENT","items_purchased":["Eternal Feather"],"campfire_rested":0,"item_purchase_floors":[20],"current_hp_per_floor":[55,52,52,52,52,52,50,42,42,42,41,24,29,29,29,17,58,46,37,37,3,3],"gold":12,"neow_bonus":"ONE_RANDOM_RARE_CARD","is_daily":false,"chose_seed":false,"campfire_upgraded":3,"win_rate":0.0,"timestamp":1612225045,"path_taken":["M","M","?","?","M","R","?","E","T","R","M","E","?","?","R","BOSS","M","M","$","M"],"items_purchased_type":["Relic"],"build_version":"2020-12-22","purchased_purges":1,"victory":false,"max_hp_per_floor":[66,66,66,66,66,66,66,66,66,66,66,66,71,71,71,71,71,71,71,71,71,71],"relic_stats":{"Sozu":1,"Happy Flower":[11],"counters":[11,75],"Golden Idol":25,"Pantograph":25,"Eternal Feather":0,"Orichalcum":[12],"obtain_stats":[{"Sozu":17,"Happy Flower":12,"Golden Idol":14,"Pantograph":4,"Eternal Feather":20,"Orichalcum":8,"Frozen Egg 2":9,"Ring of the Snake":0},{"Sozu":8,"Happy Flower":7,"Golden Idol":7,"Pantograph":2,"Eternal Feather":10,"Orichalcum":5,"Frozen Egg 2":5,"Ring of the Snake":0},{"Sozu":55,"Happy Flower":42,"Golden Idol":42,"Pantograph":11,"Eternal Feather":66,"Orichalcum":28,"Frozen Egg 2":28,"Ring of the Snake":0}],"Ring of the Snake":[22]},"card_choices":[{"not_picked":["Leg Sweep","Acrobatics"],"picked":"Cloak And Dagger","floor":1.0},{"not_picked":["Backflip","Outmaneuver"],"picked":"Noxious Fumes","floor":2.0},{"not_picked":["Blade Dance","Bane"],"picked":"Predator","floor":5.0},{"not_picked":["Prepared","Flying Knee"],"picked":"Cloak And Dagger","floor":7.0},{"not_picked":["Deflect","Flying Knee"],"picked":"Bane","floor":8.0},{"not_picked":["Bane","Skewer"],"picked":"After Image+1","floor":11.0},{"not_picked":["Eviscerate","Dagger Throw"],"picked":"Acrobatics","floor":12.0},{"not_picked":["Night Terror","Corpse Explosion"],"picked":"Envenom+1","floor":16.0},{"not_picked":["Dodge and Roll+1","Prepared"],"picked":"Well Laid Plans+1","floor":18.0},{"not_picked":["Choke","Sucker Punch","Underhanded Strike"],"picked":"SKIP","floor":19}],"player_experience":2107124,"relics_obtained":[{"floor":4.0,"key":"Pantograph"},{"floor":8.0,"key":"Orichalcum"},{"floor":9.0,"key":"Frozen Egg 2"},{"floor":12.0,"key":"Happy Flower"}],"event_choices":[{"damage_healed":0.0,"max_hp_gain":0.0,"max_hp_loss":0.0,"gold_gain":0.0,"event_name":"Living Wall","player_choice":"Grow","floor":3.0,"gold_loss":0.0,"damage_taken":0.0,"cards_upgraded":["Wraith Form v2"]},{"damage_healed":0.0,"max_hp_gain":5.0,"max_hp_loss":0.0,"gold_gain":0.0,"event_name":"Big Fish","player_choice":"Donut","floor":13.0,"gold_loss":0.0,"damage_taken":0.0},{"damage_healed":0.0,"max_hp_gain":0.0,"max_hp_loss":0.0,"gold_gain":0.0,"event_name":"Golden Idol","player_choice":"Take Wound","floor":14.0,"gold_loss":0.0,"damage_taken":0.0,"relics_obtained":["Golden Idol"],"cards_obtained":["Injury"]}],"is_beta":false,"boss_relics":[{"not_picked":["Busted Crown","Coffee Dripper"],"picked":"Sozu"}],"items_purged_floors":[20],"is_endless":false,"potions_floor_spawned":[1,5,8,16,19],"killed_by":"Sentry and Sphere","ascension_level":20}}