{"host":"nug5xkek4sujf8as","time":1612285021,"event":{"mods":["Act Like it!","Aspiration","BaseMod","Booster Modes","CapriCore","Colored Powertips","Conspire","Energized Spire","Gensokyo","Minty Spire (QoL Compilation)","Permanent Neow","Quick Restart","Replay The Spire","Shop Mod","Spicy Shops","StSLib","【功能Mod】混沌之环修复补丁","【遗物卡牌】REMEMod","篝火指南"],"gold_per_floor":[118,118,141,159,8,42,42,75,75,75,75],"floor_reached":10,"language":"ZHS","playtime":327,"items_purged":[],"score":125,"play_id":"55cbd81d-295f-406f-9e30-77bdd13fea09","local_time":"20210203005701","is_ascension_mode":true,"campfire_choices":[],"circlet_count":0,"master_deck":["AscendersBane","Strike_B","Strike_B","Strike_B","Defend_B","Defend_B","Defend_B","Defend_B","Zap","Dualcast","Gensokyo:HouraiInAPot","Reprogram","Reinforced Body","Steam","Coolheaded"],"relics":["Cracked Core","REME_ComplimentaryCards","aspiration:Nostalgia","Burning Blood","Golden Idol","Medical Kit","MealTicket","Regal Pillow","Lantern"],"acts_visited":["Exordium"],"potions_floor_usage":[6],"damage_taken":[{"damage":1.0,"enemies":"2 Louse","floor":1.0,"turns":3.0},{"damage":1.0,"enemies":"Cultist","floor":3.0,"turns":4.0},{"damage":0.0,"enemies":"Small Slimes","floor":4.0,"turns":3.0},{"damage":34,"enemies":"Gremlin Nob","floor":6,"turns":5},{"damage":26,"enemies":"Lagavulin","floor":8,"turns":10},{"damage":10,"enemies":"Gremlin Nob","floor":10,"turns":4}],"seed_played":"-900056953218507615","potions_obtained":[{"floor":3.0,"key":"Swift Potion"}],"is_trial":false,"path_per_floor":["M","?","M","M","$","E","?","E","T","E"],"character_chosen":"DEFECT","items_purchased":["Medical Kit"],"campfire_rested":0,"item_purchase_floors":[5],"current_hp_per_floor":[73,55,60,66,66,38,31,11,11,1,1],"gold":75,"neow_bonus":"NOSTALGIA","is_daily":false,"chose_seed":false,"campfire_upgraded":0,"win_rate":0.0,"timestamp":1612285021,"path_taken":["M","?","M","M","?","E","?","E","T","E"],"items_purchased_type":["Relic"],"build_version":"2020-12-22","purchased_purges":0,"victory":false,"max_hp_per_floor":[75,75,75,75,75,75,75,75,75,75,75],"card_choices":[{"not_picked":["Fusion","Doom and Gloom"],"picked":"Reprogram","floor":1.0},{"not_picked":["Redo","Turbo"],"picked":"Reinforced Body","floor":3.0},{"not_picked":["BasicCrystalCard","aspiration:Polymerization"],"picked":"Steam","floor":4.0},{"not_picked":["Force Field","Lockon","FTL"],"picked":"SKIP","floor":6},{"not_picked":["Force Field","Lockon","FTL"],"picked":"SKIP","floor":6},{"not_picked":["Cold Snap","Rebound"],"picked":"Coolheaded","floor":8}],"player_experience":764520,"relics_obtained":[{"floor":6,"key":"MealTicket"},{"floor":8,"key":"Regal Pillow"},{"floor":9,"key":"Lantern"}],"event_choices":[{"damage_healed":0.0,"max_hp_gain":0.0,"max_hp_loss":0.0,"gold_gain":0.0,"event_name":"Golden Idol","player_choice":"Take Damage","floor":2.0,"gold_loss":0.0,"damage_taken":18.0,"relics_obtained":["Golden Idol"]},{"cards_removed":["Strike_B"],"damage_healed":0,"gold_gain":0,"player_choice":"Card Removal","damage_taken":7,"max_hp_gain":0,"max_hp_loss":0,"event_name":"Golden Wing","floor":7,"gold_loss":0}],"is_beta":false,"boss_relics":[],"items_purged_floors":[],"is_endless":false,"potions_floor_spawned":[3],"killed_by":"Gremlin Nob","ascension_level":13}}