{"host":"hszimsrtxxc2k25w","time":1612309983,"event":{"mods":["AchievementEnabler","BaseMod","Colored Map","DeckTracker","Minty Spire (QoL Compilation)","Rare Cards Sparkle","SuperFastMode"],"gold_per_floor":[19,19,19,31,51,51,71,101,101,101,151,169,169,187,187,258,258,274,199,199,215,265,265,291,291,373,387,417,417,417,417],"floor_reached":30,"language":"KOR","playtime":808,"items_purged":["Defend_G"],"score":686,"play_id":"afa1d622-12dc-4236-89ee-466e436170d9","local_time":"20210203085303","is_ascension_mode":true,"campfire_choices":[{"data":"Wraith Form v2","floor":6.0,"key":"SMITH"},{"data":"Adrenaline","floor":10.0,"key":"SMITH"},{"data":"Skewer","floor":13.0,"key":"SMITH"},{"data":"Outmaneuver","floor":15.0,"key":"SMITH"},{"data":"Concentrate","floor":23.0,"key":"SMITH"},{"data":"Venomology","floor":25,"key":"SMITH"}],"circlet_count":0,"master_deck":["AscendersBane","Strike_G","Strike_G","Strike_G","Defend_G","Defend_G","Defend_G","Survivor","Neutralize","Skewer+1","Wraith Form v2+1","Bouncing Flask","Outmaneuver+1","Adrenaline+1","Dagger Spray","Venomology+1","Acrobatics","Concentrate+1"],"relics":["Ring of the Snake","Blood Vial","InkBottle","Akabeko","SacredBark","Bird Faced Urn","Meat on the Bone","Pen Nib"],"acts_visited":["Exordium","TheCity"],"potions_floor_usage":[24,24,27,28,28,28,28],"damage_taken":[{"damage":2.0,"enemies":"2 Louse","floor":1.0,"turns":5.0},{"damage":3.0,"enemies":"Jaw Worm","floor":4.0,"turns":4.0},{"damage":1.0,"enemies":"Cultist","floor":5.0,"turns":3.0},{"damage":5.0,"enemies":"3 Louse","floor":7.0,"turns":5.0},{"damage":2.0,"enemies":"Lagavulin","floor":8.0,"turns":6.0},{"damage":5.0,"enemies":"Lots of Slimes","floor":12.0,"turns":5.0},{"damage":5.0,"enemies":"Exordium Wildlife","floor":14.0,"turns":2.0},{"damage":0.0,"enemies":"Slime Boss","floor":16.0,"turns":7.0},{"damage":6.0,"enemies":"2 Thieves","floor":18.0,"turns":4.0},{"damage":1.0,"enemies":"Shell Parasite","floor":21.0,"turns":3.0},{"damage":2,"enemies":"Gremlin Leader","floor":24,"turns":4},{"damage":23,"enemies":"Centurion and Healer","floor":27,"turns":5},{"damage":0,"enemies":"Book of Stabbing","floor":28,"turns":2},{"damage":1,"enemies":"Cultist and Chosen","floor":30,"turns":5}],"seed_played":"-7089906718459311701","potions_obtained":[{"floor":1.0,"key":"Weak Potion"},{"floor":5.0,"key":"AttackPotion"},{"floor":8.0,"key":"SpeedPotion"},{"floor":16.0,"key":"ColorlessPotion"}],"is_trial":false,"path_per_floor":["M","?","?","M","M","R","M","E","T","R","?","M","R","M","R","B",null,"M","$","?","M","?","R","E","R","T","M","E","?","M"],"character_chosen":"THE_SILENT","items_purchased":[],"campfire_rested":0,"item_purchase_floors":[],"current_hp_per_floor":[57,57,57,56,57,57,54,54,54,54,54,51,51,48,48,50,62,58,58,58,59,59,59,59,59,59,38,42,24,27,27],"gold":417,"neow_bonus":"TRANSFORM_TWO_CARDS","is_daily":false,"chose_seed":false,"campfire_upgraded":6,"win_rate":0.0,"timestamp":1612309983,"path_taken":["M","?","?","M","M","R","?","E","T","R","?","M","R","?","R","BOSS","M","$","?","M","?","R","E","R","T","M","E","?","M"],"items_purchased_type":[],"build_version":"2020-12-22","purchased_purges":1,"victory":false,"max_hp_per_floor":[66,66,66,66,66,66,66,66,66,66,66,66,66,66,66,66,66,66,66,66,66,66,66,66,66,66,66,66,71,71,71],"card_choices":[{"not_picked":["Riddle With Holes","Backstab"],"picked":"Bouncing Flask","floor":1.0},{"not_picked":["Cloak And Dagger","Outmaneuver","Dagger Throw"],"picked":"SKIP","floor":4.0},{"not_picked":["Blade Dance","Deflect"],"picked":"Outmaneuver","floor":5.0},{"not_picked":["Heel Hook","Caltrops"],"picked":"Adrenaline","floor":7.0},{"not_picked":["Dodge and Roll","PiercingWail","Bane"],"picked":"SKIP","floor":8.0},{"not_picked":["Outmaneuver","PiercingWail"],"picked":"Dagger Spray","floor":12.0},{"not_picked":["Poisoned Stab","Outmaneuver","Predator"],"picked":"SKIP","floor":14.0},{"not_picked":["Grand Finale","Unload"],"picked":"Venomology","floor":16.0},{"not_picked":["Dagger Spray","Sucker Punch","Dagger Throw"],"picked":"SKIP","floor":18.0},{"not_picked":["Caltrops","Predator"],"picked":"Concentrate","floor":21.0},{"not_picked":["Underhanded Strike","PiercingWail","Finisher"],"picked":"SKIP","floor":24},{"not_picked":["Prepared","Underhanded Strike","Outmaneuver"],"picked":"SKIP","floor":27},{"not_picked":["Dagger Spray","Predator","Backstab"],"picked":"SKIP","floor":28}],"player_experience":662463,"relics_obtained":[{"floor":8.0,"key":"InkBottle"},{"floor":9.0,"key":"Akabeko"},{"floor":24,"key":"Bird Faced Urn"},{"floor":26,"key":"Meat on the Bone"},{"floor":28,"key":"Pen Nib"}],"event_choices":[{"cards_removed":["Defend_G"],"damage_healed":0.0,"max_hp_gain":0.0,"max_hp_loss":0.0,"gold_gain":0.0,"event_name":"Living Wall","player_choice":"Forget","floor":2.0,"gold_loss":0.0,"damage_taken":0.0},{"damage_healed":0.0,"max_hp_gain":0.0,"max_hp_loss":0.0,"gold_gain":0.0,"event_name":"WeMeetAgain","player_choice":"Gave Potion","floor":3.0,"gold_loss":0.0,"damage_taken":0.0,"relics_obtained":["Blood Vial"]},{"damage_healed":0.0,"max_hp_gain":0.0,"max_hp_loss":0.0,"gold_gain":50.0,"event_name":"Golden Shrine","player_choice":"Pray","floor":11.0,"gold_loss":0.0,"damage_taken":0.0},{"damage_healed":0.0,"max_hp_gain":0.0,"max_hp_loss":0.0,"gold_gain":0.0,"event_name":"The Library","player_choice":"Read","floor":20.0,"gold_loss":0.0,"damage_taken":0.0,"cards_obtained":["Acrobatics"]},{"damage_healed":0.0,"max_hp_gain":0.0,"max_hp_loss":0.0,"gold_gain":50.0,"event_name":"Nest","player_choice":"Stole From Cult","floor":22.0,"gold_loss":0.0,"damage_taken":0.0},{"damage_healed":0,"gold_gain":0,"player_choice":"Shed Blood","damage_taken":23,"max_hp_gain":5,"max_hp_loss":0,"event_name":"Forgotten Altar","floor":29,"gold_loss":0}],"is_beta":false,"boss_relics":[{"not_picked":["Sozu","Pandora\u0027s Box"],"picked":"SacredBark"}],"items_purged_floors":[19],"is_endless":false,"potions_floor_spawned":[1,5,8,16,18],"killed_by":"Cultist and Chosen","ascension_level":20}}