{"host":"ueaeb6fe0hvwaqzf","time":1612291127,"event":{"mods":["2.2 Compatiblity","AchievementEnabler","Act Like it!","Aspiration","BaseMod","BetterRewards","Clawfect","Colored Map","Colored Powertips","Conspire","Defuse TimeMaze Blight","Downfall","Energized Spire","GifTheSpireLib","GungeonMod","Hallownest","Highlight Path","Hubris","Infinite Spire","Koishi","Marisa????????","Mimic Mod","Minty Spire (QoL Compilation)","Pale of the Ancients","Permanent Neow","Quick Restart","Random Character Button","Remilia??????","Replay The Spire","StSLib","Stuff the Spire","Td1madao Mod","The Bug Knight","The Disciple","The IronCluck","The Servant 0.9.4","slay the spire mod where everything is the same but ironclad has a cowboy hat"],"gold_per_floor":[118,118,118,293,293,293,293,293,328,328,351,394,319,334,96,132,132,255,255,271,271,385,400,413,413,449,464,543,215,253,36,59,123,123,351,401,443,42,70,403,439,439,493,543,566,618,618,687,687,687,687,687,744,811,811,85,85,102,102,172,172,172],"floor_reached":63,"language":"ENG","playtime":3768,"items_purged":["Doubt","Strike_P","Strike_P","Vigilance","Defend_P"],"score":2021,"play_id":"75459a11-8160-4a14-a5f5-911b316c5913","local_time":"20210202183847","is_ascension_mode":true,"campfire_choices":[{"data":"FearNoEvil","floor":6.0,"key":"SMITH"},{"data":"Replay:LoomingThreat","floor":10.0,"key":"SMITH"},{"data":"DeceiveReality","floor":17.0,"key":"SMITH"},{"data":"PathToVictory","floor":25.0,"key":"SMITH"},{"data":"Perseverance","floor":25.0,"key":"SMITH"},{"floor":34.0,"key":"REST"},{"data":"DevaForm","floor":42.0,"key":"SMITH"},{"data":"WindmillStrike","floor":42.0,"key":"SMITH"},{"data":"BattleHymn","floor":44.0,"key":"SMITH"},{"data":"Ragnarok","floor":44.0,"key":"SMITH"},{"floor":51,"key":"REST"},{"floor":59,"key":"REST"}],"circlet_count":0,"master_deck":["Defend_P+1","Defend_P+1","Defend_P+1","FearNoEvil+1","Replay:LoomingThreat+1","PathToVictory+1","DeceiveReality+1","DevaForm+1","FearNoEvil+1","Evaluate+1","Perseverance+1","SandsOfTime+1","ClearTheMind+1","BattleHymn+1","BattleHymn+1","WindmillStrike+1","Ragnarok+1","Replay:AtTheReady+1","Fasting2+1","Perseverance+1","Replay:AtTheReady+1","WaveOfTheHand+1"],"relics":["energizedSpire:DeadBattery","hubris:Icosahedron","infinitespire:Cubic Diamond","War Paint","StuffTheSpire:OldFever","Torii","Chameleon Ring","DemoMod:PinkGuonStone","conspire:SlowCooker","Replay:Arrowhead","energizedSpire:SpiderWeb","Oddly Smooth Stone","Centennial Puzzle","hubris:MobiusCoin","Gremlin Food","infinitespire:PuzzleCube","Vajra","infinitespire:EvilPickle","Replay:Drink Me","DemoMod:OrangeGuonStone","Lee\u0027s Waffle","aspiration:TomeofQuesting","Nunchaku","hubris:Towel","Boot","hubris:CuriousFeather","paleoftheancients:Timepiece","Ice Cream","DemoMod:GlassGuonStoneRelic","paleoftheancients:SoulOfTheGuardian","aspiration:HatOfInfinitePower","Mango","Replay:Bottled Flurry"],"acts_visited":["Exordium","TheCity","TheBeyond","TheBeyond"],"potions_floor_usage":[48,52,53,62,62,62],"damage_taken":[{"damage":0.0,"enemies":"Cultist","floor":1.0,"turns":3.0},{"damage":25.0,"enemies":"Replay:BlueRogue","floor":9.0,"turns":7.0},{"damage":0.0,"enemies":"3 Sentries","floor":12.0,"turns":8.0},{"damage":0.0,"enemies":"Jaw Worm","floor":14.0,"turns":2.0},{"damage":0.0,"enemies":"Gremlin Nob","floor":16.0,"turns":2.0},{"damage":0.0,"enemies":"Fading Forest","floor":18.0,"turns":11.0},{"damage":0.0,"enemies":"Spheric Guardian","floor":20.0,"turns":5.0},{"damage":0.0,"enemies":"Snecko","floor":23.0,"turns":6.0},{"damage":0.0,"enemies":"Shelled Parasite and Fungi","floor":24.0,"turns":7.0},{"damage":0.0,"enemies":"conspire:SneckoGhost","floor":26.0,"turns":6.0},{"damage":0.0,"enemies":"Centurion and Healer","floor":27.0,"turns":4.0},{"damage":18.0,"enemies":"HollowMod:Nosk","floor":30.0,"turns":6.0},{"damage":0.0,"enemies":"Cultist and Chosen","floor":32.0,"turns":4.0},{"damage":0.0,"enemies":"Shelled Parasite and Fungi","floor":33.0,"turns":5.0},{"damage":7.0,"enemies":"Pondfish","floor":35.0,"turns":9.0},{"damage":0.0,"enemies":"3 Shapes","floor":37.0,"turns":5.0},{"damage":1.0,"enemies":"3 Darklings","floor":39.0,"turns":4.0},{"damage":0.0,"enemies":"Jaw Worm Horde","floor":41.0,"turns":6.0},{"damage":21.0,"enemies":"R_Hoarder","floor":43.0,"turns":9.0},{"damage":0.0,"enemies":"Transient","floor":46.0,"turns":5.0},{"damage":2,"enemies":"Reptomancer","floor":48,"turns":7},{"damage":0,"enemies":"infinitespire:MassOfShapes","floor":52,"turns":9},{"damage":17,"enemies":"infinitespire:MassOfShapes","floor":53,"turns":9},{"damage":16,"enemies":"infinitespire:MassOfShapes","floor":54,"turns":6},{"damage":0,"enemies":"infinitespire:MassOfShapes","floor":58,"turns":6},{"damage":0,"enemies":"paleoftheancients:N","floor":62,"turns":12}],"seed_played":"-7991805239872221278","potions_obtained":[{"floor":1.0,"key":"Dexterity Potion"},{"floor":9.0,"key":"Doom Potion"},{"floor":16.0,"key":"Adrenaline Potion"},{"floor":23.0,"key":"champ:CounterPotion"},{"floor":30.0,"key":"SpeedPotion"},{"floor":39.0,"key":"DistilledChaos"},{"floor":41.0,"key":"Dexterity Potion"},{"floor":53,"key":"FearPotion"},{"floor":57,"key":"Ambrosia"},{"floor":57,"key":"DistilledChaos"}],"is_trial":false,"path_per_floor":["M","?","?","?","?","R","PTL","PTL","E","R","T","E","$","M","$","E","R","B",null,"M","AVR","?","M","M","R","E","M","T","$","E","$","M","M","R","B",null,"M","$","M","?","M","R","E","R","T","M","?","E","AVR","?","R","B","M","M","?","$","R","M","R","T","?","B",null],"character_chosen":"WATCHER","items_purchased":["Chameleon Ring","BattleHymn","Gremlin Food","Vajra","WindmillStrike","DemoMod:OrangeGuonStone","Lee\u0027s Waffle","aspiration:HatOfInfinitePower","Mango"],"campfire_rested":3,"item_purchase_floors":[15,29,29,31,31,38,38,56,56],"current_hp_per_floor":[72,72,67,67,67,67,67,67,42,42,42,42,42,42,42,49,49,59,74,74,74,45,45,45,45,45,45,45,45,27,27,27,27,49,42,56,56,63,62,62,62,62,41,41,41,41,41,39,39,39,57,66,58,54,54,68,68,74,80,80,80,80],"gold":172,"neow_bonus":"BOSS_RELIC","is_daily":false,"chose_seed":false,"campfire_upgraded":9,"win_rate":0.0,"timestamp":1612291127,"path_taken":["M","?","?","?","?","R","PTL","PTL","E","R","T","E","$","M","$","E","R","BOSS","M","AVR","?","?","M","R","E","M","T","?","E","$","M","M","R","BOSS","M","$","M","?","M","R","E","R","T","M","?","E","AVR","?","R","BOSS","M","M","?","$","R","M","R","T","?","BOSS"],"items_purchased_type":["Relic","Card","Relic","Relic","Card","Relic","Relic","Relic","Relic"],"build_version":"2020-12-22","purchased_purges":5,"victory":true,"max_hp_per_floor":[72,72,67,67,67,67,67,67,67,67,67,67,67,67,67,74,74,74,74,74,74,74,74,74,74,74,74,74,74,74,74,74,74,74,74,56,56,63,63,63,63,63,63,63,63,63,63,63,63,63,63,66,66,66,66,80,80,80,80,80,80,80],"card_choices":[{"not_picked":["FlyingSleeves","Perseverance"],"picked":"FearNoEvil","floor":1.0},{"not_picked":["WaveOfTheHand","DeceiveReality"],"picked":"Replay:LoomingThreat","floor":9.0},{"not_picked":["Brilliance","EmptyMind"],"picked":"PathToVictory","floor":12.0},{"not_picked":["FlurryOfBlows","Replay:DivineShield","JustLucky"],"picked":"SKIP","floor":14.0},{"not_picked":["ThirdEye","WreathOfFlame"],"picked":"DeceiveReality","floor":16.0},{"not_picked":["LessonLearned","Blasphemy"],"picked":"DevaForm","floor":18.0},{"not_picked":["Consecrate","Halt+1","Prostrate"],"picked":"SKIP","floor":20.0},{"not_picked":["Tantrum","FlyingSleeves+1"],"picked":"FearNoEvil+1","floor":22.0},{"not_picked":["SashWhip+1","Worship"],"picked":"Evaluate+1","floor":22.0},{"not_picked":["Crescendo+1","EmptyBody"],"picked":"Perseverance","floor":23.0},{"not_picked":["Establishment","FollowUp+1"],"picked":"SandsOfTime+1","floor":24.0},{"not_picked":["InnerPeace","Scrawl"],"picked":"ClearTheMind","floor":26.0},{"not_picked":["FlyingSleeves","CrushJoints","SashWhip"],"picked":"SKIP","floor":27.0},{"not_picked":["Replay:Battleflow","FlurryOfBlows"],"picked":"BattleHymn+1","floor":30.0},{"not_picked":["FlyingSleeves","Devotion","Replay:Anticipation"],"picked":"SKIP","floor":32.0},{"not_picked":["Replay:ManipulateFuture+1","JustLucky","Tantrum"],"picked":"SKIP","floor":33.0},{"not_picked":["DevaForm","MasterReality"],"picked":"Ragnarok","floor":35.0},{"not_picked":["Halt+1","ClearTheMind"],"picked":"Replay:AtTheReady+1","floor":37.0},{"not_picked":["FlurryOfBlows+1","JustLucky+1"],"picked":"Fasting2+1","floor":39.0},{"not_picked":["FlyingSleeves+1","ClearTheMind"],"picked":"Perseverance+1","floor":41.0},{"not_picked":["SignatureMove","EmptyBody"],"picked":"Protect+1","floor":43.0},{"not_picked":["Nirvana","CutThroughFate+1","Consecrate"],"picked":"SKIP","floor":46.0},{"not_picked":["ThirdEye+1","EmptyFist+1","BowlingBash"],"picked":"SKIP","floor":48},{"not_picked":["PathToVictory","Consecrate","FearNoEvil+1"],"picked":"SKIP","floor":53},{"not_picked":["Devotion","Replay:Battleflow"],"picked":"Replay:AtTheReady","floor":54},{"not_picked":["Swivel","Weave"],"picked":"WaveOfTheHand","floor":58}],"player_experience":250255,"relics_obtained":[{"floor":9.0,"key":"War Paint"},{"floor":11.0,"key":"StuffTheSpire:OldFever"},{"floor":12.0,"key":"Torii"},{"floor":16.0,"key":"DemoMod:PinkGuonStone"},{"floor":22.0,"key":"Oddly Smooth Stone"},{"floor":26.0,"key":"Centennial Puzzle"},{"floor":28.0,"key":"hubris:MobiusCoin"},{"floor":30.0,"key":"infinitespire:PuzzleCube"},{"floor":43.0,"key":"aspiration:TomeofQuesting"},{"floor":45.0,"key":"Nunchaku"},{"floor":48,"key":"Boot"},{"floor":53,"key":"paleoftheancients:SoulOfTheGuardian"},{"floor":54,"key":"paleoftheancients:SoulOfTheSilent"},{"floor":60,"key":"Replay:Bottled Flurry"}],"event_choices":[{"damage_healed":0.0,"max_hp_gain":0.0,"max_hp_loss":5.0,"gold_gain":0.0,"event_name":"Golden Idol","player_choice":"Lose Max HP","floor":3.0,"gold_loss":0.0,"damage_taken":0.0,"relics_obtained":["Golden Idol"]},{"damage_healed":0.0,"max_hp_gain":0.0,"max_hp_loss":0.0,"gold_gain":175.0,"event_name":"Liars Game","player_choice":"AGREE","floor":4.0,"gold_loss":0.0,"damage_taken":0.0,"cards_obtained":["Doubt"]},{"damage_healed":0.0,"max_hp_gain":0.0,"max_hp_loss":0.0,"gold_gain":333.0,"event_name":"The Moai Head","player_choice":"Gave Idol","floor":40.0,"relics_lost":["Golden Idol"],"gold_loss":0.0,"damage_taken":0.0},{"cards_removed":["Protect"],"damage_healed":0,"gold_gain":0,"player_choice":"Removed Skill","damage_taken":0,"max_hp_gain":0,"max_hp_loss":0,"event_name":"Falling","floor":50,"gold_loss":0}],"is_beta":false,"boss_relics":[{"not_picked":["Fusion Hammer","energizedSpire:StickyHand"],"picked":"conspire:SlowCooker"},{"not_picked":["Busted Crown","Runic Dome"],"picked":"Replay:Drink Me"}],"items_purged_floors":[13,21,29,49,56],"is_endless":false,"potions_floor_spawned":[1,9,16,23,24,26,30,39,41,53],"ascension_level":1}}