{"host":"zuf44wbx6j0c4h1p","time":1612244635,"event":{"mods":["2.2 Compatiblity","AchievementEnabler","Act Like it!","Arknights","Aspiration","BaseMod","Beaked The Cultist","Bestiary","Better Altar","Better Match","Better Note","Better Sensory Stone","Better Skull","Better Third Choice","Better Vampires","BetterRewards","Card Filter","CatGirl Mod","Conspire","Displayed Cursed Tome","Downfall","Evolution","Fox Events","Friendly Minions","GungeonMod","Halation","Hermit","Infinite Spire","Jedi Mod","Jorbs\u0027s Wanderer Trilogy","Marked Mod","Minty Spire (QoL Compilation)","Pale of the Ancients","Permanent Neow","Quick Restart","Replay The Spire","SCP261 Mod","Shop Mod","Spicy Shops","Spire Arcade","StSLib","The Alterego","The Animator","The Blue Laboratory","The Dragon Tamer","TheBandit","Uncapped","thorton"],"gold_per_floor":[118,118,118,131,150,185,185,5,5,38,52,68,13,31,31,134,134,153,153,167,184,32,49,64,91,91,91,91,123,123,136,136,244,244,277,8,29,29,0,0,0],"floor_reached":40,"language":"ENG","playtime":3112,"items_purged":["ats:Strike V"],"score":663,"play_id":"43488a33-d7ff-428d-9952-62b15e67f908","local_time":"20210201234355","is_ascension_mode":false,"campfire_choices":[{"floor":7,"key":"RECALL"},{"data":"Replay:Sssssssssshield","floor":15,"key":"SMITH"},{"floor":28,"key":"DIG"},{"data":"ats:Burning Ground","floor":30,"key":"SMITH"},{"data":"ats:Beaten Up","floor":32,"key":"SMITH"}],"circlet_count":0,"master_deck":["ats:Strike C","ats:Strike G","ats:Strike S","ats:Armor Crushing Shot","ats:Defend","ats:Defend","ats:Defend","ats:Defend","ats:Emotion Absorption","ats:Serious Mode+1","Voices","ats:Overload","ats:Soul Absorption","ats:Shell Defense","ats:Overload","Replay:Sssssssssshield+1","ats:Revitalization","ats:Burning Ground+1","ats:Part Time Job","ats:Ignite","Bullet Time","ats:Part Time Job","infinitespire:UltimateForm","ats:Consecutive Shot Auto","ats:Poison Spread+1","ats:Volcano","ats:Absolute Focus","ats:Closed Bolt Burst Fire","ats:Beaten Up+1","ats:Flexible Camouflage+1","ats:Ambush","ats:Consecutive Shot Auto","ats:Part Time Job","ats:Burning Ground+1","ats:Shell Defense+1","ats:Apocalypse+1","ats:Assault Order","ats:Demon Strength+1","ats:Neurotoxin","ats:Demon Strength+1","infinitespire:SealOfDarkness+"],"relics":["ats:Sanity","EVO:Axolotl","aspiration:Nostalgia","m_SnakeBloodCore","Ring of Fury","Ring of Misfortune","ats:Originium","The Courier","Membership Card","infinitespire:Bottled Soul","Gambling Chip","ats:Emergency Defibrillator","conspire:SlowCooker","thethorton:CrushedCigarette","Shovel","Toolbox","Blood Vial","ats:Hidden Killer","Regal Pillow","DemoMod:MemoryAlloy","infinitespire:EvilPickle","infinitespire:Cupcake","ats:Arts","DollysMirror","Boot","bronze:MakeshiftBattery","Orrery","Red Mask"],"acts_visited":["Exordium","TheCity","TheBeyond"],"potions_floor_usage":[20,21,25,29,33,40],"damage_taken":[{"damage":5,"enemies":"Small Slimes","floor":1,"turns":3},{"damage":1,"enemies":"2 Louse","floor":4,"turns":2},{"damage":0,"enemies":"conspire:RoseBush","floor":5,"turns":3},{"damage":18,"enemies":"Lagavulin","floor":6,"turns":6},{"damage":3,"enemies":"Replay:BlueRogue","floor":10,"turns":3},{"damage":0,"enemies":"Exordium Thugs","floor":11,"turns":3},{"damage":0,"enemies":"Gremlin Gang","floor":12,"turns":5},{"damage":7,"enemies":"Looter","floor":14,"turns":2},{"damage":32,"enemies":"Slime Boss","floor":16,"turns":8},{"damage":16,"enemies":"Shell Parasite","floor":18,"turns":3},{"damage":0,"enemies":"Chosen","floor":20,"turns":7},{"damage":44,"enemies":"Snake Plant","floor":21,"turns":6},{"damage":44,"enemies":"Shelled Parasite and Fungi","floor":23,"turns":7},{"damage":10,"enemies":"Sentry and Sphere","floor":24,"turns":5},{"damage":18,"enemies":"Nightmare","floor":25,"turns":7},{"damage":22,"enemies":"Gremlin Leader","floor":29,"turns":5},{"damage":28,"enemies":"Snake Plant","floor":31,"turns":3},{"damage":47,"enemies":"Pondfish","floor":33,"turns":9},{"damage":61,"enemies":"3 Darklings","floor":35,"turns":5},{"damage":15,"enemies":"Orb Walker","floor":37,"turns":2},{"damage":46,"enemies":"Nemesis","floor":40,"turns":3}],"seed_played":"8466031964563293338","potions_obtained":[{"floor":10,"key":"blueLaboratory:PhilterOfMotion"},{"floor":14,"key":"SCP261:BarrettColaPotion"},{"floor":16,"key":"SteroidPotion"},{"floor":18,"key":"SCP261:BarrettColaPotion"},{"floor":21,"key":"Fire Potion"},{"floor":23,"key":"SCP261:BarrettColaPotion"},{"floor":27,"key":"blueLaboratory:BottleOfVodka"},{"floor":27,"key":"hexamod:SoulburnPotion"}],"is_trial":false,"path_per_floor":["M","?","?","M","M","E","R","$","T","E","M","M","?","M","R","B",null,"M","AVR","M","M","$","M","M","NM","T","?","R","E","R","M","R","B",null,"M","$","M","AVR","?","E"],"character_chosen":"DOCTOR_CLASS","items_purchased":["Membership Card","ats:Overload","Replay:Sssssssssshield","Toolbox","ats:Volcano","Blood Vial","ats:Part Time Job","ats:Arts","DollysMirror","Boot"],"campfire_rested":0,"item_purchase_floors":[8,8,8,22,22,22,36,36,36,36],"current_hp_per_floor":[70,70,70,72,72,57,57,57,57,57,60,65,65,61,61,52,72,59,59,72,34,34,53,56,70,70,70,70,62,62,41,41,40,72,32,32,22,22,22,0,0],"gold":0,"neow_bonus":"NOSTALGIA","is_daily":false,"chose_seed":false,"campfire_upgraded":3,"win_rate":0.0,"timestamp":1612244635,"path_taken":["M","?","?","M","M","E","R","$","T","E","M","M","?","?","R","BOSS","M","AVR","M","?","$","M","M","NM","T","?","R","E","R","M","R","BOSS","M","$","M","AVR","?","E"],"items_purchased_type":["Relic","Card","Card","Relic","Card","Relic","Card","Relic","Relic","Relic"],"build_version":"2020-12-22","purchased_purges":1,"victory":false,"max_hp_per_floor":[72,72,72,72,72,72,72,72,72,72,72,72,72,72,72,72,72,72,72,72,72,72,72,72,72,72,72,72,72,72,72,72,72,72,72,72,72,72,72,72,72],"card_choices":[{"not_picked":["ats:Guard Mode","ReplayTheSpireMod:LeadingStrike"],"picked":"ats:Powerful Strike","floor":1},{"not_picked":["Havoc","ats:Explosion Area Strengthen"],"picked":"ats:Overload","floor":4},{"not_picked":["ats:Automatic Cover","ats:Serious Mode"],"picked":"ats:Soul Absorption","floor":5},{"not_picked":["ats:Very Hot Blade","Amplify"],"picked":"ats:Shell Defense","floor":6},{"not_picked":["ats:Very Hot Blade","ats:Cat Scratch"],"picked":"ats:Revitalization","floor":10},{"not_picked":["ats:Flexible Camouflage","ReplayTheSpireMod:GoodbyeWorld"],"picked":"ats:Burning Ground","floor":11},{"not_picked":["ats:Revitalization","Night Terror"],"picked":"ats:Part Time Job","floor":12},{"not_picked":["ats:Counter Healing Mode","ats:Thermite Blade"],"picked":"ats:Ignite","floor":14},{"not_picked":["ats:Durian","ats:Ambush"],"picked":"Bullet Time","floor":16},{"not_picked":["ats:Powerful Strike","ats:Curse Doll"],"picked":"ats:Part Time Job","floor":18},{"not_picked":["ats:Poison Spread","ats:Powerful Strike"],"picked":"ats:Consecutive Shot Auto","floor":20},{"not_picked":["ats:Guard Mode","ats:Powerful Strike"],"picked":"ats:Poison Spread+1","floor":21},{"not_picked":["ats:Spore Proliferation","ats:Thermite Blade"],"picked":"ats:Absolute Focus","floor":23},{"not_picked":["ats:Blood Oath+1","ats:Counter Healing Mode"],"picked":"ats:Closed Bolt Burst Fire","floor":24},{"not_picked":["ats:Sashimi Platter","ats:Part Time Job"],"picked":"ats:Beaten Up","floor":25},{"not_picked":["ats:Healing Strengthening+1","ats:Rat Pack"],"picked":"ats:Flexible Camouflage+1","floor":29},{"not_picked":["ats:Curse Doll+1","ats:Steam Pump","ats:Consecutive Shot Auto"],"picked":"SKIP","floor":31},{"not_picked":["ats:True Silver Slash","ats:Fractured Body"],"picked":"ats:Ambush","floor":33},{"not_picked":["ats:Powerful Strike","ats:Shell Defense+1"],"picked":"ats:Consecutive Shot Auto","floor":35},{"not_picked":["ats:Phantom","ats:Magnetic Hammer"],"picked":"ats:Shell Defense+1","floor":37},{"not_picked":["ats:Guard Mode+1","ats:Closed Bolt Burst Fire+1"],"picked":"ats:Apocalypse+1","floor":38},{"not_picked":["ats:Red Shift","ats:Apocalypse"],"picked":"ats:Assault Order","floor":38},{"not_picked":["ats:Guard Mode+1","ats:Curse Doll+1"],"picked":"ats:Demon Strength+1","floor":38},{"not_picked":["ats:Shell Defense+1","ats:Cat Scratch+1"],"picked":"ats:Neurotoxin","floor":38},{"not_picked":["ats:Echo Reverb","ats:Revitalization+1"],"picked":"ats:Demon Strength+1","floor":38}],"player_experience":251455,"relics_obtained":[{"floor":3,"key":"Ring of Fury"},{"floor":3,"key":"Ring of Misfortune"},{"floor":6,"key":"ats:Originium"},{"floor":6,"key":"The Courier"},{"floor":9,"key":"infinitespire:Bottled Soul"},{"floor":10,"key":"ats:Originium"},{"floor":10,"key":"Gambling Chip"},{"floor":25,"key":"ats:Originium"},{"floor":25,"key":"ats:Hidden Killer"},{"floor":28,"key":"Regal Pillow"},{"floor":29,"key":"ats:Originium"},{"floor":29,"key":"DemoMod:MemoryAlloy"}],"event_choices":[{"damage_healed":0,"gold_gain":0,"player_choice":"Paid Gold","damage_taken":0,"relics_obtained":["ats:Emergency Defibrillator"],"max_hp_gain":0,"max_hp_loss":0,"event_name":"WeMeetAgain","floor":13,"gold_loss":55},{"damage_healed":0,"gold_gain":0,"player_choice":"Got Potions","damage_taken":0,"max_hp_gain":0,"max_hp_loss":0,"event_name":"Lab","floor":27,"gold_loss":0},{"damage_healed":0,"gold_gain":0,"player_choice":"Paid","damage_taken":0,"relics_obtained":["Red Mask"],"max_hp_gain":0,"max_hp_loss":0,"event_name":"Tomb of Lord Red Mask","floor":39,"gold_loss":29}],"is_beta":false,"boss_relics":[{"not_picked":["ReplayTheSpireMod:DimensionalGlitch","jedi:battlestandard"],"picked":"conspire:SlowCooker"},{"not_picked":["Replay:Bronze Core","halation:SmartPhone"],"picked":"infinitespire:Cupcake"}],"items_purged_floors":[19],"is_endless":false,"potions_floor_spawned":[10,14,16,18,21,23],"killed_by":"Nemesis","ascension_level":0}}