{"host":"czyddnh1ekzxzhp2","time":1612240643,"event":{"mods":["BaseMod","Better Third Choice","BetterRewards","Hermit","Minty Spire (QoL Compilation)","StSLib"],"gold_per_floor":[110,36,51,13,31,60,60,395,395,395,407,407,197,197,197,295,295,313,340,340,374,116,116,145,145,200,200,200],"floor_reached":27,"language":"ENG","playtime":2230,"items_purged":["hermit:Strike_Hermit","hermit:Defend_Hermit","hermit:Defend_Hermit"],"score":373,"play_id":"fab60653-3449-4e75-b1ad-b5ee7ebec1e4","local_time":"20210201233723","is_ascension_mode":true,"campfire_choices":[{"data":"Apotheosis","floor":7.0,"key":"SMITH"},{"data":"hermit:Covet","floor":10.0,"key":"SMITH"},{"floor":12.0,"key":"REST"},{"data":"Chrysalis","floor":15.0,"key":"SMITH"},{"floor":23.0,"key":"REST"},{"floor":25,"key":"REST"}],"circlet_count":0,"master_deck":["hermit:Strike_Hermit","hermit:Strike_Hermit","hermit:Defend_Hermit","hermit:Defend_Hermit","hermit:Snapshot","hermit:Covet+1","Apotheosis+1","hermit:Deadeye","hermit:Feint","hermit:FlashPowder","Chrysalis+1","hermit:DeadOrAlive","hermit:Showdown","hermit:EyeOfTheStorm","hermit:FullyLoaded+1","hermit:Maintenance"],"relics":["hermit:ClaspedLocket","Membership Card","Vajra","Regal Pillow","Old Coin","White Beast Statue","Juzu Bracelet","PreservedInsect","Bottled Lightning","Anchor"],"acts_visited":["Exordium","TheCity"],"potions_floor_usage":[27],"damage_taken":[{"damage":0.0,"enemies":"Cultist","floor":1.0,"turns":3.0},{"damage":0.0,"enemies":"2 Louse","floor":3.0,"turns":2.0},{"damage":4.0,"enemies":"Jaw Worm","floor":5.0,"turns":3.0},{"damage":4.0,"enemies":"Lagavulin","floor":6.0,"turns":6.0},{"damage":10.0,"enemies":"3 Sentries","floor":8.0,"turns":7.0},{"damage":1.0,"enemies":"Red Slaver","floor":11.0,"turns":4.0},{"damage":13.0,"enemies":"Hexaghost","floor":16.0,"turns":11.0},{"damage":25.0,"enemies":"Spheric Guardian","floor":18.0,"turns":8.0},{"damage":20.0,"enemies":"Shell Parasite","floor":19.0,"turns":5.0},{"damage":29.0,"enemies":"Centurion and Healer","floor":21.0,"turns":8.0},{"damage":39,"enemies":"Gremlin Leader","floor":24,"turns":8},{"damage":49,"enemies":"Sentry and Sphere","floor":27,"turns":7}],"seed_played":"1929647601647404822","potions_obtained":[{"floor":5.0,"key":"AttackPotion"},{"floor":6.0,"key":"hermit:BlackBile"},{"floor":11.0,"key":"Fruit Juice"},{"floor":16.0,"key":"EssenceOfSteel"},{"floor":18.0,"key":"DistilledChaos"},{"floor":19.0,"key":"SteroidPotion"},{"floor":21.0,"key":"FearPotion"},{"floor":24,"key":"AttackPotion"}],"is_trial":false,"path_per_floor":["M","$","M","$","M","E","R","E","T","R","M","R","$","?","R","B",null,"M","M","?","M","$","R","E","R","T","M"],"character_chosen":"HERMIT","items_purchased":["Membership Card","Apotheosis","Vajra","LiquidBronze","DistilledChaos","Chrysalis","Juzu Bracelet","PreservedInsect","hermit:Maintenance"],"campfire_rested":3,"item_purchase_floors":[0,0,2,13,13,13,22,22,22],"current_hp_per_floor":[68,68,68,68,64,60,60,50,50,50,49,80,80,73,73,60,80,55,35,35,6,6,45,6,45,45,0,0],"gold":200,"neow_bonus":"","is_daily":false,"chose_seed":false,"campfire_upgraded":3,"win_rate":0.0,"timestamp":1612240643,"path_taken":["M","?","M","$","M","E","R","E","T","R","M","R","$","?","R","BOSS","M","M","?","M","$","R","E","R","T","M"],"items_purchased_type":["Relic","Card","Relic","Potion","Potion","Card","Relic","Relic","Card"],"build_version":"2020-12-22","purchased_purges":3,"victory":false,"max_hp_per_floor":[75,75,75,75,75,75,75,75,75,75,75,80,80,80,80,80,80,80,80,80,80,80,80,80,80,80,80,80],"card_choices":[{"not_picked":["hermit:SprayPray","hermit:ItchyTrigger","hermit:CalledShot"],"picked":"SKIP","floor":1.0},{"not_picked":["hermit:Midnight","hermit:Vantage"],"picked":"hermit:Deadeye","floor":3.0},{"not_picked":["hermit:Quickdraw","hermit:FullyLoaded"],"picked":"hermit:Feint","floor":5.0},{"not_picked":["hermit:EternalForm","hermit:Coalescence","hermit:Feint"],"picked":"SKIP","floor":6.0},{"not_picked":["hermit:FatalDesire","hermit:TrackingShot"],"picked":"hermit:FlashPowder","floor":8.0},{"not_picked":["hermit:Dive","hermit:SprayPray","hermit:BodyArmor"],"picked":"SKIP","floor":11.0},{"not_picked":["hermit:HighNoon","hermit:HeroicBravado"],"picked":"hermit:DeadOrAlive","floor":16.0},{"not_picked":["hermit:Quickdraw","hermit:ShadowCloak+1"],"picked":"hermit:Showdown","floor":18.0},{"not_picked":["hermit:Horror","hermit:Combo+1"],"picked":"hermit:EyeOfTheStorm","floor":19.0},{"not_picked":["hermit:LowProfile+1","hermit:BodyArmor"],"picked":"hermit:FullyLoaded+1","floor":21.0},{"not_picked":["hermit:Scavenge","hermit:WideOpen+1","hermit:Quickdraw+1"],"picked":"SKIP","floor":24}],"player_experience":892845,"relics_obtained":[{"floor":6.0,"key":"Regal Pillow"},{"floor":8.0,"key":"Old Coin"},{"floor":9.0,"key":"White Beast Statue"},{"floor":24,"key":"Bottled Lightning"},{"floor":26,"key":"Anchor"}],"event_choices":[{"cards_removed":["hermit:Strike_Hermit"],"damage_healed":0.0,"max_hp_gain":0.0,"max_hp_loss":0.0,"gold_gain":0.0,"event_name":"Golden Wing","player_choice":"Card Removal","floor":14.0,"gold_loss":0.0,"damage_taken":7.0},{"damage_healed":0.0,"max_hp_gain":0.0,"max_hp_loss":0.0,"gold_gain":0.0,"event_name":"The Woman in Blue","player_choice":"Bought 0 Potions","floor":20.0,"gold_loss":0.0,"damage_taken":0.0}],"is_beta":false,"boss_relics":[{"not_picked":["Philosopher\u0027s Stone","Sozu"],"picked":"hermit:ClaspedLocket"}],"items_purged_floors":[4,13,22],"is_endless":false,"potions_floor_spawned":[5,6,11,16,18,19,21,24],"killed_by":"Sentry and Sphere","ascension_level":2}}