{"host":"8n3a40idg6eftpiu","time":1612254575,"event":{"mods":["AchievementEnabler","Act Like it!","BaseMod","BetterRewards","Block Reminder","Colored Map","Colored Powertips","Conspire","DeckTracker","Energized Spire","GungeonMod","Hallownest","Highlight Path","Hubris","Minty Spire (QoL Compilation)","Quick Restart","Relic Filter Mod","Reliquary","StS++","StSLib","The Blue Laboratory","The Bug Knight","The Necromancer","Wandering Minibosses"],"gold_per_floor":[115,127,147,159,19,52,52,52,52,65,81,95,120,120,120,225,225,243,342,355,355,365,400,420,420,446,460,460,57,57,57,57],"floor_reached":31,"language":"POL","playtime":2939,"items_purged":["Strike_G","Strike_G"],"score":269,"play_id":"dfb2a443-e7dc-4898-9e52-40a9abc4918f","local_time":"20210202092935","is_ascension_mode":false,"campfire_choices":[{"data":"Infinite Blades","floor":8.0,"key":"SMITH"},{"floor":15,"key":"REST"},{"data":"Terror","floor":25,"key":"SMITH"}],"circlet_count":0,"master_deck":["Strike_G","Strike_G","Defend_G","Defend_G","Defend_G","Defend_G","Defend_G","Survivor","Neutralize","Infinite Blades+1","Terror+1","Cloak And Dagger","Noxious Fumes","Envenom","Cloak And Dagger","Cloak And Dagger","Blade Dance","Blade Dance+1","Infinite Blades+1"],"relics":["Ring of the Snake","reliquary:TuningFork","hubris:FunFungus","PreservedInsect","reliquary:Sideboard","InkBottle","WristBlade","MutagenicStrength","DemoMod:PoisonVial","Strawberry","DemoMod:GlassGuonStoneRelic","Ninja Scroll","DollysMirror","hubris:Icosahedron"],"acts_visited":["Exordium","TheCity"],"potions_floor_usage":[16],"damage_taken":[{"damage":1.0,"enemies":"2 Louse","floor":1.0,"turns":3.0},{"damage":0.0,"enemies":"Small Slimes","floor":2.0,"turns":3.0},{"damage":3.0,"enemies":"Cultist","floor":3.0,"turns":4.0},{"damage":3.0,"enemies":"Red Slaver","floor":4.0,"turns":5.0},{"damage":14.0,"enemies":"Lagavulin","floor":6.0,"turns":7.0},{"damage":5.0,"enemies":"Blue Slaver","floor":10.0,"turns":4.0},{"damage":9.0,"enemies":"2 Fungi Beasts","floor":11.0,"turns":4.0},{"damage":16.0,"enemies":"Exordium Thugs","floor":12.0,"turns":6.0},{"damage":18.0,"enemies":"Gremlin Nob","floor":13.0,"turns":4.0},{"damage":9,"enemies":"The Guardian","floor":16,"turns":12},{"damage":11,"enemies":"Spheric Guardian","floor":18,"turns":5},{"damage":7,"enemies":"conspire:HollyBat","floor":20,"turns":6},{"damage":20,"enemies":"Centurion and Healer","floor":22,"turns":5},{"damage":20,"enemies":"Gremlin Leader","floor":23,"turns":5},{"damage":14,"enemies":"Chosen and Byrds","floor":24,"turns":5},{"damage":5,"enemies":"Shelled Parasite and Fungi","floor":27,"turns":3}],"seed_played":"-4069386070668533218","potions_obtained":[{"floor":2.0,"key":"FearPotion"},{"floor":4.0,"key":"StSpp:SecondWindPotion"},{"floor":12.0,"key":"FearPotion"},{"floor":16,"key":"blueLaboratory:SuffocatingSmog"}],"is_trial":false,"path_per_floor":["M","M","M","M","$","E","?","R","T","M","M","M","E","?","R","B",null,"M","?","M","?","M","E","M","R","T","M","?","$","?","$"],"character_chosen":"THE_SILENT","items_purchased":["Infinite Blades","reliquary:TuningFork","PreservedInsect","Noxious Fumes","Ninja Scroll","DollysMirror"],"campfire_rested":1,"item_purchase_floors":[0,0,0,5,29,29],"current_hp_per_floor":[69,69,66,63,63,52,52,52,52,47,38,22,4,4,25,17,70,59,59,54,54,34,15,1,1,8,3,3,3,3,0,0],"gold":57,"neow_bonus":"","is_daily":false,"chose_seed":false,"campfire_upgraded":2,"win_rate":0.0,"timestamp":1612254575,"path_taken":["M","M","M","M","$","E","?","R","T","M","M","M","E","?","R","BOSS","M","?","M","?","M","E","M","R","T","M","?","$","?","?"],"items_purchased_type":["Card","Relic","Relic","Card","Relic","Relic"],"build_version":"2020-12-22","purchased_purges":2,"victory":false,"max_hp_per_floor":[70,70,70,70,70,70,70,70,70,70,70,70,70,70,70,70,70,70,70,70,70,70,70,70,70,77,77,77,77,77,77,77],"card_choices":[{"not_picked":["Prepared","Underhanded Strike"],"picked":"Terror","floor":1.0},{"not_picked":["Predator","Outmaneuver","PiercingWail"],"picked":"SKIP","floor":2.0},{"not_picked":["Bane","Glass Knife"],"picked":"Cloak And Dagger","floor":3.0},{"not_picked":["Bane","Underhanded Strike","PiercingWail"],"picked":"SKIP","floor":4.0},{"not_picked":["StSpp:PoisonousPunch","conspire:PoisonWeapons","hubris:Counter"],"picked":"SKIP","floor":6.0},{"not_picked":["StSpp:PoisonousPunch","conspire:PoisonWeapons","hubris:Counter"],"picked":"SKIP","floor":6.0},{"not_picked":["Dagger Spray","Dagger Throw"],"picked":"Envenom","floor":10.0},{"not_picked":["Deadly Poison","Bouncing Flask","Dagger Throw"],"picked":"SKIP","floor":11.0},{"not_picked":["StSpp:Throw","Flying Knee"],"picked":"Cloak And Dagger","floor":12.0},{"not_picked":["Flechettes","hubris:Counter"],"picked":"Deadly Poison","floor":13.0},{"not_picked":["conspire:PoisonWeapons","Dagger Throw+1"],"picked":"Blade Dance","floor":18},{"not_picked":["Backflip+1","A Thousand Cuts"],"picked":"Cloak And Dagger","floor":20},{"not_picked":["Bane+1","Dagger Throw","hubris:SlightOfHand+1"],"picked":"SKIP","floor":22},{"not_picked":["Distraction+1","Flechettes"],"picked":"Blade Dance+1","floor":23},{"not_picked":["Distraction+1","Flying Knee","Phantasmal Killer"],"picked":"SKIP","floor":24},{"not_picked":["Outmaneuver+1","Backstab+1","Concentrate"],"picked":"SKIP","floor":27}],"player_experience":249915,"relics_obtained":[{"floor":6.0,"key":"reliquary:Sideboard"},{"floor":13.0,"key":"InkBottle"},{"floor":23,"key":"DemoMod:PoisonVial"},{"floor":26,"key":"Strawberry"}],"event_choices":[{"cards_removed":["Strike_G"],"damage_healed":0.0,"max_hp_gain":0.0,"max_hp_loss":0.0,"gold_gain":0.0,"event_name":"Living Wall","player_choice":"Forget","floor":7.0,"gold_loss":0.0,"damage_taken":0.0},{"damage_healed":0,"gold_gain":99,"player_choice":"Stole From Cult","damage_taken":0,"max_hp_gain":0,"max_hp_loss":0,"event_name":"Nest","floor":19,"gold_loss":0},{"damage_healed":0,"gold_gain":0,"player_choice":"Inject Mutagens","damage_taken":0,"relics_obtained":["MutagenicStrength"],"max_hp_gain":0,"max_hp_loss":0,"event_name":"Drug Dealer","floor":21,"gold_loss":0},{"damage_healed":0,"gold_gain":0,"player_choice":"Leave","damage_taken":0,"max_hp_gain":0,"max_hp_loss":0,"event_name":"conspire:Investor","floor":28,"gold_loss":0}],"is_beta":false,"boss_relics":[{"not_picked":["Philosopher\u0027s Stone","energizedSpire:SpiderWeb"],"picked":"WristBlade"}],"items_purged_floors":[0,5],"is_endless":false,"potions_floor_spawned":[2,4,12,13,16,22,27],"ascension_level":0}}