{"host":"j4g6ia6asvpyu2b0","time":1612226048,"event":{"mods":["BaseMod","Colored Map","Minty Spire (QoL Compilation)","Permanent Neow","Quick Restart","Relic Stats","StSLib","Unceasing Turn Reminder"],"gold_per_floor":[113,388,405,422,433,433,467,467,467,501,513,525,8,33,33,130,130,147,166,199,214,214,240,260,285,285,311,331,331,362,362,362,461,461,471,471,139,189,202,236,236,236,259,278,278,278],"floor_reached":45,"language":"ENG","playtime":1822,"items_purged":["Regret","Pain"],"score":975,"play_id":"a22320c3-84c4-4bfb-81bb-0de141b27437","local_time":"20210201173408","is_ascension_mode":true,"campfire_choices":[{"data":"Deadly Poison","floor":6.0,"key":"SMITH"},{"data":"Deadly Poison","floor":8.0,"key":"SMITH"},{"data":"Well Laid Plans","floor":15.0,"key":"SMITH"},{"floor":29.0,"key":"REST"},{"data":"Burst","floor":32.0,"key":"SMITH"},{"floor":41,"key":"RECALL"}],"circlet_count":0,"master_deck":["Strike_G","Strike_G","Strike_G","Strike_G","Defend_G","Defend_G","Defend_G","Defend_G","Survivor","Neutralize","Blade Dance","Deadly Poison+1","Dagger Spray","Deadly Poison+1","Venomology","Deadly Poison","Endless Agony","Caltrops","Well Laid Plans+1","Leg Sweep","Infinite Blades","Night Terror","Deadly Poison","Finisher","Outmaneuver","Accuracy","Burst+1","Dagger Spray","Leg Sweep+1","Blade Dance+1","Deflect+1","Night Terror+1","Backflip+1","Caltrops","Bouncing Flask+1","Quick Slash+1","Dagger Throw+1","Bandage Up+1","Footwork+1"],"relics":["Ring of the Snake","MealTicket","Mummified Hand","FossilizedHelix","The Specimen","Thread and Needle","Busted Crown","Red Mask","WarpedTongs","CaptainsWheel","Blood Vial","Toxic Egg 2","White Beast Statue","Snake Skull","Fusion Hammer","Membership Card","Omamori","Ice Cream","Bag of Marbles"],"acts_visited":["Exordium","TheCity","TheBeyond"],"potions_floor_usage":[38,38,39,40,45],"damage_taken":[{"damage":0.0,"enemies":"2 Louse","floor":1.0,"turns":3.0},{"damage":0.0,"enemies":"Cultist","floor":3.0,"turns":3.0},{"damage":0.0,"enemies":"Jaw Worm","floor":4.0,"turns":3.0},{"damage":8.0,"enemies":"Looter","floor":5.0,"turns":3.0},{"damage":12.0,"enemies":"Lagavulin","floor":7.0,"turns":6.0},{"damage":4.0,"enemies":"3 Sentries","floor":10.0,"turns":3.0},{"damage":18.0,"enemies":"Exordium Thugs","floor":11.0,"turns":4.0},{"damage":0.0,"enemies":"Blue Slaver","floor":12.0,"turns":2.0},{"damage":9.0,"enemies":"Lagavulin","floor":14.0,"turns":7.0},{"damage":0.0,"enemies":"The Guardian","floor":16.0,"turns":8.0},{"damage":0.0,"enemies":"Chosen","floor":18.0,"turns":4.0},{"damage":0.0,"enemies":"3 Byrds","floor":19.0,"turns":3.0},{"damage":0.0,"enemies":"Masked Bandits","floor":20.0,"turns":3.0},{"damage":4.0,"enemies":"Sentry and Sphere","floor":21.0,"turns":4.0},{"damage":18.0,"enemies":"Gremlin Leader","floor":23.0,"turns":7.0},{"damage":7.0,"enemies":"Cultist and Chosen","floor":24.0,"turns":4.0},{"damage":11.0,"enemies":"Book of Stabbing","floor":25.0,"turns":5.0},{"damage":25.0,"enemies":"Slavers","floor":27.0,"turns":5.0},{"damage":0.0,"enemies":"Centurion and Healer","floor":28.0,"turns":6.0},{"damage":0.0,"enemies":"Book of Stabbing","floor":30.0,"turns":5.0},{"damage":72.0,"enemies":"Automaton","floor":33.0,"turns":9.0},{"damage":10.0,"enemies":"3 Shapes","floor":35.0,"turns":5.0},{"damage":62,"enemies":"2 Orb Walkers","floor":38,"turns":5},{"damage":0,"enemies":"Orb Walker","floor":39,"turns":3},{"damage":2,"enemies":"Giant Head","floor":40,"turns":7},{"damage":9,"enemies":"Maw","floor":44,"turns":6},{"damage":24,"enemies":"Nemesis","floor":45,"turns":4}],"seed_played":"-9189739606417083948","potions_obtained":[{"floor":1.0,"key":"CunningPotion"},{"floor":4.0,"key":"GhostInAJar"},{"floor":5.0,"key":"SteroidPotion"},{"floor":11.0,"key":"SpeedPotion"},{"floor":18.0,"key":"Strength Potion"},{"floor":20.0,"key":"Strength Potion"},{"floor":23.0,"key":"GamblersBrew"},{"floor":27.0,"key":"SkillPotion"},{"floor":28.0,"key":"EssenceOfSteel"},{"floor":30.0,"key":"FairyPotion"},{"floor":33.0,"key":"AttackPotion"},{"floor":35.0,"key":"SteroidPotion"},{"floor":38,"key":"DistilledChaos"}],"is_trial":false,"path_per_floor":["M","?","M","M","M","R","E","R","T","E","M","M","$","E","R","B",null,"M","M","?","M","?","E","M","E","T","E","M","R","E","?","R","B",null,"M","?","$","?","M","E","R","?","T","M","E"],"character_chosen":"THE_SILENT","items_purchased":["The Specimen","Well Laid Plans","Leg Sweep","Membership Card","Omamori","Caltrops","Bouncing Flask+1"],"campfire_rested":1,"item_purchase_floors":[13,13,13,37,37,37,37],"current_hp_per_floor":[63,63,63,63,55,55,43,43,43,39,21,21,36,27,27,27,54,54,54,54,50,50,32,39,28,28,5,7,25,27,16,16,20,56,48,48,63,3,5,5,5,5,5,4,0,0],"gold":278,"neow_bonus":"REMOVE_TWO","is_daily":false,"chose_seed":false,"campfire_upgraded":4,"win_rate":0.0,"timestamp":1612226048,"path_taken":["M","?","M","M","?","R","E","R","T","E","M","M","$","E","R","BOSS","M","M","?","M","?","E","M","E","T","E","?","R","E","?","R","BOSS","M","?","$","?","M","E","R","?","T","?","E"],"items_purchased_type":["Relic","Card","Card","Relic","Relic","Card","Card"],"build_version":"2020-12-22","purchased_purges":2,"victory":false,"max_hp_per_floor":[63,63,63,63,63,63,63,63,63,63,63,63,63,63,63,63,63,63,63,63,63,63,63,63,63,63,63,63,63,63,68,68,68,68,68,65,65,65,65,65,65,65,65,65,65,65],"relic_stats":{"Blood Vial":20,"Busted Crown":34,"counters":[27,127],"Mummified Hand":[59],"MealTicket":30,"Snake Skull":[65],"obtain_stats":[{"Ice Cream":38,"The Specimen":13,"Thread and Needle":14,"Snake Skull":30,"Omamori":37,"White Beast Statue":27,"WarpedTongs":22,"Blood Vial":25,"CaptainsWheel":23,"Busted Crown":17,"Mummified Hand":9,"MealTicket":7,"Fusion Hammer":34,"Red Mask":20,"Bag of Marbles":40,"Membership Card":37,"Toxic Egg 2":26,"FossilizedHelix":10,"Ring of the Snake":0},{"Ice Cream":23,"The Specimen":8,"Thread and Needle":9,"Snake Skull":20,"Omamori":22,"White Beast Statue":18,"WarpedTongs":14,"Blood Vial":17,"CaptainsWheel":15,"Busted Crown":10,"Mummified Hand":5,"MealTicket":5,"Fusion Hammer":21,"Red Mask":13,"Bag of Marbles":25,"Membership Card":22,"Toxic Egg 2":17,"FossilizedHelix":6,"Ring of the Snake":0},{"Ice Cream":107,"The Specimen":27,"Thread and Needle":34,"Snake Skull":88,"Omamori":102,"White Beast Statue":77,"WarpedTongs":56,"Blood Vial":72,"CaptainsWheel":63,"Busted Crown":42,"Mummified Hand":18,"MealTicket":18,"Fusion Hammer":97,"Red Mask":52,"Bag of Marbles":117,"Membership Card":102,"Toxic Egg 2":72,"FossilizedHelix":21,"Ring of the Snake":0}],"Ring of the Snake":[55],"WarpedTongs":[71]},"card_choices":[{"not_picked":["Deadly Poison","Quick Slash"],"picked":"Blade Dance","floor":1.0},{"not_picked":["Skewer","Dodge and Roll"],"picked":"Deadly Poison","floor":3.0},{"not_picked":["Accuracy","Dagger Throw"],"picked":"Dagger Spray","floor":4.0},{"not_picked":["Heel Hook","Endless Agony"],"picked":"Deadly Poison","floor":5.0},{"not_picked":["Tactician","Riddle With Holes"],"picked":"Venomology","floor":7.0},{"not_picked":["Dagger Spray","Backflip"],"picked":"Deadly Poison","floor":10.0},{"not_picked":["Slice","Flying Knee"],"picked":"Endless Agony","floor":11.0},{"not_picked":["Outmaneuver","Underhanded Strike"],"picked":"Caltrops","floor":12.0},{"not_picked":["All Out Attack","Deflect"],"picked":"Infinite Blades","floor":14.0},{"not_picked":["Storm of Steel","Phantasmal Killer"],"picked":"Night Terror","floor":16.0},{"not_picked":[],"picked":"Deadly Poison","floor":18.0},{"not_picked":[],"picked":"Finisher","floor":19.0},{"not_picked":[],"picked":"Outmaneuver","floor":20.0},{"not_picked":[],"picked":"Accuracy","floor":21.0},{"not_picked":[],"picked":"Burst","floor":23.0},{"not_picked":["Setup"],"picked":"SKIP","floor":24.0},{"not_picked":[],"picked":"Dagger Spray","floor":25.0},{"not_picked":[],"picked":"Leg Sweep+1","floor":27.0},{"not_picked":[],"picked":"Blade Dance+1","floor":28.0},{"not_picked":[],"picked":"Deflect+1","floor":30.0},{"not_picked":[],"picked":"Night Terror+1","floor":33.0},{"not_picked":[],"picked":"Backflip+1","floor":35.0},{"not_picked":[],"picked":"Quick Slash+1","floor":38},{"not_picked":["Terror+1"],"picked":"SKIP","floor":39},{"not_picked":[],"picked":"Dagger Throw+1","floor":40},{"not_picked":[],"picked":"Bandage Up+1","floor":42},{"not_picked":[],"picked":"Footwork+1","floor":44}],"player_experience":1094347,"relics_obtained":[{"floor":7.0,"key":"MealTicket"},{"floor":9.0,"key":"Mummified Hand"},{"floor":10.0,"key":"FossilizedHelix"},{"floor":14.0,"key":"Thread and Needle"},{"floor":20.0,"key":"Red Mask"},{"floor":23.0,"key":"CaptainsWheel"},{"floor":25.0,"key":"Blood Vial"},{"floor":26.0,"key":"Toxic Egg 2"},{"floor":27.0,"key":"White Beast Statue"},{"floor":30.0,"key":"Snake Skull"},{"floor":38,"key":"Ice Cream"},{"floor":40,"key":"Bag of Marbles"}],"event_choices":[{"damage_healed":0.0,"max_hp_gain":0.0,"max_hp_loss":0.0,"gold_gain":275.0,"event_name":"Golden Shrine","player_choice":"Desecrate","floor":2.0,"gold_loss":0.0,"damage_taken":0.0,"cards_obtained":["Regret"]},{"damage_healed":0.0,"max_hp_gain":0.0,"max_hp_loss":0.0,"gold_gain":0.0,"event_name":"Masked Bandits","player_choice":"Fought Bandits","floor":20.0,"gold_loss":0.0,"damage_taken":0.0},{"damage_healed":0.0,"max_hp_gain":0.0,"max_hp_loss":0.0,"gold_gain":0.0,"event_name":"Accursed Blacksmith","player_choice":"Rummage","floor":22.0,"gold_loss":0.0,"damage_taken":0.0,"relics_obtained":["WarpedTongs"],"cards_obtained":["Pain"]},{"damage_healed":0.0,"max_hp_gain":5.0,"max_hp_loss":0.0,"gold_gain":0.0,"event_name":"Forgotten Altar","player_choice":"Shed Blood","floor":31.0,"gold_loss":0.0,"damage_taken":16.0},{"damage_healed":0.0,"max_hp_gain":0.0,"max_hp_loss":3.0,"gold_gain":0.0,"event_name":"Winding Halls","player_choice":"Max HP","floor":36.0,"gold_loss":0.0,"damage_taken":0.0},{"damage_healed":0,"gold_gain":0,"player_choice":"Fight","damage_taken":0,"max_hp_gain":0,"max_hp_loss":0,"event_name":"Mysterious Sphere","floor":38,"gold_loss":0},{"damage_healed":0,"gold_gain":0,"player_choice":"Memory 1","damage_taken":0,"max_hp_gain":0,"max_hp_loss":0,"event_name":"SensoryStone","floor":42,"gold_loss":0}],"is_beta":false,"boss_relics":[{"not_picked":["Runic Dome","Pandora\u0027s Box"],"picked":"Busted Crown"},{"not_picked":["Astrolabe","SacredBark"],"picked":"Fusion Hammer"}],"items_purged_floors":[13,37],"is_endless":false,"potions_floor_spawned":[1,4,5,11,18,20,23,27,28,30,33,35,38,39,40,44],"killed_by":"Nemesis","ascension_level":8}}