{"host":"vumwfieg2b2mnrfl","time":1612306293,"event":{"mods":["AchievementEnabler","BaseMod","Minty Spire (QoL Compilation)","Rare Cards Sparkle","Relic Stats"],"gold_per_floor":[115,115,115,115,132,132,162,162,162,182,192,203,231,247,247,247,247],"floor_reached":16,"language":"ENG","playtime":326,"items_purged":[],"score":274,"play_id":"042fefcf-64b1-499d-a9f6-9a1400c46ec4","local_time":"20210202165133","is_ascension_mode":true,"campfire_choices":[{"data":"Bash","floor":6,"key":"SMITH"},{"data":"Cleave","floor":8,"key":"SMITH"},{"data":"Fire Breathing","floor":15,"key":"SMITH"}],"circlet_count":0,"master_deck":["AscendersBane","Strike_R","Strike_R","Strike_R","Strike_R","Defend_R","Defend_R","Defend_R","Defend_R","Bash+1","Evolve","Searing Blow","Headbutt","Cleave+1","Fire Breathing+1","Wild Strike","Headbutt"],"relics":["Burning Blood","NeowsBlessing","Pen Nib","Strawberry","Letter Opener","Girya"],"acts_visited":["Exordium"],"potions_floor_usage":[14,16],"damage_taken":[{"damage":0,"enemies":"Jaw Worm","floor":1,"turns":1},{"damage":0,"enemies":"Cultist","floor":5,"turns":1},{"damage":0,"enemies":"Gremlin Nob","floor":7,"turns":1},{"damage":7,"enemies":"Small Slimes","floor":10,"turns":4},{"damage":31,"enemies":"Exordium Thugs","floor":11,"turns":5},{"damage":16,"enemies":"3 Louse","floor":12,"turns":3},{"damage":30,"enemies":"3 Sentries","floor":13,"turns":5},{"damage":12,"enemies":"Looter","floor":14,"turns":3},{"damage":33,"enemies":"Hexaghost","floor":16,"turns":7}],"seed_played":"-418280248699150375","potions_obtained":[{"floor":7,"key":"Fruit Juice"},{"floor":13,"key":"Regen Potion"},{"floor":14,"key":"PowerPotion"}],"is_trial":false,"path_per_floor":["M","?","T","$","M","R","E","R","T","M","M","M","E","M","R","B"],"character_chosen":"IRONCLAD","items_purchased":[],"campfire_rested":0,"item_purchase_floors":[],"current_hp_per_floor":[74,74,74,74,75,75,82,82,82,81,56,46,22,21,21,0,0],"gold":247,"neow_bonus":"THREE_ENEMY_KILL","is_daily":false,"chose_seed":false,"campfire_upgraded":3,"win_rate":0.0,"timestamp":1612306293,"path_taken":["M","?","?","$","M","R","E","R","T","M","M","?","E","M","R","BOSS"],"items_purchased_type":[],"build_version":"2020-12-22","purchased_purges":0,"victory":false,"max_hp_per_floor":[75,75,75,75,75,75,82,82,82,82,82,82,82,87,87,87,87],"relic_stats":{"counters":[9,30],"Pen Nib":[3],"Letter Opener":[0],"obtain_stats":[{"Girya":13,"NeowsBlessing":0,"Strawberry":7,"Pen Nib":3,"Letter Opener":9,"Burning Blood":0},{"Girya":7,"NeowsBlessing":0,"Strawberry":3,"Pen Nib":1,"Letter Opener":3,"Burning Blood":0},{"Girya":20,"NeowsBlessing":0,"Strawberry":3,"Pen Nib":1,"Letter Opener":3,"Burning Blood":0}],"Burning Blood":37},"card_choices":[{"not_picked":["True Grit","Sword Boomerang"],"picked":"Evolve","floor":1},{"not_picked":["Burning Pact","Pommel Strike"],"picked":"Headbutt","floor":5},{"not_picked":["Dark Embrace","Iron Wave"],"picked":"Cleave","floor":7},{"not_picked":["Shrug It Off","Clothesline"],"picked":"Fire Breathing","floor":10},{"not_picked":["Thunderclap","Sword Boomerang","Pommel Strike"],"picked":"SKIP","floor":11},{"not_picked":["Body Slam","Wild Strike","Pommel Strike"],"picked":"SKIP","floor":12},{"not_picked":["Body Slam","Pommel Strike"],"picked":"Wild Strike","floor":12},{"not_picked":["Corruption","Flex"],"picked":"Headbutt","floor":13},{"not_picked":["Anger","Heavy Blade","Wild Strike"],"picked":"SKIP","floor":14}],"player_experience":516866,"relics_obtained":[{"floor":3,"key":"Pen Nib"},{"floor":7,"key":"Strawberry"},{"floor":9,"key":"Letter Opener"},{"floor":13,"key":"Girya"}],"event_choices":[{"damage_healed":0,"gold_gain":0,"cards_transformed":["Strike_R"],"player_choice":"Change","damage_taken":0,"max_hp_gain":0,"max_hp_loss":0,"event_name":"Living Wall","floor":2,"gold_loss":0,"cards_obtained":["Searing Blow"]}],"is_beta":false,"boss_relics":[],"items_purged_floors":[],"is_endless":false,"potions_floor_spawned":[7,13,14],"killed_by":"Hexaghost","ascension_level":20}}