{"host":"p4yrwepmrl4g8pul","time":1612253318,"event":{"mods":["Act Like it!","BaseMod","BetterRewards","Colored Map","Custom Start","Gensokyo","Marisa£®ÏF”Í°°ƒß¿Ì…≥£©","Minty Spire (QoL Compilation)","Quick Restart","Rare Cards Sparkle","Reimu£®≤©¿ˆ¡È√Œ£©","Remilia£®¿Ÿ√◊¿Ú—«£©","Remove Card Discount Mod","Shop Mod","StSLib","Thieving Mod"],"gold_per_floor":[117,131,131,150,50,81,81,115,115,144,163,163,194,210,210,286,286,296,546,506,520,259,286,286,316,342,342,342,372,372,387,387,461,461,475,487,500,500,500,526,546,571,618,379,411,424,438,455,455,455,455,455,455,335,368,368],"floor_reached":57,"language":"ZHS","playtime":2083,"items_purged":["Strike_R","Bash","Strike_R","Defend_R","Strike_R","Defend_R","Defend_R","Defend_R","Strike_R","Strike_R","Wild Strike","Armaments+1","Armaments","Body Slam+1","Flex+1","Thunderclap"],"score":4145,"play_id":"1416feec-134c-4b0b-a2f9-b7b431a5af2e","local_time":"20210202160837","is_ascension_mode":true,"campfire_choices":[{"data":"Limit Break","floor":7.0,"key":"SMITH"},{"data":"Flex","floor":15.0,"key":"SMITH"},{"data":"Good Instincts","floor":24.0,"key":"SMITH"},{"data":"Inflame","floor":28.0,"key":"SMITH"},{"data":"Master of Strategy","floor":30.0,"key":"SMITH"},{"floor":32.0,"key":"RECALL"},{"floor":49.0,"key":"REST"},{"floor":53.0,"key":"REST"}],"circlet_count":8,"master_deck":["AscendersBane","Good Instincts+1","Sword Boomerang+1","Master of Strategy+1","Limit Break+1","Shrug It Off+1","Inflame+1","Shrug It Off+1","Fiend Fire"],"relics":["Burning Blood","Omamori","TheAbacus","Lantern","Paper Frog","ClockworkSouvenir","Lantern","Sundial","Membership Card","Circlet","CrazyTorch:ReiMu","Toxic Egg 2","Centennial Puzzle","Mummified Hand","Gensokyo:SongOfSouls","Matryoshka","SlaversCollar","Ice Cream","Pantograph","MerchantsRug","Bronze Scales","Bag of Marbles"],"acts_visited":["Gensokyo:Gensokyo","Gensokyo:Gensokyoer","Gensokyo:Gensokyoest","TheEnding"],"potions_floor_usage":[56,56],"damage_taken":[{"damage":0.0,"enemies":"Gensokyo:2_Kodama","floor":1.0,"turns":2.0},{"damage":0.0,"enemies":"Gensokyo:3_Fairies","floor":2.0,"turns":3.0},{"damage":0.0,"enemies":"Gensokyo:Python","floor":4.0,"turns":1.0},{"damage":0.0,"enemies":"Gensokyo:Cirno","floor":6.0,"turns":4.0},{"damage":0.0,"enemies":"Gensokyo:Aya","floor":8.0,"turns":3.0},{"damage":0.0,"enemies":"Gensokyo:Mamizou","floor":10.0,"turns":3.0},{"damage":0.0,"enemies":"Gensokyo:Gryphon_and_Rabbit","floor":11.0,"turns":1.0},{"damage":0.0,"enemies":"Gensokyo:Aya","floor":13.0,"turns":3.0},{"damage":0.0,"enemies":"Gensokyo:3_Kodama","floor":14.0,"turns":1.0},{"damage":0.0,"enemies":"Gensokyo:Reimu","floor":16.0,"turns":4.0},{"damage":0.0,"enemies":"Gensokyo:3_Dogs","floor":18.0,"turns":3.0},{"damage":0.0,"enemies":"Gensokyo:AngelMirror","floor":21.0,"turns":1.0},{"damage":4.0,"enemies":"Gensokyo:Koishi","floor":23.0,"turns":3.0},{"damage":0.0,"enemies":"Gensokyo:Reisen","floor":25.0,"turns":3.0},{"damage":13.0,"enemies":"Gensokyo:Tenshi","floor":29.0,"turns":2.0},{"damage":0.0,"enemies":"Gensokyo:Swordslinger","floor":31.0,"turns":1.0},{"damage":0.0,"enemies":"Gensokyo:Eternal_Rivals","floor":33.0,"turns":2.0},{"damage":0.0,"enemies":"Gensokyo:3_Boulders","floor":35.0,"turns":2.0},{"damage":0.0,"enemies":"Gensokyo:AncientGuardian","floor":36.0,"turns":1.0},{"damage":0.0,"enemies":"Gensokyo:4_Bats","floor":37.0,"turns":1.0},{"damage":0.0,"enemies":"Gensokyo:Marisa","floor":40.0,"turns":1.0},{"damage":0.0,"enemies":"Gensokyo:SeedOfUnknown","floor":41.0,"turns":2.0},{"damage":0.0,"enemies":"Gensokyo:Kasen","floor":42.0,"turns":2.0},{"damage":0.0,"enemies":"Gensokyo:Doremy","floor":45.0,"turns":2.0},{"damage":0.0,"enemies":"Gensokyo:Sharpion","floor":46.0,"turns":2.0},{"damage":0.0,"enemies":"Gensokyo:Rafflesia","floor":47.0,"turns":2.0},{"damage":0.0,"enemies":"Gensokyo:Dusk_and_Dawn","floor":48.0,"turns":2.0},{"damage":0.0,"enemies":"Gensokyo:Yuyuko","floor":50.0,"turns":2.0},{"damage":0.0,"enemies":"Gensokyo:Shinki","floor":51.0,"turns":3.0},{"damage":0.0,"enemies":"Shield and Spear","floor":55.0,"turns":3.0},{"damage":27,"enemies":"The Heart","floor":56,"turns":5}],"seed_played":"-5010835726135218191","potions_obtained":[{"floor":2.0,"key":"FearPotion"},{"floor":4.0,"key":"SpeedPotion"},{"floor":13.0,"key":"Ancient Potion"},{"floor":16.0,"key":"ColorlessPotion"},{"floor":23.0,"key":"CultistPotion"},{"floor":31.0,"key":"SteroidPotion"},{"floor":33.0,"key":"Fire Potion"},{"floor":37.0,"key":"SkillPotion"},{"floor":46.0,"key":"LiquidMemories"},{"floor":47.0,"key":"FairyPotion"}],"is_trial":false,"path_per_floor":["M","M","?","M","?","E","R","E","T","?","M","COS","E","M","R","B",null,"M","?","?","M","$","E","R","E","T","?","R","E","R","M","R","B",null,"M","M","M","?","?","E","M","E","T","$","E","M","M","M","R","B","B",null,"R","$","E","B",null],"character_chosen":"IRONCLAD","items_purchased":["Omamori","Armaments","Wild Strike","Good Instincts","TheAbacus","Flex","Pummel","reliquary:PurpleTingedLeaf","Lantern","Paper Frog","ClockworkSouvenir","reliquary:SculptingSteel","Sword Boomerang","Sundial","Battle Trance","Master of Strategy","Membership Card","reliquary:SilkGlove","FairyPotion","reliquary:Crutches","Mummified Hand","Inflame","reliquary:TridentHead","Pantograph","MerchantsRug","Bronze Scales","Fiend Fire"],"campfire_rested":2,"item_purchase_floors":[0,0,0,0,0,0,0,0,0,0,0,0,0,0,0,0,0,0,0,22,22,22,44,44,44,54,54],"current_hp_per_floor":[27,34,34,41,41,48,48,54,54,60,66,66,79,82,82,82,82,82,76,76,76,76,76,76,76,76,76,76,69,69,75,75,76,76,76,76,76,76,38,44,50,56,56,56,62,68,74,76,76,76,76,76,76,76,76,55],"gold":368,"neow_bonus":"","is_daily":false,"chose_seed":false,"campfire_upgraded":5,"win_rate":0.0,"timestamp":1612253317,"path_taken":["M","M","?","M","?","E","R","E","T","?","M","COS","E","?","R","BOSS","M","?","?","?","$","E","R","E","T","?","R","E","R","M","R","BOSS","M","?","M","?","?","E","M","E","T","?","E","M","?","M","R","BOSS","BOSS","R","$","E","BOSS"],"items_purchased_type":["Relic","Card","Card","Card","Relic","Card","Card","Undefined","Relic","Relic","Relic","Undefined","Card","Relic","Card","Card","Relic","Undefined","Potion","Undefined","Relic","Card","Undefined","Relic","Relic","Relic","Card"],"build_version":"2020-12-22","purchased_purges":16,"victory":true,"max_hp_per_floor":[75,75,75,75,75,75,75,75,75,75,75,75,82,82,82,82,82,82,76,76,76,76,76,76,76,76,76,76,76,76,76,76,76,76,76,76,76,76,76,76,76,76,76,76,76,76,76,76,76,76,76,76,76,76,76,76],"card_choices":[{"not_picked":["Flex","Clothesline","Armaments"],"picked":"SKIP","floor":1.0},{"not_picked":["Anger","Entrench","Sword Boomerang"],"picked":"SKIP","floor":2.0},{"not_picked":["Sword Boomerang","Second Wind"],"picked":"Thunderclap","floor":3.0},{"not_picked":["Burning Pact","Dropkick","Thunderclap"],"picked":"SKIP","floor":4.0},{"not_picked":["Feed","Heavy Blade"],"picked":"Limit Break","floor":6.0},{"not_picked":["Offering","Rupture","Clothesline"],"picked":"SKIP","floor":8.0},{"not_picked":["Cleave","Warcry+1","Twin Strike"],"picked":"SKIP","floor":10.0},{"not_picked":["Iron Wave","Heavy Blade"],"picked":"Shrug It Off+1","floor":11.0},{"not_picked":["Wild Strike","Sword Boomerang","Perfected Strike"],"picked":"SKIP","floor":13.0},{"not_picked":["Clash","Clothesline"],"picked":"Armaments+1","floor":14.0},{"not_picked":["True Grit+1","Spot Weakness+1"],"picked":"Body Slam+1","floor":18.0},{"not_picked":["Uppercut+1","Body Slam","Warcry+1"],"picked":"SKIP","floor":21.0},{"not_picked":["Warcry+1","Headbutt+1","Cleave"],"picked":"SKIP","floor":23.0},{"not_picked":["Spot Weakness+1","Inflame","Pommel Strike"],"picked":"SKIP","floor":25.0},{"not_picked":["Thunderclap+1","Sword Boomerang+1","Battle Trance+1"],"picked":"SKIP","floor":29.0},{"not_picked":["Clothesline","Inflame+1","Havoc+1"],"picked":"SKIP","floor":31.0},{"not_picked":["Flame Barrier+1","Perfected Strike"],"picked":"Shrug It Off+1","floor":35.0},{"not_picked":["Wild Strike","Searing Blow","Perfected Strike+1"],"picked":"SKIP","floor":36.0},{"not_picked":["Sword Boomerang+1","True Grit+1","Armaments+1"],"picked":"SKIP","floor":37.0},{"not_picked":["Hemokinesis","Thunderclap","Warcry+1"],"picked":"SKIP","floor":40.0},{"not_picked":["Cleave","Second Wind+1","Pommel Strike"],"picked":"SKIP","floor":41.0},{"not_picked":["Iron Wave","Heavy Blade","Warcry+1"],"picked":"SKIP","floor":42.0},{"not_picked":["Shrug It Off+1","Intimidate+1","Battle Trance+1"],"picked":"SKIP","floor":45.0},{"not_picked":["Searing Blow","Warcry+1","Pommel Strike"],"picked":"SKIP","floor":46.0},{"not_picked":["Headbutt+1","Infernal Blade+1","Heavy Blade"],"picked":"SKIP","floor":47.0},{"not_picked":["Anger","Second Wind+1","Headbutt"],"picked":"SKIP","floor":48.0},{"not_picked":["Whirlwind","Body Slam+1","Immolate"],"picked":"SKIP","floor":55.0}],"player_experience":801920,"relics_obtained":[{"floor":6.0,"key":"reliquary:FeatherDuster"},{"floor":9.0,"key":"Toxic Egg 2"},{"floor":10.0,"key":"Centennial Puzzle"},{"floor":13.0,"key":"Strawberry"},{"floor":23.0,"key":"reliquary:RoseTintedGlasses"},{"floor":25.0,"key":"reliquary:HotPoker"},{"floor":29.0,"key":"Matryoshka"},{"floor":40.0,"key":"Ice Cream"},{"floor":42.0,"key":"reliquary:Boomerang"},{"floor":43.0,"key":"reliquary:Knoch"},{"floor":43.0,"key":"Potion Belt"},{"floor":45.0,"key":"reliquary:Aerogel"},{"floor":55.0,"key":"Bag of Marbles"}],"event_choices":[],"is_beta":false,"boss_relics":[{"not_picked":["reliquary:WritOfMandamus","Fusion Hammer","reliquary:KinkedSpring"]},{"not_picked":["Mark of Pain","Empty Cage"],"picked":"SlaversCollar"}],"items_purged_floors":[0,0,0,0,0,0,0,0,0,0,0,22,22,22,22,44],"is_endless":false,"potions_floor_spawned":[2,4,13,14,16,21,23,25,31,33,37,41,42,46,47],"ascension_level":20}}