{"host":"3y2rtlgteqp2nuo3","time":1612252205,"event":{"mods":["2.2 Compatiblity","AchievementEnabler","BaseMod","Colored Map","DeckTracker","Highlight Path","Keyboard Shortcuts","Minty Spire (QoL Compilation)","Permanent Neow","Quick Restart","StSLib","SuperFastMode","everything is the same but u backflip on backflip"],"gold_per_floor":[109,119,132,149,149,149,181,181,181,181,201,201,201],"floor_reached":12,"language":"KOR","playtime":239,"items_purged":[],"score":148,"play_id":"22825232-b388-42f5-a3ec-cba3fa70786d","local_time":"20210202165005","is_ascension_mode":true,"campfire_choices":[{"data":"Eviscerate","floor":6,"key":"SMITH"},{"floor":8,"key":"REST"},{"floor":10,"key":"REST"}],"circlet_count":0,"master_deck":["AscendersBane","Strike_G","Strike_G","Strike_G","Strike_G","Defend_G","Defend_G","Defend_G","Defend_G","Defend_G","Survivor","Neutralize+1","Calculated Gamble","Dagger Spray","Heel Hook","Dagger Throw","Eviscerate+1","Blade Dance"],"relics":["Ring of the Snake","Anchor","Blood Vial"],"acts_visited":["Exordium"],"potions_floor_usage":[],"damage_taken":[{"damage":7.0,"enemies":"Jaw Worm","floor":1.0,"turns":9.0},{"damage":1.0,"enemies":"Small Slimes","floor":2.0,"turns":4.0},{"damage":0,"enemies":"Cultist","floor":3,"turns":3},{"damage":11,"enemies":"2 Fungi Beasts","floor":4,"turns":3},{"damage":34,"enemies":"3 Sentries","floor":7,"turns":8},{"damage":0,"enemies":"Looter","floor":11,"turns":2},{"damage":54,"enemies":"Gremlin Nob","floor":12,"turns":4}],"seed_played":"-3238142066273315219","potions_obtained":[{"floor":2.0,"key":"BlessingOfTheForge"},{"floor":4,"key":"DuplicationPotion"}],"is_trial":false,"path_per_floor":["M","M","M","M","?","R","E","R","T","R","M","E"],"character_chosen":"THE_SILENT","items_purchased":[],"campfire_rested":2,"item_purchase_floors":[],"current_hp_per_floor":[52,51,51,40,40,40,6,25,25,44,46,0,0],"gold":201,"neow_bonus":"TRANSFORM_CARD","is_daily":false,"chose_seed":false,"campfire_upgraded":1,"win_rate":0.0,"timestamp":1612252205,"path_taken":["M","M","M","M","?","R","E","R","T","R","M","E"],"items_purchased_type":[],"build_version":"2020-12-22","purchased_purges":0,"victory":false,"max_hp_per_floor":[66,66,66,66,66,66,66,66,66,66,66,66,66],"card_choices":[{"not_picked":["Outmaneuver","Acrobatics"],"picked":"Dagger Spray","floor":1.0},{"not_picked":["Tactician","Quick Slash"],"picked":"Heel Hook","floor":2.0},{"not_picked":["Sucker Punch","PiercingWail"],"picked":"Dagger Throw","floor":3},{"not_picked":["Calculated Gamble","Phantasmal Killer"],"picked":"Eviscerate","floor":4},{"not_picked":["Accuracy","Slice"],"picked":"Blade Dance","floor":7},{"not_picked":["Choke","Blur","Deflect"],"picked":"SKIP","floor":11}],"player_experience":745588,"relics_obtained":[{"floor":7,"key":"Anchor"},{"floor":9,"key":"Blood Vial"}],"event_choices":[{"damage_healed":0,"gold_gain":0,"player_choice":"Grow","damage_taken":0,"max_hp_gain":0,"max_hp_loss":0,"event_name":"Living Wall","floor":5,"gold_loss":0,"cards_upgraded":["Neutralize"]}],"is_beta":false,"boss_relics":[],"items_purged_floors":[],"is_endless":false,"potions_floor_spawned":[2,4],"killed_by":"Gremlin Nob","ascension_level":17}}