{"host":"bf5upntvbdompq33","time":1612235790,"event":{"mods":["BaseMod","Colored Map","Colored Powertips","Curses Come First","Minty Spire (QoL Compilation)","StSLib"],"gold_per_floor":[109,109,109,123,137,181,181,181,204,217,217,217,217,231,231,356,356,380,394,394,493,51,51,51,90,159,159,4,4,39,60,60,190,190,210,135,159,159,492,492,518,518,518,518,122,137,156,232,232,232,232],"floor_reached":50,"language":"ENG","playtime":2593,"items_purged":["Pain","Writhe"],"score":832,"play_id":"d35a29b9-6d5b-403b-b8ad-217725964de4","local_time":"20210201201630","is_ascension_mode":true,"campfire_choices":[{"floor":7,"key":"REST"},{"data":"Poisoned Stab","floor":11,"key":"SMITH"},{"data":"Bouncing Flask","floor":13,"key":"SMITH"},{"floor":15,"key":"REST"},{"floor":23,"key":"REST"},{"floor":24,"key":"REST"},{"data":"Apotheosis","floor":27,"key":"SMITH"},{"floor":32,"key":"REST"},{"floor":40,"key":"REST"},{"floor":44,"key":"DIG"},{"floor":49,"key":"REST"}],"circlet_count":0,"master_deck":["Strike_G","Strike_G","Strike_G","Strike_G","Strike_G","Defend_G","Defend_G","Defend_G","Defend_G","Defend_G","Survivor","Neutralize","Bouncing Flask+1","Leg Sweep","Backstab","Backstab","Poisoned Stab+1","Outmaneuver","Night Terror","Poisoned Stab","Blur","Noxious Fumes","Apotheosis+1","Poisoned Stab","Calculated Gamble+1","Catalyst+1","Well Laid Plans+1","Bullet Time","Prepared+1","Acrobatics+1","PanicButton","Poisoned Stab"],"relics":["Ring of the Snake","NeowsBlessing","WarpedTongs","PreservedInsect","WingedGreaves","Pen Nib","InkBottle","Philosopher\u0027s Stone","Bottled Flame","TwistedFunnel","Lantern","Frozen Egg 2","Lee\u0027s Waffle","Tiny Chest","Shovel","Snecko Eye","StrikeDummy","Juzu Bracelet","Turnip","Shuriken"],"acts_visited":["Exordium","TheCity","TheBeyond"],"potions_floor_usage":[6,14,16,19,33,47,47],"damage_taken":[{"damage":0,"enemies":"Jaw Worm","floor":1,"turns":1},{"damage":2,"enemies":"Small Slimes","floor":4,"turns":1},{"damage":0,"enemies":"Cultist","floor":5,"turns":1},{"damage":41,"enemies":"3 Sentries","floor":6,"turns":12},{"damage":3,"enemies":"3 Louse","floor":10,"turns":3},{"damage":7,"enemies":"Exordium Wildlife","floor":14,"turns":2},{"damage":5,"enemies":"Hexaghost","floor":16,"turns":9},{"damage":17,"enemies":"Chosen","floor":18,"turns":4},{"damage":39,"enemies":"3 Byrds","floor":19,"turns":5},{"damage":18,"enemies":"Gremlin Leader","floor":25,"turns":3},{"damage":26,"enemies":"Book of Stabbing","floor":30,"turns":4},{"damage":11,"enemies":"Cultist and Chosen","floor":31,"turns":3},{"damage":52,"enemies":"Collector","floor":33,"turns":5},{"damage":19,"enemies":"3 Darklings","floor":35,"turns":3},{"damage":10,"enemies":"3 Shapes","floor":37,"turns":2},{"damage":0,"enemies":"Reptomancer","floor":41,"turns":3},{"damage":0,"enemies":"Transient","floor":46,"turns":5},{"damage":38,"enemies":"Writhing Mass","floor":47,"turns":4},{"damage":80,"enemies":"Time Eater","floor":50,"turns":4}],"seed_played":"7595182706165768025","potions_obtained":[{"floor":1,"key":"EssenceOfSteel"},{"floor":5,"key":"Poison Potion"},{"floor":6,"key":"SmokeBomb"},{"floor":14,"key":"Fruit Juice"},{"floor":18,"key":"EssenceOfSteel"},{"floor":31,"key":"SteroidPotion"},{"floor":33,"key":"Energy Potion"},{"floor":41,"key":"Fire Potion"},{"floor":47,"key":"FairyPotion"}],"is_trial":false,"path_per_floor":["M","?","?","M","M","E","R","?","T","M","R","T","R","M","R","B",null,"M","M","T","?","$","R","R","E","T","R","$","?","E","M","R","B",null,"M","$","M","?","?","R","E","?","T","R","$","M","M","T","R","B"],"character_chosen":"THE_SILENT","items_purchased":["Noxious Fumes","Apotheosis","TwistedFunnel","Poisoned Stab","Lee\u0027s Waffle","Turnip"],"campfire_rested":7,"item_purchase_floors":[22,22,22,22,28,45],"current_hp_per_floor":[63,63,63,61,61,20,39,36,36,33,33,33,33,31,52,47,64,47,8,8,8,8,29,50,32,32,32,77,77,51,40,63,11,61,42,42,32,32,32,55,55,55,55,55,55,55,17,17,40,0,0],"gold":232,"neow_bonus":"THREE_ENEMY_KILL","is_daily":false,"chose_seed":false,"campfire_upgraded":3,"win_rate":0.0,"timestamp":1612235790,"path_taken":["M","?","?","M","?","E","R","?","T","M","R","?","R","?","R","BOSS","M","M","?","?","$","R","R","E","T","R","?","?","E","M","R","BOSS","M","$","M","?","?","R","E","?","T","R","$","M","M","?","R","BOSS"],"items_purchased_type":["Card","Card","Relic","Card","Relic","Relic"],"build_version":"2020-12-22","purchased_purges":2,"victory":false,"max_hp_per_floor":[70,65,65,65,65,65,65,65,65,65,65,65,65,70,70,70,70,70,70,70,70,70,70,70,70,70,70,77,77,77,77,77,77,77,77,77,77,77,77,77,77,77,77,77,77,77,77,77,77,77,77],"card_choices":[{"not_picked":["Leg Sweep","Eviscerate"],"picked":"Bouncing Flask","floor":1},{"not_picked":["Prepared","Infinite Blades"],"picked":"Leg Sweep","floor":4},{"not_picked":["Flying Knee","Acrobatics"],"picked":"Backstab","floor":5},{"not_picked":["Eviscerate","Cloak And Dagger"],"picked":"Backstab","floor":6},{"not_picked":["Skewer","Eviscerate"],"picked":"Poisoned Stab","floor":10},{"not_picked":["Dodge and Roll","Backstab"],"picked":"Outmaneuver","floor":14},{"not_picked":["Die Die Die","Doppelganger"],"picked":"Night Terror","floor":16},{"not_picked":["Dodge and Roll","Blade Dance"],"picked":"Poisoned Stab","floor":18},{"not_picked":["Blade Dance","Poisoned Stab"],"picked":"Blur","floor":19},{"not_picked":["Dash","Tools of the Trade"],"picked":"Calculated Gamble+1","floor":25},{"not_picked":["Well Laid Plans+1","Bullet Time"],"picked":"Catalyst+1","floor":30},{"not_picked":["Distraction+1","Sucker Punch+1"],"picked":"Well Laid Plans+1","floor":31},{"not_picked":["A Thousand Cuts+1","Night Terror"],"picked":"Bullet Time","floor":33},{"not_picked":["Calculated Gamble+1","Caltrops+1"],"picked":"Prepared+1","floor":35},{"not_picked":["Heel Hook+1","Blade Dance+1"],"picked":"Acrobatics+1","floor":37},{"not_picked":["Finesse","Dramatic Entrance"],"picked":"PanicButton","floor":38},{"not_picked":["Prepared","Blur"],"picked":"Poisoned Stab","floor":41},{"not_picked":["Blur+1","PiercingWail+1","Underhanded Strike"],"picked":"SKIP","floor":46},{"not_picked":["Flying Knee","Riddle With Holes","Blur+1"],"picked":"SKIP","floor":47}],"player_experience":1321878,"relics_obtained":[{"floor":6,"key":"PreservedInsect"},{"floor":9,"key":"Pen Nib"},{"floor":12,"key":"InkBottle"},{"floor":20,"key":"Bottled Flame"},{"floor":25,"key":"Lantern"},{"floor":26,"key":"Frozen Egg 2"},{"floor":30,"key":"Shovel"},{"floor":41,"key":"StrikeDummy"},{"floor":44,"key":"Juzu Bracelet"},{"floor":48,"key":"Shuriken"}],"event_choices":[{"damage_healed":0,"gold_gain":0,"player_choice":"Lose Max HP","damage_taken":0,"relics_obtained":["Golden Idol"],"max_hp_gain":0,"max_hp_loss":5,"event_name":"Golden Idol","floor":2,"gold_loss":0},{"damage_healed":0,"gold_gain":0,"player_choice":"Rummage","damage_taken":0,"relics_obtained":["WarpedTongs"],"max_hp_gain":0,"max_hp_loss":0,"event_name":"Accursed Blacksmith","floor":3,"gold_loss":0,"cards_obtained":["Pain"]},{"damage_healed":0,"gold_gain":0,"player_choice":"Success","damage_taken":3,"relics_obtained":["WingedGreaves"],"max_hp_gain":0,"max_hp_loss":0,"event_name":"Scrap Ooze","floor":8,"gold_loss":0},{"damage_healed":0,"gold_gain":99,"player_choice":"Stole From Cult","damage_taken":0,"max_hp_gain":0,"max_hp_loss":0,"event_name":"Nest","floor":21,"gold_loss":0},{"damage_healed":0,"gold_gain":0,"player_choice":"Opened","damage_taken":0,"relics_obtained":["Tiny Chest"],"max_hp_gain":0,"max_hp_loss":0,"event_name":"The Mausoleum","floor":29,"gold_loss":0,"cards_obtained":["Writhe"]},{"damage_healed":0,"gold_gain":0,"player_choice":"Memory 1","damage_taken":0,"max_hp_gain":0,"max_hp_loss":0,"event_name":"SensoryStone","floor":38,"gold_loss":0},{"damage_healed":0,"gold_gain":333,"player_choice":"Gave Idol","damage_taken":0,"max_hp_gain":0,"max_hp_loss":0,"event_name":"The Moai Head","floor":39,"relics_lost":["Golden Idol"],"gold_loss":0},{"damage_healed":0,"gold_gain":0,"player_choice":"Ignored","damage_taken":0,"max_hp_gain":0,"max_hp_loss":0,"event_name":"Mysterious Sphere","floor":42,"gold_loss":0}],"is_beta":false,"boss_relics":[{"not_picked":["Ectoplasm","SacredBark"],"picked":"Philosopher\u0027s Stone"},{"not_picked":["SlaversCollar","Coffee Dripper"],"picked":"Snecko Eye"}],"items_purged_floors":[36,45],"is_endless":false,"potions_floor_spawned":[1,5,6,14,18,31,33,41,47],"killed_by":"Time Eater","ascension_level":7}}