{"host":"pletss163z7s8pvv","time":1612235947,"event":{"mods":["AchievementEnabler","BaseMod","Better Altar","Better Match","Better Note","Better Sensory Stone","Better Skull","Better Third Choice","BetterRewards","CapriCore","ChefMod","Colored Map","Colored Powertips","Conspire","Energized Spire","Evolution","GifTheSpireLib","Hermit","Ironclad Rager","Marked Mod","Minty Spire (QoL Compilation)","Retaliation","Spicy Shops","StS++","StSLib","The Alterego","The Blue Laboratory","The Cursed","The Disciple","The Forsaken"],"gold_per_floor":[116,16,35,35,65,65,97,155,155,255,266,5,5,5,5,126,126,190,190,205,3,20,20,55,55,128,128,155,155,173,184,184,316,316,329,0,0,11,33,33,61,61,61,100,111,136,158,68,68,68,68],"floor_reached":50,"language":"ENG","playtime":2163,"items_purged":[],"score":789,"play_id":"15ca4acc-7e31-40d7-8fd8-83311fe51e88","local_time":"20210201211907","is_ascension_mode":false,"campfire_choices":[{"floor":6,"key":"REST"},{"floor":15,"key":"REST"},{"floor":23,"key":"REST"},{"floor":25,"key":"REST"},{"floor":27,"key":"RECALL"},{"floor":32,"key":"REST"},{"floor":40,"key":"REST"},{"floor":42,"key":"REST"},{"floor":49,"key":"REST"}],"circlet_count":0,"master_deck":["Sweeping Beam+1","Sweeping Beam","Sweeping Beam","Sweeping Beam","Conserve Battery","Conserve Battery","Conserve Battery","Conserve Battery","Zap","Dualcast","Sweeping Beam+1","conspire:SpireCoStock","conspire:SpireCoStock","Storm","Sweeping Beam","Echo Form+1","Go for the Eyes+1","BootSequence","Doom and Gloom","DDmod:PlatedThornsSkill","Seek","Hologram+1","TheCursedMod:Hemoplague+1","Lockon","Chaos","Ball Lightning","Defragment","Aggregate+1","Sunder","Fusion","Amplify","White Noise","Panacea","Tempest","Streamline+1","White Noise+1","Undo","Barrage+1","Thunder Strike","Go for the Eyes+1","White Noise+1"],"relics":["Cracked Core","EVO:Axolotl","Membership Card","Vajra","Boot","Mummified Hand","StSpp:SailingBoat","Lizard Tail","Whetstone","StSpp:Balance","ClockworkSouvenir","Regal Pillow","Oddly Smooth Stone","Frozen Egg 2","theForsaken:Lifeblossom","Cursed Key","Anchor","Bag of Marbles","HandDrill","Centennial Puzzle","Sundial"],"acts_visited":["Exordium","TheCity","TheBeyond"],"potions_floor_usage":[24,24,28,33,33,33,35,50,50],"damage_taken":[{"damage":0,"enemies":"2 Louse","floor":1,"turns":2},{"damage":10,"enemies":"Small Slimes","floor":3,"turns":2},{"damage":9,"enemies":"Cultist","floor":5,"turns":4},{"damage":8,"enemies":"Exordium Thugs","floor":7,"turns":4},{"damage":26,"enemies":"3 Sentries","floor":8,"turns":3},{"damage":0,"enemies":"Blue Slaver","floor":11,"turns":3},{"damage":9,"enemies":"Slime Boss","floor":16,"turns":6},{"damage":12,"enemies":"Chosen","floor":18,"turns":5},{"damage":21,"enemies":"2 Thieves","floor":20,"turns":3},{"damage":25,"enemies":"Sentry and Sphere","floor":22,"turns":4},{"damage":13,"enemies":"conspire:Head Lice","floor":24,"turns":4},{"damage":44,"enemies":"Slavers","floor":28,"turns":3},{"damage":25,"enemies":"Snake Plant","floor":30,"turns":3},{"damage":23,"enemies":"Snecko","floor":31,"turns":4},{"damage":71,"enemies":"Champ","floor":33,"turns":9},{"damage":0,"enemies":"Orb Walker","floor":35,"turns":3},{"damage":50,"enemies":"3 Shapes","floor":38,"turns":4},{"damage":22,"enemies":"Spire Growth","floor":39,"turns":4},{"damage":35,"enemies":"Reptomancer","floor":41,"turns":5},{"damage":7,"enemies":"Jaw Worm Horde","floor":44,"turns":3},{"damage":31,"enemies":"Maw","floor":45,"turns":6},{"damage":22,"enemies":"Spire Growth","floor":46,"turns":4},{"damage":4,"enemies":"4 Shapes","floor":47,"turns":5},{"damage":101,"enemies":"Time Eater","floor":50,"turns":9}],"seed_played":"-5889659347137564158","potions_obtained":[{"floor":1,"key":"blueLaboratory:PhilterOfMotion"},{"floor":5,"key":"Fire Potion"},{"floor":7,"key":"FearPotion"},{"floor":20,"key":"SkillPotion"},{"floor":24,"key":"Fruit Juice"},{"floor":30,"key":"Explosive Potion"},{"floor":31,"key":"blueLaboratory:SystemWipe"},{"floor":35,"key":"Fruit Juice"},{"floor":44,"key":"BlessingOfTheForge"},{"floor":46,"key":"Fire Potion"},{"floor":47,"key":"blueLaboratory:RelayPotion"}],"is_trial":false,"path_per_floor":["M","?","M","?","M","R","M","E","T","?","M","$","?","?","R","B",null,"M","?","M","$","M","R","E","R","T","R","E","?","M","M","R","B",null,"M","$","?","M","M","R","E","R","T","M","M","M","M","?","R","B"],"character_chosen":"DEFECT","items_purchased":["Membership Card","Vajra","Lizard Tail","Whetstone","Doom and Gloom","ClockworkSouvenir","Chaos","Regal Pillow","Anchor","Bag of Marbles","HandDrill","Panacea","Tempest"],"campfire_rested":8,"item_purchase_floors":[0,0,12,12,12,21,21,21,36,36,36,36,36],"current_hp_per_floor":[70,70,60,65,56,80,72,46,46,46,46,46,46,46,70,61,82,70,70,49,49,24,63,55,87,87,87,43,43,23,6,47,43,87,92,92,92,43,27,69,40,82,82,80,55,39,41,41,83,0,0],"gold":68,"neow_bonus":"","is_daily":false,"chose_seed":false,"campfire_upgraded":0,"win_rate":0.0,"timestamp":1612235947,"path_taken":["M","?","M","?","M","R","M","E","T","?","?","$","?","?","R","BOSS","M","?","M","$","M","R","E","R","T","R","E","?","M","M","R","BOSS","M","$","?","M","M","R","E","R","T","M","?","M","M","?","R","BOSS"],"items_purchased_type":["Relic","Relic","Relic","Relic","Card","Relic","Card","Relic","Relic","Relic","Relic","Card","Card"],"build_version":"2020-12-22","purchased_purges":0,"victory":false,"max_hp_per_floor":[77,77,77,82,82,82,82,82,82,82,82,82,82,82,82,82,82,82,82,82,82,82,82,87,87,87,87,87,87,87,87,87,87,87,92,92,92,92,92,92,92,92,92,92,92,92,92,92,92,92,92],"card_choices":[{"not_picked":["Gash","StSpp:Fierceness"],"picked":"Sweeping Beam","floor":1},{"not_picked":["Leap","Skim"],"picked":"Storm","floor":3},{"not_picked":["Gash","Self Repair"],"picked":"Sweeping Beam","floor":5},{"not_picked":["Sweeping Beam","Conserve Battery"],"picked":"Echo Form","floor":7},{"not_picked":["Double Energy","Compile Driver"],"picked":"Go for the Eyes","floor":8},{"not_picked":["Gash","Beam Cell"],"picked":"BootSequence","floor":11},{"not_picked":["Meteor Strike","Machine Learning"],"picked":"Seek","floor":16},{"not_picked":["Blizzard+1","Consume"],"picked":"Hologram+1","floor":18},{"not_picked":["Steam+1","Hologram+1"],"picked":"Lockon","floor":20},{"not_picked":["Beam Cell","Gash"],"picked":"Ball Lightning","floor":22},{"not_picked":["Chaos","StSpp:Igniter"],"picked":"Defragment","floor":24},{"not_picked":["Reinforced Body","StSpp:TargetLocked"],"picked":"Aggregate+1","floor":28},{"not_picked":["Sweeping Beam","Redo"],"picked":"Sunder","floor":30},{"not_picked":["Reprogram","Cold Snap"],"picked":"Fusion","floor":31},{"not_picked":["All For One","Fission"],"picked":"Amplify","floor":33},{"not_picked":["Turbo+1","Ball Lightning"],"picked":"White Noise","floor":35},{"not_picked":["Hello World+1","Cold Snap"],"picked":"Streamline+1","floor":38},{"not_picked":["Genetic Algorithm+1","Fusion"],"picked":"White Noise+1","floor":39},{"not_picked":["Cold Snap","Rebound"],"picked":"Undo","floor":41},{"not_picked":["Leap","FTL+1"],"picked":"Barrage+1","floor":44},{"not_picked":["Compile Driver","Streamline"],"picked":"Thunder Strike","floor":45},{"not_picked":["Blizzard","Force Field+1"],"picked":"Go for the Eyes+1","floor":46},{"not_picked":["Hologram+1","Ball Lightning"],"picked":"White Noise+1","floor":47}],"player_experience":474985,"relics_obtained":[{"floor":8,"key":"Mummified Hand"},{"floor":9,"key":"StSpp:SailingBoat"},{"floor":24,"key":"Oddly Smooth Stone"},{"floor":28,"key":"Frozen Egg 2"},{"floor":41,"key":"Centennial Puzzle"},{"floor":43,"key":"Sundial"}],"event_choices":[{"damage_healed":0,"gold_gain":0,"player_choice":"Invest 2","damage_taken":0,"max_hp_gain":0,"max_hp_loss":0,"event_name":"conspire:Investor","floor":2,"gold_loss":0},{"damage_healed":0,"gold_gain":0,"player_choice":"Donut","damage_taken":0,"max_hp_gain":5,"max_hp_loss":0,"event_name":"Big Fish","floor":4,"gold_loss":0},{"damage_healed":0,"gold_gain":100,"player_choice":"Pray","damage_taken":0,"max_hp_gain":0,"max_hp_loss":0,"event_name":"Golden Shrine","floor":10,"gold_loss":0},{"cards_removed":["Seek"],"damage_healed":0,"gold_gain":0,"player_choice":"Take \u0026 Give","damage_taken":0,"max_hp_gain":0,"max_hp_loss":0,"event_name":"betterNote:BetterNote","floor":19,"gold_loss":0,"cards_obtained":["TheCursedMod:Hemoplague"]},{"damage_healed":0,"gold_gain":0,"player_choice":"Opened","damage_taken":0,"relics_obtained":["theForsaken:Lifeblossom"],"max_hp_gain":0,"max_hp_loss":0,"event_name":"The Mausoleum","floor":29,"gold_loss":0},{"damage_healed":0,"gold_gain":0,"player_choice":"Upgraded","damage_taken":0,"max_hp_gain":0,"max_hp_loss":0,"event_name":"Upgrade Shrine","floor":37,"gold_loss":0,"cards_upgraded":["Echo Form"]},{"cards_removed":["TheCursedMod:Dregs"],"damage_healed":0,"gold_gain":0,"player_choice":"Upgrade and Remove","damage_taken":0,"max_hp_gain":0,"max_hp_loss":0,"event_name":"Designer","floor":48,"gold_loss":90,"cards_upgraded":["Go for the Eyes"]}],"is_beta":false,"boss_relics":[{"not_picked":["Black Star","Fusion Hammer"],"picked":"StSpp:Balance"},{"not_picked":["StSpp:Magatama","energizedSpire:DeadBattery"],"picked":"Cursed Key"}],"items_purged_floors":[],"is_endless":false,"potions_floor_spawned":[1,5,7,20,24,30,31,35,44,46,47],"killed_by":"Time Eater","ascension_level":0}}