{"host":"rguvlafm46vqn9ib","time":1612259368,"event":{"mods":["2.2 Compatiblity","AchievementEnabler","Act Like it!","Arknights","Aspiration","BaseMod","Beaked The Cultist","Better Match","Better Note","Better Third Choice","BetterRewards","Colored Map","Downfall","Elementarium","GifTheSpireLib","Hermit","Highlight Path","Hubris","JesterMod","Mad Scientist","Minty Spire (QoL Compilation)","RRrroohrrRGHHhhh!!","Reliquary","Reorder Act Four","Replay The Spire","Retaliation","SCP261 Mod","Small Relic Pack","Spikes Relics","StSLib","Stuff the Spire","The Blackbeard","The Bug Knight","The Construct","The Death Knight","The Disciple","The Forsaken","The Judge","The Marked","The Mystic","The Necromancer","The Problem Sleuth","The Runesmith","TheSwordswoman"],"gold_per_floor":[109,125,137,49,64,95,95,126,149,40,40,40,55,88,88,190,190,202,221,33,52,52,156,156,171,171,181,181,191,191,191,191,288,288,298,298,298,19,34,34,34],"floor_reached":40,"language":"ENG","playtime":3751,"items_purged":[],"score":840,"play_id":"4427c7a3-2776-4f01-8cbd-b25907d852d5","local_time":"20210202094928","is_ascension_mode":true,"campfire_choices":[{"floor":7,"key":"REST"},{"data":"ats:Sashimi Platter","floor":12,"key":"SMITH"},{"floor":15,"key":"REST"},{"data":"ats:Magnetic Hammer","floor":24,"key":"SMITH"},{"data":"ats:Sunburst","floor":28,"key":"SMITH"},{"data":"ats:Ignite","floor":32,"key":"SMITH"}],"circlet_count":0,"master_deck":["ats:Strike C","ats:Strike G","ats:Strike S","ats:Strike V","ats:Armor Crushing Shot","ats:Defend","ats:Defend","ats:Defend","ats:Hammer On","ats:Automatic Cover","ats:Shell Defense","ats:Powerful Strike+1","ats:Curse Doll","ats:Sashimi Platter+1","ats:Sunburst","ats:Magnetic Hammer+1","ats:Thorns","ats:Apocalypse+1","ats:Flexible Camouflage","ats:Very Hot Blade","ats:Ambush","ats:Sunburst+1","ats:Shell Defense","ats:Explosion Area Strengthen+1","ats:Ignite+1","ats:Explosion Area Strengthen+1","ats:Closed Bolt Burst Fire","ats:Disruption Kick","ats:Beaten Up+1","ats:Support Order+1","ats:Ignite+1","ats:Ignite","ats:Sashimi Platter+1","Specialist","ats:Neurotoxin","ats:Cat Scratch+1"],"relics":["ats:Sanity","CrustySpines","ats:Originium","reliquary:Knoch","StuffTheSpire:ForceGauntlet","aspiration:Lifesprig","StuffTheSpire:TintedRock","Black Star","Oddly Smooth Stone","Shuriken","Juzu Bracelet","hubris:SphereOfDissonance","ats:Ability Aura","Astrolabe","Frozen Egg 2"],"acts_visited":["Exordium","TheCity","TheBeyond"],"potions_floor_usage":[2,14,19,29,29,33,40,40],"damage_taken":[{"damage":1,"enemies":"Cultist","floor":1,"turns":4},{"damage":1,"enemies":"2 Louse","floor":2,"turns":2},{"damage":3,"enemies":"Small Slimes","floor":3,"turns":4},{"damage":5,"enemies":"Looter","floor":5,"turns":2},{"damage":20,"enemies":"3 Sentries","floor":6,"turns":9},{"damage":28,"enemies":"Lagavulin","floor":8,"turns":6},{"damage":8,"enemies":"2 Fungi Beasts","floor":13,"turns":3},{"damage":38,"enemies":"Gremlin Nob","floor":14,"turns":5},{"damage":29,"enemies":"Slime Boss","floor":16,"turns":11},{"damage":14,"enemies":"Chosen","floor":18,"turns":5},{"damage":11,"enemies":"3 Byrds","floor":19,"turns":4},{"damage":27,"enemies":"Centurion and Healer","floor":21,"turns":7},{"damage":40,"enemies":"Slavers","floor":23,"turns":5},{"damage":22,"enemies":"Chosen and Byrds","floor":25,"turns":5},{"damage":10,"enemies":"Cultist and Chosen","floor":27,"turns":5},{"damage":3,"enemies":"Snecko","floor":29,"turns":4},{"damage":91,"enemies":"Pondfish","floor":33,"turns":14},{"damage":9,"enemies":"Orb Walker","floor":35,"turns":3},{"damage":14,"enemies":"3 Shapes","floor":39,"turns":4},{"damage":148,"enemies":"Giant Head","floor":40,"turns":10}],"seed_played":"-5265413920542709109","potions_obtained":[{"floor":1,"key":"SteroidPotion"},{"floor":8,"key":"SCP261:AppleJuicePotion"},{"floor":16,"key":"SCP261:SweetSwarmPotion"},{"floor":21,"key":"sneckomod:MuddlingPotion"},{"floor":27,"key":"SCP261:DewritoBlazePotion"},{"floor":29,"key":"GamblersBrew"},{"floor":33,"key":"SCP261:BarrettColaPotion"},{"floor":39,"key":"DeathKnight:BottledBloodEchoes"}],"is_trial":false,"path_per_floor":["M","M","M","$","M","E","R","E","T","$","?","R","M","E","R","B",null,"M","M","$","M","?","E","R","M","T","M","R","M","?","?","R","B",null,"M","?","?","$","M","E"],"character_chosen":"DOCTOR_CLASS","items_purchased":["CrustySpines","ats:Powerful Strike+1","ats:Curse Doll","ats:Thorns","ats:Apocalypse+1","Oddly Smooth Stone","ats:Sunburst","ats:Neurotoxin","Frozen Egg 2"],"campfire_rested":2,"item_purchase_floors":[0,4,4,10,10,20,20,38,38],"current_hp_per_floor":[61,60,57,57,52,44,65,52,52,52,52,52,54,42,66,62,80,71,65,65,69,69,52,52,48,48,63,63,76,79,80,80,30,80,71,74,77,77,78,0,0],"gold":34,"neow_bonus":"","is_daily":false,"chose_seed":false,"campfire_upgraded":4,"win_rate":0.0,"timestamp":1612259368,"path_taken":["M","M","M","$","M","E","R","E","T","?","?","R","M","E","R","BOSS","M","M","$","M","?","E","R","M","T","M","R","M","?","?","R","BOSS","M","?","?","$","M","E"],"items_purchased_type":["Relic","Card","Card","Card","Card","Relic","Card","Card","Relic"],"build_version":"2020-12-22","purchased_purges":0,"victory":false,"max_hp_per_floor":[72,72,72,72,72,72,72,72,72,72,72,72,72,80,80,80,80,80,80,80,80,80,80,80,80,80,80,80,80,80,80,80,80,80,80,80,80,80,80,80,80],"card_choices":[{"not_picked":["ats:Very Hot Blade","ats:LN2 Cannon"],"picked":"ats:Hammer On","floor":1},{"not_picked":["ats:Steam Pump","ats:Flexible Camouflage"],"picked":"ats:Automatic Cover","floor":2},{"not_picked":["ats:Blood Oath","ats:Leaping Hammer"],"picked":"ats:Shell Defense","floor":3},{"not_picked":["ats:True Silver Slash","ats:Curse Doll"],"picked":"ats:Sashimi Platter","floor":5},{"not_picked":["ats:Rapid Magazine","ats:Beaten Up"],"picked":"ats:Sunburst","floor":6},{"not_picked":["ats:Overload","ats:Rat Pack"],"picked":"ats:Magnetic Hammer","floor":8},{"not_picked":["ats:Shell Defense","ats:Consecutive Shot Auto"],"picked":"ats:Flexible Camouflage","floor":13},{"not_picked":["ats:Counter Healing Mode","ats:Soul Absorption"],"picked":"ats:Very Hot Blade","floor":14},{"not_picked":["ats:Shadow Assault","ats:True Silver Slash"],"picked":"ats:Ambush","floor":16},{"not_picked":["ats:Red Shift","ats:Absolute Focus","ats:Beaten Up+1"],"picked":"SKIP","floor":18},{"not_picked":["ats:Phantom","ats:Shell Defense"],"picked":"ats:Flexible Camouflage","floor":19},{"not_picked":["ats:Guard Mode","ats:Poison Spread"],"picked":"ats:Shell Defense","floor":21},{"not_picked":["ats:Very Hot Blade+1","ats:Directed Diagnosis"],"picked":"ats:Explosion Area Strengthen+1","floor":23},{"not_picked":["ats:Poison Spread+1","ats:Red Shift"],"picked":"ats:Ignite","floor":25},{"not_picked":["ats:Apocalypse","ats:Durian"],"picked":"ats:Explosion Area Strengthen+1","floor":27},{"not_picked":["ats:Directed Diagnosis","ats:Overload"],"picked":"ats:Closed Bolt Burst Fire","floor":29},{"not_picked":["ats:Volcano","ats:Ambush"],"picked":"ats:Disruption Kick","floor":33},{"not_picked":["ats:Cat Scratch+1","ats:Leaping Hammer+1"],"picked":"ats:Ignite","floor":35},{"not_picked":["Replay:Sssssssssshield","Finesse"],"picked":"Specialist","floor":37},{"not_picked":["ats:Apocalypse","ats:Guard Mode"],"picked":"ats:Cat Scratch+1","floor":39}],"player_experience":993686,"relics_obtained":[{"floor":6,"key":"ats:Originium"},{"floor":6,"key":"reliquary:Knoch"},{"floor":8,"key":"ats:Originium"},{"floor":8,"key":"StuffTheSpire:ForceGauntlet"},{"floor":9,"key":"aspiration:Lifesprig"},{"floor":14,"key":"ats:Originium"},{"floor":14,"key":"StuffTheSpire:TintedRock"},{"floor":23,"key":"ats:Originium"},{"floor":23,"key":"Shuriken"},{"floor":23,"key":"Juzu Bracelet"},{"floor":26,"key":"hubris:SphereOfDissonance"}],"event_choices":[{"damage_healed":0,"gold_gain":0,"player_choice":"Copied","damage_taken":0,"max_hp_gain":0,"max_hp_loss":0,"event_name":"Duplicator","floor":36,"gold_loss":0,"cards_obtained":["ats:Sashimi Platter"]},{"damage_healed":0,"gold_gain":0,"player_choice":"Memory 1","damage_taken":0,"max_hp_gain":0,"max_hp_loss":0,"event_name":"SensoryStone","floor":37,"gold_loss":0}],"is_beta":false,"boss_relics":[{"not_picked":["StuffTheSpire:RunicHypercube","relicPack:ShieldShield"],"picked":"Black Star"},{"not_picked":["rorgmod:Empty Cage","reliquary:RedCape"],"picked":"Astrolabe"}],"items_purged_floors":[],"is_endless":false,"potions_floor_spawned":[1,8,16,21,27,29,33,39],"killed_by":"Giant Head","ascension_level":1}}