{"host":"pnjthw6sukprvbcr","time":1612300371,"event":{"mods":["AchievementEnabler","BaseMod","Block Reminder","Highlight Path","Minty Spire (QoL Compilation)","Relic Stats"],"gold_per_floor":[217,235,253,97,172,198,198,198,198],"floor_reached":8,"language":"ENG","playtime":470,"items_purged":[],"score":59,"play_id":"d242d54d-baf2-4dbc-ab30-ad15a1e5ad48","local_time":"20210202161251","is_ascension_mode":true,"campfire_choices":[{"floor":7,"key":"REST"}],"circlet_count":0,"master_deck":["Strike_R","Strike_R","Strike_R","Strike_R","Strike_R","Defend_R","Defend_R","Defend_R","Defend_R","Bash","Whirlwind","Clothesline","Offering","Barricade"],"relics":["Burning Blood","Boot"],"acts_visited":["Exordium"],"potions_floor_usage":[6],"damage_taken":[{"damage":6,"enemies":"Jaw Worm","floor":1,"turns":6},{"damage":0,"enemies":"2 Louse","floor":2,"turns":1},{"damage":9,"enemies":"Cultist","floor":3,"turns":5},{"damage":55,"enemies":"3 Sentries","floor":6,"turns":10},{"damage":42,"enemies":"Lagavulin","floor":8,"turns":7}],"seed_played":"-2580624409568422283","potions_obtained":[{"floor":1,"key":"AttackPotion"},{"floor":3,"key":"Energy Potion"}],"is_trial":false,"path_per_floor":["M","M","M","$","?","E","R","E"],"character_chosen":"IRONCLAD","items_purchased":["Offering"],"campfire_rested":1,"item_purchase_floors":[4],"current_hp_per_floor":[80,80,77,77,66,17,41,0,0],"gold":198,"neow_bonus":"HUNDRED_GOLD","is_daily":false,"chose_seed":false,"campfire_upgraded":0,"win_rate":0.0,"timestamp":1612300371,"path_taken":["M","M","M","$","?","E","R","E"],"items_purchased_type":["Card"],"build_version":"2020-12-22","purchased_purges":0,"victory":false,"max_hp_per_floor":[80,80,80,80,80,80,80,80,80],"relic_stats":{"counters":[5,29],"Boot":[1],"obtain_stats":[{"Boot":6,"Burning Blood":0},{"Boot":4,"Burning Blood":0},{"Boot":22,"Burning Blood":0}],"Burning Blood":18},"card_choices":[{"not_picked":["Sword Boomerang","True Grit"],"picked":"Whirlwind","floor":1},{"not_picked":["Heavy Blade","Fire Breathing"],"picked":"Clothesline","floor":2},{"not_picked":["True Grit","Cleave","Reckless Charge"],"picked":"SKIP","floor":3},{"not_picked":["Body Slam","Shrug It Off"],"picked":"Barricade","floor":6}],"player_experience":193065,"relics_obtained":[{"floor":6,"key":"Boot"}],"event_choices":[{"damage_healed":0,"gold_gain":75,"player_choice":"Gather Gold","damage_taken":11,"max_hp_gain":0,"max_hp_loss":0,"event_name":"World of Goop","floor":5,"gold_loss":0}],"is_beta":false,"boss_relics":[],"items_purged_floors":[],"is_endless":false,"potions_floor_spawned":[1,3],"killed_by":"Lagavulin","ascension_level":1}}