{"host":"erjc6dqs793djrmy","time":1612296080,"event":{"mods":["BaseMod","Minty Spire (QoL Compilation)","StSLib","The Animator"],"gold_per_floor":[175,29,47,47,57,86,106,138,138,138,138,151,164,198,198,198,198],"floor_reached":16,"language":"ENG","playtime":1179,"items_purged":[],"score":189,"play_id":"8a30c309-4602-4580-a0ff-c06aa79c9158","local_time":"20210202150120","is_ascension_mode":true,"campfire_choices":[{"floor":10,"key":"REST"},{"floor":15,"key":"REST"}],"circlet_count":0,"master_deck":["AscendersBane","animator:Strike_TenSura","animator:Defend_TenSura","animator:Strike","animator:Strike","animator:Strike+1","animator:Defend","animator:Defend+1","animator:Defend","animator:Benimaru","animator:Shuna","animator:Layla+1","animator:Arpeggio","animator:Kuribayashi","animator:Vanir","animator:Kaijin","animator:Scar+1","animator:TukaLunaMarceau","animator:Tyuule","animator:TukaLunaMarceau","animator:ItamiYouji","animator:Vanir","animator:Tyuule","animator:Arpeggio"],"relics":["animator:TheMissingPiece","Tiny House","animator:ShionDessert","Darkstone Periapt","Bag of Marbles","NlothsMask","Whetstone"],"acts_visited":["Exordium"],"potions_floor_usage":[6,6,8,14],"damage_taken":[{"damage":0,"enemies":"Cultist","floor":1,"turns":3},{"damage":4,"enemies":"Small Slimes","floor":3,"turns":4},{"damage":0,"enemies":"2 Louse","floor":5,"turns":3},{"damage":16,"enemies":"3 Sentries","floor":6,"turns":4},{"damage":12,"enemies":"Lots of Slimes","floor":7,"turns":4},{"damage":22,"enemies":"Lagavulin","floor":8,"turns":4},{"damage":11,"enemies":"Blue Slaver","floor":12,"turns":2},{"damage":0,"enemies":"2 Fungi Beasts","floor":13,"turns":3},{"damage":9,"enemies":"3 Sentries","floor":14,"turns":5},{"damage":36,"enemies":"The Guardian","floor":16,"turns":2}],"seed_played":"-6414527213490435998","potions_obtained":[{"floor":0,"key":"LiquidMemories"},{"floor":3,"key":"Strength Potion"},{"floor":6,"key":"SpeedPotion"},{"floor":12,"key":"SpeedPotion"}],"is_trial":false,"path_per_floor":["M","$","M","?","M","E","M","E","T","R","?","M","M","E","R","B"],"character_chosen":"THE_ANIMATOR","items_purchased":["animator:Kuribayashi","animator:Vanir","animator:Kaijin"],"campfire_rested":2,"item_purchase_floors":[2,2,2],"current_hp_per_floor":[64,64,60,60,60,44,32,10,10,31,31,20,20,11,32,0,0],"gold":198,"neow_bonus":"BOSS_RELIC","is_daily":false,"chose_seed":false,"campfire_upgraded":0,"win_rate":0.0,"timestamp":1612296080,"path_taken":["M","$","M","?","M","E","M","E","T","R","?","M","?","E","R","BOSS"],"items_purchased_type":["Card","Card","Card"],"build_version":"2020-12-22","purchased_purges":0,"victory":false,"max_hp_per_floor":[71,71,71,71,71,71,71,71,71,71,71,71,71,71,71,71,71],"card_choices":[{"not_picked":["animator:YaoHaDucy","animator:Aqua"],"picked":"animator:Layla","floor":0},{"not_picked":["animator:IrohaTamaki","animator:Assassin"],"picked":"animator:Arpeggio","floor":1},{"not_picked":["animator:Kazuma","animator:Berserker"],"picked":"animator:Scar","floor":3},{"not_picked":["animator:YuiTsuruno","animator:Sloth"],"picked":"animator:TukaLunaMarceau","floor":5},{"not_picked":["animator:Kuribayashi","animator:TukaLunaMarceau"],"picked":"animator:Tyuule","floor":6},{"not_picked":["animator:Viivi","animator:Berserker"],"picked":"animator:TukaLunaMarceau","floor":7},{"not_picked":["animator:Arpeggio","animator:RinTohsaka"],"picked":"animator:ItamiYouji","floor":8},{"not_picked":["animator:MaesHughes","animator:AcuraTooru"],"picked":"animator:Vanir","floor":12},{"not_picked":["animator:Kuribayashi","animator:TukaLunaMarceau"],"picked":"animator:Tyuule","floor":13},{"not_picked":["animator:YuiTsuruno","animator:Shion"],"picked":"animator:Arpeggio","floor":14}],"player_experience":385603,"relics_obtained":[{"floor":6,"key":"animator:ShionDessert"},{"floor":8,"key":"Darkstone Periapt"},{"floor":9,"key":"Bag of Marbles"},{"floor":14,"key":"Whetstone"}],"event_choices":[{"damage_healed":0,"gold_gain":0,"player_choice":"Trade","damage_taken":0,"relics_obtained":["NlothsMask"],"max_hp_gain":0,"max_hp_loss":0,"event_name":"FaceTrader","floor":11,"gold_loss":0}],"is_beta":false,"boss_relics":[],"items_purged_floors":[],"is_endless":false,"potions_floor_spawned":[3,6,12],"killed_by":"The Guardian","ascension_level":11}}