{"host":"b2j09bgckbzjrujr","time":1612245409,"event":{"mods":["AchievementEnabler","Aspiration","BaseMod","BetterRewards","Colored Map","Colored Powertips","Conspire","Friendly Minions","Infinite Spire","Marisa£¨ìFÓê¡¡Ä§ÀíÉ³£©","Minty Spire (QoL Compilation)","Quick Restart","Rare Cards Sparkle","Reimu£¨²©ÀöÁéÃÎ£©","Remilia£¨ÀÙÃ×ÀòÑÇ£©","Replay The Spire","Shop Mod","StSLib","SuperFastMode","TestMod","The Cursed","The Jungle","The Servant 0.9.4","Waifu the Spire","Youmu£¨»êÆÇÑýÃÎ£©","Yuyuko","[IsaacMod]ÒÔÈö¼âËþ","¡¾¹¦ÄÜMod¡¿»ìãçÖ®»·ÐÞ¸´²¹¶¡"],"gold_per_floor":[114,129,129,129,129,129,167,167,167,186,205,205,224,262,262,377,377,396,396,396,355,355,393,393,393,393,402,421,421,421,381,381,476,476,495,580,599,599,449,449,486,486,535,535,535,553,590,627,627,627],"floor_reached":51,"language":"ZHS","playtime":1227,"items_purged":[],"score":984,"play_id":"cf61d9ed-d522-4bea-9674-487c997744a5","local_time":"20210202135649","daily_mods":["Chimera","Green Cards","Binary"],"is_ascension_mode":false,"campfire_choices":[{"data":"BloodyBrimstone","floor":6.0,"key":"SMITH"},{"data":"Eruption","floor":8.0,"key":"SMITH"},{"data":"Survivor","floor":15.0,"key":"SMITH"},{"floor":24.0,"key":"REST"},{"data":"KamiRite:ReiMu","floor":29.0,"key":"SMITH"},{"data":"Bash","floor":32.0,"key":"SMITH"},{"data":"Zap","floor":42,"key":"SMITH"},{"data":"Strike_R","floor":44,"key":"SMITH"},{"data":"infinitespire:FutureSight","floor":49,"key":"SMITH"},{"data":"Strike_G","floor":49,"key":"SMITH"}],"circlet_count":1,"master_deck":["Bash+1","Survivor+1","Zap+1","Eruption+1","Strike_R+1","Strike_G+1","Strike_B","Defend_R","Defend_G+1","Defend_P","BloodyBrimstone+1","Injury","Amnesia","BarrageOfMoneybags:ReiMu","KamiRite:ReiMu+1","BarrageOfMoneybags:ReiMu","infinitespire:FutureSight+1"],"relics":["FlyPower:ReiMu","testmod-TestBox","HushsDoor","Leech","testmod-IncinerationGenerator","Golden Idol","ReplayTheSpireMod:Ring of Collecting","Ring of Peace","Ring of Searing","Replay:Bottled Eggs","ReplayTheSpireMod:Ring of Challenge","testmod-Brilliant","Pantograph","testmod-HarvestTotem","GuppysPaw","GuppysCollar","MutagenicStrength","YumHeart","Runic Pyramid","testmod-Brilliant","aspiration:RitualStick","Replay:WaspNest","ReplayTheSpireMod:Ring of Sloth","aspiration:AnachronicSnailShell","ZunR:ReiMu","MagicMushroom","WingedGreaves","Circlet","testmod-FatalChain","testmod-Charity","Mummified Hand","Ring of Fury","Omamori","Replay:Arrowhead","Replay:Wax Seal"],"acts_visited":["Exordium","TheCity","TheBeyond"],"potions_floor_usage":[],"damage_taken":[{"damage":0.0,"enemies":"Cultist","floor":1.0,"turns":1.0},{"damage":0.0,"enemies":"Small Slimes","floor":2.0,"turns":2.0},{"damage":0.0,"enemies":"Lagavulin","floor":7.0,"turns":3.0},{"damage":5.0,"enemies":"2 Louse","floor":10.0,"turns":2.0},{"damage":15.0,"enemies":"Blue Slaver","floor":11.0,"turns":3.0},{"damage":0.0,"enemies":"Looter","floor":13.0,"turns":2.0},{"damage":0.0,"enemies":"3 Sentries","floor":14.0,"turns":1.0},{"damage":17.0,"enemies":"Hexaghost","floor":16.0,"turns":4.0},{"damage":5.0,"enemies":"2 Thieves","floor":18.0,"turns":2.0},{"damage":0.0,"enemies":"Chosen","floor":21.0,"turns":1.0},{"damage":35.0,"enemies":"Book of Stabbing","floor":23.0,"turns":5.0},{"damage":0.0,"enemies":"Snake Plant","floor":27.0,"turns":1.0},{"damage":0.0,"enemies":"Shelled Parasite and Fungi","floor":28.0,"turns":1.0},{"damage":23.0,"enemies":"Pondfish","floor":33.0,"turns":3.0},{"damage":0.0,"enemies":"3 Darklings","floor":35.0,"turns":1.0},{"damage":0.0,"enemies":"infinitespire:Three Voidlings","floor":36.0,"turns":1.0},{"damage":27.0,"enemies":"Nightmare_Alpha","floor":36.0,"turns":3.0},{"damage":0.0,"enemies":"Orb Walker","floor":37.0,"turns":1.0},{"damage":0,"enemies":"Reptomancer","floor":41,"turns":2},{"damage":10,"enemies":"Maw","floor":46,"turns":4},{"damage":15,"enemies":"Giant Head","floor":47,"turns":4},{"damage":13,"enemies":"Nemesis","floor":48,"turns":3},{"damage":31,"enemies":"Replay:Hell Engine","floor":50,"turns":4}],"seed_played":"-9070903199233054170","potions_obtained":[{"floor":7.0,"key":"Fire Potion"},{"floor":14.0,"key":"Milkshake"},{"floor":16.0,"key":"BlessingOfTheForge"},{"floor":37.0,"key":"Dexterity Potion"}],"is_trial":false,"path_per_floor":["M","M","$","?","?","R","E","R","T","M","M","T","M","E","R","B",null,"M","?","AVR","M","?","E","R","?","T","M","M","R","$","?","R","B",null,"M","?","M","AVR","$","R","E","R","T","R","?","M","E","E","R","B",null],"character_chosen":"REIMU","items_purchased":["GuppysPaw","GuppysCollar","BarrageOfMoneybags:ReiMu","testmod-Charity"],"campfire_rested":1,"item_purchase_floors":[17,17,17,39],"current_hp_per_floor":[62,62,62,62,62,62,59,59,59,55,43,43,45,46,46,43,92,87,87,87,92,74,47,92,92,92,92,92,92,92,92,92,86,106,106,101,101,101,101,101,115,115,117,117,117,113,110,107,107,96],"gold":627,"neow_bonus":"","is_daily":true,"chose_seed":false,"campfire_upgraded":9,"win_rate":0.0,"timestamp":1612245409,"path_taken":["M","?","$","?","?","R","E","R","T","M","M","?","?","E","R","BOSS","M","?","AVR","M","?","E","R","?","T","M","M","R","$","?","R","BOSS","M","?","M","AVR","$","R","E","R","T","R","?","M","E","E","R","BOSS"],"items_purchased_type":["Relic","Relic","Card","Relic"],"build_version":"2020-12-22","purchased_purges":0,"victory":true,"max_hp_per_floor":[62,62,62,62,62,62,59,59,59,59,59,59,59,59,59,59,92,92,92,92,92,92,92,92,92,92,92,92,92,92,92,92,92,106,106,113,113,113,113,113,115,115,117,117,117,119,121,123,123,120],"card_choices":[{"not_picked":[],"picked":"BloodyBrimstone","floor":0.0},{"not_picked":["SafetyPray:ReiMu","Amulet:ReiMu"],"picked":"SKIP","floor":1.0},{"not_picked":["TakeOff:ReiMu","Gathering:ReiMu"],"picked":"SKIP","floor":2.0},{"not_picked":["PassingAway:ReiMu","EmergencyTakeOff:ReiMu"],"picked":"SKIP","floor":7.0},{"not_picked":["EmergencyTakeOff:ReiMu","DoubleButterfly:ReiMu"],"picked":"SKIP","floor":10.0},{"not_picked":["LovePray:ReiMu","Meditation:ReiMu"],"picked":"SKIP","floor":11.0},{"not_picked":["SpringWay:ReiMu"],"picked":"BarrageOfMoneybags:ReiMu","floor":13.0},{"not_picked":["UniversalSpiritual:ReiMu","CollectionFlower2:ReiMu"],"picked":"SKIP","floor":14.0},{"not_picked":["OctopathSalyBorderN:ReiMu"],"picked":"KamiRite:ReiMu","floor":16.0},{"not_picked":["CareerPray:ReiMu","Amulet:ReiMu"],"picked":"SKIP","floor":18.0},{"not_picked":["YinYangSign:ReiMu","FoulBorder2:ReiMu"],"picked":"SKIP","floor":21.0},{"not_picked":["Meditation:ReiMu","YinYangSign:ReiMu"],"picked":"SKIP","floor":23.0},{"not_picked":["FoulBorder2:ReiMu","Revelation:ReiMu"],"picked":"SKIP","floor":27.0},{"not_picked":["Conquer:ReiMu+1","PayForSelf:ReiMu"],"picked":"SKIP","floor":28.0},{"not_picked":["Dreaming2:ReiMu+1","Revelation:ReiMu"],"picked":"SKIP","floor":35.0},{"not_picked":["infinitespire:Starlight","infinitespire:UltimateForm"],"picked":"infinitespire:FutureSight","floor":36.0},{"not_picked":["SubcavityInstant:ReiMu","Enchanting:ReiMu"],"picked":"SKIP","floor":37.0},{"not_picked":["Conquer:ReiMu","Crusade:ReiMu+1"],"picked":"SKIP","floor":41},{"not_picked":["EmergencyTakeOff:ReiMu+1","YinYangSange:ReiMu+1"],"picked":"SKIP","floor":46},{"not_picked":["NineCharacters:ReiMu+1","TightArray:ReiMu+1"],"picked":"SKIP","floor":47},{"not_picked":["NineCharacters:ReiMu+1","TightArray:ReiMu+1"],"picked":"SKIP","floor":47},{"not_picked":["SpreadBorder2:ReiMu","SpringWay:ReiMu+1"],"picked":"SKIP","floor":48}],"player_experience":94595,"relics_obtained":[{"floor":5.0,"key":"ReplayTheSpireMod:Ring of Collecting"},{"floor":5.0,"key":"Ring of Peace"},{"floor":7.0,"key":"Diplopia"},{"floor":9.0,"key":"Ring of Searing"},{"floor":9.0,"key":"Replay:Bottled Eggs"},{"floor":12.0,"key":"ReplayTheSpireMod:Ring of Challenge"},{"floor":12.0,"key":"testmod-Brilliant"},{"floor":14.0,"key":"Pantograph"},{"floor":23.0,"key":"Replay:WaspNest"},{"floor":26.0,"key":"ReplayTheSpireMod:Ring of Sloth"},{"floor":26.0,"key":"aspiration:AnachronicSnailShell"},{"floor":36.0,"key":"WingedGreaves"},{"floor":41,"key":"Mummified Hand"},{"floor":43,"key":"Ring of Fury"},{"floor":43,"key":"Omamori"},{"floor":47,"key":"Replay:Arrowhead"},{"floor":48,"key":"Replay:Wax Seal"}],"event_choices":[{"damage_healed":0.0,"max_hp_gain":0.0,"max_hp_loss":0.0,"gold_gain":0.0,"event_name":"Golden Idol","player_choice":"Take Wound","floor":4.0,"gold_loss":0.0,"damage_taken":0.0,"relics_obtained":["Golden Idol"],"cards_obtained":["Injury"]},{"damage_healed":0.0,"max_hp_gain":0.0,"max_hp_loss":0.0,"gold_gain":0.0,"event_name":"Drug Dealer","player_choice":"Inject Mutagens","floor":19.0,"gold_loss":0.0,"damage_taken":0.0,"relics_obtained":["MutagenicStrength"]},{"damage_healed":0.0,"max_hp_gain":0.0,"max_hp_loss":0.0,"gold_gain":0.0,"event_name":"ZunEvent","player_choice":"¹ºÂòÉñ¾Æ","floor":31.0,"gold_loss":40.0,"damage_taken":0.0,"relics_obtained":["ZunR:ReiMu"]},{"damage_healed":0.0,"max_hp_gain":0.0,"max_hp_loss":0.0,"gold_gain":0.0,"event_name":"ZunEvent","player_choice":"¹ºÂòÉñ¾Æ","floor":36.0,"gold_loss":40.0,"damage_taken":0.0,"relics_obtained":["ZunR:ReiMu"]},{"damage_healed":0,"gold_gain":0,"player_choice":"Ignored","damage_taken":0,"max_hp_gain":0,"max_hp_loss":0,"event_name":"¸ø×Ô¼ºµÄºÐ×Ó","floor":45,"gold_loss":0}],"is_beta":false,"boss_relics":[{"not_picked":["testmod-BloodSacrificeSpiritualization","aspiration:RunicSpoon"],"picked":"testmod-HarvestTotem"},{"not_picked":[]},{"not_picked":["testmod-Nine","Ring of Chaos"],"picked":"MagicMushroom"},{"not_picked":[]}],"items_purged_floors":[],"is_endless":false,"potions_floor_spawned":[1,7,14,16,21,27,28,35,37,47],"ascension_level":0}}