{"host":"hbvn1mkfq2iixsau","time":1612300756,"event":{"mods":["AchievementEnabler","Act Like it!","BaseMod","Better Altar","Better Match","Better Sensory Stone","Better Skull","Better Third Choice","Colored Map","Displayed Cursed Tome","Hermit","Minty Spire (QoL Compilation)","Quick Restart","Relic Stats","Shop Mod","StSLib"],"gold_per_floor":[112,112,37,37,37,72,72,105,132,132,166,180,215,232,232,337,337,347,347,364,399,399,434,127,141,141,153,179,193,193,193],"floor_reached":30,"language":"ENG","playtime":2221,"items_purged":["Regret"],"score":415,"play_id":"e39e093b-9e4a-4065-9988-32ecc7505b9c","local_time":"20210202231916","is_ascension_mode":true,"campfire_choices":[{"data":"1","floor":7,"key":"LIFT"},{"data":"2","floor":10,"key":"LIFT"},{"data":"3","floor":15,"key":"LIFT"}],"circlet_count":0,"master_deck":["hermit:Strike_Hermit","hermit:Strike_Hermit","hermit:Strike_Hermit","hermit:Strike_Hermit","hermit:Defend_Hermit","hermit:Defend_Hermit","hermit:Defend_Hermit","hermit:Defend_Hermit","hermit:Snapshot","hermit:Covet","hermit:LoneWolf","Burn","hermit:EyeOfTheStorm","hermit:HighCaliber","hermit:Enervate","hermit:WideOpen","hermit:Reprieve","hermit:GoldenBullet","hermit:FromBeyond+1","Discovery","hermit:Spite+1","hermit:ShadowCloak","hermit:FullyLoaded+1","Normality","hermit:Brawl+1","hermit:Malice"],"relics":["hermit:Momento","NeowsBlessing","Lantern","FaceOfCleric","Girya","Blue Candle","Orichalcum","Turnip","Anchor","Cursed Key","Red Mask","Happy Flower","FossilizedHelix","StoneCalendar","TungstenRod"],"acts_visited":["Exordium","TheCity"],"potions_floor_usage":[13,16,16,16,25,28],"damage_taken":[{"damage":0,"enemies":"Jaw Worm","floor":1,"turns":1},{"damage":0,"enemies":"Lagavulin","floor":6,"turns":1},{"damage":0,"enemies":"3 Sentries","floor":8,"turns":1},{"damage":33,"enemies":"Lagavulin","floor":11,"turns":6},{"damage":0,"enemies":"2 Louse","floor":12,"turns":2},{"damage":0,"enemies":"Gremlin Nob","floor":13,"turns":3},{"damage":0,"enemies":"Cultist","floor":14,"turns":2},{"damage":58,"enemies":"The Guardian","floor":16,"turns":10},{"damage":20,"enemies":"Spheric Guardian","floor":18,"turns":4},{"damage":0,"enemies":"Chosen","floor":20,"turns":4},{"damage":20,"enemies":"Masked Bandits","floor":21,"turns":5},{"damage":21,"enemies":"Gremlin Leader","floor":23,"turns":6},{"damage":0,"enemies":"Centurion and Healer","floor":25,"turns":4},{"damage":0,"enemies":"Snecko","floor":27,"turns":4},{"damage":26,"enemies":"Slavers","floor":28,"turns":6},{"damage":12,"enemies":"Snake Plant","floor":29,"turns":3},{"damage":20,"enemies":"Book of Stabbing","floor":30,"turns":3}],"seed_played":"-6497132595773972400","potions_obtained":[{"floor":6,"key":"PowerPotion"},{"floor":11,"key":"LiquidMemories"},{"floor":12,"key":"Energy Potion"},{"floor":14,"key":"Regen Potion"},{"floor":21,"key":"hermit:Tonic"},{"floor":23,"key":"Fire Potion"},{"floor":27,"key":"SteroidPotion"}],"is_trial":false,"path_per_floor":["M","?","$","?","?","E","R","E","T","R","E","M","E","M","R","B",null,"M","?","M","?","?","E","$","M","T","M","E","M","E"],"character_chosen":"HERMIT","items_purchased":["FossilizedHelix"],"campfire_rested":0,"item_purchase_floors":[24],"current_hp_per_floor":[75,75,75,75,75,76,76,77,77,77,45,46,47,48,48,9,82,63,63,64,45,45,29,29,34,34,43,22,11,0,0],"gold":193,"neow_bonus":"THREE_ENEMY_KILL","is_daily":false,"chose_seed":false,"campfire_upgraded":0,"win_rate":0.0,"timestamp":1612300756,"path_taken":["M","?","$","?","?","E","R","E","T","R","E","M","E","M","R","BOSS","M","?","M","?","?","E","$","M","T","?","E","M","E"],"items_purchased_type":["Relic"],"build_version":"2020-12-22","purchased_purges":1,"victory":false,"max_hp_per_floor":[75,75,75,75,75,76,76,77,77,77,78,79,80,81,81,82,82,83,83,84,85,85,86,86,87,87,88,89,90,90,90],"relic_stats":{"FaceOfCleric":15,"Happy Flower":[6],"counters":[17,65],"Blue Candle":[1],"StoneCalendar":[0],"Turnip":[5],"Orichalcum":[132],"Cursed Key":1,"obtain_stats":[{"Girya":6,"Lantern":2,"NeowsBlessing":0,"Happy Flower":23,"Blue Candle":8,"StoneCalendar":26,"Orichalcum":9,"Cursed Key":17,"Anchor":13,"FaceOfCleric":5,"Turnip":11,"Red Mask":21,"hermit:Momento":0,"FossilizedHelix":24,"TungstenRod":28},{"Girya":2,"Lantern":1,"NeowsBlessing":0,"Happy Flower":12,"Blue Candle":3,"StoneCalendar":13,"Orichalcum":3,"Cursed Key":8,"Anchor":6,"FaceOfCleric":1,"Turnip":4,"Red Mask":11,"hermit:Momento":0,"FossilizedHelix":12,"TungstenRod":15},{"Girya":2,"Lantern":1,"NeowsBlessing":0,"Happy Flower":45,"Blue Candle":3,"StoneCalendar":49,"Orichalcum":3,"Cursed Key":26,"Anchor":14,"FaceOfCleric":1,"Turnip":9,"Red Mask":39,"hermit:Momento":0,"FossilizedHelix":45,"TungstenRod":59}],"TungstenRod":5},"card_choices":[{"not_picked":["hermit:TrackingShot","hermit:GhostlyPresence"],"picked":"hermit:LoneWolf","floor":1},{"not_picked":["hermit:NoHoldsBarred","hermit:HighCaliber"],"picked":"hermit:EyeOfTheStorm","floor":6},{"not_picked":["hermit:Dive","hermit:Determination"],"picked":"hermit:HighCaliber","floor":8},{"not_picked":["hermit:GhostlyPresence","hermit:EyeOfTheStorm"],"picked":"hermit:Enervate","floor":11},{"not_picked":["hermit:Headshot","hermit:Snipe"],"picked":"hermit:WideOpen","floor":12},{"not_picked":["hermit:BigShot","hermit:Snipe"],"picked":"hermit:Reprieve","floor":13},{"not_picked":["hermit:LoneWolf","hermit:WideOpen"],"picked":"hermit:GoldenBullet","floor":14},{"not_picked":["hermit:Adapt","hermit:Reprieve"],"picked":"hermit:FromBeyond","floor":16},{"not_picked":["hermit:Headshot","hermit:LowProfile","hermit:Dive+1"],"picked":"SKIP","floor":18},{"not_picked":["Magnetism","PanicButton"],"picked":"Discovery","floor":19},{"not_picked":["hermit:HighCaliber","hermit:Coalescence"],"picked":"hermit:Spite+1","floor":20},{"not_picked":["hermit:Horror","hermit:Ricochet+1"],"picked":"hermit:ShadowCloak","floor":23},{"not_picked":["hermit:LuckOfTheDraw+1","hermit:Horror"],"picked":"hermit:FullyLoaded+1","floor":25},{"not_picked":["hermit:Roulette+1","hermit:LowProfile"],"picked":"hermit:Brawl+1","floor":27},{"not_picked":["hermit:LuckOfTheDraw","hermit:TrackingShot","hermit:Virtue+1"],"picked":"SKIP","floor":28},{"not_picked":["hermit:LoneWolf","hermit:Vantage"],"picked":"hermit:Malice","floor":29}],"player_experience":256442,"relics_obtained":[{"floor":6,"key":"Girya"},{"floor":8,"key":"Blue Candle"},{"floor":9,"key":"Orichalcum"},{"floor":11,"key":"Turnip"},{"floor":13,"key":"Anchor"},{"floor":21,"key":"Red Mask"},{"floor":23,"key":"Happy Flower"},{"floor":26,"key":"StoneCalendar"},{"floor":28,"key":"TungstenRod"}],"event_choices":[{"damage_healed":0,"gold_gain":0,"player_choice":"Box","damage_taken":0,"relics_obtained":["Lantern"],"max_hp_gain":0,"max_hp_loss":0,"event_name":"Big Fish","floor":2,"gold_loss":0,"cards_obtained":["Regret"]},{"damage_healed":75,"gold_gain":0,"player_choice":"Embrace Burn","damage_taken":0,"max_hp_gain":0,"max_hp_loss":75,"event_name":"betterThird:BetterShining","floor":4,"gold_loss":0},{"damage_healed":0,"gold_gain":0,"player_choice":"Trade","damage_taken":0,"relics_obtained":["FaceOfCleric"],"max_hp_gain":0,"max_hp_loss":0,"event_name":"FaceTrader","floor":5,"gold_loss":0},{"damage_healed":0,"gold_gain":2,"player_choice":"1","damage_taken":0,"max_hp_gain":0,"max_hp_loss":0,"event_name":"betterStone:BetterStone","floor":19,"gold_loss":0},{"damage_healed":0,"gold_gain":0,"player_choice":"Fought Bandits","damage_taken":0,"max_hp_gain":0,"max_hp_loss":0,"event_name":"Masked Bandits","floor":21,"gold_loss":0},{"damage_healed":0,"gold_gain":0,"player_choice":"Upgraded","damage_taken":0,"max_hp_gain":0,"max_hp_loss":0,"event_name":"Upgrade Shrine","floor":22,"gold_loss":0,"cards_upgraded":["hermit:FromBeyond"]}],"is_beta":false,"boss_relics":[{"not_picked":["Astrolabe","Calling Bell"],"picked":"Cursed Key"}],"items_purged_floors":[3],"is_endless":false,"potions_floor_spawned":[6,11,12,14,21,23,27],"killed_by":"Book of Stabbing","ascension_level":1}}