{"host":"6xsbn6ynqlzwllfm","time":1612289300,"event":{"mods":["2.2 Compatiblity","BaseMod","Bestiary","Colored Map","Colored Powertips","Curses Come First","Highlight Path","Keyboard Shortcuts","Minty Spire (QoL Compilation)","Relic Stats","Slay the Relics Exporter","StSLib","SuperFastMode"],"gold_per_floor":[113,131,27,41,56,91,91,116,139,97,125,200,200,213,213,287,287,268,310,48,67,79,114,114,145,145,145,189,220,220,263,263,371,371,441,483,526,70,70,70,70],"floor_reached":40,"language":"ENG","playtime":1244,"items_purged":["Strike_P","Strike_P"],"score":1011,"play_id":"4d40a372-2486-4293-86b2-0aed3993c006","local_time":"20210202130820","is_ascension_mode":true,"campfire_choices":[{"data":"Wallop","floor":7,"key":"SMITH"},{"data":"Wish","floor":13,"key":"SMITH"},{"data":"Wallop","floor":15,"key":"SMITH"},{"floor":24,"key":"REST"},{"floor":30,"key":"REST"},{"floor":32,"key":"REST"}],"circlet_count":0,"master_deck":["AscendersBane","Strike_P","Strike_P","Defend_P","Defend_P","Defend_P","Defend_P","Eruption","Vigilance","CutThroughFate","FollowUp","FlurryOfBlows","Weave","Wallop+1","FlurryOfBlows","FearNoEvil","Wallop+1","Wish+1","Wallop","Scrawl","Tantrum","EmptyFist+1","Evaluate+1","Pray+1","FlurryOfBlows","FlurryOfBlows","Scrawl+1","Pray+1","EmptyBody+1","Omniscience+1","DevaForm","Finesse+1"],"relics":["PureWater","Lantern","Regal Pillow","Happy Flower","Pen Nib","Cursed Key","Toxic Egg 2","Shuriken","Strawberry","StoneCalendar","Sozu","ClockworkSouvenir"],"acts_visited":["Exordium","TheCity","TheBeyond"],"potions_floor_usage":[8,8,22,23],"damage_taken":[{"damage":12,"enemies":"Cultist","floor":1,"turns":4},{"damage":0,"enemies":"Small Slimes","floor":2,"turns":2},{"damage":5,"enemies":"2 Louse","floor":4,"turns":3},{"damage":15,"enemies":"Lots of Slimes","floor":5,"turns":3},{"damage":3,"enemies":"Gremlin Nob","floor":6,"turns":3},{"damage":0,"enemies":"Lagavulin","floor":8,"turns":4},{"damage":3,"enemies":"Gremlin Nob","floor":11,"turns":3},{"damage":0,"enemies":"Gremlin Gang","floor":14,"turns":3},{"damage":7,"enemies":"The Guardian","floor":16,"turns":9},{"damage":20,"enemies":"2 Thieves","floor":18,"turns":5},{"damage":0,"enemies":"Chosen","floor":19,"turns":3},{"damage":12,"enemies":"3 Cultists","floor":21,"turns":3},{"damage":7,"enemies":"Shelled Parasite and Fungi","floor":22,"turns":3},{"damage":9,"enemies":"Slavers","floor":23,"turns":3},{"damage":2,"enemies":"Gremlin Leader","floor":25,"turns":3},{"damage":1,"enemies":"Chosen and Byrds","floor":28,"turns":5},{"damage":9,"enemies":"Book of Stabbing","floor":29,"turns":3},{"damage":30,"enemies":"Snake Plant","floor":31,"turns":3},{"damage":3,"enemies":"Collector","floor":33,"turns":5},{"damage":31,"enemies":"3 Shapes","floor":35,"turns":3},{"damage":14,"enemies":"Orb Walker","floor":36,"turns":4},{"damage":3,"enemies":"4 Shapes","floor":37,"turns":3},{"damage":39,"enemies":"Nemesis","floor":40,"turns":2}],"seed_played":"-7403712300693036242","potions_obtained":[{"floor":5,"key":"Strength Potion"},{"floor":6,"key":"GamblersBrew"},{"floor":11,"key":"Energy Potion"},{"floor":14,"key":"ColorlessPotion"},{"floor":25,"key":"SpeedPotion"},{"floor":28,"key":"Dexterity Potion"},{"floor":29,"key":"Regen Potion"},{"floor":31,"key":"EntropicBrew"}],"is_trial":false,"path_per_floor":["M","M","$","M","M","E","R","E","T","$","E","?","R","M","R","B",null,"M","M","$","M","M","E","R","E","T","?","M","E","R","M","R","B",null,"M","M","M","$","?","E"],"character_chosen":"WATCHER","items_purchased":["FlurryOfBlows","Wallop","Toxic Egg 2","ClockworkSouvenir","DevaForm","Finesse+1"],"campfire_rested":3,"item_purchase_floors":[3,10,20,38,38,38],"current_hp_per_floor":[55,55,55,50,35,32,32,32,32,32,29,18,18,18,18,11,58,38,38,38,26,19,10,47,52,52,52,51,42,81,51,81,78,80,49,35,32,32,32,0,0],"gold":70,"neow_bonus":"TEN_PERCENT_HP_BONUS","is_daily":false,"chose_seed":false,"campfire_upgraded":3,"win_rate":0.0,"timestamp":1612289300,"path_taken":["M","M","$","?","M","E","R","E","T","$","E","?","R","M","R","BOSS","M","M","$","M","M","E","R","E","T","?","M","E","R","?","R","BOSS","M","?","M","?","?","E"],"items_purchased_type":["Card","Card","Relic","Relic","Card","Card"],"build_version":"2020-12-22","purchased_purges":2,"victory":false,"max_hp_per_floor":[74,74,74,74,74,74,74,74,74,74,74,74,74,74,74,74,74,74,74,74,74,74,74,74,81,81,81,81,81,81,81,81,81,81,81,81,81,81,81,81,81],"relic_stats":{"Sozu":4,"Regal Pillow":36,"Happy Flower":[21],"counters":[23,82],"Shuriken":[31],"StoneCalendar":[0],"Pen Nib":[21],"Cursed Key":0,"obtain_stats":[{"Sozu":34,"Lantern":6,"Regal Pillow":8,"Happy Flower":9,"Shuriken":23,"Strawberry":25,"StoneCalendar":29,"Pen Nib":11,"PureWater":0,"Toxic Egg 2":20,"Cursed Key":17,"ClockworkSouvenir":38},{"Sozu":19,"Lantern":5,"Regal Pillow":6,"Happy Flower":6,"Shuriken":14,"Strawberry":15,"StoneCalendar":17,"Pen Nib":7,"PureWater":0,"Toxic Egg 2":11,"Cursed Key":9,"ClockworkSouvenir":22},{"Sozu":70,"Lantern":15,"Regal Pillow":19,"Happy Flower":19,"Shuriken":51,"Strawberry":54,"StoneCalendar":62,"Pen Nib":22,"PureWater":0,"Toxic Egg 2":42,"Cursed Key":34,"ClockworkSouvenir":80}]},"card_choices":[{"not_picked":["Prostrate","SashWhip"],"picked":"CutThroughFate","floor":1},{"not_picked":["Fasting2","JustLucky"],"picked":"FollowUp","floor":2},{"not_picked":["CrushJoints","PathToVictory"],"picked":"Weave","floor":4},{"not_picked":["ClearTheMind","SpiritShield"],"picked":"Wallop","floor":5},{"not_picked":["EmptyBody","Indignation"],"picked":"FlurryOfBlows","floor":6},{"not_picked":["FlurryOfBlows","ClearTheMind"],"picked":"FearNoEvil","floor":8},{"not_picked":["Crescendo","ClearTheMind"],"picked":"Wish","floor":11},{"not_picked":["FlurryOfBlows","ClearTheMind"],"picked":"Wallop","floor":14},{"not_picked":["LessonLearned","DeusExMachina"],"picked":"Scrawl","floor":16},{"not_picked":["EmptyBody","Worship"],"picked":"Tantrum","floor":18},{"not_picked":["PathToVictory","Meditate"],"picked":"EmptyFist+1","floor":19},{"not_picked":["ClearTheMind+1","Indignation+1"],"picked":"Evaluate+1","floor":21},{"not_picked":["SashWhip","Protect+1"],"picked":"Pray+1","floor":22},{"not_picked":["PathToVictory+1","ThirdEye+1"],"picked":"FlurryOfBlows","floor":23},{"not_picked":["Prostrate+1","Conclude"],"picked":"FlurryOfBlows","floor":25},{"not_picked":["WreathOfFlame+1","EmptyFist"],"picked":"Pray+1","floor":28},{"not_picked":["PathToVictory+1","Fasting2"],"picked":"EmptyBody+1","floor":31},{"not_picked":["Brilliance","LessonLearned"],"picked":"Omniscience+1","floor":33}],"player_experience":1380054,"relics_obtained":[{"floor":6,"key":"Lantern"},{"floor":8,"key":"Regal Pillow"},{"floor":9,"key":"Happy Flower"},{"floor":11,"key":"Pen Nib"},{"floor":23,"key":"Shuriken"},{"floor":25,"key":"Strawberry"},{"floor":29,"key":"StoneCalendar"}],"event_choices":[{"damage_healed":0,"gold_gain":75,"player_choice":"Gather Gold","damage_taken":11,"max_hp_gain":0,"max_hp_loss":0,"event_name":"World of Goop","floor":12,"gold_loss":0},{"damage_healed":0,"gold_gain":0,"player_choice":"Copied","damage_taken":0,"max_hp_gain":0,"max_hp_loss":0,"event_name":"Duplicator","floor":27,"gold_loss":0,"cards_obtained":["Scrawl"]},{"damage_healed":0,"gold_gain":0,"player_choice":"Got Potions","damage_taken":0,"max_hp_gain":0,"max_hp_loss":0,"event_name":"Lab","floor":39,"gold_loss":0}],"is_beta":false,"boss_relics":[{"not_picked":["Velvet Choker","Calling Bell"],"picked":"Cursed Key"},{"not_picked":["Tiny House","Astrolabe"],"picked":"Sozu"}],"items_purged_floors":[3,38],"is_endless":false,"potions_floor_spawned":[5,6,11,14,21,25,28,29,31,35,36],"killed_by":"Nemesis","ascension_level":20}}