{"host":"vhvubw4jk4f204qs","time":1612290035,"event":{"mods":["AchievementEnabler","BaseMod","DeckTracker","GifTheSpireLib","Minty Spire (QoL Compilation)","Permanent Neow","Quick Restart","StSLib","SuperFastMode","The IronCluck","slay the spire mod where everything is the same but ironclad has a cowboy hat"],"gold_per_floor":[315,48,48,62,18,51,61,71,71,81,115,115,157,181,181,263,263,263,287,287,19,19,19],"floor_reached":22,"language":"ENG","playtime":1810,"items_purged":[],"score":412,"play_id":"a9d50442-2004-4c19-a403-8107e4bd3c88","local_time":"20210202132035","is_ascension_mode":true,"campfire_choices":[{"floor":15.0,"key":"REST"}],"circlet_count":0,"master_deck":["AscendersBane","Strike_G","Strike_G","Strike_G","Strike_G","Strike_G","Defend_G+1","Defend_G","Defend_G","Defend_G","Defend_G","Survivor","Neutralize","Skewer+1","Flash of Steel","Cold Snap","Footwork","Swift Strike","Backflip","Barricade","Prostrate","Pommel Strike","Pommel Strike","Feed","Quick Slash"],"relics":["Ring of the Snake","Old Coin","PrismaticShard","Ancient Tea Set","Boot","Shuriken","CeramicFish","Philosopher\u0027s Stone","Nilry\u0027s Codex","Eternal Feather"],"acts_visited":["Exordium","TheCity"],"potions_floor_usage":[],"damage_taken":[{"damage":0.0,"enemies":"2 Louse","floor":1.0,"turns":4.0},{"damage":0.0,"enemies":"Small Slimes","floor":4.0,"turns":2.0},{"damage":2.0,"enemies":"3 Sentries","floor":6.0,"turns":10.0},{"damage":0.0,"enemies":"Jaw Worm","floor":7.0,"turns":4.0},{"damage":7.0,"enemies":"2 Fungi Beasts","floor":8.0,"turns":3.0},{"damage":6.0,"enemies":"3 Louse","floor":10.0,"turns":3.0},{"damage":9.0,"enemies":"Gremlin Nob","floor":11.0,"turns":4.0},{"damage":10.0,"enemies":"3 Sentries","floor":13.0,"turns":12.0},{"damage":0.0,"enemies":"Exordium Thugs","floor":14.0,"turns":5.0},{"damage":10.0,"enemies":"Slime Boss","floor":16.0,"turns":15.0},{"damage":2.0,"enemies":"Spheric Guardian","floor":18.0,"turns":3.0},{"damage":3.0,"enemies":"Chosen","floor":19.0,"turns":3.0},{"damage":21,"enemies":"Shelled Parasite and Fungi","floor":22,"turns":2}],"seed_played":"7039780597378485210","potions_obtained":[{"floor":1.0,"key":"GamblersBrew"},{"floor":4.0,"key":"CunningPotion"},{"floor":8.0,"key":"SmokeBomb"},{"floor":10.0,"key":"Ancient Potion"},{"floor":14.0,"key":"SpeedPotion"},{"floor":16.0,"key":"CunningPotion"}],"is_trial":false,"path_per_floor":["M","$","?","M","$","E","M","M","T","M","E","?","E","M","R","B",null,"M","M","?","$","M"],"character_chosen":"THE_SILENT","items_purchased":["PrismaticShard","Flash of Steel","Footwork","Eternal Feather"],"campfire_rested":1,"item_purchase_floors":[2,2,5,21],"current_hp_per_floor":[59,59,39,39,39,37,37,30,30,24,15,15,5,5,24,14,53,51,48,27,27,9,9],"gold":19,"neow_bonus":"ONE_RARE_RELIC","is_daily":false,"chose_seed":false,"campfire_upgraded":0,"win_rate":0.0,"timestamp":1612290035,"path_taken":["M","$","?","M","$","E","M","M","T","M","E","?","E","M","R","BOSS","M","M","?","$","M"],"items_purchased_type":["Relic","Card","Card","Relic"],"build_version":"2020-12-22","purchased_purges":0,"victory":false,"max_hp_per_floor":[66,66,66,66,66,66,66,66,66,66,66,66,66,66,66,66,66,66,66,66,66,69,69],"card_choices":[{"not_picked":["Well Laid Plans","Prepared"],"picked":"Skewer","floor":1.0},{"not_picked":["SandsOfTime","Blur"],"picked":"Cold Snap","floor":4.0},{"not_picked":["Halt","ClearTheMind"],"picked":"Swift Strike","floor":6.0},{"not_picked":["Evaluate","Steam"],"picked":"Backflip","floor":7.0},{"not_picked":["Havoc","PathToVictory"],"picked":"Barricade","floor":8.0},{"not_picked":["Endless Agony","Purity"],"picked":"Prostrate","floor":10.0},{"not_picked":["Dropkick","Steam","Stack"],"picked":"SKIP","floor":11.0},{"not_picked":["Setup","Fission"],"picked":"Pommel Strike","floor":13.0},{"not_picked":["Halt","EmptyFist"],"picked":"Pommel Strike","floor":14.0},{"not_picked":["Grand Finale","Demon Form"],"picked":"Feed","floor":16.0},{"not_picked":["Hello World+1","Blood for Blood"],"picked":"Quick Slash","floor":19.0}],"player_experience":759234,"relics_obtained":[{"floor":6.0,"key":"Ancient Tea Set"},{"floor":9.0,"key":"Boot"},{"floor":11.0,"key":"Shuriken"},{"floor":13.0,"key":"CeramicFish"},{"floor":20.0,"key":"Nilry\u0027s Codex"}],"event_choices":[{"damage_healed":0.0,"max_hp_gain":0.0,"max_hp_loss":0.0,"gold_gain":0.0,"event_name":"Shining Light","player_choice":"Entered Light","floor":3.0,"gold_loss":0.0,"damage_taken":20.0,"cards_upgraded":["Defend_G","Skewer"]},{"damage_healed":0.0,"max_hp_gain":0.0,"max_hp_loss":0.0,"gold_gain":0.0,"event_name":"Liars Game","player_choice":"Ignored","floor":12.0,"gold_loss":0.0,"damage_taken":0.0},{"damage_healed":0.0,"max_hp_gain":0.0,"max_hp_loss":0.0,"gold_gain":0.0,"event_name":"Cursed Tome","player_choice":"Obtained Book","floor":20.0,"gold_loss":0.0,"damage_taken":21.0}],"is_beta":false,"boss_relics":[{"not_picked":["Runic Dome","Coffee Dripper"],"picked":"Philosopher\u0027s Stone"}],"items_purged_floors":[],"is_endless":false,"potions_floor_spawned":[1,4,8,10,14,16],"killed_by":"Shelled Parasite and Fungi","ascension_level":20}}