{"host":"sum4dy402bbv9y4o","time":1612226553,"event":{"mods":["Aspiration","BaseMod","Conspire","Highlight Path","Minty Spire (QoL Compilation)","StSLib"],"gold_per_floor":[116,134,59,7,7,36,36,71,71,99,99,47,91,116,116,203,203,230,258,54,82,82,82,14,52,104,104,139,139,139,139],"floor_reached":30,"language":"ENG","playtime":1040,"items_purged":["Strike_P"],"score":634,"play_id":"d22002f7-f6da-44e4-b2eb-9047e6dda32c","local_time":"20210202034233","is_ascension_mode":true,"campfire_choices":[{"data":"Eruption","floor":7,"key":"SMITH"},{"data":"MentalFortress","floor":11,"key":"SMITH"},{"data":"CrushJoints","floor":15,"key":"SMITH"},{"floor":23,"key":"REST"},{"data":"TalkToTheHand","floor":27,"key":"SMITH"},{"floor":29,"key":"REST"}],"circlet_count":0,"master_deck":["AscendersBane","Strike_P","Strike_P","Defend_P","Defend_P","Defend_P","Defend_P","Eruption+1","Vigilance","FlurryOfBlows","CrushJoints+1","EmptyBody+1","EmptyBody","MentalFortress+1","FlyingSleeves+1","WaveOfTheHand","FlyingSleeves","LessonLearned","EmptyMind","FearNoEvil","BowlingBash","Conclude","TalkToTheHand+1","MentalFortress","EmptyBody","EmptyFist+1"],"relics":["PureWater","aspiration:Nostalgia","Burning Blood","Shovel","CaptainsWheel","aspiration:DSix","Regal Pillow","CeramicFish","conspire:Flyswatter","Potion Belt","Oddly Smooth Stone"],"acts_visited":["Exordium","TheCity"],"potions_floor_usage":[8,10,16,16,25,30],"damage_taken":[{"damage":3,"enemies":"Cultist","floor":1,"turns":4},{"damage":12,"enemies":"Small Slimes","floor":2,"turns":4},{"damage":16,"enemies":"Gremlin Nob","floor":6,"turns":3},{"damage":0,"enemies":"Lagavulin","floor":8,"turns":2},{"damage":12,"enemies":"3 Sentries","floor":10,"turns":9},{"damage":10,"enemies":"Lagavulin","floor":13,"turns":5},{"damage":0,"enemies":"Jaw Worm","floor":14,"turns":3},{"damage":44,"enemies":"Slime Boss","floor":16,"turns":8},{"damage":15,"enemies":"Shell Parasite","floor":18,"turns":5},{"damage":12,"enemies":"Chosen","floor":19,"turns":5},{"damage":15,"enemies":"Centurion and Healer","floor":21,"turns":6},{"damage":27,"enemies":"Slavers","floor":25,"turns":6},{"damage":36,"enemies":"Book of Stabbing","floor":28,"turns":7},{"damage":72,"enemies":"Gremlin Leader","floor":30,"turns":6}],"seed_played":"-1936422781211047609","potions_obtained":[{"floor":2,"key":"BottledMiracle"},{"floor":6,"key":"SteroidPotion"},{"floor":8,"key":"DistilledChaos"},{"floor":14,"key":"FearPotion"},{"floor":19,"key":"Strength Potion"},{"floor":28,"key":"Energy Potion"}],"is_trial":false,"path_per_floor":["M","M","?","$","?","E","R","E","T","E","R","$","E","M","R","B",null,"M","M","$","M","?","R","$","E","T","R","E","R","E"],"character_chosen":"WATCHER","items_purchased":["CrushJoints","FlyingSleeves","BowlingBash","Conclude","MentalFortress"],"campfire_rested":2,"item_purchase_floors":[4,12,20,20,24],"current_hp_per_floor":[64,58,58,58,68,58,58,64,64,58,58,58,54,60,60,22,57,48,42,42,33,33,68,68,47,47,47,17,52,0,0],"gold":139,"neow_bonus":"NOSTALGIA","is_daily":false,"chose_seed":false,"campfire_upgraded":4,"win_rate":0.0,"timestamp":1612226553,"path_taken":["M","M","?","$","?","E","R","E","T","E","R","$","E","M","R","BOSS","M","M","$","M","?","R","$","E","T","R","E","R","E"],"items_purchased_type":["Card","Card","Card","Card","Card"],"build_version":"2020-12-22","purchased_purges":1,"victory":false,"max_hp_per_floor":[68,68,68,68,68,68,68,68,68,68,68,68,68,68,68,68,68,68,68,68,68,68,68,68,68,68,68,68,68,68,68],"card_choices":[{"not_picked":["ClearTheMind","PathToVictory"],"picked":"FlurryOfBlows","floor":1},{"not_picked":["Prostrate","Pray","JustLucky"],"picked":"SKIP","floor":2},{"not_picked":["Pray","Protect"],"picked":"EmptyBody","floor":6},{"not_picked":["FollowUp","Swivel"],"picked":"EmptyBody","floor":8},{"not_picked":["EmptyFist","Prostrate"],"picked":"MentalFortress","floor":10},{"not_picked":["ThirdEye","Scrawl"],"picked":"WaveOfTheHand","floor":13},{"not_picked":["CrushJoints","ForeignInfluence"],"picked":"FlyingSleeves","floor":14},{"not_picked":["Devotion","Judgement"],"picked":"LessonLearned","floor":16},{"not_picked":["InnerPeace+1","SashWhip"],"picked":"EmptyMind","floor":18},{"not_picked":["EmptyBody","SandsOfTime"],"picked":"FearNoEvil","floor":19},{"not_picked":["EmptyFist","Wallop"],"picked":"TalkToTheHand","floor":21},{"not_picked":["SignatureMove","Pray"],"picked":"EmptyBody","floor":25},{"not_picked":["Protect","Blasphemy"],"picked":"EmptyFist+1","floor":28}],"player_experience":3027857,"relics_obtained":[{"floor":6,"key":"Shovel"},{"floor":8,"key":"CaptainsWheel"},{"floor":9,"key":"aspiration:DSix"},{"floor":10,"key":"Regal Pillow"},{"floor":13,"key":"CeramicFish"},{"floor":25,"key":"conspire:Flyswatter"},{"floor":26,"key":"Potion Belt"},{"floor":28,"key":"Oddly Smooth Stone"}],"event_choices":[{"cards_removed":["Strike_P"],"damage_healed":0,"gold_gain":0,"player_choice":"Card Removal","damage_taken":0,"max_hp_gain":0,"max_hp_loss":0,"event_name":"The Cleric","floor":3,"gold_loss":75},{"damage_healed":10,"gold_gain":0,"player_choice":"Full Heal","damage_taken":0,"max_hp_gain":0,"max_hp_loss":0,"event_name":"Wheel of Change","floor":5,"gold_loss":0},{"damage_healed":0,"gold_gain":0,"player_choice":"Ignored","damage_taken":0,"max_hp_gain":0,"max_hp_loss":0,"event_name":"Cursed Tome","floor":22,"gold_loss":0}],"is_beta":false,"boss_relics":[{"not_picked":["aspiration:RunicSpoon","Velvet Choker","aspiration:FutureDiary"]}],"items_purged_floors":[20],"is_endless":false,"potions_floor_spawned":[2,6,8,14,19,28],"killed_by":"Gremlin Leader","ascension_level":20}}