{"host":"sum4dy402bbv9y4o","time":1612299885,"event":{"mods":["Aspiration","BaseMod","Conspire","Highlight Path","Minty Spire (QoL Compilation)","StSLib"],"gold_per_floor":[359,36,36,36,52,52,67,87,87,114,114,132,145,157,157,231,231,247,270,270,280,21,56,2,2,2,21,21,21],"floor_reached":28,"language":"ENG","playtime":706,"items_purged":[],"score":530,"play_id":"63c3d6ba-a99f-4620-bb13-e1d82d014035","local_time":"20210203000445","is_ascension_mode":true,"campfire_choices":[{"floor":6,"key":"REST"},{"data":"TalkToTheHand","floor":15,"key":"SMITH"},{"floor":25,"key":"REST"}],"circlet_count":0,"master_deck":["AscendersBane","Strike_P","Strike_P+1","Strike_P+1","Defend_P","Defend_P","Defend_P","Defend_P","Eruption+1","Vigilance","TalkToTheHand+1","Halt","Conclude+1","Tantrum+1","ThirdEye","Adaptation","Protect","EmptyBody","Halt","Wish","CurseOfTheBell","FlurryOfBlows","LikeWater","FlurryOfBlows"],"relics":["PureWater","Shuriken","Gremlin Horn","aspiration:FrozenJewel","Calling Bell","Lantern","aspiration:StickyExplosives","aspiration:DSix","Happy Flower","Whetstone","Centennial Puzzle","Strawberry"],"acts_visited":["Exordium","TheCity"],"potions_floor_usage":[10,10,10,10,16,18,27,28],"damage_taken":[{"damage":7,"enemies":"Small Slimes","floor":1,"turns":3},{"damage":3,"enemies":"2 Louse","floor":5,"turns":3},{"damage":0,"enemies":"Cultist","floor":7,"turns":3},{"damage":0,"enemies":"Exordium Wildlife","floor":8,"turns":1},{"damage":0,"enemies":"Lagavulin","floor":10,"turns":2},{"damage":0,"enemies":"Lots of Slimes","floor":12,"turns":2},{"damage":0,"enemies":"3 Louse","floor":13,"turns":1},{"damage":0,"enemies":"Exordium Wildlife","floor":14,"turns":4},{"damage":7,"enemies":"Hexaghost","floor":16,"turns":7},{"damage":20,"enemies":"Spheric Guardian","floor":18,"turns":4},{"damage":0,"enemies":"Chosen","floor":21,"turns":2},{"damage":25,"enemies":"Slavers","floor":23,"turns":3},{"damage":21,"enemies":"Snecko","floor":27,"turns":5},{"damage":23,"enemies":"Chosen and Byrds","floor":28,"turns":3}],"seed_played":"5481115844135932321","potions_obtained":[{"floor":1,"key":"AttackPotion"},{"floor":5,"key":"EntropicBrew"},{"floor":12,"key":"Strength Potion"},{"floor":16,"key":"SkillPotion"},{"floor":21,"key":"BottledMiracle"},{"floor":27,"key":"Block Potion"}],"is_trial":false,"path_per_floor":["M","$","?","?","M","R","M","M","T","E","?","M","M","M","R","B",null,"M","T","?","M","$","E","$","R","T","M","M"],"character_chosen":"WATCHER","items_purchased":["Shuriken","Halt","Whetstone","LikeWater","ColorlessPotion"],"campfire_rested":2,"item_purchase_floors":[2,2,22,22,24],"current_hp_per_floor":[36,36,32,12,9,29,29,29,29,29,29,29,29,29,29,22,57,37,37,37,37,37,12,12,32,39,18,0,0],"gold":21,"neow_bonus":"TWO_FIFTY_GOLD","is_daily":false,"chose_seed":false,"campfire_upgraded":1,"win_rate":0.0,"timestamp":1612299885,"path_taken":["M","$","?","?","M","R","M","M","T","E","?","M","M","M","R","BOSS","M","?","?","M","$","E","$","R","T","M","?"],"items_purchased_type":["Relic","Card","Relic","Card","Potion"],"build_version":"2020-12-22","purchased_purges":0,"victory":false,"max_hp_per_floor":[68,68,68,68,68,68,68,68,68,68,68,68,68,68,68,68,68,68,68,68,68,68,68,68,68,75,75,75,75],"card_choices":[{"not_picked":["DeceiveReality","Prostrate"],"picked":"TalkToTheHand","floor":1},{"not_picked":["Crescendo","EmptyBody"],"picked":"Conclude","floor":5},{"not_picked":["Crescendo","CutThroughFate"],"picked":"Tantrum","floor":7},{"not_picked":["Crescendo","CutThroughFate"],"picked":"ThirdEye","floor":8},{"not_picked":["Protect","FlyingSleeves"],"picked":"Adaptation","floor":10},{"not_picked":["CutThroughFate","Pray"],"picked":"Protect","floor":12},{"not_picked":["Protect","Crescendo"],"picked":"EmptyBody","floor":13},{"not_picked":["FlyingSleeves","Crescendo"],"picked":"Halt","floor":14},{"not_picked":["Omniscience","Scrawl"],"picked":"Wish","floor":16},{"not_picked":["WreathOfFlame","ClearTheMind","CutThroughFate"],"picked":"SKIP","floor":18},{"not_picked":["CrushJoints","EmptyFist"],"picked":"FlurryOfBlows","floor":21},{"not_picked":["InnerPeace","CrushJoints","Omniscience"],"picked":"SKIP","floor":23},{"not_picked":["Protect","CutThroughFate"],"picked":"FlurryOfBlows","floor":27}],"player_experience":3035892,"relics_obtained":[{"floor":9,"key":"Gremlin Horn"},{"floor":10,"key":"aspiration:FrozenJewel"},{"floor":17,"key":"Lantern"},{"floor":17,"key":"aspiration:StickyExplosives"},{"floor":17,"key":"aspiration:DSix"},{"floor":19,"key":"Happy Flower"},{"floor":23,"key":"Centennial Puzzle"},{"floor":26,"key":"Strawberry"}],"event_choices":[{"damage_healed":0,"gold_gain":0,"player_choice":"Leave","damage_taken":0,"max_hp_gain":0,"max_hp_loss":0,"event_name":"conspire:Investor","floor":3,"gold_loss":0},{"damage_healed":0,"gold_gain":0,"player_choice":"Entered Light","damage_taken":20,"max_hp_gain":0,"max_hp_loss":0,"event_name":"Shining Light","floor":4,"gold_loss":0,"cards_upgraded":["Strike_P","Strike_P"]},{"cards_removed":["Strike_P"],"damage_healed":0,"gold_gain":0,"player_choice":"Purged","damage_taken":0,"max_hp_gain":0,"max_hp_loss":0,"event_name":"Purifier","floor":11,"gold_loss":0},{"damage_healed":0,"gold_gain":0,"player_choice":"Upgraded","damage_taken":0,"max_hp_gain":0,"max_hp_loss":0,"event_name":"Upgrade Shrine","floor":20,"gold_loss":0,"cards_upgraded":["Eruption"]}],"is_beta":false,"boss_relics":[{"not_picked":["aspiration:RunicSpoon","conspire:SeveredTorchhead"],"picked":"Calling Bell"}],"items_purged_floors":[],"is_endless":false,"potions_floor_spawned":[1,5,7,12,16,21,27],"killed_by":"Chosen and Byrds","ascension_level":20}}