{"host":"Ringo","time":1612268231,"event":{"mods":["BaseMod","Colored Map","Conspire","Dota2Spire","Hubris","Minty Spire (QoL Compilation)","Replay The Spire","StSLib","The Construct","[IsaacMod]ÒÔÈö¼âËþ","¡¾ÒÅÎï¿¨ÅÆ¡¿REMEMod"],"gold_per_floor":[99,116,131,146,161,187,213,245,245,271,299,15,55,84,84,158,158,178,191,223,62,126,198,253,327,327,359,425,6,64,108,108,285,285,312,352,352,382,482,539,588,640,640,709,769,179,216,267,267,343,411],"floor_reached":52,"language":"ZHS","playtime":1705,"items_purged":["Armaments","Armaments","Sword Boomerang"],"score":3506,"play_id":"cec7046f-3900-4c9b-bb17-4fb250eb1d2b","local_time":"20210202201711","daily_mods":["SealedDeck","Vintage","Colorless Cards","Heirloom","Time Dilation","Flight","DeadlyEvents","Elite Swarm","Lethality","Binary"],"is_ascension_mode":true,"campfire_choices":[{"data":"REME_Cut","floor":15,"key":"SMITH"},{"data":"Mayhem","floor":32,"key":"SMITH"},{"data":"1","floor":49,"key":"LIFT"}],"circlet_count":0,"master_deck":["Demon Form","Wraith Form v2","DevaForm","construct:SiegeForm","AscendersBane","BettingIsNotGood","REME_Scribble","Thunderclap","Flex","Flex","REME_Cut+1","Swift Strike","Pommel Strike","Shrug It Off","Meteor Strike","Discovery+1","Mayhem+1","Panache+1","Metallicize+1","Armaments+1","Reaper+1","Pummel+1","hubris:DuctTapeCard","Pot Of Greed","Pot Of Greed","Rupture+1","Pot Of Greed+1","ReplayTheSpireMod:Necrogeddon+1","Warcry+1"],"relics":["Burning Blood","Busted Crown","HushsDoor","REME_ComplimentaryCards","replay:Trail_Library","REME_IWantAll","GuppysTail","Dota2Spire:ShadowBlade","Girya","MealTicket","Replay:Mystery Machine","Thread and Needle","D6","Dota2Spire:EyeOfSkadi","Dota2Spire:HeartOfTarrasque","BookofShadows","Dota2Spire:Butterfly","Blood Vial","Golden Egg","hubris:Backtick","Replay:Baseball","GuppysCollar","SatanicBible","hubris:ChampionShield","Regal Pillow","Orichalcum","Replay:Bandana","HowToJump","PillsDrop","Bag of Marbles","hubris:BottledRain","Dota2Spire:BattleFury","Red Skull","Happy Flower","Onion Ring","hubris:PeanutButter","Gambling Chip","REME_DuelDisc","ReplayTheSpireMod:TigerMarble","Meat on the Bone","hubris:DuctTape","Dota2Spire:UrnOfShadows","Grinning Jar","REME_PuzzleBoxRelic","InkBottle","Blue Doll","Dota2Spire:AssaultCuirass","HornCleat","White Beast Statue","Prayer Wheel"],"acts_visited":["Exordium","TheCity","TheBeyond"],"potions_floor_usage":[10,11,16,18,51,51],"damage_taken":[{"damage":21.0,"enemies":"conspire:RoseBush","floor":2.0,"turns":2.0},{"damage":11.0,"enemies":"2 Louse","floor":3.0,"turns":2.0},{"damage":10.0,"enemies":"Jaw Worm","floor":4.0,"turns":2.0},{"damage":0.0,"enemies":"Lots of Slimes","floor":5.0,"turns":1.0},{"damage":14.0,"enemies":"Gremlin Nob","floor":6.0,"turns":3.0},{"damage":28.0,"enemies":"3 Sentries","floor":7.0,"turns":4.0},{"damage":0.0,"enemies":"Gremlin Nob","floor":8.0,"turns":2.0},{"damage":16,"enemies":"3 Sentries","floor":10,"turns":3},{"damage":2,"enemies":"Gremlin Nob","floor":11,"turns":3},{"damage":8,"enemies":"Replay:BlueRogue","floor":13,"turns":2},{"damage":16,"enemies":"3 Sentries","floor":14,"turns":3},{"damage":5,"enemies":"Slime Boss","floor":16,"turns":4},{"damage":0,"enemies":"3 Byrds","floor":18,"turns":1},{"damage":0,"enemies":"Chosen","floor":19,"turns":3},{"damage":16,"enemies":"Snake Plant","floor":20,"turns":1},{"damage":0,"enemies":"Snecko","floor":22,"turns":2},{"damage":2,"enemies":"Slavers","floor":23,"turns":3},{"damage":2,"enemies":"REME_1_Revenger","floor":24,"turns":2},{"damage":0,"enemies":"Book of Stabbing","floor":25,"turns":1},{"damage":0,"enemies":"Centurion and Healer","floor":27,"turns":2},{"damage":0,"enemies":"REME_1_Revenger","floor":28,"turns":3},{"damage":0,"enemies":"conspire:SneckoGhost","floor":30,"turns":2},{"damage":0,"enemies":"Slavers","floor":31,"turns":1},{"damage":0,"enemies":"Automaton","floor":33,"turns":4},{"damage":0,"enemies":"Orb Walker","floor":35,"turns":1},{"damage":0,"enemies":"3 Darklings","floor":36,"turns":1},{"damage":0,"enemies":"Spire Growth","floor":38,"turns":1},{"damage":0,"enemies":"R_Hoarder","floor":40,"turns":1},{"damage":23,"enemies":"Sphere and 2 Shapes","floor":41,"turns":2},{"damage":0,"enemies":"Nemesis","floor":42,"turns":1},{"damage":0,"enemies":"Reptomancer","floor":44,"turns":1},{"damage":0,"enemies":"R_Hoarder","floor":45,"turns":2},{"damage":0,"enemies":"Maw","floor":47,"turns":1},{"damage":0,"enemies":"Nemesis","floor":48,"turns":1},{"damage":0,"enemies":"Awakened One","floor":50,"turns":3},{"damage":0,"enemies":"hubris:GrandSnecko","floor":51,"turns":1}],"seed_played":"-9192720026682476036","potions_obtained":[{"floor":4.0,"key":"BlessingOfTheForge"},{"floor":5.0,"key":"BloodPotion"},{"floor":7.0,"key":"Dota2Spire:Clarity"},{"floor":10,"key":"Fire Potion"},{"floor":11,"key":"construct:ShiftPotion"},{"floor":14,"key":"Adrenaline Potion"},{"floor":16,"key":"Dota2Spire:HealingSalve"},{"floor":18,"key":"ElixirPotion"},{"floor":33,"key":"BlessingOfTheForge"},{"floor":48,"key":"ColorlessPotion"}],"is_trial":true,"path_per_floor":["?","M","M","M","M","E","E","E","T","E","E","$","E","E","R","B",null,"M","M","M","$","M","E","E","E","T","M","E","$","E","E","R","B",null,"M","M","$","M","?","E","M","E","T","E","E","$","M","E","R","B","B",null],"character_chosen":"IRONCLAD","items_purchased":["Mayhem","GuppysCollar","SatanicBible","Panache","Metallicize","Armaments","Reaper","Replay:Bandana","Onion Ring","Pummel","HornCleat","Rupture","ReplayTheSpireMod:Necrogeddon","Warcry+1"],"campfire_rested":0,"item_purchase_floors":[12,17,17,17,17,17,17,21,29,29,46,46,46,46],"current_hp_per_floor":[69,56,53,51,73,67,52,63,71,63,69,84,84,78,78,83,74,74,76,66,76,76,78,80,75,75,77,79,79,79,81,81,84,84,89,89,89,92,77,87,74,85,85,95,101,101,103,105,105,107,107],"gold":411,"neow_bonus":"","is_daily":false,"chose_seed":false,"campfire_upgraded":2,"win_rate":0.0,"timestamp":1612268231,"path_taken":["?","M","M","M","M","E","E","E","T","E","E","?","E","E","R","BOSS","M","M","M","$","M","E","E","E","T","M","E","$","E","E","R","BOSS","M","M","$","M","?","E","M","E","T","E","?","$","M","E","R","BOSS","BOSS"],"items_purchased_type":["Card","Relic","Relic","Card","Card","Card","Card","Relic","Relic","Card","Relic","Card","Card","Card"],"build_version":"2020-12-18","purchased_purges":3,"victory":true,"max_hp_per_floor":[76,78,80,82,82,84,86,91,99,101,103,103,105,107,107,109,74,74,76,76,76,76,78,80,75,75,77,79,79,79,81,81,84,84,89,89,89,92,92,94,96,99,99,101,101,101,103,105,105,107,107],"card_choices":[{"not_picked":["BettingIsNotGood"],"picked":"Singing Bowl","floor":0.0}],"player_experience":612511,"relics_obtained":[{"floor":2.0,"key":"Dota2Spire:ShadowBlade"},{"floor":3.0,"key":"Girya"},{"floor":4.0,"key":"MealTicket"},{"floor":5.0,"key":"Replay:Mystery Machine"},{"floor":6.0,"key":"Thread and Needle"},{"floor":7.0,"key":"D6"},{"floor":8.0,"key":"Dota2Spire:EyeOfSkadi"},{"floor":9.0,"key":"Dota2Spire:HeartOfTarrasque"},{"floor":10,"key":"BookofShadows"},{"floor":11,"key":"Dota2Spire:Butterfly"},{"floor":13,"key":"Blood Vial"},{"floor":14,"key":"Golden Egg"},{"floor":18,"key":"hubris:ChampionShield"},{"floor":19,"key":"Regal Pillow"},{"floor":20,"key":"Orichalcum"},{"floor":22,"key":"HowToJump"},{"floor":23,"key":"PillsDrop"},{"floor":24,"key":"Bag of Marbles"},{"floor":25,"key":"hubris:BottledRain"},{"floor":26,"key":"Dota2Spire:BattleFury"},{"floor":27,"key":"Red Skull"},{"floor":28,"key":"Happy Flower"},{"floor":30,"key":"hubris:PeanutButter"},{"floor":31,"key":"Gambling Chip"},{"floor":35,"key":"ReplayTheSpireMod:TigerMarble"},{"floor":36,"key":"Meat on the Bone"},{"floor":38,"key":"hubris:DuctTape"},{"floor":40,"key":"Dota2Spire:UrnOfShadows"},{"floor":41,"key":"Grinning Jar"},{"floor":42,"key":"REME_PuzzleBoxRelic"},{"floor":43,"key":"InkBottle"},{"floor":44,"key":"Blue Doll"},{"floor":45,"key":"Dota2Spire:AssaultCuirass"},{"floor":47,"key":"White Beast Statue"},{"floor":48,"key":"Prayer Wheel"}],"event_choices":[],"is_beta":true,"boss_relics":[{"not_picked":["Snecko Heart","hubris:HollowSoul"],"picked":"hubris:Backtick"},{"not_picked":[]},{"not_picked":["Replay:Bronze Core","Replay:Ancient Bell"],"picked":"REME_DuelDisc"},{"not_picked":[]}],"items_purged_floors":[12,29,46],"is_endless":false,"potions_floor_spawned":[4,5,7,10,11,14,16,18,24,25,28,31,33,36,38,42,44,47,48],"ascension_level":20}}