{"host":"wuernuywc9gl215o","time":1612283754,"event":{"mods":["AchievementEnabler","BaseMod","Block Reminder","Highlight Path","Key Reminder","Minty Spire (QoL Compilation)","Permanent Neow","Potion Indicator Mod","Quick Restart","Relic Stats"],"gold_per_floor":[111,123,142,159,159,192,192,211,211,229,264,264,275,302,302,381,381,395,413,413,433,433,433,446,446,471,185,185,215,130,130,142,228,240,267,290,317,380,392,404,3,3,27,44,56,85,85,96,96,96,96,96,96,13,48,48],"floor_reached":57,"language":"ENG","playtime":4680,"items_purged":["Writhe"],"score":2723,"play_id":"643ec2f9-882c-48bc-899e-cbe59abe79ae","local_time":"20210202163554","is_ascension_mode":true,"campfire_choices":[{"floor":7.0,"key":"REST"},{"data":"Whirlwind","floor":15.0,"key":"SMITH"},{"floor":23.0,"key":"REST"},{"data":"Bludgeon","floor":25.0,"key":"SMITH"},{"data":"Carnage","floor":28.0,"key":"SMITH"},{"floor":32.0,"key":"REST"},{"data":"Bash","floor":40.0,"key":"SMITH"},{"floor":42.0,"key":"REST"},{"floor":47.0,"key":"RECALL"},{"data":"Strike_R","floor":49.0,"key":"PURGE"},{"data":"Strike_R","floor":53.0,"key":"PURGE"}],"circlet_count":0,"master_deck":["AscendersBane","Strike_R","Strike_R","Strike_R","Defend_R","Defend_R","Defend_R","Defend_R","Bash+1","CurseOfTheBell","Shockwave+1","Carnage+1","Headbutt","Bloodletting+1","Bludgeon+1","Warcry+1","Whirlwind+1","Havoc+1","Disarm+1","Corruption","Shrug It Off+1","Spot Weakness+1","Entrench+1","Master of Strategy+1","Feed+1","Havoc+1","Burning Pact+1","Second Wind+1","Clothesline+1","Evolve","Apotheosis+1","Warcry+1","Entrench+1","Barricade","Feel No Pain","Dark Embrace","True Grit+1","Heavy Blade+1"],"relics":["Calling Bell","Boot","Toxic Egg 2","TungstenRod","Lantern","Pantograph","Pen Nib","Darkstone Periapt","Philosopher\u0027s Stone","Nilry\u0027s Codex","Bronze Scales","Blood Vial","Bag of Preparation","The Courier","MawBank","Snecko Eye","Peace Pipe","Membership Card","Bag of Marbles","Ginger","Du-Vu Doll","Strawberry"],"acts_visited":["Exordium","TheCity","TheBeyond","TheEnding"],"potions_floor_usage":[56],"damage_taken":[{"damage":4.0,"enemies":"2 Louse","floor":1.0,"turns":4.0},{"damage":14.0,"enemies":"Jaw Worm","floor":2.0,"turns":6.0},{"damage":0.0,"enemies":"Small Slimes","floor":3.0,"turns":3.0},{"damage":2.0,"enemies":"Looter","floor":4.0,"turns":3.0},{"damage":18.0,"enemies":"3 Sentries","floor":6.0,"turns":6.0},{"damage":5.0,"enemies":"3 Louse","floor":8.0,"turns":2.0},{"damage":2.0,"enemies":"Blue Slaver","floor":10.0,"turns":2.0},{"damage":2.0,"enemies":"Lagavulin","floor":11.0,"turns":4.0},{"damage":13.0,"enemies":"Exordium Thugs","floor":13.0,"turns":4.0},{"damage":18.0,"enemies":"3 Sentries","floor":14.0,"turns":4.0},{"damage":4.0,"enemies":"The Guardian","floor":16.0,"turns":8.0},{"damage":0.0,"enemies":"3 Byrds","floor":18.0,"turns":3.0},{"damage":8.0,"enemies":"2 Thieves","floor":19.0,"turns":3.0},{"damage":26.0,"enemies":"Snecko","floor":21.0,"turns":5.0},{"damage":7.0,"enemies":"Snake Plant","floor":24.0,"turns":3.0},{"damage":36.0,"enemies":"Gremlin Leader","floor":29.0,"turns":4.0},{"damage":69.0,"enemies":"Champ","floor":33.0,"turns":13.0},{"damage":8.0,"enemies":"3 Darklings","floor":35.0,"turns":3.0},{"damage":12.0,"enemies":"3 Shapes","floor":36.0,"turns":3.0},{"damage":0.0,"enemies":"Spire Growth","floor":37.0,"turns":3.0},{"damage":19.0,"enemies":"2 Orb Walkers","floor":38.0,"turns":4.0},{"damage":1.0,"enemies":"Sphere and 2 Shapes","floor":44.0,"turns":4.0},{"damage":12.0,"enemies":"Maw","floor":45.0,"turns":7.0},{"damage":7.0,"enemies":"Nemesis","floor":46.0,"turns":3.0},{"damage":0.0,"enemies":"Jaw Worm Horde","floor":48.0,"turns":1.0},{"damage":31.0,"enemies":"Awakened One","floor":50.0,"turns":7.0},{"damage":24.0,"enemies":"Donu and Deca","floor":51.0,"turns":6.0},{"damage":45.0,"enemies":"Shield and Spear","floor":55.0,"turns":5.0},{"damage":17,"enemies":"The Heart","floor":56,"turns":6}],"seed_played":"8126031964523859466","potions_obtained":[{"floor":1.0,"key":"Swift Potion"},{"floor":2.0,"key":"Ancient Potion"},{"floor":8.0,"key":"DuplicationPotion"},{"floor":11.0,"key":"BloodPotion"},{"floor":14.0,"key":"LiquidMemories"},{"floor":18.0,"key":"Weak Potion"},{"floor":24.0,"key":"EssenceOfSteel"},{"floor":29.0,"key":"BloodPotion"},{"floor":35.0,"key":"Fire Potion"},{"floor":36.0,"key":"LiquidMemories"},{"floor":38.0,"key":"Ancient Potion"},{"floor":55.0,"key":"FairyPotion"}],"is_trial":false,"path_per_floor":["M","M","M","M","?","E","R","M","T","M","E","?","M","E","R","B",null,"M","M","?","M","?","R","M","R","T","$","R","E","?","T","R","B",null,"M","M","M","?","?","R","$","R","T","M","M","E","R","M","R","B","B",null,"R","$","E","B",null],"character_chosen":"IRONCLAD","items_purchased":["Master of Strategy+1","Membership Card","Evolve","Apotheosis+1","Bag of Marbles","Ginger","Feel No Pain","Dark Embrace","True Grit+1"],"campfire_rested":4,"item_purchase_floors":[27,41,41,41,41,41,54,54,54],"current_hp_per_floor":[64,50,50,48,53,35,59,54,54,52,50,50,37,35,35,56,74,74,66,49,23,29,54,47,47,47,47,47,13,13,13,38,13,68,62,55,57,43,43,43,43,70,70,75,69,68,68,70,70,66,73,99,99,99,67,77],"gold":48,"neow_bonus":"BOSS_RELIC","is_daily":false,"chose_seed":false,"campfire_upgraded":4,"win_rate":0.0,"timestamp":1612283754,"path_taken":["M","M","M","M","?","E","R","M","T","M","E","?","M","E","R","BOSS","M","M","?","M","?","R","M","R","T","$","R","E","?","?","R","BOSS","M","M","M","?","?","R","$","R","T","?","M","E","R","M","R","BOSS","BOSS","R","$","E","BOSS"],"items_purchased_type":["Card","Relic","Card","Card","Relic","Relic","Card","Card","Card"],"build_version":"2020-12-22","purchased_purges":1,"victory":true,"max_hp_per_floor":[75,75,75,75,80,80,80,80,80,80,80,80,80,80,80,80,80,80,80,80,80,86,86,86,86,86,86,86,86,86,86,86,86,86,86,89,89,92,92,92,92,92,92,96,100,104,104,104,104,104,108,108,108,108,119,119],"relic_stats":{"Darkstone Periapt":6,"counters":[29,129],"Pen Nib":[18],"Bag of Preparation":[26],"Ginger":[7],"Boot":[27],"MawBank":120,"Blood Vial":28,"Peace Pipe":2,"Pantograph":125,"Bronze Scales":[215],"Snecko Eye":[111,142,137,113],"obtain_stats":[{"Darkstone Periapt":14,"Lantern":6,"Nilry\u0027s Codex":20,"Pen Nib":11,"The Courier":30,"Bag of Preparation":29,"Ginger":41,"Boot":0,"MawBank":31,"Burning Blood":0,"Calling Bell":0,"Blood Vial":26,"Peace Pipe":38,"keyreminder:keyreminder":43,"Du-Vu Doll":46,"Pantograph":9,"Bronze Scales":22,"Strawberry":55,"Snecko Eye":34,"Philosopher\u0027s Stone":17,"Bag of Marbles":41,"Membership Card":41,"Toxic Egg 2":0,"TungstenRod":0},{"Darkstone Periapt":10,"Lantern":5,"Nilry\u0027s Codex":13,"Pen Nib":8,"The Courier":16,"Bag of Preparation":16,"Ginger":21,"Boot":0,"MawBank":16,"Burning Blood":0,"Calling Bell":0,"Blood Vial":15,"Peace Pipe":21,"keyreminder:keyreminder":21,"Du-Vu Doll":24,"Pantograph":6,"Bronze Scales":14,"Strawberry":28,"Snecko Eye":17,"Philosopher\u0027s Stone":11,"Bag of Marbles":21,"Membership Card":21,"Toxic Egg 2":0,"TungstenRod":0},{"Darkstone Periapt":38,"Lantern":22,"Nilry\u0027s Codex":52,"Pen Nib":30,"The Courier":64,"Bag of Preparation":64,"Ginger":90,"Boot":0,"MawBank":64,"Burning Blood":0,"Calling Bell":0,"Blood Vial":60,"Peace Pipe":90,"keyreminder:keyreminder":90,"Du-Vu Doll":104,"Pantograph":24,"Bronze Scales":57,"Strawberry":123,"Snecko Eye":77,"Philosopher\u0027s Stone":46,"Bag of Marbles":90,"Membership Card":90,"Toxic Egg 2":0,"TungstenRod":0}],"TungstenRod":88},"card_choices":[{"not_picked":["Headbutt","Body Slam"],"picked":"Shockwave+1","floor":1.0},{"not_picked":["Ghostly Armor+1","Combust"],"picked":"Carnage","floor":2.0},{"not_picked":["Entrench+1","Thunderclap"],"picked":"Headbutt","floor":3.0},{"not_picked":["Perfected Strike","Twin Strike"],"picked":"Bloodletting+1","floor":4.0},{"not_picked":["Entrench+1","Combust"],"picked":"Bludgeon","floor":6.0},{"not_picked":["Iron Wave","Cleave","Twin Strike"],"picked":"SKIP","floor":8.0},{"not_picked":["Sword Boomerang","Twin Strike"],"picked":"Warcry+1","floor":10.0},{"not_picked":["Intimidate+1","Clash"],"picked":"Whirlwind","floor":11.0},{"not_picked":["Bloodletting+1","Entrench+1"],"picked":"Havoc+1","floor":13.0},{"not_picked":["Perfected Strike","Body Slam"],"picked":"Disarm+1","floor":14.0},{"not_picked":["Limit Break+1","Bludgeon"],"picked":"Corruption","floor":16.0},{"not_picked":["Sever Soul+1","Burning Pact+1"],"picked":"Shrug It Off+1","floor":18.0},{"not_picked":["Anger","Headbutt+1"],"picked":"Spot Weakness+1","floor":19.0},{"not_picked":["Iron Wave","Headbutt"],"picked":"Entrench+1","floor":21.0},{"not_picked":["Warcry+1","Infernal Blade+1","Pommel Strike"],"picked":"SKIP","floor":24.0},{"not_picked":["Bludgeon","Perfected Strike","Havoc+1"],"picked":"SKIP","floor":29.0},{"not_picked":["Berserk","Fiend Fire"],"picked":"Feed","floor":33.0},{"not_picked":["Clash","Twin Strike"],"picked":"Havoc+1","floor":35.0},{"not_picked":["Rampage+1","Warcry+1"],"picked":"Burning Pact+1","floor":36.0},{"not_picked":["Sever Soul","Anger"],"picked":"Second Wind+1","floor":37.0},{"not_picked":["Havoc+1","Seeing Red+1"],"picked":"Clothesline+1","floor":38.0},{"not_picked":["Iron Wave","Rampage","Intimidate+1"],"picked":"SKIP","floor":44.0},{"not_picked":["Flex+1","Fire Breathing"],"picked":"Warcry+1","floor":45.0},{"not_picked":["Shrug It Off+1","Dropkick"],"picked":"Entrench+1","floor":46.0},{"not_picked":["Intimidate+1","Body Slam"],"picked":"Barricade","floor":48.0},{"not_picked":["Thunderclap","Cleave"],"picked":"Heavy Blade+1","floor":55.0}],"player_experience":772282,"relics_obtained":[{"floor":0.0,"key":"Boot"},{"floor":0.0,"key":"Toxic Egg 2"},{"floor":0.0,"key":"TungstenRod"},{"floor":6.0,"key":"Lantern"},{"floor":9.0,"key":"Pantograph"},{"floor":11.0,"key":"Pen Nib"},{"floor":14.0,"key":"Darkstone Periapt"},{"floor":20.0,"key":"Nilry\u0027s Codex"},{"floor":26.0,"key":"Blood Vial"},{"floor":29.0,"key":"Bag of Preparation"},{"floor":31.0,"key":"MawBank"},{"floor":38.0,"key":"Peace Pipe"},{"floor":46.0,"key":"Du-Vu Doll"},{"floor":55.0,"key":"Strawberry"}],"event_choices":[{"damage_healed":0.0,"max_hp_gain":5.0,"max_hp_loss":0.0,"gold_gain":0.0,"event_name":"Big Fish","player_choice":"Donut","floor":5.0,"gold_loss":0.0,"damage_taken":0.0},{"damage_healed":0.0,"max_hp_gain":0.0,"max_hp_loss":0.0,"gold_gain":0.0,"event_name":"Shining Light","player_choice":"Ignored","floor":12.0,"gold_loss":0.0,"damage_taken":0.0},{"damage_healed":0.0,"max_hp_gain":0.0,"max_hp_loss":0.0,"gold_gain":0.0,"event_name":"Cursed Tome","player_choice":"Obtained Book","floor":20.0,"gold_loss":0.0,"damage_taken":21.0},{"damage_healed":0.0,"max_hp_gain":0.0,"max_hp_loss":0.0,"gold_gain":0.0,"event_name":"The Mausoleum","player_choice":"Opened","floor":22.0,"gold_loss":0.0,"damage_taken":0.0,"relics_obtained":["Bronze Scales"],"cards_obtained":["Writhe"]},{"damage_healed":0.0,"max_hp_gain":0.0,"max_hp_loss":0.0,"gold_gain":0.0,"event_name":"Addict","player_choice":"Obtained Relic","floor":30.0,"gold_loss":85.0,"damage_taken":0.0,"relics_obtained":["The Courier"]},{"damage_healed":0.0,"max_hp_gain":0.0,"max_hp_loss":0.0,"gold_gain":0.0,"event_name":"Mysterious Sphere","player_choice":"Fight","floor":38.0,"gold_loss":0.0,"damage_taken":0.0},{"damage_healed":0.0,"max_hp_gain":0.0,"max_hp_loss":0.0,"gold_gain":0.0,"event_name":"Upgrade Shrine","player_choice":"Upgraded","floor":39.0,"gold_loss":0.0,"damage_taken":0.0,"cards_upgraded":["Feed"]}],"is_beta":false,"boss_relics":[{"not_picked":["SacredBark","Black Star"],"picked":"Philosopher\u0027s Stone"},{"not_picked":["Fusion Hammer","Coffee Dripper"],"picked":"Snecko Eye"}],"items_purged_floors":[27],"is_endless":false,"potions_floor_spawned":[1,2,8,10,11,14,18,24,29,35,36,38,44,55],"ascension_level":20}}