{"host":"344lv32hnei0mdhu","time":1612235502,"event":{"mods":["Act Like it!","BaseMod","Better Match","Better Sensory Stone","Better Skull","Better Third Choice","Better Vampires","Colored Powertips","Highlight Path","Minty Spire (QoL Compilation)","Quick Restart","Random Character Button","Rare Cards Sparkle","StSLib"],"gold_per_floor":[112,112,112,127,127,160,7,34,34,65,65,76,88,113,113,214,214,233,246,19,118,28,28,48,80,155,175,194,109,128,21,21,117,117,133,53,53,67,67,67,82,100,100,100,119,135,135,135,135,135,135],"floor_reached":50,"language":"ENG","playtime":2584,"items_purged":["Strike_G"],"score":851,"play_id":"0a3aedf5-d13a-4543-a59d-c8bd91d1035a","local_time":"20210201211142","is_ascension_mode":true,"campfire_choices":[{"floor":11.0,"key":"REST"},{"floor":15.0,"key":"REST"},{"floor":23.0,"key":"REST"},{"floor":32.0,"key":"REST"},{"floor":40.0,"key":"REST"},{"floor":44.0,"key":"REST"},{"floor":49.0,"key":"RECALL"}],"circlet_count":0,"master_deck":["AscendersBane","Strike_G","Defend_G","Defend_G","Defend_G","Defend_G","Survivor","Neutralize","Terror+1","Noxious Fumes","Corpse Explosion","Noxious Fumes+1","Deflect","Die Die Die","Adrenaline","Crippling Poison+1","Unload+1","Backstab+1","Footwork+1","Footwork","Escape Plan","Masterful Stab","Caltrops","Doppelganger","Backstab","Masterful Stab+1","Footwork","Malaise","Doubt"],"relics":["Ring of the Snake","NeowsBlessing","Singing Bowl","PreservedInsect","Strawberry","Dream Catcher","Dead Branch","Astrolabe","MealTicket","Peace Pipe","Pear","Pen Nib","Sozu","Darkstone Periapt"],"acts_visited":["Exordium","TheCity","TheBeyond"],"potions_floor_usage":[],"damage_taken":[{"damage":0.0,"enemies":"2 Louse","floor":1.0,"turns":1.0},{"damage":0.0,"enemies":"Small Slimes","floor":4.0,"turns":1.0},{"damage":0.0,"enemies":"3 Sentries","floor":6.0,"turns":2.0},{"damage":17.0,"enemies":"Lagavulin","floor":8.0,"turns":8.0},{"damage":20.0,"enemies":"3 Sentries","floor":10.0,"turns":4.0},{"damage":6.0,"enemies":"Jaw Worm","floor":12.0,"turns":4.0},{"damage":5.0,"enemies":"Blue Slaver","floor":13.0,"turns":4.0},{"damage":25.0,"enemies":"Gremlin Nob","floor":14.0,"turns":4.0},{"damage":28.0,"enemies":"The Guardian","floor":16.0,"turns":12.0},{"damage":8.0,"enemies":"2 Thieves","floor":18.0,"turns":2.0},{"damage":16.0,"enemies":"3 Byrds","floor":19.0,"turns":4.0},{"damage":3.0,"enemies":"Snake Plant","floor":24.0,"turns":4.0},{"damage":24.0,"enemies":"Book of Stabbing","floor":25.0,"turns":6.0},{"damage":18.0,"enemies":"Snecko","floor":27.0,"turns":4.0},{"damage":1.0,"enemies":"Chosen and Byrds","floor":28.0,"turns":4.0},{"damage":19.0,"enemies":"Sentry and Sphere","floor":30.0,"turns":5.0},{"damage":106.0,"enemies":"Champ","floor":33.0,"turns":11.0},{"damage":0.0,"enemies":"3 Shapes","floor":35.0,"turns":1.0},{"damage":34.0,"enemies":"3 Darklings","floor":38.0,"turns":4.0},{"damage":25.0,"enemies":"Writhing Mass","floor":41.0,"turns":6.0},{"damage":29.0,"enemies":"Spire Growth","floor":42.0,"turns":4.0},{"damage":15.0,"enemies":"3 Darklings","floor":45.0,"turns":2.0},{"damage":4.0,"enemies":"4 Shapes","floor":46.0,"turns":3.0},{"damage":164,"enemies":"Time Eater","floor":50,"turns":15}],"seed_played":"-3040371702100439175","potions_obtained":[{"floor":1.0,"key":"Strength Potion"},{"floor":6.0,"key":"FairyPotion"},{"floor":14.0,"key":"Dexterity Potion"},{"floor":19.0,"key":"FairyPotion"},{"floor":33.0,"key":"Dexterity Potion"}],"is_trial":false,"path_per_floor":["M","$","?","M","?","E","$","E","T","E","R","M","M","E","R","B",null,"M","M","$","?","?","R","M","E","T","M","M","?","M","$","R","B",null,"M","$","?","M","?","R","M","M","T","R","M","M","?","?","R","B"],"character_chosen":"THE_SILENT","items_purchased":["PreservedInsect","MealTicket","Masterful Stab","Caltrops","Backstab"],"campfire_rested":6,"item_purchase_floors":[7,20,31,31,36],"current_hp_per_floor":[63,63,63,63,63,65,65,55,55,37,61,55,52,27,53,25,70,62,46,46,46,46,73,72,50,60,44,43,43,24,39,71,10,81,83,98,98,66,66,97,74,45,45,78,63,61,61,116,116,0,0],"gold":135,"neow_bonus":"THREE_ENEMY_KILL","is_daily":false,"chose_seed":false,"campfire_upgraded":0,"win_rate":0.0,"timestamp":1612235502,"path_taken":["M","$","?","M","?","E","$","E","T","E","R","M","M","E","R","BOSS","M","M","$","?","?","R","M","E","T","?","M","?","M","?","R","BOSS","M","$","?","M","?","R","M","M","T","R","M","M","?","?","R","BOSS"],"items_purchased_type":["Relic","Relic","Card","Card","Card"],"build_version":"2020-12-22","purchased_purges":1,"victory":false,"max_hp_per_floor":[70,70,70,70,70,72,72,79,79,81,81,81,83,83,85,85,85,85,85,85,85,85,87,89,91,101,103,103,103,103,103,105,105,105,107,107,102,104,104,104,106,106,106,108,108,110,110,116,116,116,116],"card_choices":[{"not_picked":["Sucker Punch","Poisoned Stab"],"picked":"Terror","floor":1.0},{"not_picked":["Masterful Stab","Bane"],"picked":"Noxious Fumes","floor":4.0},{"not_picked":["Backflip","Sucker Punch","Acrobatics"],"picked":"Singing Bowl","floor":6.0},{"not_picked":["Caltrops","Poisoned Stab"],"picked":"Corpse Explosion","floor":8.0},{"not_picked":["Dagger Spray","Finisher","Slice"],"picked":"Singing Bowl","floor":10.0},{"not_picked":["Terror","Setup"],"picked":"Noxious Fumes","floor":11.0},{"not_picked":["Quick Slash","Riddle With Holes"],"picked":"Deflect","floor":12.0},{"not_picked":["Slice","Backflip","Underhanded Strike"],"picked":"Singing Bowl","floor":13.0},{"not_picked":["Slice","Backflip"],"picked":"Die Die Die","floor":14.0},{"not_picked":["Reflex","Finisher","Infinite Blades"],"picked":"Singing Bowl","floor":15.0},{"not_picked":["Doppelganger","Phantasmal Killer"],"picked":"Adrenaline","floor":16.0},{"not_picked":["Accuracy","Eviscerate"],"picked":"Backstab+1","floor":18.0},{"not_picked":["Crippling Poison+1","Endless Agony+1"],"picked":"Footwork+1","floor":19.0},{"not_picked":["Heel Hook","Blade Dance","Poisoned Stab"],"picked":"Singing Bowl","floor":23.0},{"not_picked":["Slice+1","Sucker Punch","Underhanded Strike+1"],"picked":"Singing Bowl","floor":24.0},{"not_picked":["Outmaneuver","Poisoned Stab","Masterful Stab"],"picked":"Singing Bowl","floor":25.0},{"not_picked":["Underhanded Strike","Heel Hook","Flying Knee"],"picked":"Singing Bowl","floor":27.0},{"not_picked":["Backflip","Malaise"],"picked":"Footwork","floor":28.0},{"not_picked":["Backflip","Dodge and Roll"],"picked":"Escape Plan","floor":30.0},{"not_picked":["Leg Sweep","Flechettes+1","Bouncing Flask"],"picked":"Singing Bowl","floor":32.0},{"not_picked":["Glass Knife","Venomology"],"picked":"Doppelganger","floor":33.0},{"not_picked":["Cloak And Dagger","Slice+1","All Out Attack+1"],"picked":"Singing Bowl","floor":35.0},{"not_picked":["Dash","Backflip","Sucker Punch+1"],"picked":"Singing Bowl","floor":38.0},{"not_picked":["Deadly Poison","Quick Slash+1"],"picked":"Masterful Stab+1","floor":40.0},{"not_picked":["Masterful Stab+1","Expertise+1","Escape Plan"],"picked":"Singing Bowl","floor":41.0},{"not_picked":["Blade Dance+1","Dagger Throw+1"],"picked":"Footwork","floor":42.0},{"not_picked":["Deadly Poison+1","Prepared","Endless Agony+1"],"picked":"Singing Bowl","floor":44.0},{"not_picked":["Slice+1","Sucker Punch"],"picked":"Malaise","floor":45.0},{"not_picked":["Blur+1","Acrobatics","Leg Sweep+1"],"picked":"Singing Bowl","floor":46.0}],"player_experience":393739,"relics_obtained":[{"floor":6.0,"key":"Singing Bowl"},{"floor":8.0,"key":"Strawberry"},{"floor":10.0,"key":"Dream Catcher"},{"floor":14.0,"key":"Dead Branch"},{"floor":25.0,"key":"Peace Pipe"},{"floor":26.0,"key":"Pear"},{"floor":43.0,"key":"Darkstone Periapt"}],"event_choices":[{"damage_healed":0.0,"max_hp_gain":0.0,"max_hp_loss":0.0,"gold_gain":0.0,"event_name":"Living Wall","player_choice":"Grow","floor":3.0,"gold_loss":0.0,"damage_taken":0.0,"cards_upgraded":["Terror"]},{"damage_healed":0.0,"max_hp_gain":0.0,"max_hp_loss":0.0,"gold_gain":0.0,"event_name":"The Cleric","player_choice":"Leave","floor":5.0,"gold_loss":0.0,"damage_taken":0.0},{"damage_healed":0.0,"max_hp_gain":0.0,"max_hp_loss":0.0,"gold_gain":99.0,"event_name":"betterThird:BetterNest","player_choice":"Steal","floor":21.0,"gold_loss":0.0,"damage_taken":0.0},{"cards_removed":["Strike_G"],"damage_healed":0.0,"max_hp_gain":0.0,"max_hp_loss":0.0,"gold_gain":0.0,"event_name":"Designer","player_choice":"Upgrade and Remove","floor":22.0,"gold_loss":90.0,"damage_taken":0.0,"cards_upgraded":["Noxious Fumes"]},{"damage_healed":0.0,"max_hp_gain":0.0,"max_hp_loss":0.0,"gold_gain":0.0,"event_name":"Addict","player_choice":"Obtained Relic","floor":29.0,"gold_loss":85.0,"damage_taken":0.0,"relics_obtained":["Pen Nib"]},{"damage_healed":0.0,"max_hp_gain":0.0,"max_hp_loss":5.0,"gold_gain":0.0,"event_name":"Winding Halls","player_choice":"Max HP","floor":37.0,"gold_loss":0.0,"damage_taken":0.0},{"damage_healed":0.0,"max_hp_gain":0.0,"max_hp_loss":0.0,"gold_gain":0.0,"event_name":"Mysterious Sphere","player_choice":"Ignored","floor":39.0,"gold_loss":0.0,"damage_taken":0.0},{"cards_removed":["Bouncing Flask"],"damage_healed":0.0,"max_hp_gain":0.0,"max_hp_loss":0.0,"gold_gain":0.0,"event_name":"Falling","player_choice":"Removed Skill","floor":47.0,"gold_loss":0.0,"damage_taken":0.0},{"damage_healed":49.0,"max_hp_gain":0.0,"max_hp_loss":0.0,"gold_gain":0.0,"event_name":"MindBloom","player_choice":"Heal","floor":48.0,"gold_loss":0.0,"damage_taken":0.0,"cards_obtained":["Doubt"]}],"is_beta":false,"boss_relics":[{"not_picked":["Philosopher\u0027s Stone","Snecko Eye"],"picked":"Astrolabe"},{"not_picked":["Fusion Hammer","Pandora\u0027s Box"],"picked":"Sozu"}],"items_purged_floors":[20],"is_endless":false,"potions_floor_spawned":[1,6,14,19,25,33,41,45],"killed_by":"Time Eater","ascension_level":11}}