{"host":"0i8dz4ityulxi1rd","time":1612241368,"event":{"mods":["BaseMod","Colored Map","Colored Powertips","Custom Start","Highlight Path","Keyboard Shortcuts","Minty Spire (QoL Compilation)","StSLib","SuperFastMode"],"gold_per_floor":[117,192,203,203,203,235,249,280,326,326,352,370,96,116,116,195,195,214,89,109,109,109,144,169,181,193,205,217,217],"floor_reached":28,"language":"KOR","playtime":616,"items_purged":["Strike_R"],"score":562,"play_id":"da07ceaa-7682-40c0-9f0a-88ee194a7a4c","local_time":"20210202134928","is_ascension_mode":true,"campfire_choices":[{"data":"Demon Form","floor":10,"key":"SMITH"},{"data":"Heavy Blade","floor":15,"key":"SMITH"},{"floor":25,"key":"REST"},{"data":"Ghostly","floor":27,"key":"SMITH"}],"circlet_count":0,"master_deck":["AscendersBane","Strike_R","Strike_R","Defend_R","Defend_R","Defend_R","Defend_R","Bash","Twin Strike","Fire Breathing","Demon Form+1","Intimidate","Heavy Blade+1","Sword Boomerang","Feel No Pain","Spot Weakness","Headbutt+1","Ghostly+1","Ghostly","Ghostly","Battle Trance","Normality"],"relics":["Burning Blood","NeowsBlessing","Bottled Tornado","Oddly Smooth Stone","Akabeko","Mango","Medical Kit","Cursed Key","Letter Opener","MawBank","Prayer Wheel"],"acts_visited":["Exordium","TheCity"],"potions_floor_usage":[8,12,16,20,23,28],"damage_taken":[{"damage":0,"enemies":"2 Louse","floor":1,"turns":1},{"damage":0,"enemies":"Jaw Worm","floor":3,"turns":1},{"damage":0,"enemies":"3 Sentries","floor":6,"turns":3},{"damage":2,"enemies":"Cultist","floor":7,"turns":4},{"damage":35,"enemies":"Lagavulin","floor":8,"turns":5},{"damage":32,"enemies":"Gremlin Nob","floor":11,"turns":4},{"damage":18,"enemies":"Exordium Thugs","floor":12,"turns":5},{"damage":0,"enemies":"2 Fungi Beasts","floor":14,"turns":3},{"damage":6,"enemies":"Hexaghost","floor":16,"turns":7},{"damage":15,"enemies":"Shell Parasite","floor":18,"turns":2},{"damage":4,"enemies":"Spheric Guardian","floor":20,"turns":4},{"damage":37,"enemies":"Gremlin Leader","floor":23,"turns":6},{"damage":12,"enemies":"3 Cultists","floor":24,"turns":6},{"damage":35,"enemies":"Snake Plant","floor":28,"turns":5}],"seed_played":"1459678286531191711","potions_obtained":[{"floor":1,"key":"Fire Potion"},{"floor":8,"key":"EntropicBrew"},{"floor":16,"key":"GamblersBrew"},{"floor":18,"key":"Regen Potion"},{"floor":23,"key":"AttackPotion"},{"floor":24,"key":"Ancient Potion"}],"is_trial":false,"path_per_floor":["M","?","M","?","?","E","M","E","T","R","E","M","$","M","R","B",null,"M","$","M","?","?","E","M","R","T","R","M"],"character_chosen":"IRONCLAD","items_purchased":["Sword Boomerang","Medical Kit","Feel No Pain","Spot Weakness"],"campfire_rested":1,"item_purchase_floors":[13,13,19,19],"current_hp_per_floor":[74,63,69,62,62,68,72,43,43,43,31,19,19,25,25,25,73,64,64,66,44,44,23,17,30,30,30,0,0],"gold":217,"neow_bonus":"THREE_ENEMY_KILL","is_daily":false,"chose_seed":false,"campfire_upgraded":3,"win_rate":0.0,"timestamp":1612241368,"path_taken":["M","?","M","?","?","E","?","E","T","R","E","M","?","M","R","BOSS","M","$","M","?","?","E","?","R","T","R","M"],"items_purchased_type":["Card","Relic","Card","Card"],"build_version":"2020-12-22","purchased_purges":1,"victory":false,"max_hp_per_floor":[75,75,75,75,75,75,75,75,75,75,89,89,89,89,89,89,89,89,89,89,44,44,44,44,44,44,44,44,44],"card_choices":[{"not_picked":["Ghostly Armor","Headbutt"],"picked":"Twin Strike","floor":1},{"not_picked":["Wild Strike","Headbutt"],"picked":"Fire Breathing","floor":3},{"not_picked":["Sword Boomerang","Intimidate","Dual Wield"],"picked":"SKIP","floor":6},{"not_picked":["Hemokinesis","Havoc"],"picked":"Wild Strike","floor":7},{"not_picked":["Heavy Blade","Iron Wave"],"picked":"Demon Form","floor":8},{"not_picked":["Seeing Red","Perfected Strike"],"picked":"Intimidate","floor":11},{"not_picked":["Flex","Twin Strike"],"picked":"Heavy Blade","floor":12},{"not_picked":["Iron Wave","Infernal Blade","Sentinel"],"picked":"SKIP","floor":14},{"not_picked":["Thunderclap","Warcry","Searing Blow"],"picked":"SKIP","floor":18},{"not_picked":["Reckless Charge","Seeing Red"],"picked":"Headbutt+1","floor":20},{"not_picked":["True Grit","Headbutt+1","Sever Soul"],"picked":"SKIP","floor":23},{"not_picked":["Burning Pact","Wild Strike"],"picked":"Battle Trance","floor":24}],"player_experience":1323261,"relics_obtained":[{"floor":6,"key":"Bottled Tornado"},{"floor":8,"key":"Oddly Smooth Stone"},{"floor":9,"key":"Akabeko"},{"floor":11,"key":"Mango"},{"floor":23,"key":"MawBank"},{"floor":26,"key":"Prayer Wheel"}],"event_choices":[{"damage_healed":0,"gold_gain":75,"player_choice":"Gather Gold","damage_taken":11,"max_hp_gain":0,"max_hp_loss":0,"event_name":"World of Goop","floor":2,"gold_loss":0},{"cards_removed":["Strike_R"],"damage_healed":0,"gold_gain":0,"player_choice":"Card Removal","damage_taken":7,"max_hp_gain":0,"max_hp_loss":0,"event_name":"Golden Wing","floor":4,"gold_loss":0},{"cards_removed":["Strike_R"],"damage_healed":0,"gold_gain":0,"player_choice":"Card Removal","damage_taken":0,"max_hp_gain":0,"max_hp_loss":0,"event_name":"Wheel of Change","floor":5,"gold_loss":0},{"damage_healed":0,"gold_gain":0,"player_choice":"Became a Ghost","damage_taken":0,"max_hp_gain":0,"max_hp_loss":45,"event_name":"Ghosts","floor":21,"gold_loss":0,"cards_obtained":["Ghostly","Ghostly","Ghostly"]},{"cards_removed":["Wild Strike"],"damage_healed":0,"gold_gain":0,"player_choice":"Gave Card","damage_taken":0,"relics_obtained":["Letter Opener"],"max_hp_gain":0,"max_hp_loss":0,"event_name":"WeMeetAgain","floor":22,"gold_loss":0}],"is_beta":false,"boss_relics":[{"not_picked":["Astrolabe","Ectoplasm"],"picked":"Cursed Key"}],"items_purged_floors":[13],"is_endless":false,"potions_floor_spawned":[1,8,12,16,18,23,24],"killed_by":"Snake Plant","ascension_level":20}}