{"host":"zwezhz46a5cjkxff","time":1612247860,"event":{"mods":["AchievementEnabler","BaseMod","Colored Map","Colored Powertips","DeckTracker","Hermit","Minty Spire (QoL Compilation)","Permanent Neow","Quick Restart","Rare Cards Sparkle","Relic Stats","Robot Space Explorer","StSLib","SuperFastMode","The Hierophant","The Servant 0.9.4","Weighted Paths","slay the spire mod where everything is the same but ironclad has a cowboy hat"],"gold_per_floor":[116,131,81,98,273,308,318,318,318],"floor_reached":8,"language":"ENG","playtime":298,"items_purged":[],"score":58,"play_id":"48966432-e356-4cdf-9d60-e2428316411b","local_time":"20210202003740","is_ascension_mode":false,"campfire_choices":[],"circlet_count":0,"master_deck":["Strike_P","Strike_P","Strike_P","Strike_P","Defend_P","Defend_P","Defend_P","Defend_P","Eruption","Vigilance","DevaForm","Adaptation","Prostrate","Doubt","WindmillStrike","Protect"],"relics":["PureWater","Happy Flower"],"acts_visited":["Exordium"],"potions_floor_usage":[],"damage_taken":[{"damage":5,"enemies":"Small Slimes","floor":1,"turns":4},{"damage":10,"enemies":"Jaw Worm","floor":2,"turns":6},{"damage":0,"enemies":"2 Louse","floor":4,"turns":2},{"damage":41,"enemies":"Lagavulin","floor":6,"turns":12},{"damage":5,"enemies":"Looter","floor":7,"turns":4},{"damage":11,"enemies":"Gremlin Nob","floor":8,"turns":3}],"seed_played":"-1971021635256810612","potions_obtained":[],"is_trial":false,"path_per_floor":["M","M","?","M","?","E","M","E"],"character_chosen":"WATCHER","items_purchased":[],"campfire_rested":0,"item_purchase_floors":[],"current_hp_per_floor":[67,57,57,57,57,16,11,0,0],"gold":318,"neow_bonus":"THREE_RARE_CARDS","is_daily":false,"chose_seed":false,"campfire_upgraded":0,"win_rate":0.0,"timestamp":1612247860,"path_taken":["M","M","?","M","?","E","M","E"],"items_purchased_type":[],"build_version":"2020-12-22","purchased_purges":0,"victory":false,"max_hp_per_floor":[72,72,69,69,69,69,69,69,69],"relic_stats":{"Happy Flower":[2],"counters":[6,31],"obtain_stats":[{"Happy Flower":6,"PureWater":0},{"Happy Flower":4,"PureWater":0},{"Happy Flower":24,"PureWater":0}]},"card_choices":[{"not_picked":["DeusExMachina","Ragnarok"],"picked":"DevaForm","floor":0},{"not_picked":["ClearTheMind","CrushJoints","EmptyBody"],"picked":"SKIP","floor":1},{"not_picked":["Weave","Halt"],"picked":"Adaptation","floor":2},{"not_picked":["Crescendo","ClearTheMind"],"picked":"Prostrate","floor":4},{"not_picked":["Prostrate","EmptyBody"],"picked":"WindmillStrike","floor":6},{"not_picked":["EmptyFist","EmptyMind"],"picked":"Protect","floor":7}],"player_experience":60071,"relics_obtained":[{"floor":6,"key":"Happy Flower"}],"event_choices":[{"cards_removed":["Parasite"],"damage_healed":0,"gold_gain":0,"player_choice":"Card Removal","damage_taken":0,"max_hp_gain":0,"max_hp_loss":0,"event_name":"The Cleric","floor":3,"gold_loss":50},{"damage_healed":0,"gold_gain":175,"player_choice":"AGREE","damage_taken":0,"max_hp_gain":0,"max_hp_loss":0,"event_name":"Liars Game","floor":5,"gold_loss":0,"cards_obtained":["Doubt"]}],"is_beta":false,"boss_relics":[],"items_purged_floors":[],"is_endless":false,"potions_floor_spawned":[],"killed_by":"Gremlin Nob","ascension_level":0}}