{"host":"y7b1p9nkx4idorr2","time":1612276739,"event":{"mods":["AchievementEnabler","Act Like it!","BaseMod","Colored Map","Downfall","GifTheSpireLib","Googly Eyes","Highlight Path","Mimic Mod","Minty Spire (QoL Compilation)","Shop Mod","Spicy Shops","StSLib","Unceasing Turn Reminder"],"gold_per_floor":[99,112,22,34,47,147,195,195,195,227,377,377,377,377],"floor_reached":12,"language":"ENG","playtime":454,"items_purged":["champ:FanOfKnives"],"score":84,"play_id":"cdd0d08f-312b-43ad-a3dd-6f1aa84517f6","local_time":"20210202083859","is_ascension_mode":true,"campfire_choices":[{"data":"champ:Execute","floor":1,"key":"SMITH"},{"floor":9,"key":"RECALL"}],"circlet_count":0,"master_deck":["champ:Strike","champ:Strike","champ:Strike","champ:Strike","champ:Defend","champ:Defend","champ:Defend","champ:Defend","champ:Execute+1","champ:Taunt","champ:FancyFootwork","champ:Endure","champ:SwordSigil","champ:DeathBlow","champ:FanOfKnives","downfall:Icky"],"relics":["champ:ChampionCrown","Unceasing Top","Champion Belt","hexamod:BolsterEngine","Sundial"],"acts_visited":["Exordium"],"potions_floor_usage":[6],"damage_taken":[{"damage":10,"enemies":"Cultist","floor":2,"turns":4},{"damage":20,"enemies":"downfall:FleeingMerchant","floor":3,"turns":4},{"damage":19,"enemies":"2 Louse","floor":4,"turns":3},{"damage":19,"enemies":"Small Slimes","floor":5,"turns":5},{"damage":62,"enemies":"Small Slimes","floor":6,"turns":5},{"damage":59,"enemies":"Gremlin Nob","floor":10,"turns":5},{"damage":15,"enemies":"Lagavulin","floor":12,"turns":3}],"seed_played":"-1027611235683876229","potions_obtained":[{"floor":5,"key":"Fire Potion"},{"floor":10,"key":"SteroidPotion"}],"is_trial":false,"path_per_floor":["R","M","$","M","M","?","T","?","R","E","?","E"],"character_chosen":"THE_CHAMP","items_purchased":[],"campfire_rested":0,"item_purchase_floors":[],"current_hp_per_floor":[90,90,90,81,72,40,40,40,40,15,15,0,0,0],"gold":377,"neow_bonus":"ONE_RARE_RELIC","is_daily":false,"chose_seed":false,"campfire_upgraded":1,"win_rate":0.0,"timestamp":1612276739,"path_taken":["R","M","$","M","M","?","T","?","R","E","?","E"],"items_purchased_type":[],"build_version":"2020-12-22","purchased_purges":1,"victory":false,"max_hp_per_floor":[90,90,90,90,90,90,90,90,90,90,90,90,90,90],"card_choices":[{"not_picked":["champ:ShieldSigil","champ:PreemptiveStrike"],"picked":"champ:FanOfKnives","floor":2},{"not_picked":["champ:BladeFlurry","champ:TornadoPunch"],"picked":"champ:FancyFootwork","floor":3},{"not_picked":["champ:ShieldSigil","champ:Circumvent"],"picked":"champ:Endure","floor":4},{"not_picked":["champ:Encircle","champ:Endure"],"picked":"champ:SwordSigil","floor":5},{"not_picked":["champ:EnGarde","champ:FocusedDefense"],"picked":"champ:DeathBlow","floor":6},{"not_picked":["champ:PerfectedStrike","champ:DeathBlow"],"picked":"champ:FanOfKnives","floor":10}],"player_experience":2264572,"relics_obtained":[{"floor":6,"key":"Champion Belt"},{"floor":7,"key":"hexamod:BolsterEngine"},{"floor":10,"key":"Sundial"}],"event_choices":[{"cards_removed":["Doubt"],"damage_healed":0,"gold_gain":0,"player_choice":"Card Removal","damage_taken":0,"max_hp_gain":0,"max_hp_loss":0,"event_name":"The Cleric","floor":8,"gold_loss":0}],"is_beta":false,"boss_relics":[],"items_purged_floors":[3],"is_endless":false,"potions_floor_spawned":[5,10],"killed_by":"Lagavulin","ascension_level":2}}