{"host":"g1wmg2w41xhsnw8g","time":1612247479,"event":{"mods":["2.2 Compatiblity","Act Like it!","Aspiration","BaseMod","Better Altar","Better Match","Better Note","Better Sensory Stone","Better Skull","Better Third Choice","BetterRewards","Booster Modes","CapriCore","Colored Map","Colored Powertips","Defuse TimeMaze Blight","Displayed Cursed Tome","Fox Events","Friendly Minions","GifTheSpireLib","Good Game Mod","Googly Eyes","Hubris","Infinite Spire","Ironclad Rager","Jedi Mod","Minty Spire (QoL Compilation)","Monster B Gone","Red Circlet Mod","Relic Filter Mod","Relic Sorter","Reliquary","Replay The Spire","SCP261 Mod","Shop Mod","Small Relic Pack","Smile Girya","Spicy Shops","Spikes Relics","StSLib","Strawberry Spire","Stuff the Spire","The Runesmith","The Sage","Trackpad","Transform Curses","Wandering Minibosses","Weighted Paths","????"],"gold_per_floor":[10,10,20,20,37,37,37,37,60,86,96,115,140,150,150,150,150],"floor_reached":16,"language":"ENG","playtime":733,"items_purged":[],"score":118,"play_id":"9960aebb-07ef-48c2-a494-31bd7c38397c","local_time":"20210202013119","is_ascension_mode":true,"campfire_choices":[{"data":"BasicCrystalCard","floor":6,"key":"SMITH"},{"data":"Genetic Algorithm","floor":8,"key":"SMITH"},{"data":"StuffTheSpire:Synthwave","floor":15,"key":"SMITH"}],"circlet_count":0,"master_deck":["Zap","Dualcast","Ball Lightning","Cold Snap","Ball Lightning","Cold Snap","Leap","Leap","Leap","Leap","Genetic Algorithm+1","Runesmith:GrandSlam","BasicCrystalCard+1","StuffTheSpire:Synthwave+1","Coolheaded","jedi:locknload"],"relics":["StuffTheSpire:OccultApparatus","REME:ComplimentaryCards","Lantern","Turnip","Darkstone Periapt"],"acts_visited":["Exordium"],"potions_floor_usage":[10,13],"damage_taken":[{"damage":0,"enemies":"2 Louse","floor":1,"turns":2},{"damage":0,"enemies":"Cultist","floor":3,"turns":3},{"damage":0,"enemies":"Jaw Worm","floor":5,"turns":3},{"damage":16,"enemies":"Gremlin Nob","floor":10,"turns":4},{"damage":0,"enemies":"Exordium Thugs","floor":11,"turns":5},{"damage":0,"enemies":"Blue Slaver","floor":12,"turns":3},{"damage":1,"enemies":"Replay:BlueRogue","floor":13,"turns":5},{"damage":10,"enemies":"Gremlin Gang","floor":14,"turns":6},{"damage":30,"enemies":"The Guardian","floor":16,"turns":2}],"seed_played":"-90355035415250508","potions_obtained":[{"floor":1,"key":"SCP261:SweetSwarmPotion"},{"floor":11,"key":"jedi:tentaclejuice"},{"floor":14,"key":"Death Potion"}],"is_trial":false,"path_per_floor":["M","?","M","$","M","R","?","R","T","E","M","M","E","M","R","B"],"character_chosen":"DEFECT","items_purchased":[],"campfire_rested":0,"item_purchase_floors":[],"current_hp_per_floor":[50,50,50,50,50,50,50,50,50,34,34,34,33,23,23,0,0],"gold":150,"neow_bonus":"DEFECT_STORMLORD","is_daily":false,"chose_seed":false,"campfire_upgraded":3,"win_rate":0.0,"timestamp":1612247479,"path_taken":["M","?","M","?","?","R","?","R","T","E","M","?","E","M","R","BOSS"],"items_purchased_type":[],"build_version":"2020-12-22","purchased_purges":0,"victory":false,"max_hp_per_floor":[68,68,68,68,68,68,65,65,65,65,65,65,65,65,65,65,65],"card_choices":[{"not_picked":["ReplayTheSpireMod:Calculation Training","jedi:overflow"],"picked":"Genetic Algorithm","floor":1},{"not_picked":["Steam","Hologram","Turbo"],"picked":"SKIP","floor":3},{"not_picked":["ReplayGash","jedi:sharpshooter"],"picked":"BasicCrystalCard","floor":5},{"not_picked":["jedi:BurstFrost","Steam","Barrage"],"picked":"SKIP","floor":10},{"not_picked":["Hologram","Hyperbeam","Steam Power"],"picked":"SKIP","floor":11},{"not_picked":["Stack","Leap"],"picked":"StuffTheSpire:Synthwave","floor":12},{"not_picked":["Aggregate","Leap"],"picked":"Coolheaded","floor":13},{"not_picked":["aspiration:Polymerization","jedi:blockon"],"picked":"jedi:locknload","floor":14}],"player_experience":1009539,"relics_obtained":[{"floor":9,"key":"Lantern"},{"floor":10,"key":"Turnip"},{"floor":13,"key":"Darkstone Periapt"}],"event_choices":[{"cards_removed":["Parasite"],"damage_healed":0,"gold_gain":0,"player_choice":"Removed Curses","damage_taken":0,"max_hp_gain":0,"max_hp_loss":0,"event_name":"Fountain of Cleansing","floor":7,"gold_loss":0}],"is_beta":false,"boss_relics":[],"items_purged_floors":[],"is_endless":false,"potions_floor_spawned":[1,11,14],"killed_by":"The Guardian","ascension_level":1}}