{"host":"0fm1w3v00gid44jl","time":1612251985,"event":{"mods":["AchievementEnabler","BaseMod","Colored Map","Colored Powertips","Displayed Cursed Tome","Downfall","Googly Eyes","Highlight Path","Minty Spire (QoL Compilation)","Permanent Neow","Relic Stats","StSLib","SuperFastMode","slay the spire mod where everything is the same but ironclad has a cowboy hat"],"gold_per_floor":[99,115,115,215,215,242,242,290,290,304,335,1,1,0,10,110,110,10,28,28,28,28],"floor_reached":20,"language":"ENG","playtime":812,"items_purged":[],"score":178,"play_id":"e97e0321-6666-41da-bf81-5e483ca61180","local_time":"20210202014625","is_ascension_mode":false,"campfire_choices":[{"data":"sneckomod:TailWhip","floor":1.0,"key":"SMITH"},{"data":"sneckomod:UnknownClassRED","floor":13,"key":"SMITH"},{"data":"sneckomod:UnknownRarePower","floor":18,"key":"SMITH"}],"circlet_count":0,"master_deck":["sneckomod:Strike+1","sneckomod:Strike+1","sneckomod:Defend+1","sneckomod:Defend+1","sneckomod:Defend","sneckomod:TailWhip+1","sneckomod:SnekBite+1","sneckomod:Unknown","sneckomod:Unknown","sneckomod:SnekBeam+1","sneckomod:UnknownExhaust+1","sneckomod:UnknownRareAttack+1","downfall:Malfunctioning","sneckomod:UnknownCommonAttack","sneckomod:UnknownClassRED+1","sneckomod:Unknown1Cost","sneckomod:CheapStock","sneckomod:UnknownBoss","sneckomod:Unknown1Cost","sneckomod:UnknownRarePower+1","sneckomod:UnknownCommonAttack"],"relics":["sneckomod:SneckoSoul","downfall:ShatteredFragment","Whetstone","Nunchaku","War Paint","PreservedInsect","bronze:DecasWashers","Snecko Eye","downfall:HeartBlessingGreen"],"acts_visited":["Exordium","TheCity"],"potions_floor_usage":[],"damage_taken":[{"damage":0.0,"enemies":"2 Louse","floor":2.0,"turns":1.0},{"damage":16.0,"enemies":"Lagavulin","floor":6.0,"turns":5.0},{"damage":5,"enemies":"Small Slimes","floor":10,"turns":3},{"damage":12,"enemies":"3 Sentries","floor":11,"turns":7},{"damage":0,"enemies":"downfall:FleeingMerchant","floor":12,"turns":4},{"damage":0,"enemies":"downfall:FleeingMerchant","floor":14,"turns":4},{"damage":8,"enemies":"Jaw Worm","floor":15,"turns":2},{"damage":28,"enemies":"IC_STATUS_ARCHETYPE","floor":16,"turns":4},{"damage":6,"enemies":"3 Byrds","floor":19,"turns":5},{"damage":26,"enemies":"Sentry and Sphere","floor":20,"turns":5}],"seed_played":"-5584400962683510735","potions_obtained":[{"floor":2.0,"key":"ColorlessPotion"},{"floor":11,"key":"PowerPotion"}],"is_trial":false,"path_per_floor":["R","M","?","?","?","E","T","T","?","M","E","$","R","$","M","B",null,"R","M","M"],"character_chosen":"THE_SNECKO","items_purchased":["bronze:DecasWashers","sneckomod:CheapStock"],"campfire_rested":0,"item_purchase_floors":[12,12],"current_hp_per_floor":[90,90,69,69,69,53,53,53,53,48,36,36,36,36,28,8,90,90,84,58,58,58],"gold":28,"neow_bonus":"TRANSFORM_CARD","is_daily":false,"chose_seed":false,"campfire_upgraded":3,"win_rate":0.0,"timestamp":1612251985,"path_taken":["R","M","?","?","?","E","T","?","?","M","E","?","R","$","M","BOSS","R","M","M"],"items_purchased_type":["Relic","Card"],"build_version":"2020-12-22","purchased_purges":0,"victory":false,"max_hp_per_floor":[90,90,90,90,90,90,90,90,90,90,90,90,90,90,90,90,90,90,90,90,90,90],"relic_stats":{"Nunchaku":[8],"counters":[10,40],"Snecko Eye":[21,12,16,18],"PreservedInsect":100,"Whetstone":["sneckomod:Strike","sneckomod:SnekBite"],"War Paint":["sneckomod:Defend","sneckomod:Defend"],"obtain_stats":[{"Nunchaku":7,"downfall:ShatteredFragment":3,"bronze:DecasWashers":12,"Snecko Eye":17,"downfall:HeartBlessingGreen":18,"PreservedInsect":11,"Whetstone":6,"War Paint":8,"sneckomod:SneckoSoul":0},{"Nunchaku":2,"downfall:ShatteredFragment":1,"bronze:DecasWashers":5,"Snecko Eye":8,"downfall:HeartBlessingGreen":8,"PreservedInsect":4,"Whetstone":2,"War Paint":2,"sneckomod:SneckoSoul":0},{"Nunchaku":6,"downfall:ShatteredFragment":1,"bronze:DecasWashers":20,"Snecko Eye":30,"downfall:HeartBlessingGreen":30,"PreservedInsect":16,"Whetstone":6,"War Paint":6,"sneckomod:SneckoSoul":0}]},"card_choices":[{"not_picked":["sneckomod:SoulRoll","sneckomod:QuickBite"],"picked":"sneckomod:UnknownExhaust","floor":2.0},{"not_picked":["sneckomod:Rotation","sneckomod:Unknown1Cost"],"picked":"sneckomod:UnknownRareAttack","floor":6.0},{"not_picked":["sneckomod:QuickBite","sneckomod:MasterEye"],"picked":"sneckomod:UnknownCommonAttack","floor":10},{"not_picked":["sneckomod:UnknownStrike","sneckomod:Memorize"],"picked":"sneckomod:UnknownClassRED","floor":11},{"not_picked":["sneckomod:WideSting","sneckomod:SoulDraw"],"picked":"sneckomod:Unknown1Cost","floor":12},{"not_picked":["sneckomod:UnknownClassSLIMEBOUND","sneckomod:UnknownStrike"],"picked":"sneckomod:UnknownBoss","floor":14},{"not_picked":["sneckomod:ImprovisedAttack","sneckomod:DiceBlock"],"picked":"sneckomod:Unknown1Cost","floor":15},{"not_picked":["sneckomod:Cheat","sneckomod:DangerNoodle"],"picked":"sneckomod:UnknownRarePower","floor":16},{"not_picked":["sneckomod:Unknown1Cost","sneckomod:SoulDraw"],"picked":"sneckomod:UnknownCommonAttack","floor":19}],"player_experience":1595367,"relics_obtained":[{"floor":6.0,"key":"Whetstone"},{"floor":7.0,"key":"Nunchaku"},{"floor":8.0,"key":"War Paint"},{"floor":11,"key":"PreservedInsect"}],"event_choices":[],"is_beta":false,"boss_relics":[{"not_picked":["Pandora\u0027s Box","Philosopher\u0027s Stone"],"picked":"Snecko Eye"}],"items_purged_floors":[],"is_endless":false,"potions_floor_spawned":[2,11],"killed_by":"Sentry and Sphere","ascension_level":0}}