{"host":"3j2m8n0ywf988fwb","time":1612291692,"event":{"mods":["2.2 Compatiblity","AchievementEnabler","Act Like it!","Aspiration","Astrologer","BaseMod","Better Altar","Better Match","Better Note","Better Sensory Stone","Better Skull","Better Third Choice","CCEM2","ChefMod","Colored Map","Colored Powertips","Conspire","Dark Map","Energized Spire","GifTheSpireLib","Halation","Hallownest","Highlight Path","Hubris","Infinite Spire","Jedi Mod","Marisa????????","Marked Mod","Mimic Mod","Minty Spire (QoL Compilation)","Monster B Gone","Random Character Button","Relic Filter Mod","Relic Stats","Reliquary","Replay The Spire","Robot Space Explorer","Shade Mod","Shop Mod","Somnambulant","StS++","StSLib","Stuff the Spire","The Bug Knight","The Elementalist","The Hierophant","The Runesmith","TheBandit","TheFirefly","TheSurvivalist","Unceasing Turn Reminder","Weighted Paths","everything is the same but u backflip on backflip"],"gold_per_floor":[119,119,137,148,167,167,181,194,225,237,249,361,383,408,420,432,432],"floor_reached":16,"language":"ENG","playtime":1089,"items_purged":[],"score":96,"play_id":"0bef7416-8fde-4b27-b612-4c59a28b7f2d","local_time":"20210202124812","is_ascension_mode":false,"campfire_choices":[{"data":"elementalist:Magma_Shot","floor":6,"key":"SMITH"},{"floor":15,"key":"REST"}],"circlet_count":0,"master_deck":["elementalist:Earth_Emblem","elementalist:Strike+Elemblue","elementalist:Defend_Elemblue","elementalist:Defend_Elemblue","elementalist:Defend_Elemblue","elementalist:Defend_Elemblue","elementalist:Defend_Elemblue","elementalist:Firestrike","elementalist:Earthstrike","elementalist:Waterstrike","elementalist:Airstrike","elementalist:Crystal_Chalk","elementalist:Stone_to_Mud","elementalist:Prepared_Sand","elementalist:Aegis","elementalist:Monument","elementalist:Magma_Shot+1","elementalist:Confluence"],"relics":["elementalistmod:MagusStaff","elementalistmod:RedRibbon","NeowsBlessing","elementalistmod:YellowCirclet","MawBank"],"acts_visited":["Exordium"],"potions_floor_usage":[7,14],"damage_taken":[{"damage":0,"enemies":"Small Slimes","floor":1,"turns":1},{"damage":0,"enemies":"Cultist","floor":3,"turns":1},{"damage":0,"enemies":"Jaw Worm","floor":4,"turns":1},{"damage":2,"enemies":"2 Fungi Beasts","floor":5,"turns":8},{"damage":6,"enemies":"Exordium Thugs","floor":7,"turns":8},{"damage":2,"enemies":"3 Louse","floor":8,"turns":5},{"damage":13,"enemies":"Large Slime","floor":9,"turns":17},{"damage":14,"enemies":"Large Slime","floor":13,"turns":10},{"damage":16,"enemies":"Exordium Thugs","floor":14,"turns":5},{"damage":39,"enemies":"Hexaghost","floor":16,"turns":9}],"seed_played":"2143555920509011462","potions_obtained":[{"floor":4,"key":"StSpp:SecondWindPotion"},{"floor":5,"key":"AttackPotion"},{"floor":8,"key":"Adrenaline Potion"},{"floor":13,"key":"Adrenaline Potion"}],"is_trial":false,"path_per_floor":["M","?","M","M","M","R","M","M","MIM","?","$","?","M","M","R","B"],"character_chosen":"THE_ELEMENTALIST","items_purchased":[],"campfire_rested":1,"item_purchase_floors":[],"current_hp_per_floor":[70,70,70,70,68,68,62,60,47,47,47,47,33,17,38,0,0],"gold":432,"neow_bonus":"THREE_ENEMY_KILL","is_daily":false,"chose_seed":false,"campfire_upgraded":1,"win_rate":0.0,"timestamp":1612291692,"path_taken":["M","?","M","?","M","R","M","M","MIM","?","$","?","?","M","R","BOSS"],"items_purchased_type":[],"build_version":"2020-12-22","purchased_purges":0,"victory":false,"max_hp_per_floor":[70,70,70,70,70,70,70,70,70,70,70,70,70,70,70,70,70],"relic_stats":{"counters":[10,65],"MawBank":84,"obtain_stats":[{"NeowsBlessing":0,"elementalistmod:YellowCirclet":2,"MawBank":9,"elementalistmod:MagusStaff":0,"elementalistmod:GraduationLetter":0,"elementalistmod:RedRibbon":7},{"NeowsBlessing":0,"elementalistmod:YellowCirclet":1,"MawBank":7,"elementalistmod:MagusStaff":0,"elementalistmod:GraduationLetter":0,"elementalistmod:RedRibbon":5},{"NeowsBlessing":0,"elementalistmod:YellowCirclet":1,"MawBank":41,"elementalistmod:MagusStaff":0,"elementalistmod:GraduationLetter":0,"elementalistmod:RedRibbon":12}]},"card_choices":[{"not_picked":["elementalist:Mist","elementalist:Caution"],"picked":"elementalist:Stone_to_Mud","floor":1},{"not_picked":["elementalist:Overheat","elementalist:Confluence"],"picked":"elementalist:Prepared_Sand","floor":3},{"not_picked":["elementalist:Fission_Lance","elementalist:Overheat"],"picked":"elementalist:Aegis","floor":4},{"not_picked":["elementalist:Widdershins_Conversion","elementalist:Prepared_Sand"],"picked":"elementalist:Monument","floor":5},{"not_picked":["elementalist:Prepared_Sand","elementalist:Geomancy","elementalist:Monument"],"picked":"SKIP","floor":7},{"not_picked":["elementalist:Accelerant","elementalist:Overheat","elementalist:Mist"],"picked":"SKIP","floor":8},{"not_picked":["elementalist:Magma_Shot","elementalist:Caution"],"picked":"elementalist:Confluence","floor":13},{"not_picked":["elementalist:Mist","elementalist:Prepared_Sand","elementalist:Stone_to_Mud"],"picked":"SKIP","floor":14}],"player_experience":1055690,"relics_obtained":[{"floor":9,"key":"MawBank"}],"event_choices":[{"damage_healed":0,"gold_gain":100,"player_choice":"Pray","damage_taken":0,"max_hp_gain":0,"max_hp_loss":0,"event_name":"Golden Shrine","floor":12,"gold_loss":0}],"is_beta":false,"boss_relics":[],"items_purged_floors":[],"is_endless":false,"potions_floor_spawned":[4,5,8,13],"killed_by":"Hexaghost","ascension_level":0}}