{"host":"l5zfpd2l2htson6l","time":1612249010,"event":{"mods":["AchievementEnabler","BaseMod","Colored Map","Colored Powertips","Minty Spire (QoL Compilation)","Permanent Neow","Quick Restart","Rare Cards Sparkle","Relic Stats","SuperFastMode"],"gold_per_floor":[118,133,133,133,208,208,208],"floor_reached":6,"language":"ENG","playtime":280,"items_purged":[],"score":65,"play_id":"4a969bab-4ba5-499b-affe-2a6d0e2dac74","local_time":"20210201225650","is_ascension_mode":true,"campfire_choices":[],"circlet_count":0,"master_deck":["AscendersBane","Strike_R","Strike_R","Strike_R","Strike_R","Strike_R","Defend_R","Defend_R","Defend_R","Defend_R","Bash","Wild Strike","Reaper"],"relics":["Burning Blood","Golden Idol"],"acts_visited":["Exordium"],"potions_floor_usage":[],"damage_taken":[{"damage":21,"enemies":"Jaw Worm","floor":1,"turns":5},{"damage":4,"enemies":"Small Slimes","floor":2,"turns":3},{"damage":60,"enemies":"3 Sentries","floor":6,"turns":11}],"seed_played":"-2711850753493522478","potions_obtained":[{"floor":0,"key":"CultistPotion"},{"floor":0,"key":"EssenceOfSteel"},{"floor":2,"key":"DistilledChaos"}],"is_trial":false,"path_per_floor":["M","M","?","?","?","E"],"character_chosen":"IRONCLAD","items_purchased":[],"campfire_rested":0,"item_purchase_floors":[],"current_hp_per_floor":[53,55,55,55,44,0,0],"gold":208,"neow_bonus":"THREE_SMALL_POTIONS","is_daily":false,"chose_seed":false,"campfire_upgraded":0,"win_rate":0.0,"timestamp":1612249010,"path_taken":["M","M","?","?","?","E"],"items_purchased_type":[],"build_version":"2020-12-22","purchased_purges":0,"victory":false,"max_hp_per_floor":[75,75,68,68,68,68,68],"relic_stats":{"counters":[3,19],"Golden Idol":0,"obtain_stats":[{"Golden Idol":3,"Burning Blood":0},{"Golden Idol":2,"Burning Blood":0},{"Golden Idol":8,"Burning Blood":0}],"Burning Blood":12},"card_choices":[{"not_picked":["Armaments","Anger"],"picked":"Wild Strike","floor":1},{"not_picked":["Whirlwind","Clothesline"],"picked":"Reaper","floor":2}],"player_experience":838100,"relics_obtained":[],"event_choices":[{"damage_healed":0,"gold_gain":0,"player_choice":"Lose Max HP","damage_taken":0,"relics_obtained":["Golden Idol"],"max_hp_gain":0,"max_hp_loss":7,"event_name":"Golden Idol","floor":3,"gold_loss":0},{"damage_healed":0,"gold_gain":0,"player_choice":"Ignored","damage_taken":0,"max_hp_gain":0,"max_hp_loss":0,"event_name":"Liars Game","floor":4,"gold_loss":0},{"damage_healed":0,"gold_gain":75,"player_choice":"Gather Gold","damage_taken":11,"max_hp_gain":0,"max_hp_loss":0,"event_name":"World of Goop","floor":5,"gold_loss":0}],"is_beta":false,"boss_relics":[],"items_purged_floors":[],"is_endless":false,"potions_floor_spawned":[2],"killed_by":"3 Sentries","ascension_level":18}}