{"host":"f4xk8spljo3akohx","time":1612249313,"event":{"mods":["Act Like it!","Arknights","BaseMod","Downfall","Gensokyo","GifTheSpireLib","Hallownest","Highlight Path","Marisa£®ÏF”Í°°ƒß¿Ì…≥£©","Minty Spire (QoL Compilation)","Quick Restart","StSLib","The Bug Knight"],"gold_per_floor":[114,114,114,64,83,83,113,133,133,133,161,161,180,200,200,297,297,309,234,114,131,131,131,131],"floor_reached":23,"language":"ZHS","playtime":767,"items_purged":["ats:Strike V"],"score":208,"play_id":"273e6417-b51a-4e18-a6e4-1c851a64a7ce","local_time":"20210202150153","is_ascension_mode":true,"campfire_choices":[{"data":"ats:Armor Crushing Shot","floor":6.0,"key":"SMITH"},{"data":"ats:Shadow Assault","floor":12.0,"key":"SMITH"},{"floor":15.0,"key":"REST"}],"circlet_count":0,"master_deck":["ats:Strike C","ats:Strike G","ats:Strike S","ats:Armor Crushing Shot+1","ats:Defend","ats:Defend","ats:Defend","ats:Defend","ats:Emotion Absorption+1","ats:Shadow Assault+1","ats:True Silver Slash"],"relics":["ats:Sanity","NeowsBlessing","Gensokyo:CelestialsFlawlessClothing","Gensokyo:PortableGap","ats:Originium","Dream Catcher","Sundial","Pear","Kunai","ats:Omniscience","Gensokyo:DemonMask","Gensokyo:ChorusOfJoy","Frozen Eye"],"acts_visited":["Gensokyo:Gensokyo","Gensokyo:Gensokyoer"],"potions_floor_usage":[16,16],"damage_taken":[{"damage":0.0,"enemies":"Gensokyo:2_Kodama","floor":1.0,"turns":1.0},{"damage":0.0,"enemies":"Gensokyo:Python","floor":5.0,"turns":1.0},{"damage":1.0,"enemies":"Gensokyo:Cirno","floor":7.0,"turns":2.0},{"damage":6.0,"enemies":"Gensokyo:Gryphon","floor":8.0,"turns":4.0},{"damage":13.0,"enemies":"Gensokyo:Mamizou","floor":11.0,"turns":8.0},{"damage":4.0,"enemies":"Gensokyo:5_Fairies","floor":13.0,"turns":3.0},{"damage":6.0,"enemies":"Gensokyo:3_Kodama","floor":14.0,"turns":3.0},{"damage":53,"enemies":"Gensokyo:Reimu","floor":16,"turns":11},{"damage":19,"enemies":"Gensokyo:AngelMirror","floor":18,"turns":4},{"damage":0,"enemies":"Gensokyo:2_Gloops","floor":21,"turns":4},{"damage":39,"enemies":"Gensokyo:Koishi","floor":23,"turns":6}],"seed_played":"-3865840326546750603","potions_obtained":[{"floor":1.0,"key":"Fire Potion"},{"floor":7.0,"key":"Fire Potion"},{"floor":8.0,"key":"SneckoOil"}],"is_trial":false,"path_per_floor":["M","?","?","COS","M","R","E","M","T","?","E","R","M","M","R","B",null,"M","$","?","M","?","E"],"character_chosen":"DOCTOR_CLASS","items_purchased":[],"campfire_rested":1,"item_purchase_floors":[],"current_hp_per_floor":[72,54,54,54,54,54,53,47,47,47,44,44,40,34,56,3,75,56,56,56,56,56,17,17],"gold":131,"neow_bonus":"THREE_ENEMY_KILL","is_daily":false,"chose_seed":false,"campfire_upgraded":2,"win_rate":0.0,"timestamp":1612249313,"path_taken":["M","?","?","COS","M","R","E","?","T","?","E","R","M","M","R","BOSS","M","$","?","M","?","E"],"items_purchased_type":[],"build_version":"2020-12-22","purchased_purges":1,"victory":false,"max_hp_per_floor":[72,72,65,65,65,65,65,65,65,65,75,75,75,75,75,75,75,75,75,75,75,75,75,75],"card_choices":[{"not_picked":["ats:Sword Rain","ats:Magnetic Hammer","ats:Blood Oath"],"picked":"SKIP","floor":1.0},{"not_picked":["ats:Directed Diagnosis","ats:Guard Mode","ats:Red Shift"],"picked":"SKIP","floor":5.0},{"not_picked":["ats:Cat Scratch","ats:Revitalization","ats:Very Hot Blade"],"picked":"SKIP","floor":7.0},{"not_picked":["ats:Absolute Focus","ats:Beaten Up","ats:Consecutive Shot Auto"],"picked":"SKIP","floor":8.0},{"not_picked":["ats:Flame Of Heaven","ats:Consecutive Shot Auto"],"picked":"ats:Shadow Assault","floor":11.0},{"not_picked":["ats:Powerful Strike","ats:Sashimi Platter","ats:Closed Bolt Burst Fire"],"picked":"SKIP","floor":13.0},{"not_picked":["ats:Shell Defense","ats:Consecutive Shot Auto","ats:Beaten Up"],"picked":"SKIP","floor":14.0},{"not_picked":["ats:Durian","ats:Shadow Assault"],"picked":"ats:True Silver Slash","floor":16},{"not_picked":["ats:Composite Medical Shells","ats:Guardian Obelisk","ats:Magnetic Hammer"],"picked":"SKIP","floor":18},{"not_picked":["ats:Blood Oath","ats:Directed Diagnosis","ats:Explosion Area Strengthen+1"],"picked":"SKIP","floor":21}],"player_experience":70151,"relics_obtained":[{"floor":7.0,"key":"ats:Originium"},{"floor":7.0,"key":"Dream Catcher"},{"floor":9.0,"key":"Sundial"},{"floor":11.0,"key":"ats:Originium"},{"floor":11.0,"key":"Kunai"}],"event_choices":[],"is_beta":false,"boss_relics":[{"not_picked":["Busted Crown","SlaversCollar"],"picked":"ats:Omniscience"}],"items_purged_floors":[19],"is_endless":false,"potions_floor_spawned":[1,7,8],"killed_by":"Gensokyo:Koishi","ascension_level":1}}