{"host":"0kerkzfzn38xsjst","time":1612270823,"event":{"mods":["Arknights","BaseMod","Minty Spire (QoL Compilation)","Quick Restart","StSLib","The Bug Knight"],"gold_per_floor":[111,131,146,161,336,336,354,39,39,39,51,69,89,105,105,200,200,212,212,212],"floor_reached":19,"language":"ZHS","playtime":3201,"items_purged":["HollowMod:QuickDashStart"],"score":165,"play_id":"dec17bcb-0b82-4302-bc76-a11e7e14442c","local_time":"20210202210023","is_ascension_mode":false,"campfire_choices":[{"data":"HollowMod:FocusHealStart","floor":6.0,"key":"SMITH"},{"data":"HollowMod:PureNailStrike","floor":10.0,"key":"SMITH"},{"data":"HollowMod:MawleksShell","floor":15.0,"key":"SMITH"}],"circlet_count":0,"master_deck":["HollowMod:NailStrikeStart","HollowMod:NailStrikeStart","HollowMod:NailStrikeStart","HollowMod:NailStrikeStart","HollowMod:QuickDashStart","HollowMod:QuickDashStart","HollowMod:QuickDashStart","HollowMod:FocusHealStart+1","HollowMod:PogoStrike","HollowMod:MonarchWings","HollowMod:NewJinnsSoul","HollowMod:DoubleDash","HollowMod:PureNailStrike+1","HollowMod:MawleksShell+1","HollowMod:Weaversong","HollowMod:SoulStrike","HollowMod:Grubsong","HollowMod:theNailsmith"],"relics":["HollowMod:VesselMask","Omamori","Shuriken","Runic Pyramid"],"acts_visited":["Exordium","TheCity"],"potions_floor_usage":[],"damage_taken":[{"damage":2.0,"enemies":"2 Louse","floor":1.0,"turns":3.0},{"damage":1.0,"enemies":"Jaw Worm","floor":2.0,"turns":4.0},{"damage":0.0,"enemies":"Cultist","floor":3.0,"turns":4.0},{"damage":0.0,"enemies":"Large Slime","floor":4.0,"turns":7.0},{"damage":3.0,"enemies":"Red Slaver","floor":7.0,"turns":4.0},{"damage":12.0,"enemies":"2 Fungi Beasts","floor":11.0,"turns":4.0},{"damage":5.0,"enemies":"Looter","floor":12.0,"turns":4.0},{"damage":15.0,"enemies":"Gremlin Gang","floor":13.0,"turns":7.0},{"damage":9.0,"enemies":"Exordium Thugs","floor":14.0,"turns":5.0},{"damage":15.0,"enemies":"HollowMod:FalseKnight","floor":16.0,"turns":13.0},{"damage":40.0,"enemies":"Shell Parasite","floor":18.0,"turns":7.0},{"damage":14,"enemies":"HollowMod:HuskSentry","floor":19,"turns":6}],"seed_played":"3552822703227921566","potions_obtained":[{"floor":2.0,"key":"SteroidPotion"},{"floor":4.0,"key":"ColorlessPotion"},{"floor":12.0,"key":"FearPotion"}],"is_trial":false,"path_per_floor":["M","M","M","M","?","R","M","$","T","R","M","M","M","M","R","B",null,"M","M"],"character_chosen":"THE_BUGKNIGHT","items_purchased":["Shuriken"],"campfire_rested":0,"item_purchase_floors":[8],"current_hp_per_floor":[75,75,75,75,75,75,75,75,75,75,63,68,59,60,60,51,75,41,33,33],"gold":212,"neow_bonus":"RANDOM_COMMON_RELIC","is_daily":false,"chose_seed":false,"campfire_upgraded":3,"win_rate":0.0,"timestamp":1612270823,"path_taken":["M","M","M","M","?","R","M","?","T","R","M","M","M","M","R","BOSS","M","M"],"items_purchased_type":["Relic"],"build_version":"2020-12-22","purchased_purges":1,"victory":false,"max_hp_per_floor":[75,75,75,75,75,75,75,75,75,75,75,75,75,75,75,75,75,75,75,75],"card_choices":[{"not_picked":["HollowMod:InfectedAttack","HollowMod:BlackTendrils"],"picked":"HollowMod:MonarchWings","floor":1.0},{"not_picked":["HollowMod:NewGlowingWomb","HollowMod:HeavyBlow"],"picked":"HollowMod:NewJinnsSoul","floor":2.0},{"not_picked":["HollowMod:NewJinnsSoul","HollowMod:ShapeofUnn"],"picked":"HollowMod:DoubleDash","floor":3.0},{"not_picked":["HollowMod:SharpenedNail","HollowMod:NewGlowingWomb","HollowMod:LifebloodCocoon"],"picked":"SKIP","floor":4.0},{"not_picked":["HollowMod:GrimmsGift","HollowMod:SoulSplash"],"picked":"HollowMod:PureNailStrike","floor":7.0},{"not_picked":["HollowMod:SharpenedNail","HollowMod:ShadowDash"],"picked":"HollowMod:MawleksShell","floor":11.0},{"not_picked":["HollowMod:WraithStrike","HollowMod:LifebloodCocoon"],"picked":"HollowMod:Weaversong","floor":12.0},{"not_picked":["HollowMod:QuirrelsAssistance","HollowMod:MawleksShell"],"picked":"HollowMod:SoulStrike","floor":13.0},{"not_picked":["HollowMod:InfectedCysts","HollowMod:GoodIntentions"],"picked":"HollowMod:Grubsong","floor":14.0},{"not_picked":["HollowMod:LifebloodCore","HollowMod:NewInfectedGuardian"],"picked":"HollowMod:theNailsmith","floor":16.0},{"not_picked":["HollowMod:HeavyBlow","HollowMod:VengefulVoid","HollowMod:DreamGate"],"picked":"SKIP","floor":18.0}],"player_experience":133153,"relics_obtained":[],"event_choices":[{"damage_healed":0.0,"max_hp_gain":0.0,"max_hp_loss":0.0,"gold_gain":175.0,"event_name":"Liars Game","player_choice":"AGREE","floor":5.0,"gold_loss":0.0,"damage_taken":0.0,"cards_obtained":["Doubt"]}],"is_beta":false,"boss_relics":[{"not_picked":["Ectoplasm","SacredBark"],"picked":"Runic Pyramid"}],"items_purged_floors":[8],"is_endless":false,"potions_floor_spawned":[2,4,12,16],"killed_by":"HollowMod:HuskSentry","ascension_level":0}}