{"host":"1c17lcvl7acx821p","time":1612308001,"event":{"mods":["AchievementEnabler","BaseMod","Bestiary","Colored Map","Minty Spire (QoL Compilation)","Quick Restart","Relic Sorter","StSLib","ojb\u0027s Better Paths Mod","ojb\u0027s Info Mod"],"gold_per_floor":[211,226,9,9,29,60,60,90,144,144,144,161,178,189,189,261,261,273,285,298,309,234,234,259,259,259,273,302,50,50,50],"floor_reached":30,"language":"ENG","playtime":1473,"items_purged":[],"score":537,"play_id":"70b86d09-0494-430c-8c01-01c77ec7fa03","local_time":"20210203012001","is_ascension_mode":true,"campfire_choices":[{"data":"Loop","floor":7.0,"key":"SMITH"},{"floor":11.0,"key":"REST"},{"floor":15.0,"key":"REST"},{"floor":23.0,"key":"REST"},{"data":"Rainbow","floor":25.0,"key":"SMITH"}],"circlet_count":0,"master_deck":["AscendersBane","Dualcast","Beam Cell+1","Coolheaded","Conserve Battery","Loop+1","Gash","Coolheaded","Steam Power","Chill","Coolheaded","Rainbow+1","Scrape","Loop+1","Steam Power","Heatsinks+1","White Noise","Force Field","Ball Lightning","Chaos","Loop+1","Barrage","Compile Driver+1","Double Energy","Force Field","Leap+1"],"relics":["Cracked Core","DataDisk","Pantograph","Blood Vial","Boot","Frozen Egg 2","Pandora\u0027s Box","Bag of Marbles","Bottled Flame","Centennial Puzzle","Mummified Hand"],"acts_visited":["Exordium","TheCity"],"potions_floor_usage":[],"damage_taken":[{"damage":3.0,"enemies":"2 Louse","floor":1.0,"turns":3.0},{"damage":7.0,"enemies":"Jaw Worm","floor":2.0,"turns":3.0},{"damage":0.0,"enemies":"Cultist","floor":5.0,"turns":3.0},{"damage":21.0,"enemies":"Lagavulin","floor":6.0,"turns":6.0},{"damage":29.0,"enemies":"Gremlin Nob","floor":8.0,"turns":4.0},{"damage":22.0,"enemies":"Exordium Thugs","floor":12.0,"turns":4.0},{"damage":0.0,"enemies":"Exordium Wildlife","floor":13.0,"turns":3.0},{"damage":6.0,"enemies":"Looter","floor":14.0,"turns":2.0},{"damage":24.0,"enemies":"Hexaghost","floor":16.0,"turns":13.0},{"damage":0.0,"enemies":"Shell Parasite","floor":18.0,"turns":6.0},{"damage":9.0,"enemies":"Chosen","floor":19.0,"turns":4.0},{"damage":24.0,"enemies":"Shelled Parasite and Fungi","floor":20.0,"turns":5.0},{"damage":27.0,"enemies":"Snake Plant","floor":21.0,"turns":5.0},{"damage":0.0,"enemies":"Book of Stabbing","floor":24.0,"turns":5.0},{"damage":12.0,"enemies":"Cultist and Chosen","floor":27.0,"turns":6.0},{"damage":15.0,"enemies":"Gremlin Leader","floor":28.0,"turns":5.0},{"damage":23,"enemies":"Slavers","floor":30,"turns":1}],"seed_played":"6011191402934227622","potions_obtained":[{"floor":5.0,"key":"SkillPotion"},{"floor":12.0,"key":"DistilledChaos"},{"floor":13.0,"key":"FocusPotion"},{"floor":14.0,"key":"LiquidBronze"},{"floor":19.0,"key":"Block Potion"},{"floor":21.0,"key":"SneckoOil"}],"is_trial":false,"path_per_floor":["M","M","$","?","M","E","R","E","T","T","R","M","M","M","R","B",null,"M","M","M","M","?","R","E","R","T","M","E","$","E"],"character_chosen":"DEFECT","items_purchased":["DataDisk","Conserve Battery","PowerPotion","Mummified Hand"],"campfire_rested":3,"item_purchase_floors":[3,3,3,29],"current_hp_per_floor":[61,54,54,54,54,33,33,4,4,4,25,5,7,3,24,27,60,62,55,33,8,8,29,31,31,31,21,8,8,0,0],"gold":50,"neow_bonus":"HUNDRED_GOLD","is_daily":false,"chose_seed":false,"campfire_upgraded":2,"win_rate":0.0,"timestamp":1612308001,"path_taken":["M","M","$","?","M","E","R","E","T","?","R","M","M","M","R","BOSS","M","?","M","M","?","R","E","R","T","M","E","$","E"],"items_purchased_type":["Relic","Card","Potion","Relic"],"build_version":"2020-12-22","purchased_purges":0,"victory":false,"max_hp_per_floor":[71,71,71,71,71,71,71,71,71,71,71,71,71,71,71,71,71,71,71,71,71,71,71,71,71,71,71,71,71,71,71],"card_choices":[{"not_picked":["Go for the Eyes","Redo"],"picked":"Beam Cell","floor":1.0},{"not_picked":["Gash","BootSequence"],"picked":"Coolheaded","floor":2.0},{"not_picked":["Hologram","Stack"],"picked":"Loop","floor":5.0},{"not_picked":["Undo","Darkness"],"picked":"Gash","floor":6.0},{"not_picked":["Aggregate","Hologram"],"picked":"Coolheaded","floor":8.0},{"not_picked":["Beam Cell","Hologram"],"picked":"Steam Power","floor":12.0},{"not_picked":["Steam","Redo"],"picked":"Chill","floor":13.0},{"not_picked":["Steam","Hologram"],"picked":"Coolheaded","floor":14.0},{"not_picked":["Core Surge","Multi-Cast"],"picked":"Rainbow","floor":16.0},{"not_picked":["Skim","BootSequence"],"picked":"Loop+1","floor":18.0},{"not_picked":["Rip and Tear","Genetic Algorithm"],"picked":"Barrage","floor":19.0},{"not_picked":["Leap","Beam Cell"],"picked":"Compile Driver+1","floor":20.0},{"not_picked":["Aggregate","Go for the Eyes"],"picked":"Double Energy","floor":21.0},{"not_picked":["Steam","Barrage"],"picked":"Force Field","floor":24.0},{"not_picked":["Barrage+1","Redo"],"picked":"Leap+1","floor":27.0},{"not_picked":["Coolheaded","Genetic Algorithm","Rebound+1"],"picked":"SKIP","floor":28.0}],"player_experience":271157,"relics_obtained":[{"floor":6.0,"key":"Pantograph"},{"floor":8.0,"key":"Blood Vial"},{"floor":9.0,"key":"Boot"},{"floor":10.0,"key":"Frozen Egg 2"},{"floor":24.0,"key":"Bag of Marbles"},{"floor":26.0,"key":"Bottled Flame"},{"floor":28.0,"key":"Centennial Puzzle"}],"event_choices":[{"damage_healed":0.0,"max_hp_gain":0.0,"max_hp_loss":0.0,"gold_gain":0.0,"event_name":"Living Wall","player_choice":"Grow","floor":4.0,"gold_loss":0.0,"damage_taken":0.0,"cards_upgraded":["Beam Cell"]},{"cards_removed":["Zap"],"damage_healed":0.0,"max_hp_gain":0.0,"max_hp_loss":0.0,"gold_gain":0.0,"event_name":"Beggar","player_choice":"Gave Gold","floor":22.0,"gold_loss":75.0,"damage_taken":0.0}],"is_beta":false,"boss_relics":[{"not_picked":["SlaversCollar","Ectoplasm"],"picked":"Pandora\u0027s Box"}],"items_purged_floors":[],"is_endless":false,"potions_floor_spawned":[5,12,13,14,19,21],"killed_by":"Slavers","ascension_level":15}}