{"host":"0fmi5fguj5lvt8pf","time":1612229473,"event":{"mods":["BaseMod","Colored Map","Curses Come First","Downfall","Minty Spire (QoL Compilation)","Permanent Neow","StSLib"],"gold_per_floor":[99,117,117,133,145,2,2,2,2,28,43,43,55,66,81,81,81,81],"floor_reached":16,"language":"ENG","playtime":719,"items_purged":[],"score":94,"play_id":"7136639c-da21-4500-b890-c7b2e449ef61","local_time":"20210201173113","is_ascension_mode":false,"campfire_choices":[{"data":"sneckomod:UnknownRarePower","floor":1,"key":"SMITH"},{"data":"sneckomod:UnknownRareAttack","floor":8,"key":"SMITH"}],"circlet_count":0,"master_deck":["sneckomod:Strike+1","sneckomod:Strike","sneckomod:Strike","sneckomod:Defend","sneckomod:Defend","sneckomod:Defend+1","sneckomod:TailWhip","sneckomod:SnekBite+1","sneckomod:Unknown","sneckomod:Unknown","sneckomod:UnknownRarePower+1","sneckomod:DiceBlock","sneckomod:ImprovisedAttack","sneckomod:RainOfDice","sneckomod:UnknownRareAttack+1","sneckomod:QuickBite","sneckomod:Rotation","sneckomod:Transmogrify","sneckomod:CheapStock"],"relics":["sneckomod:SneckoSoul","downfall:BrokenWingStatue","Odd Mushroom","Singing Bowl"],"acts_visited":["Exordium"],"potions_floor_usage":[16],"damage_taken":[{"damage":1,"enemies":"Jaw Worm","floor":2,"turns":3},{"damage":0,"enemies":"2 Louse","floor":4,"turns":4},{"damage":3,"enemies":"Small Slimes","floor":5,"turns":4},{"damage":10,"enemies":"downfall:FleeingMerchant","floor":6,"turns":4},{"damage":16,"enemies":"The Mushroom Lair","floor":10,"turns":3},{"damage":2,"enemies":"Blue Slaver","floor":11,"turns":4},{"damage":1,"enemies":"Red Slaver","floor":13,"turns":4},{"damage":7,"enemies":"Gremlin Gang","floor":14,"turns":3},{"damage":19,"enemies":"Exordium Thugs","floor":15,"turns":5},{"damage":0,"enemies":"DF_ARCHETYPE_STREAMLINE","floor":16,"turns":3}],"seed_played":"1805221007044742506","potions_obtained":[{"floor":5,"key":"Dexterity Potion"},{"floor":11,"key":"champ:CounterPotion"},{"floor":13,"key":"LiquidBronze"}],"is_trial":false,"path_per_floor":["R","M","?","M","M","$","T","R","?","?","M","?","M","M","M","B"],"character_chosen":"THE_SNECKO","items_purchased":["sneckomod:UnknownRareAttack","sneckomod:QuickBite"],"campfire_rested":0,"item_purchase_floors":[6,6],"current_hp_per_floor":[81,80,80,80,77,67,67,67,67,53,51,51,52,45,26,26,26,26],"gold":81,"neow_bonus":"THREE_RARE_CARDS","is_daily":false,"chose_seed":false,"campfire_upgraded":2,"win_rate":0.0,"timestamp":1612229473,"path_taken":["R","M","?","M","M","$","T","R","?","?","M","?","M","?","M","BOSS"],"items_purchased_type":["Card","Card"],"build_version":"2020-12-22","purchased_purges":0,"victory":false,"max_hp_per_floor":[81,81,81,81,81,81,81,81,81,83,83,83,85,85,85,85,85,85],"card_choices":[{"not_picked":["sneckomod:UnknownRareAttack","sneckomod:SerpentMind"],"picked":"sneckomod:UnknownRarePower","floor":0},{"not_picked":["sneckomod:UnknownClassGREEN","sneckomod:UnknownClassPURPLE"],"picked":"sneckomod:DiceBlock","floor":2},{"not_picked":["sneckomod:UnknownCommonAttack","sneckomod:UnknownUncommonAttack"],"picked":"sneckomod:ImprovisedAttack","floor":4},{"not_picked":["sneckomod:QuickMove","sneckomod:DiceBoulder"],"picked":"sneckomod:RainOfDice","floor":5},{"not_picked":["sneckomod:UnknownColorless","sneckomod:DefensiveFlair","sneckomod:DiceBlock"],"picked":"SKIP","floor":6},{"not_picked":["sneckomod:UnknownWeak","sneckomod:UnknownClassTHE_CHAMP_GRAY","sneckomod:QuickMove"],"picked":"Singing Bowl","floor":10},{"not_picked":["sneckomod:UnknownUncommonPower","sneckomod:ImprovisedGuard"],"picked":"sneckomod:Rotation","floor":11},{"not_picked":["sneckomod:DiceBlock","sneckomod:UnknownBlock","sneckomod:UnknownVulnerable"],"picked":"Singing Bowl","floor":13},{"not_picked":["sneckomod:UnendingSupply","sneckomod:UnknownClassGUARDIAN"],"picked":"sneckomod:Transmogrify","floor":14},{"not_picked":["sneckomod:UnknownClassHEXA_GHOST_PURPLE","sneckomod:UnknownCommonSkill"],"picked":"sneckomod:CheapStock","floor":15}],"player_experience":1488193,"relics_obtained":[{"floor":7,"key":"Singing Bowl"},{"floor":10,"key":"Odd Mushroom"},{"floor":15,"key":"Singing Bowl"}],"event_choices":[{"damage_healed":0,"gold_gain":0,"player_choice":"Fought Mushrooms","damage_taken":0,"max_hp_gain":0,"max_hp_loss":0,"event_name":"Mushrooms","floor":10,"gold_loss":0},{"cards_removed":["downfall:Malfunctioning"],"damage_healed":0,"gold_gain":0,"player_choice":"Card Removal","damage_taken":0,"max_hp_gain":0,"max_hp_loss":0,"event_name":"The Cleric","floor":12,"gold_loss":0}],"is_beta":false,"boss_relics":[],"items_purged_floors":[],"is_endless":false,"potions_floor_spawned":[5,11,13,14],"killed_by":"DF_ARCHETYPE_STREAMLINE","ascension_level":0}}