{"host":"rnjhaewkefy4rz3c","time":1612300972,"event":{"mods":["2.2 Compatiblity","AchievementEnabler","BaseMod","Colored Map","Downfall","Minty Spire (QoL Compilation)","Permanent Neow","StSLib"],"gold_per_floor":[99,113,128,146,146,57,57,68,53,69,69,69,99,113,133,238,238,138,150,166,184,184,184,184,184],"floor_reached":23,"language":"ENG","playtime":2214,"items_purged":[],"score":231,"play_id":"0e2c1134-23fd-49c7-b362-db3a3e79216a","local_time":"20210202172252","is_ascension_mode":true,"campfire_choices":[{"floor":1.0,"key":"RECALL"},{"data":"champ:HeavySlash","floor":18,"key":"SMITH"}],"circlet_count":0,"master_deck":["champ:Strike","champ:Strike","champ:Strike","champ:Strike","champ:Defend","champ:Defend","champ:Defend","champ:Execute","champ:Taunt","champ:PreciseThrust","champ:ArenaPreparation","champ:PreciseThrust","champ:RecklessLeap","champ:BerserkersShout","champ:FanOfKnives","champ:FaceSlap","champ:RecklessLeap","champ:Endure","champ:SwordSigil","champ:HeavySlash+1","champ:Endure","champ:Shatter","champ:EnragedBash"],"relics":["champ:ChampionCrown","StrikeDummy","Bottled Lightning","Ancient Tea Set","SlaversCollar","downfall:HeartBlessingRed"],"acts_visited":["Exordium","TheCity"],"potions_floor_usage":[16,16,19,23],"damage_taken":[{"damage":16.0,"enemies":"Jaw Worm","floor":2.0,"turns":6.0},{"damage":16.0,"enemies":"Cultist","floor":3.0,"turns":3.0},{"damage":32.0,"enemies":"Small Slimes","floor":4.0,"turns":3.0},{"damage":45.0,"enemies":"downfall:FleeingMerchant","floor":6.0,"turns":4.0},{"damage":28.0,"enemies":"Blue Slaver","floor":8.0,"turns":3.0},{"damage":50.0,"enemies":"downfall:FleeingMerchant","floor":9.0,"turns":4.0},{"damage":23.0,"enemies":"Red Slaver","floor":10.0,"turns":2.0},{"damage":45.0,"enemies":"3 Sentries","floor":13.0,"turns":2.0},{"damage":55.0,"enemies":"Large Slime","floor":14.0,"turns":4.0},{"damage":5.0,"enemies":"3 Louse","floor":15.0,"turns":1.0},{"damage":69,"enemies":"IC_STATUS_ARCHETYPE","floor":16,"turns":4},{"damage":41,"enemies":"3 Byrds","floor":19,"turns":4},{"damage":30,"enemies":"Chosen","floor":20,"turns":3},{"damage":38,"enemies":"Shelled Parasite and Fungi","floor":21,"turns":4},{"damage":53,"enemies":"Book of Stabbing","floor":23,"turns":2}],"seed_played":"-2048124939267423620","potions_obtained":[{"floor":3.0,"key":"sneckomod:MuddlingPotion"},{"floor":8.0,"key":"EntropicBrew"},{"floor":10.0,"key":"SteroidPotion"},{"floor":15.0,"key":"Explosive Potion"},{"floor":21,"key":"AttackPotion"}],"is_trial":false,"path_per_floor":["R","M","M","M","?","$","T","M","$","M","T","?","E","M","M","B",null,"R","M","M","M","?","E"],"character_chosen":"THE_CHAMP","items_purchased":["champ:RecklessLeap"],"campfire_rested":0,"item_purchase_floors":[6],"current_hp_per_floor":[90,89,83,81,81,81,81,78,78,70,70,70,70,70,70,58,90,90,89,79,51,51,0,0,0],"gold":184,"neow_bonus":"REMOVE_CARD","is_daily":false,"chose_seed":false,"campfire_upgraded":1,"win_rate":0.0,"timestamp":1612300972,"path_taken":["R","M","M","M","?","$","T","M","$","M","?","?","E","M","M","BOSS","R","M","?","M","?","E"],"items_purchased_type":["Card"],"build_version":"2020-12-22","purchased_purges":0,"victory":false,"max_hp_per_floor":[90,90,90,90,90,90,90,90,90,90,90,90,90,90,90,90,90,90,90,90,90,90,90,90,90],"card_choices":[{"not_picked":["champ:GutPunch","champ:DefensiveShout"],"picked":"champ:PreciseThrust","floor":2.0},{"not_picked":["champ:EnGarde","champ:BringItOn"],"picked":"champ:ArenaPreparation","floor":3.0},{"not_picked":["champ:TornadoPunch","champ:BladeFlurry"],"picked":"champ:PreciseThrust","floor":4.0},{"not_picked":["champ:BladeFlurry","champ:DancingMaster","champ:PerfectedStrike"],"picked":"SKIP","floor":6.0},{"not_picked":["champ:Shatter","champ:CrookedStrike"],"picked":"champ:BerserkersShout","floor":8.0},{"not_picked":["champ:Parry","champ:TornadoPunch"],"picked":"champ:FanOfKnives","floor":9.0},{"not_picked":["champ:BladeFlurry","champ:IronFortress"],"picked":"champ:FaceSlap","floor":10.0},{"not_picked":["champ:Shatter","champ:SteelEdge"],"picked":"champ:RecklessLeap","floor":13.0},{"not_picked":["champ:BerserkersShout","champ:FocusedDefense"],"picked":"champ:Endure","floor":14.0},{"not_picked":["champ:EnGarde","champ:FanOfKnives"],"picked":"champ:SwordSigil","floor":15.0},{"not_picked":["champ:IgnorePain","champ:GladiatorForm"],"picked":"champ:HeavySlash","floor":16},{"not_picked":["champ:SwordSigil","champ:Parry"],"picked":"champ:Endure","floor":19},{"not_picked":["champ:DefensiveShout","champ:Lariat"],"picked":"champ:Shatter","floor":20},{"not_picked":["champ:BringItOn+1","champ:Circumvent"],"picked":"champ:EnragedBash","floor":21}],"player_experience":700495,"relics_obtained":[{"floor":7.0,"key":"StrikeDummy"},{"floor":11.0,"key":"Bottled Lightning"},{"floor":13.0,"key":"Ancient Tea Set"}],"event_choices":[],"is_beta":false,"boss_relics":[{"not_picked":["Philosopher\u0027s Stone","Fusion Hammer"],"picked":"SlaversCollar"}],"items_purged_floors":[],"is_endless":false,"potions_floor_spawned":[3,8,10,15,21],"killed_by":"Book of Stabbing","ascension_level":1}}