{"host":"zjc1tzo4ovig5lll","time":1612281424,"event":{"mods":["AchievementEnabler","Aspiration","BaseMod","Beaked The Cultist","Better Altar","Better Match","Better Note","Better Sensory Stone","Colored Map","Colored Powertips","Conspire","Energized Spire","Friendly Minions","GifTheSpireLib","Halation","Hermit","Hubris","Minty Spire (QoL Compilation)","Rare Cards Sparkle","Replay The Spire","StSLib","The Blue Laboratory","The Bug Knight","The Construct","The Jungle","everything is the same but u backflip on backflip"],"gold_per_floor":[114,114,114,132,132,132,158,178,205,205,205],"floor_reached":10,"language":"ENG","playtime":234,"items_purged":[],"score":109,"play_id":"0b5670b1-42ee-4484-b5d6-cf5b5b3045cc","local_time":"20210202175704","is_ascension_mode":true,"campfire_choices":[{"data":"Sucker Punch","floor":6,"key":"SMITH"}],"circlet_count":0,"master_deck":["Strike_G","Strike_G","Strike_G","Strike_G","Defend_G","Defend_G","Defend_G","Defend_G","Defend_G","Survivor","Neutralize","Sucker Punch+1","Leg Sweep"],"relics":["NeowsBlessing","Sizzling Blood","Smiling Mask"],"acts_visited":["Exordium"],"potions_floor_usage":[],"damage_taken":[{"damage":0,"enemies":"2 Louse","floor":1,"turns":1},{"damage":0,"enemies":"Jaw Worm","floor":4,"turns":1},{"damage":0,"enemies":"Gremlin Nob","floor":7,"turns":1},{"damage":2,"enemies":"Cultist","floor":8,"turns":5},{"damage":62,"enemies":"Lagavulin","floor":10,"turns":14}],"seed_played":"-4004568953552171732","potions_obtained":[{"floor":5,"key":"blueLaboratory:FrostheartPotion"},{"floor":5,"key":"blueLaboratory:TrueEctoplasm"},{"floor":5,"key":"blueLaboratory:NinjaPotion"}],"is_trial":false,"path_per_floor":["M","?","?","M","?","R","E","M","T","E"],"character_chosen":"THE_SILENT","items_purchased":[],"campfire_rested":0,"item_purchase_floors":[],"current_hp_per_floor":[70,74,74,74,74,74,74,74,74,12,12],"gold":205,"neow_bonus":"THREE_ENEMY_KILL","is_daily":false,"chose_seed":false,"campfire_upgraded":1,"win_rate":0.0,"timestamp":1612281424,"path_taken":["M","?","?","M","?","R","E","M","T","E"],"items_purchased_type":[],"build_version":"2020-12-22","purchased_purges":0,"victory":false,"max_hp_per_floor":[70,74,74,74,74,74,74,74,74,74,74],"card_choices":[{"not_picked":["Riddle With Holes","Dagger Spray"],"picked":"Sucker Punch","floor":1},{"not_picked":["Bane","Endless Agony","Poisoned Stab"],"picked":"SKIP","floor":4},{"not_picked":["Flechettes","Distraction"],"picked":"Leg Sweep","floor":7},{"not_picked":["Underhanded Strike","Dagger Throw","Concentrate"],"picked":"SKIP","floor":8}],"player_experience":669107,"relics_obtained":[{"floor":7,"key":"Smiling Mask"}],"event_choices":[{"damage_healed":0,"gold_gain":0,"player_choice":"Got Potions","damage_taken":0,"max_hp_gain":0,"max_hp_loss":0,"event_name":"Lab","floor":5,"gold_loss":0}],"is_beta":false,"boss_relics":[],"items_purged_floors":[],"is_endless":false,"potions_floor_spawned":[7,8],"killed_by":"Lagavulin","ascension_level":4}}