{"host":"fuszjwm6fqgjjp4d","time":1612251216,"event":{"mods":["BaseMod","Bestiary","Colored Map","DeckTracker","Minty Spire (QoL Compilation)","Permanent Neow","Relic Sorter","Relic Stats","StSLib"],"gold_per_floor":[114,114,189,189,200,200,218,218,218],"floor_reached":8,"language":"ENG","playtime":152,"items_purged":[],"score":92,"play_id":"d198ca2e-2ae5-4c5c-a024-b898423e8fe6","local_time":"20210202013336","is_ascension_mode":true,"campfire_choices":[{"data":"Zap","floor":6,"key":"SMITH"}],"circlet_count":0,"master_deck":["AscendersBane","Strike_B","Strike_B","Strike_B","Defend_B","Defend_B","Defend_B","Defend_B","Zap+1","Dualcast","Leap","Cold Snap","Static Discharge"],"relics":["Inserter","Meat on the Bone"],"acts_visited":["Exordium"],"potions_floor_usage":[5],"damage_taken":[{"damage":10,"enemies":"Small Slimes","floor":1,"turns":3},{"damage":2,"enemies":"Jaw Worm","floor":5,"turns":5},{"damage":4,"enemies":"Cultist","floor":7,"turns":5},{"damage":27,"enemies":"Gremlin Nob","floor":8,"turns":3}],"seed_played":"6096954803234398641","potions_obtained":[{"floor":1,"key":"Swift Potion"}],"is_trial":false,"path_per_floor":["M","?","?","?","M","R","M","E"],"character_chosen":"DEFECT","items_purchased":[],"campfire_rested":0,"item_purchase_floors":[],"current_hp_per_floor":[54,19,8,8,18,18,26,0,0],"gold":218,"neow_bonus":"BOSS_RELIC","is_daily":false,"chose_seed":false,"campfire_upgraded":1,"win_rate":0.0,"timestamp":1612251216,"path_taken":["M","?","?","?","M","R","M","E"],"items_purchased_type":[],"build_version":"2020-12-22","purchased_purges":0,"victory":false,"max_hp_per_floor":[71,71,71,71,71,71,71,71,71],"relic_stats":{"Inserter":[8],"counters":[4,16],"obtain_stats":[{"Inserter":0,"Cracked Core":0,"Meat on the Bone":2},{"Inserter":0,"Cracked Core":0,"Meat on the Bone":1},{"Inserter":0,"Cracked Core":0,"Meat on the Bone":3}],"Meat on the Bone":24},"card_choices":[{"not_picked":["Loop","Go for the Eyes"],"picked":"Leap","floor":1},{"not_picked":["Sunder","Auto Shields"],"picked":"Cold Snap","floor":5},{"not_picked":["Double Energy","BootSequence"],"picked":"Static Discharge","floor":7}],"player_experience":1422511,"relics_obtained":[],"event_choices":[{"damage_healed":0,"gold_gain":0,"player_choice":"Success","damage_taken":35,"relics_obtained":["Meat on the Bone"],"max_hp_gain":0,"max_hp_loss":0,"event_name":"Scrap Ooze","floor":2,"gold_loss":0},{"damage_healed":0,"gold_gain":75,"player_choice":"Gather Gold","damage_taken":11,"max_hp_gain":0,"max_hp_loss":0,"event_name":"World of Goop","floor":3,"gold_loss":0},{"cards_removed":["Strike_B"],"damage_healed":0,"gold_gain":0,"player_choice":"Offered Basic","damage_taken":0,"max_hp_gain":0,"max_hp_loss":0,"event_name":"Bonfire Elementals","floor":4,"gold_loss":0}],"is_beta":false,"boss_relics":[],"items_purged_floors":[],"is_endless":false,"potions_floor_spawned":[1],"killed_by":"Gremlin Nob","ascension_level":20}}