{"host":"avq773cl9g5msfol","time":1612271936,"event":{"mods":["100% Spire Juice","AchievementEnabler","Act Like it!","Ascension Unlocker","Aspiration","Astrologer","Bard","Bartender","BaseMod","Better Altar","Better Third Choice","BetterRewards","CapriCore","ChefMod","Colored Map","Colored Powertips","Conspire","Dio Mod","Downfall","Elementarium","Energized Spire","Gensokyo","GifTheSpireLib","Hallownest","Hermit","Highlight Path","Hubris","Humility","Infinite Spire","Jorbs\u0027s Wanderer Trilogy","Koishi","Magitek Elite","Marisa????????","Marked Mod","Menagerie","Minty Spire (QoL Compilation)","Pale of the Ancients","Potionbrewer","Quarter Circle Forward PUNCH!","Rare Cards Sparkle","Reimu??????","Relic Stats","Reliquary","Remilia??????","Replay The Spire","Robot Space Explorer","SacredBarkPlus","Shade Mod","Somnambulant","Spicy Shops","Spire Arcade","StSLib","The Administrix","The Blue Laboratory","The Bug Knight","The Construct","The Cursed","The Disciple","The Dragon Tamer","The Exalted","The Hayseed","The Hierophant","The Hydrologist","The Immortal","The Marked","The Mystic","The Problem Sleuth","The Runesmith","The Senshi","The Vixen","The Wild Card","TheFirefly","Wandering Minibosses","Wide Potions","vexMod"],"gold_per_floor":[117,117,133,133,133,133,167,167,214,214,224,251,94,106,196,298,298,314,326,326,344,419,452,452,470,543,463,463,475,475,488,488,592,592,606,606],"floor_reached":37,"language":"ENG","playtime":3942,"items_purged":["hydrologistmod:Cascade+1","hydrologistmod:MeltingIceberg+1","hydrologistmod:CrystalLattice+1","Clumsy"],"score":922,"play_id":"54da6234-39c8-409c-a937-c10a48db94f4","local_time":"20210202201856","is_ascension_mode":false,"campfire_choices":[{"data":"hydrologistmod:FrostWhip","floor":6,"key":"SMITH"},{"data":"hydrologistmod:PureIce","floor":8,"key":"SMITH"},{"data":"hydrologistmod:SoggySynthesis","floor":10,"key":"SMITH"},{"data":"infinitespire:DeathsTouch","floor":28,"key":"SMITH"},{"data":"hydrologistmod:UnstableDefend","floor":32,"key":"SMITH"}],"circlet_count":0,"master_deck":["hydrologistmod:FrostWhip+1","hydrologistmod:Hydraulics+1","hydrologistmod:UnstableDefend+1","hydrologistmod:UnstableDefend+1","hydrologistmod:GlacialSynthesis+1","hydrologistmod:CrystalLattice+1","hydrologistmod:PressureBuildup+1","hydrologistmod:PurifyingSteam+1","hydrologistmod:Cascade+1","hydrologistmod:IcyFloe+1","hydrologistmod:MeltingIceberg+1","hydrologistmod:RiverOfTime+1","hydrologistmod:Debilitate+1","hydrologistmod:StormOfSleet+1","hydrologistmod:StagnantCloak+1","hydrologistmod:Drench+1","hydrologistmod:Dehydrate+1","hydrologistmod:Scald+1","hydrologistmod:AmalgamateWaters+1","Panacea+1","Sadistic Nature+1","hydrologistmod:HighTide+1","hydrologistmod:PureIce+1","hydrologistmod:FrozenCapsule+1","hydrologistmod:SoggySynthesis+1","hydrologistmod:LaminarFlow+1","hydrologistmod:PersonalRaincloud+1","hydrologistmod:Reservoir+1","hydrologistmod:Slurry+1","hydrologistmod:BracedForm+1","infinitespire:DeathsTouch+1","Hallownest:skillCityofTearsMap","hydrologistmod:CrystalSpear+1"],"relics":["hydrologistmod:WaterPouch","vexMod:HeadHunter","Golden Egg","Quantum Egg","Chemical X","qcfpunch:Wrestler\u0027s_Cloak","Pondfish Scales","ClockworkSouvenir","reliquary:RosewoodLute","hydrologistmod:PreciousNecklace","Thread and Needle","qcfpunch:Chain_With_Nametags","Bromod:ArcaneDeflection","Ice Cream","HollowMod:JonisBlessing","construct:RocketBooster","Gensokyo:NagashiBinaDoll","Mythril_Glove","Replay:Bronze Core","wanderingMiniBosses:CarrionFlame","hydrologistmod:CursedCabbage","hubris:PeanutButter","Power_Wrist","qcfpunch:Crimson_Sash","ScarletDevilRocket"],"acts_visited":["Gensokyo:Gensokyo","Hallownest:CityofTears","TheBeyond"],"potions_floor_usage":[18,18,18,18,33,36,36],"damage_taken":[{"damage":0,"enemies":"Gensokyo:Python","floor":1,"turns":3},{"damage":0,"enemies":"Gensokyo:2_Kodama","floor":3,"turns":1},{"damage":0,"enemies":"Gensokyo:Mamizou","floor":7,"turns":3},{"damage":0,"enemies":"Gensokyo:3_Fairies","floor":11,"turns":3},{"damage":0,"enemies":"Gensokyo:Aya","floor":12,"turns":5},{"damage":0,"enemies":"Gensokyo:VengefulSpirit","floor":14,"turns":3},{"damage":0,"enemies":"Gensokyo:Kokoro","floor":16,"turns":8},{"damage":0,"enemies":"Hallownest:Guard_and_Sentry","floor":18,"turns":7},{"damage":0,"enemies":"Hallownest:Flukemon_and_Top","floor":19,"turns":2},{"damage":0,"enemies":"Hallownest:Master_and_Novice","floor":21,"turns":2},{"damage":0,"enemies":"Hallownest:Nosk","floor":23,"turns":6},{"damage":0,"enemies":"Hallownest:monsterShrumalOgre","floor":25,"turns":3},{"damage":0,"enemies":"Hallownest:2_Flukemon","floor":29,"turns":2},{"damage":0,"enemies":"Hallownest:2_Husk_Sentries","floor":31,"turns":3},{"damage":5,"enemies":"Hallownest:BossMantisLord","floor":33,"turns":5},{"damage":0,"enemies":"Orb Walker","floor":35,"turns":1},{"damage":13,"enemies":"Time Eater","floor":36,"turns":8}],"seed_played":"-6125100742147589084","potions_obtained":[{"floor":3,"key":"blueLaboratory:BubblePotion"},{"floor":16,"key":"blueLaboratory:FrostheartPotion"},{"floor":19,"key":"blueLaboratory:FruitPunch"},{"floor":25,"key":"infinitespire:BlackPotion"},{"floor":33,"key":"potionbrewer:QuicksilverPotion"}],"is_trial":false,"path_per_floor":["M","T","M","?","?","R","E","R","T","R","M","E","$","M","R_BF","B",null,"M","M","?","M","?","E","AVR","M","T","?","R","M","$","M","R","B",null,"M","B",null],"character_chosen":"HYDROLOGIST_CLASS","items_purchased":["hydrologistmod:Cascade","Chemical X","FairyPotion","hydrologistmod:IcyFloe","hydrologistmod:MeltingIceberg","qcfpunch:Wrestler\u0027s_Cloak","hydrologistmod:RiverOfTime","hydrologistmod:Debilitate","Pondfish Scales","hydrologistmod:StormOfSleet","hydrologistmod:StagnantCloak","ClockworkSouvenir","reliquary:RosewoodLute","hydrologistmod:Drench","hydrologistmod:Dehydrate","hydrologistmod:Scald","hydrologistmod:PreciousNecklace","hydrologistmod:AmalgamateWaters","Thread and Needle","qcfpunch:Chain_With_Nametags","Panacea","Bromod:ArcaneDeflection","Ice Cream","HollowMod:JonisBlessing","Sadistic Nature","hydrologistmod:HighTide","construct:RocketBooster","hydrologistmod:Slurry"],"campfire_rested":0,"item_purchase_floors":[0,0,0,0,0,0,0,0,0,0,0,0,0,0,0,0,0,0,0,0,0,0,0,0,0,0,0,13],"current_hp_per_floor":[77,77,77,77,77,77,77,77,77,77,77,77,77,77,77,77,77,77,77,77,77,77,77,77,77,77,77,77,77,77,77,77,72,79,79,66],"gold":606,"neow_bonus":"","is_daily":false,"chose_seed":false,"campfire_upgraded":5,"win_rate":0.0,"timestamp":1612271936,"path_taken":["M","?","M","?","?","R","E","R","T","R","M","E","?","M","R_BF","BOSS","M","?","?","?","?","E","AVR","M","T","?","R","?","$","?","R","BOSS","M","BOSS"],"items_purchased_type":["Card","Relic","Potion","Card","Card","Relic","Card","Card","Relic","Card","Card","Relic","Relic","Card","Card","Card","Relic","Card","Relic","Relic","Card","Relic","Relic","Relic","Card","Card","Relic","Card"],"build_version":"2020-12-22","purchased_purges":4,"victory":true,"max_hp_per_floor":[77,77,77,77,77,77,77,77,77,77,77,77,77,77,77,77,77,77,77,77,77,77,77,77,77,77,77,77,77,77,77,77,79,79,79,79],"relic_stats":{"counters":[46,145],"Chemical X":[1],"obtain_stats":[{"Ice Cream":0,"Golden Egg":0,"theSenshi:SuperSailorFukuRelic":0,"reliquary:SilkGlove":26,"ScarletDevilRocket":34,"RobotSpaceExplorer:PlasmaHourglass":0,"ZunR:ReiMu":20,"Bromod:ArcanePistoleer":0,"DemoMod:GlassGuonStoneRelic":1,"wanderingMiniBosses:AbyssPearl":18,"Gensokyo:NagashiBinaDoll":4,"Mythril_Glove":7,"Ancient Tea Set":6,"Cursed Key":17,"White_Cape":37,"Power_Wrist":26,"aspiration:RitualStick":19,"Pet Ghost":23,"qcfpunch:Crimson_Sash":34,"ClockworkSouvenir":0,"hydrologistmod:CursedCabbage":23,"hydrologistmod:PreciousNecklace":0,"Replay:Bronze Core":17,"hydrologistmod:WaterPouch":0,"qcfpunch:Wrestler\u0027s_Cloak":0,"qcfpunch:Handcuffs":41,"Chemical X":0,"qcfpunch:Chain_With_Nametags":0,"Bromod:ArcaneGuardian":14,"construct:RocketBooster":0,"Quantum Egg":0,"Hallownest:SoulVesselRelic":38,"HollowMod:JonisBlessing":0,"RobotSpaceExplorer:RoboCore":0,"Thread and Needle":0,"aspiration:RandomNobGenerator":34,"reliquary:RosewoodLute":0,"OrangePellets":0,"Pondfish Scales":0,"DemoMod:GundromedaStrain":0,"ReplayTheSpireMod:Shallot":10,"wanderingMiniBosses:CarrionFlame":18,"vexMod:HeadHunter":0,"Bromod:ArcaneDeflection":0,"Pandora\u0027s Box":0,"hubris:PeanutButter":24,"qcfpunch:Red_Headband":0,"Membership Card":0},{"Ice Cream":29,"Golden Egg":0,"theSenshi:SuperSailorFukuRelic":0,"reliquary:SilkGlove":15,"ScarletDevilRocket":44,"RobotSpaceExplorer:PlasmaHourglass":0,"ZunR:ReiMu":12,"Bromod:ArcanePistoleer":0,"DemoMod:GlassGuonStoneRelic":1,"wanderingMiniBosses:AbyssPearl":12,"Gensokyo:NagashiBinaDoll":31,"Mythril_Glove":32,"Ancient Tea Set":5,"Cursed Key":11,"White_Cape":21,"Power_Wrist":41,"aspiration:RitualStick":12,"Pet Ghost":13,"qcfpunch:Crimson_Sash":44,"ClockworkSouvenir":29,"hydrologistmod:CursedCabbage":40,"hydrologistmod:PreciousNecklace":29,"Replay:Bronze Core":36,"hydrologistmod:WaterPouch":29,"qcfpunch:Wrestler\u0027s_Cloak":29,"qcfpunch:Handcuffs":23,"Chemical X":29,"qcfpunch:Chain_With_Nametags":29,"Bromod:ArcaneGuardian":10,"construct:RocketBooster":29,"Quantum Egg":0,"Hallownest:SoulVesselRelic":21,"HollowMod:JonisBlessing":29,"RobotSpaceExplorer:RoboCore":0,"Thread and Needle":29,"aspiration:RandomNobGenerator":19,"reliquary:RosewoodLute":29,"OrangePellets":0,"Pondfish Scales":29,"DemoMod:GundromedaStrain":0,"ReplayTheSpireMod:Shallot":8,"wanderingMiniBosses:CarrionFlame":37,"vexMod:HeadHunter":0,"Bromod:ArcaneDeflection":29,"Pandora\u0027s Box":0,"hubris:PeanutButter":40,"qcfpunch:Red_Headband":0,"Membership Card":0},{"Ice Cream":80,"Golden Egg":0,"theSenshi:SuperSailorFukuRelic":0,"reliquary:SilkGlove":41,"ScarletDevilRocket":136,"RobotSpaceExplorer:PlasmaHourglass":0,"ZunR:ReiMu":31,"Bromod:ArcanePistoleer":0,"DemoMod:GlassGuonStoneRelic":2,"wanderingMiniBosses:AbyssPearl":31,"Gensokyo:NagashiBinaDoll":84,"Mythril_Glove":87,"Ancient Tea Set":12,"Cursed Key":28,"White_Cape":58,"Power_Wrist":126,"aspiration:RitualStick":31,"Pet Ghost":34,"qcfpunch:Crimson_Sash":136,"ClockworkSouvenir":80,"hydrologistmod:CursedCabbage":123,"hydrologistmod:PreciousNecklace":80,"Replay:Bronze Core":106,"hydrologistmod:WaterPouch":80,"qcfpunch:Wrestler\u0027s_Cloak":80,"qcfpunch:Handcuffs":62,"Chemical X":80,"qcfpunch:Chain_With_Nametags":80,"Bromod:ArcaneGuardian":25,"construct:RocketBooster":80,"Quantum Egg":0,"Hallownest:SoulVesselRelic":58,"HollowMod:JonisBlessing":80,"RobotSpaceExplorer:RoboCore":0,"Thread and Needle":80,"aspiration:RandomNobGenerator":54,"reliquary:RosewoodLute":80,"OrangePellets":0,"Pondfish Scales":80,"DemoMod:GundromedaStrain":0,"ReplayTheSpireMod:Shallot":19,"wanderingMiniBosses:CarrionFlame":113,"vexMod:HeadHunter":0,"Bromod:ArcaneDeflection":80,"Pandora\u0027s Box":0,"hubris:PeanutButter":123,"qcfpunch:Red_Headband":0,"Membership Card":0}]},"card_choices":[{"not_picked":["hydrologistmod:StaticIce","hydrologistmod:SearingSynthesis"],"picked":"hydrologistmod:PureIce","floor":1},{"not_picked":["hydrologistmod:GlacialStrike","hydrologistmod:YawningAbyss","hydrologistmod:Debilitate"],"picked":"SKIP","floor":3},{"not_picked":["hydrologistmod:GlacialStrike","hydrologistmod:HighTide"],"picked":"hydrologistmod:FrozenCapsule","floor":5},{"not_picked":["hydrologistmod:Dehydrate","hydrologistmod:SwelteringStrike"],"picked":"hydrologistmod:SoggySynthesis","floor":5},{"not_picked":["hydrologistmod:CrystalIce","hydrologistmod:StormOfSleet"],"picked":"hydrologistmod:LaminarFlow","floor":7},{"not_picked":["hydrologistmod:Purify","hydrologistmod:HeatBlast","hydrologistmod:StaticIce"],"picked":"SKIP","floor":7},{"not_picked":["hydrologistmod:OccludingMist","hydrologistmod:DimensionalIcicles"],"picked":"hydrologistmod:PersonalRaincloud","floor":11},{"not_picked":["hydrologistmod:EncapsulatingIce","hydrologistmod:RiverOfTime"],"picked":"hydrologistmod:Reservoir","floor":12},{"not_picked":["hydrologistmod:DimensionalIcicles","hydrologistmod:IcyFloe","hydrologistmod:GhostlyMist"],"picked":"SKIP","floor":12},{"not_picked":["hydrologistmod:GlacialStrike","hydrologistmod:PurifyingSteam","hydrologistmod:StaticIce"],"picked":"SKIP","floor":14},{"not_picked":["hydrologistmod:AmalgamateWaters","hydrologistmod:Scald"],"picked":"hydrologistmod:BracedForm","floor":16},{"not_picked":["hydrologistmod:SearingSynthesis","hydrologistmod:Dehydrate","hydrologistmod:LayeredShell"],"picked":"SKIP","floor":18},{"not_picked":["hydrologistmod:StaticIce","hydrologistmod:Debilitate","hydrologistmod:HotSprings"],"picked":"SKIP","floor":19},{"not_picked":["hydrologistmod:GlacialSynthesis","hydrologistmod:StormOfSleet","hydrologistmod:Upstream"],"picked":"SKIP","floor":21},{"not_picked":["hydrologistmod:RiverOfTime","hydrologistmod:AmalgamateWaters","hydrologistmod:Eruption"],"picked":"SKIP","floor":23},{"not_picked":["hydrologistmod:ViscousShell+1","hydrologistmod:Cascade+1","hydrologistmod:Defrost"],"picked":"SKIP","floor":23},{"not_picked":["hydrologistmod:GhostlyMist","hydrologistmod:PureWater","hydrologistmod:DeepFreeze"],"picked":"SKIP","floor":25},{"not_picked":["hydrologistmod:DeepFreeze","hydrologistmod:DimensionalIcicles","hydrologistmod:SearingSynthesis+1"],"picked":"SKIP","floor":29},{"not_picked":["hydrologistmod:SoggySynthesis+1","hydrologistmod:Debilitate","hydrologistmod:SwelteringStrike"],"picked":"SKIP","floor":31},{"not_picked":["hydrologistmod:RiverOfTime","hydrologistmod:AmalgamateWaters"],"picked":"hydrologistmod:CrystalSpear","floor":33},{"not_picked":["hydrologistmod:StaticSteam","hydrologistmod:MirageMist+1","hydrologistmod:SearingSynthesis+1"],"picked":"SKIP","floor":35}],"player_experience":1392605,"relics_obtained":[{"floor":7,"key":"Mythril_Glove"},{"floor":18,"key":"wanderingMiniBosses:CarrionFlame"},{"floor":23,"key":"hydrologistmod:CursedCabbage"},{"floor":26,"key":"Power_Wrist"}],"event_choices":[{"damage_healed":0,"gold_gain":75,"player_choice":"Grab what you can","damage_taken":0,"max_hp_gain":0,"max_hp_loss":0,"event_name":"Creature of the Night","floor":22,"gold_loss":0}],"is_beta":false,"boss_relics":[{"not_picked":["Fusion Hammer","Bromod:ArcaneBarrier"],"picked":"Replay:Bronze Core"},{"not_picked":["hubris:CrackedHourglass","vexMod:RockOfEvil"],"picked":"qcfpunch:Crimson_Sash"}],"items_purged_floors":[0,0,0,24],"is_endless":false,"potions_floor_spawned":[3,7,12,16,19,25,31,33],"ascension_level":0,"is_humility":true}}