{"host":"at5b10nm0iti0w4x","time":1612229065,"event":{"mods":["AchievementEnabler","BaseMod","Bestiary","Block Reminder","Colored Map","Colored Powertips","Highlight Path","Keyboard Shortcuts","Minty Spire (QoL Compilation)","Relic Stats","StSLib","SuperFastMode"],"gold_per_floor":[116,126,138,156,156,156,491,491,491,491,509,521,521,541,541,641,641,641,177,177,177,177,177,177,177,177,0,0,0,0,0,0,0,0,0,0,0,0,0,0,0,0,0,0,0,0,0,0,0,0],"floor_reached":51,"language":"ENG","playtime":2588,"items_purged":["Strike_G","Defend_G"],"score":751,"play_id":"ea8d38d9-30d9-458f-b2e6-e10dceedefbd","local_time":"20210201202425","is_ascension_mode":false,"campfire_choices":[{"data":"Noxious Fumes","floor":6,"key":"SMITH"},{"data":"Terror","floor":8,"key":"SMITH"},{"data":"Envenom","floor":13,"key":"SMITH"},{"floor":15,"key":"DIG"},{"data":"Footwork","floor":23,"key":"SMITH"},{"floor":29,"key":"DIG"},{"floor":32,"key":"DIG"},{"data":"Well Laid Plans","floor":45,"key":"SMITH"},{"data":"Footwork","floor":47,"key":"SMITH"},{"data":"Adrenaline","floor":49,"key":"SMITH"}],"circlet_count":0,"master_deck":["Strike_G","Strike_G","Strike_G","Defend_G","Defend_G","Defend_G","Defend_G","Survivor+1","Neutralize+1","CurseOfTheBell","Terror+1","Dagger Spray","Deadly Poison+1","Noxious Fumes+1","Envenom+1","Footwork+1","Dash","Venomology","Backflip+1","Well Laid Plans+1","Dagger Spray+1","Sucker Punch+1","Quick Slash+1","Footwork+1","Quick Slash+1","Adrenaline+1","Flying Knee+1","Blade Dance+1","Die Die Die+1","Sucker Punch+1","Caltrops+1"],"relics":["Calling Bell","Centennial Puzzle","Meat on the Bone","Gambling Chip","Old Coin","Shovel","Molten Egg 2","Ectoplasm","Lizard Tail","Ancient Tea Set","Snake Skull","TungstenRod","Toy Ornithopter","Paper Crane","SacredBark","Lantern","Potion Belt","Gremlin Horn","The Specimen"],"acts_visited":["Exordium","TheCity","TheBeyond"],"potions_floor_usage":[16,24,33,33,35,36,39,40,41,42,48,50,50,50,50],"damage_taken":[{"damage":0,"enemies":"Jaw Worm","floor":1,"turns":5},{"damage":0,"enemies":"2 Louse","floor":2,"turns":4},{"damage":1,"enemies":"Cultist","floor":3,"turns":3},{"damage":11,"enemies":"2 Fungi Beasts","floor":4,"turns":3},{"damage":16,"enemies":"Lagavulin","floor":7,"turns":5},{"damage":6,"enemies":"Exordium Thugs","floor":11,"turns":4},{"damage":12,"enemies":"Lots of Slimes","floor":12,"turns":3},{"damage":5,"enemies":"Looter","floor":14,"turns":3},{"damage":11,"enemies":"Hexaghost","floor":16,"turns":8},{"damage":2,"enemies":"Shell Parasite","floor":18,"turns":5},{"damage":8,"enemies":"Chosen","floor":21,"turns":5},{"damage":15,"enemies":"Snake Plant","floor":22,"turns":5},{"damage":19,"enemies":"Gremlin Leader","floor":24,"turns":7},{"damage":16,"enemies":"Shelled Parasite and Fungi","floor":25,"turns":6},{"damage":14,"enemies":"Book of Stabbing","floor":30,"turns":5},{"damage":10,"enemies":"Centurion and Healer","floor":31,"turns":5},{"damage":4,"enemies":"Automaton","floor":33,"turns":8},{"damage":9,"enemies":"3 Shapes","floor":35,"turns":4},{"damage":20,"enemies":"3 Darklings","floor":36,"turns":5},{"damage":3,"enemies":"Transient","floor":38,"turns":5},{"damage":9,"enemies":"Sphere and 2 Shapes","floor":39,"turns":7},{"damage":31,"enemies":"Giant Head","floor":40,"turns":8},{"damage":9,"enemies":"Jaw Worm Horde","floor":41,"turns":4},{"damage":7,"enemies":"Nemesis","floor":42,"turns":5},{"damage":0,"enemies":"4 Shapes","floor":46,"turns":4},{"damage":0,"enemies":"Mind Bloom Boss Battle","floor":48,"turns":4},{"damage":39,"enemies":"Time Eater","floor":50,"turns":10}],"seed_played":"-3157173841417393157","potions_obtained":[{"floor":3,"key":"CunningPotion"},{"floor":4,"key":"SneckoOil"},{"floor":11,"key":"Poison Potion"},{"floor":24,"key":"Dexterity Potion"},{"floor":30,"key":"CultistPotion"},{"floor":36,"key":"FearPotion"},{"floor":38,"key":"Dexterity Potion"},{"floor":42,"key":"Fire Potion"},{"floor":44,"key":"DuplicationPotion"},{"floor":44,"key":"Strength Potion"},{"floor":48,"key":"CunningPotion"}],"is_trial":false,"path_per_floor":["M","M","M","M","?","R","E","R","T","?","M","M","R","M","R","B",null,"M","$","?","M","M","R","E","M","T","$","?","R","E","M","R","B",null,"M","M","$","M","M","E","M","E","T","?","R","M","R","?","R","B",null],"character_chosen":"THE_SILENT","items_purchased":["Lizard Tail","Well Laid Plans","Footwork"],"campfire_rested":0,"item_purchase_floors":[19,19,27],"current_hp_per_floor":[70,70,69,58,44,44,40,40,40,40,46,46,46,41,41,42,70,68,68,68,60,45,45,38,34,34,34,34,34,32,34,34,40,70,66,51,51,48,44,30,38,36,36,36,36,36,36,41,41,34],"gold":0,"neow_bonus":"BOSS_RELIC","is_daily":false,"chose_seed":false,"campfire_upgraded":7,"win_rate":0.0,"timestamp":1612229065,"path_taken":["M","M","M","M","?","R","E","R","T","?","M","M","R","M","R","BOSS","M","$","?","M","M","R","E","M","T","?","?","R","E","?","R","BOSS","M","M","?","M","M","E","M","E","T","?","R","?","R","?","R","BOSS"],"items_purchased_type":["Relic","Card","Card"],"build_version":"2020-12-22","purchased_purges":2,"victory":true,"max_hp_per_floor":[70,70,70,70,70,70,70,70,70,70,70,70,70,70,70,70,70,70,70,70,70,70,70,70,70,70,70,70,70,70,70,70,70,70,70,70,70,70,70,70,70,70,70,70,70,70,70,70,70,70],"relic_stats":{"Centennial Puzzle":[69],"Lizard Tail":0,"Shovel":3,"Gremlin Horn":[5,5],"counters":[27,140],"Gambling Chip":[54],"Ectoplasm":434,"Snake Skull":[194],"obtain_stats":[{"Potion Belt":42,"Lantern":40,"Gremlin Horn":43,"The Specimen":48,"SacredBark":34,"Snake Skull":26,"Paper Crane":32,"Ancient Tea Set":24,"Old Coin":7,"Calling Bell":0,"Centennial Puzzle":0,"Lizard Tail":19,"Shovel":9,"Gambling Chip":0,"Molten Egg 2":15,"Ectoplasm":17,"TungstenRod":29,"Toy Ornithopter":30,"Ring of the Snake":0,"Meat on the Bone":0},{"Potion Belt":24,"Lantern":22,"Gremlin Horn":24,"The Specimen":26,"SacredBark":17,"Snake Skull":14,"Paper Crane":16,"Ancient Tea Set":13,"Old Coin":5,"Calling Bell":0,"Centennial Puzzle":0,"Lizard Tail":10,"Shovel":5,"Gambling Chip":0,"Molten Egg 2":8,"Ectoplasm":9,"TungstenRod":14,"Toy Ornithopter":15,"Ring of the Snake":0,"Meat on the Bone":0},{"Potion Belt":122,"Lantern":113,"Gremlin Horn":122,"The Specimen":130,"SacredBark":84,"Snake Skull":66,"Paper Crane":76,"Ancient Tea Set":60,"Old Coin":20,"Calling Bell":0,"Centennial Puzzle":0,"Lizard Tail":43,"Shovel":20,"Gambling Chip":0,"Molten Egg 2":30,"Ectoplasm":38,"TungstenRod":66,"Toy Ornithopter":71,"Ring of the Snake":0,"Meat on the Bone":0}],"TungstenRod":29,"Toy Ornithopter":65,"Meat on the Bone":132},"card_choices":[{"not_picked":["Prepared","Choke"],"picked":"Terror","floor":1},{"not_picked":["Dodge and Roll","Underhanded Strike"],"picked":"Dagger Spray","floor":2},{"not_picked":["Riddle With Holes","Escape Plan"],"picked":"Deadly Poison","floor":3},{"not_picked":["Flying Knee","Well Laid Plans"],"picked":"Noxious Fumes","floor":4},{"not_picked":["Acrobatics","Escape Plan","Choke"],"picked":"SKIP","floor":7},{"not_picked":["Dagger Throw","Blade Dance"],"picked":"Envenom","floor":11},{"not_picked":["Outmaneuver","Dagger Spray"],"picked":"Footwork","floor":12},{"not_picked":["Heel Hook","Deflect"],"picked":"Dash","floor":14},{"not_picked":["Tools of the Trade","Malaise"],"picked":"Venomology","floor":16},{"not_picked":["Poisoned Stab+1","Underhanded Strike+1"],"picked":"Backflip+1","floor":18},{"not_picked":["Eviscerate+1","Choke+1"],"picked":"Dagger Spray+1","floor":21},{"not_picked":["Tactician","Dagger Throw+1","Sucker Punch+1"],"picked":"SKIP","floor":22},{"not_picked":["Unload+1","Acrobatics+1"],"picked":"Sucker Punch+1","floor":24},{"not_picked":["Prepared+1","Slice+1"],"picked":"Quick Slash+1","floor":25},{"not_picked":["Underhanded Strike+1","Wraith Form v2"],"picked":"Quick Slash+1","floor":30},{"not_picked":["Underhanded Strike+1","Heel Hook+1","Footwork"],"picked":"SKIP","floor":31},{"not_picked":["Tools of the Trade","Envenom"],"picked":"Adrenaline","floor":33},{"not_picked":["Quick Slash+1","Choke+1","Dagger Throw+1"],"picked":"SKIP","floor":35},{"not_picked":["Acrobatics","PiercingWail+1","All Out Attack+1"],"picked":"SKIP","floor":36},{"not_picked":["Backflip+1","Deflect+1"],"picked":"Flying Knee+1","floor":38},{"not_picked":["Dagger Throw+1","Acrobatics"],"picked":"Blade Dance+1","floor":39},{"not_picked":["Expertise","Tactician"],"picked":"Die Die Die+1","floor":40},{"not_picked":["Caltrops","Skewer+1","PiercingWail+1"],"picked":"SKIP","floor":41},{"not_picked":["Dash+1","Quick Slash+1"],"picked":"Sucker Punch+1","floor":42},{"not_picked":["Finisher+1","Deadly Poison"],"picked":"Caltrops+1","floor":46}],"player_experience":21881,"relics_obtained":[{"floor":0,"key":"Centennial Puzzle"},{"floor":0,"key":"Meat on the Bone"},{"floor":0,"key":"Gambling Chip"},{"floor":7,"key":"Old Coin"},{"floor":9,"key":"Shovel"},{"floor":15,"key":"Molten Egg 2"},{"floor":24,"key":"Ancient Tea Set"},{"floor":26,"key":"Snake Skull"},{"floor":29,"key":"TungstenRod"},{"floor":30,"key":"Toy Ornithopter"},{"floor":32,"key":"Paper Crane"},{"floor":40,"key":"Lantern"},{"floor":42,"key":"Potion Belt"},{"floor":43,"key":"Gremlin Horn"},{"floor":48,"key":"The Specimen"}],"event_choices":[{"damage_healed":0,"gold_gain":0,"player_choice":"Entered Light","damage_taken":14,"max_hp_gain":0,"max_hp_loss":0,"event_name":"Shining Light","floor":5,"gold_loss":0,"cards_upgraded":["Neutralize","Survivor"]},{"damage_healed":0,"gold_gain":0,"player_choice":"Grow","damage_taken":0,"max_hp_gain":0,"max_hp_loss":0,"event_name":"Living Wall","floor":10,"gold_loss":0,"cards_upgraded":["Deadly Poison"]},{"cards_removed":["Strike_G"],"damage_healed":0,"gold_gain":0,"player_choice":"Purged","damage_taken":0,"max_hp_gain":0,"max_hp_loss":0,"event_name":"Purifier","floor":20,"gold_loss":0},{"damage_healed":0,"gold_gain":0,"player_choice":"Ignored","damage_taken":0,"max_hp_gain":0,"max_hp_loss":0,"event_name":"NoteForYourself","floor":28,"gold_loss":0},{"damage_healed":0,"gold_gain":0,"player_choice":"Got Potions","damage_taken":0,"max_hp_gain":0,"max_hp_loss":0,"event_name":"Lab","floor":44,"gold_loss":0},{"damage_healed":0,"gold_gain":0,"player_choice":"Fight","damage_taken":0,"max_hp_gain":0,"max_hp_loss":0,"event_name":"MindBloom","floor":48,"gold_loss":0}],"is_beta":false,"boss_relics":[{"not_picked":["HoveringKite","Philosopher\u0027s Stone"],"picked":"Ectoplasm"},{"not_picked":["Empty Cage","Black Star"],"picked":"SacredBark"}],"items_purged_floors":[19,27],"is_endless":false,"potions_floor_spawned":[3,4,11,18,24,30,36,38,42,46,48],"ascension_level":0}}