{"host":"czyddnh1ekzxzhp2","time":1612290517,"event":{"mods":["BaseMod","Better Third Choice","BetterRewards","Hermit","Minty Spire (QoL Compilation)","StSLib"],"gold_per_floor":[369,381,391,410,2,2,335,346,346,381,259,275,275,275,275,375,375,385,400,122,122,137,164,124,157,180,180,192,192,192,192,192,296,296,316,316,328,328,96,96,127,127,127],"floor_reached":42,"language":"ENG","playtime":3599,"items_purged":["hermit:Strike_Hermit","hermit:Defend_Hermit","hermit:WideOpen+1"],"score":629,"play_id":"70290585-14f3-41be-9013-65e4c4150c84","local_time":"20210202132837","is_ascension_mode":true,"campfire_choices":[{"floor":6.0,"key":"REST"},{"data":"hermit:WideOpen","floor":13.0,"key":"SMITH"},{"data":"hermit:Covet","floor":15.0,"key":"SMITH"},{"floor":27,"key":"REST"},{"floor":29,"key":"REST"},{"floor":32,"key":"REST"},{"data":"hermit:Shortfuse","floor":40,"key":"SMITH"}],"circlet_count":0,"master_deck":["hermit:Strike_Hermit","hermit:Strike_Hermit+1","hermit:Strike_Hermit","hermit:Defend_Hermit","hermit:Defend_Hermit","hermit:Defend_Hermit","hermit:Snapshot","hermit:Covet+1","hermit:Maintenance+1","hermit:FlashPowder+1","hermit:Dive+1","hermit:HighNoon+1","hermit:Shortfuse+1","hermit:FlashPowder+1","Madness+1","hermit:TakeAim+1","Secret Weapon+1","Purity+1"],"relics":["hermit:Momento","Toxic Egg 2","Old Coin","Ornamental Fan","Lantern","Busted Crown","Nilry\u0027s Codex","Sundial","Mercury Hourglass","Nunchaku","Omamori","Calling Bell","Pen Nib","Shuriken","hermit:RedScarf","Strange Spoon","Bag of Preparation"],"acts_visited":["Exordium","TheCity","TheBeyond"],"potions_floor_usage":[25,28,42],"damage_taken":[{"damage":0.0,"enemies":"Cultist","floor":1.0,"turns":3.0},{"damage":2.0,"enemies":"2 Louse","floor":2.0,"turns":2.0},{"damage":7.0,"enemies":"Small Slimes","floor":3.0,"turns":3.0},{"damage":11.0,"enemies":"Looter","floor":4.0,"turns":2.0},{"damage":8.0,"enemies":"3 Sentries","floor":7.0,"turns":9.0},{"damage":1.0,"enemies":"2 Fungi Beasts","floor":8.0,"turns":3.0},{"damage":0.0,"enemies":"Gremlin Nob","floor":10.0,"turns":3.0},{"damage":6.0,"enemies":"Large Slime","floor":12.0,"turns":7.0},{"damage":19.0,"enemies":"The Guardian","floor":16.0,"turns":13.0},{"damage":4.0,"enemies":"Chosen","floor":18.0,"turns":4.0},{"damage":2.0,"enemies":"3 Byrds","floor":19.0,"turns":5.0},{"damage":17.0,"enemies":"Cultist and Chosen","floor":22.0,"turns":7.0},{"damage":40.0,"enemies":"Slavers","floor":23.0,"turns":9.0},{"damage":4,"enemies":"Book of Stabbing","floor":25,"turns":6},{"damage":0,"enemies":"Shelled Parasite and Fungi","floor":28,"turns":4},{"damage":0,"enemies":"Champ","floor":33,"turns":7},{"damage":7,"enemies":"Orb Walker","floor":35,"turns":4},{"damage":22,"enemies":"3 Darklings","floor":37,"turns":5},{"damage":44,"enemies":"Giant Head","floor":41,"turns":10},{"damage":42,"enemies":"2 Orb Walkers","floor":42,"turns":4}],"seed_played":"2846165071978101204","potions_obtained":[{"floor":1.0,"key":"PowerPotion"},{"floor":2.0,"key":"Dexterity Potion"},{"floor":7.0,"key":"FearPotion"},{"floor":18.0,"key":"FairyPotion"},{"floor":19.0,"key":"LiquidMemories"},{"floor":25,"key":"GamblersBrew"},{"floor":35,"key":"hermit:BlackBile"},{"floor":41,"key":"hermit:Tonic"}],"is_trial":false,"path_per_floor":["M","M","M","M","$","R","E","M","T","E","$","M","R","?","R","B",null,"M","M","$","?","M","E","?","E","T","R","M","R","?","?","R","B",null,"M","?","M","?","$","R","E","?"],"character_chosen":"HERMIT","items_purchased":["Toxic Egg 2","hermit:Maintenance+1","hermit:Dive+1","hermit:FlashPowder+1","Madness+1","Strange Spoon","Purity+1"],"campfire_rested":4,"item_purchase_floors":[5,5,11,20,20,39,39],"current_hp_per_floor":[54,52,45,34,34,56,48,47,47,47,47,41,41,85,85,66,85,81,79,79,63,46,6,6,2,2,27,27,52,52,52,77,77,85,78,78,56,56,56,56,12,0,0],"gold":127,"neow_bonus":"TWO_FIFTY_GOLD","is_daily":false,"chose_seed":false,"campfire_upgraded":3,"win_rate":0.0,"timestamp":1612290517,"path_taken":["M","M","M","?","$","R","E","M","T","E","$","M","R","?","R","BOSS","M","M","$","?","M","E","?","E","T","R","?","R","?","?","R","BOSS","M","?","M","?","$","R","E","?"],"items_purchased_type":["Relic","Card","Card","Card","Card","Relic","Card"],"build_version":"2020-12-22","purchased_purges":3,"victory":false,"max_hp_per_floor":[75,75,75,75,75,75,75,75,75,75,75,75,75,85,85,85,85,85,85,85,85,85,85,85,85,85,85,85,85,85,85,85,85,85,85,85,85,85,85,85,85,85,85],"card_choices":[{"not_picked":["hermit:Virtue","hermit:ItchyTrigger","hermit:Gestalt"],"picked":"SKIP","floor":1.0},{"not_picked":["hermit:Horror","hermit:Desperado","hermit:Glare"],"picked":"SKIP","floor":2.0},{"not_picked":["hermit:Dive","hermit:LowProfile"],"picked":"hermit:WideOpen","floor":3.0},{"not_picked":["hermit:Gestalt","hermit:Misfire","hermit:Shortfuse"],"picked":"SKIP","floor":4.0},{"not_picked":["hermit:WideOpen","hermit:BodyArmor+1"],"picked":"hermit:FlashPowder+1","floor":7.0},{"not_picked":["hermit:BodyArmor+1","hermit:Headshot","hermit:ItchyTrigger"],"picked":"SKIP","floor":8.0},{"not_picked":["hermit:Glare+1","hermit:PistolWhip"],"picked":"hermit:Dissolve+1","floor":10.0},{"not_picked":["hermit:BodyArmor+1","hermit:Manifest+1","hermit:Enervate"],"picked":"SKIP","floor":12.0},{"not_picked":["hermit:HeroicBravado+1","hermit:BlackWind"],"picked":"hermit:HighNoon","floor":16.0},{"not_picked":[],"picked":"hermit:Shortfuse","floor":18.0},{"not_picked":["hermit:TakeCover+1"],"picked":"SKIP","floor":19.0},{"not_picked":["hermit:TakeAim+1"],"picked":"SKIP","floor":22.0},{"not_picked":[],"picked":"hermit:TakeAim+1","floor":22.0},{"not_picked":[],"picked":"hermit:FatalDesire","floor":23},{"not_picked":["hermit:Midnight+1"],"picked":"SKIP","floor":25},{"not_picked":["hermit:Midnight+1"],"picked":"SKIP","floor":25},{"not_picked":["hermit:Enervate"],"picked":"SKIP","floor":28},{"not_picked":["hermit:BodyArmor+1"],"picked":"SKIP","floor":35},{"not_picked":[],"picked":"Secret Weapon+1","floor":36},{"not_picked":["hermit:Headshot"],"picked":"SKIP","floor":37},{"not_picked":["hermit:GoldenBullet+1"],"picked":"SKIP","floor":41}],"player_experience":898862,"relics_obtained":[{"floor":7.0,"key":"Old Coin"},{"floor":9.0,"key":"Ornamental Fan"},{"floor":10.0,"key":"Lantern"},{"floor":21.0,"key":"Nilry\u0027s Codex"},{"floor":23,"key":"Sundial"},{"floor":25,"key":"Mercury Hourglass"},{"floor":26,"key":"Nunchaku"},{"floor":34,"key":"Pen Nib"},{"floor":34,"key":"Shuriken"},{"floor":34,"key":"hermit:RedScarf"},{"floor":41,"key":"Bag of Preparation"}],"event_choices":[{"cards_removed":["hermit:Dissolve"],"damage_healed":34.0,"max_hp_gain":10.0,"max_hp_loss":0.0,"gold_gain":0.0,"event_name":"Bonfire Elementals","player_choice":"Offered Rare","floor":14.0,"gold_loss":0.0,"damage_taken":0.0},{"damage_healed":0.0,"max_hp_gain":0.0,"max_hp_loss":0.0,"gold_gain":0.0,"event_name":"Cursed Tome","player_choice":"Obtained Book","floor":21.0,"gold_loss":0.0,"damage_taken":16.0},{"damage_healed":0,"gold_gain":0,"player_choice":"Upgraded Two","damage_taken":0,"max_hp_gain":0,"max_hp_loss":0,"event_name":"Designer","floor":24,"gold_loss":40,"cards_upgraded":["hermit:Strike_Hermit","hermit:HighNoon"]},{"damage_healed":0,"gold_gain":0,"player_choice":"Ignored","damage_taken":0,"max_hp_gain":0,"max_hp_loss":0,"event_name":"Vampires","floor":30,"gold_loss":0},{"damage_healed":0,"gold_gain":0,"player_choice":"Opened","damage_taken":0,"relics_obtained":["Omamori"],"max_hp_gain":0,"max_hp_loss":0,"event_name":"The Mausoleum","floor":31,"gold_loss":0},{"damage_healed":0,"gold_gain":0,"player_choice":"Memory 1","damage_taken":0,"max_hp_gain":0,"max_hp_loss":0,"event_name":"SensoryStone","floor":36,"gold_loss":0},{"cards_removed":["hermit:FatalDesire"],"damage_healed":0,"gold_gain":0,"player_choice":"Removed Power","damage_taken":0,"max_hp_gain":0,"max_hp_loss":0,"event_name":"Falling","floor":38,"gold_loss":0},{"damage_healed":0,"gold_gain":0,"player_choice":"Fight","damage_taken":0,"max_hp_gain":0,"max_hp_loss":0,"event_name":"Mysterious Sphere","floor":42,"gold_loss":0}],"is_beta":false,"boss_relics":[{"not_picked":["Snecko Eye","Pandora\u0027s Box"],"picked":"Busted Crown"},{"not_picked":["Astrolabe","hermit:DentedPlate"],"picked":"Calling Bell"}],"items_purged_floors":[5,11,20],"is_endless":false,"potions_floor_spawned":[1,2,7,18,19,25,35,41],"killed_by":"2 Orb Walkers","ascension_level":2}}