{"host":"fdq5pmhluajjrf8d","time":1612287772,"event":{"mods":["BaseMod","Minty Spire (QoL Compilation)"],"gold_per_floor":[112,124,274,274,34,34,67,67,67,67,84,109,109,126,126,199,199,219,219,235,270,270,270],"floor_reached":22,"language":"ENG","playtime":747,"items_purged":["Doubt"],"score":391,"play_id":"a66a8132-1edf-437f-9a74-ef49cf06b4bd","local_time":"20210202124252","is_ascension_mode":true,"campfire_choices":[{"data":"PathToVictory","floor":6.0,"key":"SMITH"},{"floor":8.0,"key":"REST"},{"floor":10.0,"key":"REST"},{"data":"Study","floor":13,"key":"SMITH"},{"data":"PathToVictory","floor":15,"key":"SMITH"}],"circlet_count":0,"master_deck":["AscendersBane","Strike_P","Strike_P","Strike_P","Strike_P","Defend_P","Defend_P","Defend_P","Defend_P","Eruption","Vigilance","PathToVictory+1","PathToVictory+1","Study+1","DevaForm","PathToVictory","Writhe","ThirdEye"],"relics":["PureWater","Ancient Tea Set","Happy Flower","Tiny Chest","Gambling Chip","Pantograph","SlaversCollar","Eternal Feather","Red Mask"],"acts_visited":["Exordium","TheCity"],"potions_floor_usage":[12,21],"damage_taken":[{"damage":8.0,"enemies":"2 Louse","floor":1.0,"turns":3.0},{"damage":7.0,"enemies":"Jaw Worm","floor":2.0,"turns":4.0},{"damage":39.0,"enemies":"Lagavulin","floor":7.0,"turns":6.0},{"damage":0.0,"enemies":"Small Slimes","floor":11.0,"turns":2.0},{"damage":0,"enemies":"Gremlin Nob","floor":12,"turns":2},{"damage":9,"enemies":"3 Louse","floor":14,"turns":3},{"damage":11,"enemies":"The Guardian","floor":16,"turns":7},{"damage":21,"enemies":"2 Thieves","floor":18,"turns":4},{"damage":8,"enemies":"Chosen","floor":20,"turns":5},{"damage":33,"enemies":"Masked Bandits","floor":21,"turns":4},{"damage":48,"enemies":"Snake Plant","floor":22,"turns":2}],"seed_played":"3043604279823718137","potions_obtained":[{"floor":11.0,"key":"BlessingOfTheForge"},{"floor":16,"key":"FairyPotion"},{"floor":20,"key":"PowerPotion"},{"floor":21,"key":"CultistPotion"}],"is_trial":false,"path_per_floor":["M","M","?","?","$","R","E","R","T","R","M","E","R","M","R","B",null,"M","?","M","?","M"],"character_chosen":"WATCHER","items_purchased":["Happy Flower"],"campfire_rested":2,"item_purchase_floors":[5],"current_hp_per_floor":[59,52,52,41,41,41,2,24,24,46,46,46,46,37,37,51,68,47,47,39,6,0,0],"gold":270,"neow_bonus":"TEN_PERCENT_HP_BONUS","is_daily":false,"chose_seed":false,"campfire_upgraded":3,"win_rate":0.0,"timestamp":1612287772,"path_taken":["M","M","?","?","$","R","E","R","T","R","M","E","R","M","R","BOSS","M","?","M","?","M"],"items_purchased_type":["Relic"],"build_version":"2020-12-22","purchased_purges":1,"victory":false,"max_hp_per_floor":[74,74,74,74,74,74,74,74,74,74,74,74,74,74,74,74,74,74,74,74,74,74,74],"card_choices":[{"not_picked":["EmptyBody","FearNoEvil","CrushJoints"],"picked":"SKIP","floor":1.0},{"not_picked":["WindmillStrike","FearNoEvil"],"picked":"PathToVictory","floor":2.0},{"not_picked":["Halt","SignatureMove"],"picked":"PathToVictory","floor":7.0},{"not_picked":["SashWhip","Halt","Consecrate"],"picked":"SKIP","floor":11.0},{"not_picked":["BowlingBash","Nirvana"],"picked":"Study","floor":12},{"not_picked":["Pray","ForeignInfluence","Vengeance"],"picked":"SKIP","floor":14},{"not_picked":["Blasphemy","Devotion"],"picked":"DevaForm","floor":16},{"not_picked":["CarveReality","Indignation"],"picked":"PathToVictory","floor":18},{"not_picked":["ReachHeaven","Vengeance","WreathOfFlame"],"picked":"SKIP","floor":20},{"not_picked":["FlyingSleeves","EmptyFist"],"picked":"ThirdEye","floor":21}],"player_experience":1968058,"relics_obtained":[{"floor":7.0,"key":"Tiny Chest"},{"floor":9.0,"key":"Gambling Chip"},{"floor":12,"key":"Pantograph"},{"floor":21,"key":"Red Mask"}],"event_choices":[{"damage_healed":0.0,"max_hp_gain":0.0,"max_hp_loss":0.0,"gold_gain":150.0,"event_name":"Liars Game","player_choice":"AGREE","floor":3.0,"gold_loss":0.0,"damage_taken":0.0,"cards_obtained":["Doubt"]},{"damage_healed":0.0,"max_hp_gain":0.0,"max_hp_loss":0.0,"gold_gain":0.0,"event_name":"Scrap Ooze","player_choice":"Success","floor":4.0,"gold_loss":0.0,"damage_taken":11.0,"relics_obtained":["Ancient Tea Set"]},{"damage_healed":0,"gold_gain":0,"player_choice":"Opened","damage_taken":0,"relics_obtained":["Eternal Feather"],"max_hp_gain":0,"max_hp_loss":0,"event_name":"The Mausoleum","floor":19,"gold_loss":0,"cards_obtained":["Writhe"]},{"damage_healed":0,"gold_gain":0,"player_choice":"Fought Bandits","damage_taken":0,"max_hp_gain":0,"max_hp_loss":0,"event_name":"Masked Bandits","floor":21,"gold_loss":0}],"is_beta":false,"boss_relics":[{"not_picked":["Velvet Choker","Cursed Key"],"picked":"SlaversCollar"}],"items_purged_floors":[5],"is_endless":false,"potions_floor_spawned":[11,16,20,21],"killed_by":"Snake Plant","ascension_level":16}}