{"host":"ecuvtzmejf7hhjpv","time":1612308203,"event":{"mods":["AchievementEnabler","Act Like it!","Aspiration","BaseMod","Better Altar","Better Match","Better Note","Better Sensory Stone","Better Skull","Better Third Choice","BetterRewards","Conspire","Custom Start","Downfall","Gensokyo","GifTheSpireLib","Hallownest","Hermit","Hubris","Kratos Character Expansion","Luminous","Marisa????????","Minty Spire (QoL Compilation)","Prisma Mod","Remilia??????","Replay The Spire","Robot Space Explorer","Spicy Shops","StSLib","The Animator","The Blackbeard","The Bug Knight","The Construct","The Cursed","The Disciple","The Dragon Tamer","The Forsaken","The Hierophant","The Jungle","The Marked","The Necromancer","The Poker Player","The Wild Card","TheSwordswoman"],"gold_per_floor":[116,59,9,39,69,117,145,191,191,242,69,69,99,59,59,174,174,226,226,258,271,293,293],"floor_reached":22,"language":"ENG","playtime":1064,"items_purged":[],"score":268,"play_id":"225526a6-e2e6-4da1-a4f5-52d65dd2ec32","local_time":"20210202172323","is_ascension_mode":true,"campfire_choices":[{"floor":15,"key":"REST"}],"circlet_count":0,"master_deck":["theWildCard:BasicStrike","theWildCard:BasicStrike","theWildCard:BasicStrike","theWildCard:BasicStrike","theWildCard:BasicDefend","theWildCard:BasicDefend","theWildCard:BasicDefend","theWildCard:BasicDefend","theWildCard:CallToAdventure","theWildCard:Arsene","theWildCard:ArchaicAssault","theWildCard:MagicMettle","theWildCard:MagicMettle","conspire:SpireCoStock","theWildCard:PowerOfTheArcana","theWildCard:Unburden","theWildCard:SacrificialStroke","theWildCard:SeveringSlash","theWildCard:Abstinence","HandOfGreed","Enlightenment","theWildCard:PowerOfTheArcana","theWildCard:Polydeuces"],"relics":["theWildCard:VelvetContract","aspiration:Nostalgia","Chronometer","Replay:Ringing Soul","Lizard Tail","Quantum Egg","hubris:SlimyHat","aspiration:PoetsPen_weak"],"acts_visited":["Exordium","TheCity"],"potions_floor_usage":[6,10,10,16,21],"damage_taken":[{"damage":0,"enemies":"Cultist","floor":1,"turns":5},{"damage":0,"enemies":"2 Louse","floor":4,"turns":3},{"damage":0,"enemies":"Small Slimes","floor":5,"turns":3},{"damage":24,"enemies":"3 Sentries","floor":6,"turns":10},{"damage":8,"enemies":"Blue Slaver","floor":7,"turns":5},{"damage":7,"enemies":"Replay:BlueRogue","floor":8,"turns":8},{"damage":0,"enemies":"Lagavulin","floor":10,"turns":7},{"damage":29,"enemies":"Exordium Thugs","floor":13,"turns":8},{"damage":26,"enemies":"Fading Forest","floor":16,"turns":11},{"damage":8,"enemies":"3 Byrds","floor":18,"turns":6},{"damage":0,"enemies":"conspire:FuzzyDice","floor":20,"turns":9},{"damage":68,"enemies":"Centurion and Healer","floor":21,"turns":11},{"damage":7,"enemies":"3 Cultists","floor":22,"turns":3}],"seed_played":"5333968666102056153","potions_obtained":[{"floor":4,"key":"hexamod:SoulburnPotion"},{"floor":5,"key":"Block Potion"},{"floor":7,"key":"Adrenaline Potion"},{"floor":8,"key":"Venom Potion"},{"floor":13,"key":"ColorlessPotion"},{"floor":18,"key":"Explosive Potion"}],"is_trial":false,"path_per_floor":["M","$","?","M","M","E","M","E","T","E","$","?","M","$","R","B",null,"M","?","M","M","M"],"character_chosen":"THE_WILD_CARD","items_purchased":["theWildCard:MagicMettle","HandOfGreed","theWildCard:PowerOfTheArcana"],"campfire_rested":1,"item_purchase_floors":[2,11,14],"current_hp_per_floor":[60,60,60,60,60,39,34,30,30,30,33,36,7,10,33,41,78,70,70,70,5,40,40],"gold":293,"neow_bonus":"NOSTALGIA","is_daily":false,"chose_seed":false,"campfire_upgraded":0,"win_rate":0.0,"timestamp":1612308203,"path_taken":["M","?","?","M","M","E","M","E","T","E","$","?","M","$","R","BOSS","M","?","M","M","M"],"items_purchased_type":["Card","Card","Card"],"build_version":"2020-12-22","purchased_purges":0,"victory":false,"max_hp_per_floor":[60,60,60,60,60,63,66,69,69,69,72,75,75,78,78,78,78,78,78,78,81,81,81],"card_choices":[{"not_picked":["theWildCard:Polydeuces","theWildCard:ShieldOfMany"],"picked":"theWildCard:ArchaicAssault","floor":1},{"not_picked":["theWildCard:ArcanaArtistry","theWildCard:Polydeuces"],"picked":"theWildCard:PowerOfTheArcana","floor":4},{"not_picked":["theWildCard:Proficiency","theWildCard:IdentityTheft"],"picked":"theWildCard:Unburden","floor":5},{"not_picked":["theWildCard:Patience","theWildCard:CryOfAgony"],"picked":"theWildCard:SacrificialStroke","floor":6},{"not_picked":["theWildCard:PowerOfTheArcana","theWildCard:EnergizedStroke"],"picked":"theWildCard:SeveringSlash","floor":7},{"not_picked":["theWildCard:Alice","theWildCard:Patience"],"picked":"theWildCard:Abstinence","floor":8},{"not_picked":["theWildCard:Alice","theWildCard:StalwartBlade","theWildCard:MaskChange"],"picked":"SKIP","floor":10},{"not_picked":["Blind","hubris:Insight"],"picked":"Enlightenment","floor":12},{"not_picked":["theWildCard:FuelForTheFire","theWildCard:BladeOfGenerations","theWildCard:EnergizedStroke"],"picked":"SKIP","floor":13},{"not_picked":["theWildCard:Polydeuces+1","theWildCard:ArcaneArts+1","theWildCard:MagicMettle"],"picked":"SKIP","floor":18},{"not_picked":["theWildCard:UnderLockAndKey","theWildCard:Proficiency","theWildCard:BladeOfGenerations+1"],"picked":"SKIP","floor":20},{"not_picked":["theWildCard:BladeOfGenerations","theWildCard:EnergyTheft+1"],"picked":"theWildCard:Polydeuces","floor":21}],"player_experience":1179772,"relics_obtained":[{"floor":6,"key":"Replay:Ringing Soul"},{"floor":8,"key":"Lizard Tail"},{"floor":9,"key":"Quantum Egg"},{"floor":10,"key":"hubris:SlimyHat"}],"event_choices":[{"damage_healed":0,"gold_gain":0,"player_choice":"Invest 1","damage_taken":0,"max_hp_gain":0,"max_hp_loss":0,"event_name":"conspire:Investor","floor":3,"gold_loss":0},{"damage_healed":0,"gold_gain":1,"player_choice":"1","damage_taken":0,"max_hp_gain":0,"max_hp_loss":0,"event_name":"betterStone:BetterStone","floor":12,"gold_loss":0},{"damage_healed":0,"gold_gain":0,"player_choice":"Ignored","damage_taken":0,"max_hp_gain":0,"max_hp_loss":0,"event_name":"betterNote:BetterNote","floor":19,"gold_loss":0,"cards_obtained":["Strike_G"]}],"is_beta":false,"boss_relics":[{"not_picked":["conspire:SpecialSausage","Abe\u0027s Treasure"],"picked":"aspiration:PoetsPen_weak"}],"items_purged_floors":[],"is_endless":false,"potions_floor_spawned":[4,5,7,8,13,18],"killed_by":"3 Cultists","ascension_level":1}}