{"host":"bq4pt811tk9yrmjl","time":1612284524,"event":{"mods":["AchievementEnabler","BaseMod","Colored Map","Colored Powertips","Defuse TimeMaze Blight","Hermit","Minty Spire (QoL Compilation)","Smile Girya","StSLib","SuperFastMode"],"gold_per_floor":[116,116,116,116,42,42,70,83,83,98,108,173,173,187,187,285,335,355,367,367,367,367,367],"floor_reached":22,"language":"ENG","playtime":252,"items_purged":[],"score":219,"play_id":"e9968345-faf4-46a8-b216-77a1dd9ff086","local_time":"20210202144844","is_ascension_mode":true,"campfire_choices":[{"floor":6,"key":"REST"},{"data":"Defragment","floor":13,"key":"SMITH"},{"data":"Loop","floor":15,"key":"SMITH"}],"circlet_count":0,"master_deck":["Strike_B","Strike_B+1","Strike_B","Strike_B+1","Defend_B","Defend_B","Defend_B","Defend_B","Zap","Dualcast","Gash+1","Defragment+1","Core Surge+1","Steam","Ball Lightning+1","Loop+1","Beam Cell+1","Steam+1"],"relics":["Cracked Core","NeowsBlessing","Molten Egg 2","Question Card","Tiny House"],"acts_visited":["Exordium","TheCity"],"potions_floor_usage":[14,16,16,18],"damage_taken":[{"damage":0,"enemies":"Cultist","floor":1,"turns":1},{"damage":0,"enemies":"Lagavulin","floor":7,"turns":1},{"damage":0,"enemies":"Jaw Worm","floor":8,"turns":1},{"damage":0,"enemies":"Small Slimes","floor":10,"turns":2},{"damage":10,"enemies":"Looter","floor":11,"turns":3},{"damage":9,"enemies":"Blue Slaver","floor":14,"turns":3},{"damage":29,"enemies":"The Guardian","floor":16,"turns":7},{"damage":40,"enemies":"2 Thieves","floor":18,"turns":4},{"damage":23,"enemies":"3 Byrds","floor":19,"turns":4},{"damage":0,"enemies":"Centurion and Healer","floor":22,"turns":1}],"seed_played":"7008093772537114630","potions_obtained":[{"floor":7,"key":"BlessingOfTheForge"},{"floor":10,"key":"Swift Potion"},{"floor":11,"key":"Energy Potion"},{"floor":17,"key":"ColorlessPotion"},{"floor":18,"key":"Strength Potion"}],"is_trial":false,"path_per_floor":["M","?","?","?","$","R","E","M","T","M","M","?","R","M","R","B",null,"M","M","?","?","M"],"character_chosen":"DEFECT","items_purchased":["Defragment"],"campfire_rested":1,"item_purchase_floors":[5],"current_hp_per_floor":[75,63,63,48,48,70,70,70,70,70,60,60,60,51,51,22,80,40,17,17,17,17,17],"gold":367,"neow_bonus":"THREE_ENEMY_KILL","is_daily":false,"chose_seed":false,"campfire_upgraded":2,"win_rate":0.0,"timestamp":1612284524,"path_taken":["M","?","?","?","?","R","E","?","T","M","M","?","R","M","R","BOSS","M","M","?","?","M"],"items_purchased_type":["Card"],"build_version":"2020-12-22","purchased_purges":0,"victory":false,"max_hp_per_floor":[75,75,75,75,75,75,75,75,75,75,75,75,75,75,75,75,80,80,80,80,80,80,80],"card_choices":[{"not_picked":["Turbo","Recycle"],"picked":"Gash","floor":1},{"not_picked":["Force Field","Reinforced Body"],"picked":"Core Surge+1","floor":7},{"not_picked":["Lockon+1","Darkness","Steam Power"],"picked":"Steam","floor":8},{"not_picked":["Tempest","Stack","Seek"],"picked":"Ball Lightning+1","floor":10},{"not_picked":["Hologram","Beam Cell+1","Cold Snap+1"],"picked":"Loop","floor":11},{"not_picked":["Scrape+1","Cold Snap+1","Steam"],"picked":"Beam Cell+1","floor":14},{"not_picked":["Recycle","Sweeping Beam+1","Fusion"],"picked":"Steam+1","floor":18},{"not_picked":["Ball Lightning+1","Static Discharge","Thunder Strike+1","Genetic Algorithm+1"],"picked":"SKIP","floor":19}],"player_experience":302212,"relics_obtained":[{"floor":7,"key":"Question Card"}],"event_choices":[{"damage_healed":0,"gold_gain":0,"player_choice":"Success","damage_taken":12,"relics_obtained":["Molten Egg 2"],"max_hp_gain":0,"max_hp_loss":0,"event_name":"Scrap Ooze","floor":2,"gold_loss":0},{"damage_healed":0,"gold_gain":0,"player_choice":"Ignored","damage_taken":0,"max_hp_gain":0,"max_hp_loss":0,"event_name":"Liars Game","floor":3,"gold_loss":0},{"damage_healed":0,"gold_gain":0,"player_choice":"Entered Light","damage_taken":15,"max_hp_gain":0,"max_hp_loss":0,"event_name":"Shining Light","floor":4,"gold_loss":0,"cards_upgraded":["Strike_B","Gash"]},{"damage_healed":0,"gold_gain":65,"player_choice":"Gained Gold","damage_taken":0,"max_hp_gain":0,"max_hp_loss":0,"event_name":"Golden Wing","floor":12,"gold_loss":0},{"damage_healed":0,"gold_gain":0,"player_choice":"Ignored","damage_taken":0,"max_hp_gain":0,"max_hp_loss":0,"event_name":"Ghosts","floor":20,"gold_loss":0},{"damage_healed":0,"gold_gain":0,"player_choice":"Ignored","damage_taken":0,"max_hp_gain":0,"max_hp_loss":0,"event_name":"Beggar","floor":21,"gold_loss":0}],"is_beta":false,"boss_relics":[{"not_picked":["Ectoplasm","SlaversCollar"],"picked":"Tiny House"}],"items_purged_floors":[],"is_endless":false,"potions_floor_spawned":[7,10,11,18],"killed_by":"Centurion and Healer","ascension_level":1}}