{"host":"qc8gw3x1c8jlo9fx","time":1612288654,"event":{"mods":["AchievementEnabler","BaseMod","Better Note","BetterRewards","Conspire","Hubris","Infinite Spire","Jedi Mod","Minty Spire (QoL Compilation)","Reliquary","Replay The Spire","StSLib","The IronCluck"],"gold_per_floor":[110,146,158,171,189,224,224,299,371,389,408,428,703,713,713,809,809,820,390,407,15,15,27,27,42,42,42,42,55,55,55,55,55,55],"floor_reached":33,"language":"ENG","playtime":1696,"items_purged":[],"score":401,"play_id":"06880728-9269-4900-9ee9-be2ee320cacf","local_time":"20210202105734","is_ascension_mode":false,"campfire_choices":[{"floor":7.0,"key":"REST"},{"floor":15.0,"key":"REST"},{"floor":24.0,"key":"REST"},{"floor":28,"key":"REST"},{"floor":32,"key":"REST"}],"circlet_count":0,"master_deck":["Strike_R","Strike_R","Strike_R","Strike_R","Strike_R","Defend_R","Defend_R","Defend_R","Defend_R","Bash","Wild Strike","Iron Wave","ReplayTheSpireMod:Splinters","Dual Wield","Sword Boomerang","ReplayTheSpireMod:Limb From Limb","Wild Strike","Run Through","Cleave","hubris:ReadiedAction","Wild Strike","Regret","Perfected Strike","jedi:strikingstrike","Bash","Limit Break","Dark Shackles","infinitespire:Starlight","Warcry","Looming Evil","Flame Barrier","Anger","Twin Strike","Whirlwind","Feel No Pain+1","Armaments","Twin Strike","Cleave"],"relics":["Burning Blood","Du-Vu Doll","infinitespire:FocusingShard","ReplayTheSpireMod:SealedPack","Darkstone Periapt","ReplayTheSpireMod:CursedCoin","Bronze Scales","Frozen Egg 2","FaceOfCleric","Charon\u0027s Ashes","Replay:Baseball"],"acts_visited":["Exordium","TheCity"],"potions_floor_usage":[33,33,33],"damage_taken":[{"damage":5.0,"enemies":"Cultist","floor":1.0,"turns":4.0},{"damage":0.0,"enemies":"2 Louse","floor":3.0,"turns":2.0},{"damage":0.0,"enemies":"Small Slimes","floor":4.0,"turns":3.0},{"damage":3.0,"enemies":"2 Fungi Beasts","floor":5.0,"turns":4.0},{"damage":36.0,"enemies":"Lagavulin","floor":6.0,"turns":7.0},{"damage":19.0,"enemies":"Lots of Slimes","floor":10.0,"turns":5.0},{"damage":7.0,"enemies":"Exordium Wildlife","floor":11.0,"turns":2.0},{"damage":0.0,"enemies":"3 Louse","floor":12.0,"turns":3.0},{"damage":7.0,"enemies":"Large Slime","floor":14.0,"turns":4.0},{"damage":70.0,"enemies":"Fading Forest","floor":16.0,"turns":11.0},{"damage":55.0,"enemies":"2 Thieves","floor":18.0,"turns":4.0},{"damage":10.0,"enemies":"Chosen","floor":20.0,"turns":2.0},{"damage":21.0,"enemies":"Snake Plant","floor":23.0,"turns":2.0},{"damage":26.0,"enemies":"Centurion and Healer","floor":25.0,"turns":4.0},{"damage":10,"enemies":"Snecko","floor":29,"turns":3},{"damage":92,"enemies":"hubris:MusketHawk","floor":33,"turns":6}],"seed_played":"7241863728771069191","potions_obtained":[{"floor":1.0,"key":"Venom Potion"},{"floor":2.0,"key":"HeartOfIron"},{"floor":2.0,"key":"Reflective Coating"},{"floor":2.0,"key":"CultistPotion"},{"floor":3.0,"key":"DuplicationPotion"},{"floor":14.0,"key":"ColorlessPotion"},{"floor":18.0,"key":"SpeedPotion"},{"floor":25.0,"key":"FearPotion"},{"floor":29,"key":"BloodPotion"}],"is_trial":false,"path_per_floor":["M","?","M","M","M","E","R","?","T","M","M","M","?","M","R","B",null,"M","$","M","$","?","M","R","M","T","?","R","M","?","$","R","B"],"character_chosen":"IRONCLAD","items_purchased":["Du-Vu Doll","Wild Strike","Darkstone Periapt","ReplayTheSpireMod:CursedCoin","Bronze Scales","Flame Barrier","Anger","DistilledChaos","Frozen Egg 2","Whirlwind","Feel No Pain+1","Replay:Baseball"],"campfire_rested":5,"item_purchase_floors":[0,0,19,19,19,19,19,19,21,21,21,31],"current_hp_per_floor":[70,70,70,70,70,40,61,50,50,37,36,42,42,41,62,8,70,31,37,33,33,33,29,52,33,33,33,56,53,53,43,66,0,0],"gold":55,"neow_bonus":"","is_daily":false,"chose_seed":false,"campfire_upgraded":0,"win_rate":0.0,"timestamp":1612288654,"path_taken":["M","?","M","M","?","E","R","?","T","M","M","M","?","M","R","BOSS","M","$","M","?","?","M","R","M","T","?","R","?","?","?","R","BOSS"],"items_purchased_type":["Relic","Card","Relic","Relic","Relic","Card","Card","Potion","Relic","Card","Card","Relic"],"build_version":"2020-12-22","purchased_purges":0,"victory":false,"max_hp_per_floor":[70,70,70,70,70,70,70,70,70,70,70,70,70,70,70,70,70,70,76,76,76,76,77,77,78,78,78,78,79,79,79,79,79,79],"card_choices":[{"not_picked":["hubris:CleavingFinish","Headbutt"],"picked":"Iron Wave","floor":1.0},{"not_picked":["Sever Soul","Pummel"],"picked":"Dual Wield","floor":2.0},{"not_picked":["Power Through","Warcry"],"picked":"Sword Boomerang","floor":3.0},{"not_picked":["Inflame","Replay:Undeath\u0027s Touch"],"picked":"ReplayTheSpireMod:Limb From Limb","floor":4.0},{"not_picked":["Infernal Blade","Uppercut"],"picked":"Wild Strike","floor":5.0},{"not_picked":["hubris:ReadiedAction","Carnage"],"picked":"Run Through","floor":6.0},{"not_picked":["Battle Trance","Heavy Blade"],"picked":"Cleave","floor":10.0},{"not_picked":["Abandon","ReplayTheSpireMod:Corrosion Curse"],"picked":"hubris:ReadiedAction","floor":11.0},{"not_picked":["Uppercut","Replay:Undeath\u0027s Touch"],"picked":"Wild Strike","floor":12.0},{"not_picked":["Rampage","hubris:ReadiedAction"],"picked":"Perfected Strike","floor":14.0},{"not_picked":["Immolate","Limit Break"],"picked":"jedi:strikingstrike","floor":16.0},{"not_picked":["hubris:MerchantsHand","Vigilance"],"picked":"Bash","floor":17.0},{"not_picked":["Barricade","jedi:bloodyhammer"],"picked":"Limit Break","floor":17.0},{"not_picked":["Survey Options","ReplayTheSpireMod:Trickstab"],"picked":"Dark Shackles","floor":17.0},{"not_picked":["ReplayTheSpireMod:??????????????????????","infinitespire:DeathsTouch"],"picked":"infinitespire:Starlight","floor":17.0},{"not_picked":["Havoc","Iron Wave"],"picked":"Warcry","floor":18.0},{"not_picked":["Warcry","Flex"],"picked":"Twin Strike","floor":20.0},{"not_picked":["Headbutt","Immolate"],"picked":"Armaments","floor":23.0},{"not_picked":["Iron Wave","Clothesline"],"picked":"Twin Strike","floor":25.0},{"not_picked":["jedi:hate","conspire:ExplosiveBarrier"],"picked":"Cleave","floor":29}],"player_experience":207636,"relics_obtained":[{"floor":6.0,"key":"infinitespire:FocusingShard"},{"floor":26,"key":"Charon\u0027s Ashes"}],"event_choices":[{"damage_healed":0.0,"max_hp_gain":0.0,"max_hp_loss":0.0,"gold_gain":75.0,"event_name":"World of Goop","player_choice":"Gather Gold","floor":8.0,"gold_loss":0.0,"damage_taken":11.0},{"damage_healed":0.0,"max_hp_gain":0.0,"max_hp_loss":0.0,"gold_gain":275.0,"event_name":"Golden Shrine","player_choice":"Desecrate","floor":13.0,"gold_loss":0.0,"damage_taken":0.0,"cards_obtained":["Regret"]},{"damage_healed":0.0,"max_hp_gain":0.0,"max_hp_loss":0.0,"gold_gain":0.0,"event_name":"FaceTrader","player_choice":"Trade","floor":22.0,"gold_loss":0.0,"damage_taken":0.0,"relics_obtained":["FaceOfCleric"]},{"cards_removed":["Replay:Hysterical Blindness"],"damage_healed":0,"gold_gain":0,"player_choice":"Purged","damage_taken":0,"max_hp_gain":0,"max_hp_loss":0,"event_name":"Purifier","floor":27,"gold_loss":0},{"cards_removed":["ReplayTheSpireMod:Limb From Limb"],"damage_healed":0,"gold_gain":0,"player_choice":"Give","damage_taken":0,"max_hp_gain":0,"max_hp_loss":0,"event_name":"betterNote:BetterNote","floor":30,"gold_loss":0,"cards_obtained":["conspire:Blindness"]}],"is_beta":false,"boss_relics":[{"not_picked":["Tiny House","Cursed Key"],"picked":"ReplayTheSpireMod:SealedPack"}],"items_purged_floors":[],"is_endless":false,"potions_floor_spawned":[1,3,11,12,14,18,25,29],"killed_by":"hubris:MusketHawk","ascension_level":0}}