{"host":"u0qetpmu4y58k1tf","time":1612274988,"event":{"mods":["AchievementEnabler","BaseMod","Colored Map","Colored Powertips","Hermit","Marisa£¨Ùöéë¡¡Øª×âÞÞ£©","Minty Spire (QoL Compilation)","Replay The Spire","StSLib","SuperFastMode","The Bug Knight","The Cursed","The Hierophant","The Runesmith"],"gold_per_floor":[112,112,0,0,75,75,405,421,421,421,421,453,453,500,512,535,547,658,670,697,719,731,731],"floor_reached":22,"language":"KOR","playtime":892,"items_purged":["Strike_P"],"score":248,"play_id":"5556a2a9-1d9e-4fd6-8b42-dcb0d43831c3","local_time":"20210202230948","is_ascension_mode":true,"campfire_choices":[{"data":"Eruption","floor":6,"key":"SMITH"},{"floor":17,"key":"REST"}],"circlet_count":0,"master_deck":["Eruption+1","Vigilance","EmptyMind","TalkToTheHand","ConjureBlade","Evaluate","Wireheading","TalkToTheHand","TheCursedMod:Dregs","Replay:Sluggish","Adaptation","Weave"],"relics":["PureWater","NeowsBlessing","Old Coin","Shuriken","Bronze Scales","MawBank","Ice Cream","Kintsugi"],"acts_visited":["Exordium","TheCity"],"potions_floor_usage":[12,14,14],"damage_taken":[{"damage":0,"enemies":"Small Slimes","floor":1,"turns":1},{"damage":0,"enemies":"3 Sentries","floor":7,"turns":1},{"damage":0,"enemies":"Jaw Worm","floor":8,"turns":1},{"damage":9,"enemies":"Gremlin Nob","floor":12,"turns":4},{"damage":30,"enemies":"3 Sentries","floor":14,"turns":9},{"damage":1,"enemies":"2 Louse","floor":16,"turns":3},{"damage":19,"enemies":"The Guardian","floor":18,"turns":9},{"damage":34,"enemies":"2 Thieves","floor":20,"turns":5},{"damage":34,"enemies":"3 Byrds","floor":21,"turns":4},{"damage":11,"enemies":"Centurion and Healer","floor":22,"turns":2}],"seed_played":"-1813118270470661619","potions_obtained":[{"floor":1,"key":"Dexterity Potion"},{"floor":7,"key":"Adrenaline Potion"},{"floor":12,"key":"Strength Potion"}],"is_trial":false,"path_per_floor":["M","?","$","?","?","R","E","M","T","PTL","PTL","E","?","E","$","M","R","B",null,"M","M","M"],"character_chosen":"WATCHER","items_purchased":["TalkToTheHand"],"campfire_rested":1,"item_purchase_floors":[3],"current_hp_per_floor":[72,65,65,65,54,54,54,54,54,54,54,45,42,12,12,11,32,13,72,38,4,0,0],"gold":731,"neow_bonus":"THREE_ENEMY_KILL","is_daily":false,"chose_seed":false,"campfire_upgraded":1,"win_rate":0.0,"timestamp":1612274988,"path_taken":["M","?","$","?","?","R","E","M","T","PTL","PTL","E","?","E","?","M","R","BOSS","M","M","M"],"items_purchased_type":["Card"],"build_version":"2020-12-22","purchased_purges":1,"victory":false,"max_hp_per_floor":[72,72,72,72,72,72,72,72,72,72,72,72,72,72,72,72,72,72,72,72,72,72,72],"card_choices":[{"not_picked":["WaveOfTheHand","ThirdEye"],"picked":"EmptyMind","floor":1},{"not_picked":["ClearTheMind","Swivel"],"picked":"ConjureBlade","floor":7},{"not_picked":["Crescendo","FlyingSleeves","Protect"],"picked":"SKIP","floor":8},{"not_picked":["Swivel","BattleHymn"],"picked":"Evaluate","floor":12},{"not_picked":["Replay:Anticipation","Meditate"],"picked":"Wireheading","floor":14},{"not_picked":["BowlingBash","DeceiveReality"],"picked":"TalkToTheHand","floor":16},{"not_picked":["ThirdEye","BattleHymn"],"picked":"Adaptation","floor":20},{"not_picked":["Evaluate","ReachHeaven"],"picked":"Weave","floor":21}],"player_experience":77318,"relics_obtained":[{"floor":7,"key":"Old Coin"},{"floor":9,"key":"Shuriken"},{"floor":12,"key":"Bronze Scales"},{"floor":14,"key":"Ice Cream"}],"event_choices":[{"cards_removed":["Defend_P"],"damage_healed":0,"gold_gain":0,"player_choice":"Card Removal","damage_taken":7,"max_hp_gain":0,"max_hp_loss":0,"event_name":"Golden Wing","floor":2,"gold_loss":0},{"cards_removed":["Defend_P"],"damage_healed":0,"gold_gain":0,"player_choice":"Forget","damage_taken":0,"max_hp_gain":0,"max_hp_loss":0,"event_name":"Living Wall","floor":4,"gold_loss":0},{"damage_healed":0,"gold_gain":75,"player_choice":"Gather Gold","damage_taken":11,"max_hp_gain":0,"max_hp_loss":0,"event_name":"World of Goop","floor":5,"gold_loss":0},{"damage_healed":0,"gold_gain":0,"player_choice":"Success","damage_taken":3,"relics_obtained":["MawBank"],"max_hp_gain":0,"max_hp_loss":0,"event_name":"Scrap Ooze","floor":13,"gold_loss":0}],"is_beta":false,"boss_relics":[{"not_picked":["ReplayTheSpireMod:DimensionalGlitch","Runesmith:UraniumAnvil"],"picked":"Kintsugi"}],"items_purged_floors":[3],"is_endless":false,"potions_floor_spawned":[1,7,12],"killed_by":"Centurion and Healer","ascension_level":2}}