{"host":"rqs2099buorjjoja","time":1612228323,"event":{"mods":["AchievementEnabler","BaseMod","Beaked The Cultist","Colored Powertips","Downfall","Hermit","Hubris","Infinite Spire","Minty Spire (QoL Compilation)","Quick Restart","Rare Cards Sparkle","Replay The Spire","StSLib"],"gold_per_floor":[112,112,122,141,141,141,156,156,156,166,185,185,41,60,60,164,164,184,198,113,132,147,147,147],"floor_reached":23,"language":"ENG","playtime":1086,"items_purged":[],"score":187,"play_id":"3c25160c-1d89-49bd-85e0-6b870045fb46","local_time":"20210201201203","is_ascension_mode":false,"campfire_choices":[{"data":"hermit:WideOpen","floor":6,"key":"SMITH"},{"floor":8,"key":"REST"},{"data":"hermit:PistolWhip","floor":15,"key":"SMITH"}],"circlet_count":0,"master_deck":["hermit:Strike_Hermit","hermit:Strike_Hermit","hermit:Strike_Hermit","hermit:Strike_Hermit","hermit:Defend_Hermit","hermit:Defend_Hermit","hermit:Defend_Hermit","hermit:Defend_Hermit","hermit:Snapshot","hermit:Covet","hermit:Ricochet","hermit:WideOpen+1","hermit:Vantage","hermit:Dive","hermit:Headshot","hermit:PistolWhip+1","hermit:Purgatory","hermit:Coalescence+1","hermit:Brawl+1","hermit:Midnight+1","hermit:TrackingShot+1"],"relics":["hermit:Momento","NeowsBlessing","hubris:Metronome","Boot","Painkiller Herb","beaked:ShinyBauble"],"acts_visited":["Exordium","TheCity"],"potions_floor_usage":[16,16,16],"damage_taken":[{"damage":0,"enemies":"2 Louse","floor":1,"turns":1},{"damage":0,"enemies":"Jaw Worm","floor":3,"turns":1},{"damage":0,"enemies":"Cultist","floor":4,"turns":1},{"damage":8,"enemies":"Gremlin Gang","floor":7,"turns":5},{"damage":0,"enemies":"3 Louse","floor":10,"turns":1},{"damage":5,"enemies":"Red Slaver","floor":11,"turns":2},{"damage":8,"enemies":"Looter","floor":14,"turns":3},{"damage":34,"enemies":"The Guardian","floor":16,"turns":7},{"damage":2,"enemies":"Shell Parasite","floor":18,"turns":3},{"damage":0,"enemies":"Spheric Guardian","floor":19,"turns":2},{"damage":13,"enemies":"Centurion and Healer","floor":21,"turns":6},{"damage":26,"enemies":"Snecko","floor":22,"turns":5},{"damage":51,"enemies":"Book of Stabbing","floor":23,"turns":5}],"seed_played":"-8345505342989719556","potions_obtained":[{"floor":4,"key":"SteroidPotion"},{"floor":7,"key":"Reflective Coating"},{"floor":10,"key":"bronze:BurnAndBuffPotion"},{"floor":22,"key":"Energy Potion"}],"is_trial":false,"path_per_floor":["M","?","M","M","$","R","M","R","T","M","M","?","$","M","R","B",null,"?","?","?","?","?","E"],"character_chosen":"HERMIT","items_purchased":["Boot"],"campfire_rested":1,"item_purchase_floors":[13],"current_hp_per_floor":[75,80,80,80,80,80,72,80,80,80,75,75,75,67,67,33,80,78,78,78,65,39,0,0],"gold":147,"neow_bonus":"THREE_ENEMY_KILL","is_daily":false,"chose_seed":false,"campfire_upgraded":2,"win_rate":0.0,"timestamp":1612228323,"path_taken":["M","?","M","M","$","R","M","R","T","M","M","?","$","M","R","BOSS","?","?","?","?","?","E"],"items_purchased_type":["Relic"],"build_version":"2020-12-22","purchased_purges":0,"victory":false,"max_hp_per_floor":[75,80,80,80,80,80,80,80,80,80,80,80,80,80,80,80,80,80,80,80,80,80,80,80],"card_choices":[{"not_picked":["hermit:Coalescence","hermit:FlashPowder"],"picked":"hermit:Ricochet","floor":1},{"not_picked":["hermit:Glare","hermit:LuckOfTheDraw"],"picked":"hermit:WideOpen","floor":3},{"not_picked":["hermit:Malice","hermit:ItchyTrigger"],"picked":"hermit:Showdown","floor":4},{"not_picked":["hermit:ItchyTrigger","hermit:Glare"],"picked":"hermit:Vantage","floor":7},{"not_picked":["hermit:SprayPray","hermit:Spite"],"picked":"hermit:Dive","floor":10},{"not_picked":["hermit:Spite","hermit:Misfire"],"picked":"hermit:Headshot","floor":11},{"not_picked":["hermit:ItchyTrigger","hermit:Misfire"],"picked":"hermit:PistolWhip","floor":14},{"not_picked":["hermit:Adapt","hermit:Dissolve"],"picked":"hermit:Purgatory","floor":16},{"not_picked":["hermit:GoldenBullet","hermit:Manifest"],"picked":"hermit:Coalescence+1","floor":18},{"not_picked":["hermit:DeadMansHand","hermit:Feint"],"picked":"hermit:Brawl+1","floor":19},{"not_picked":["hermit:Brawl+1","hermit:ItchyTrigger+1"],"picked":"hermit:Midnight+1","floor":21},{"not_picked":["hermit:ItchyTrigger","hermit:BigShot"],"picked":"hermit:TrackingShot+1","floor":22}],"player_experience":184359,"relics_obtained":[{"floor":9,"key":"hubris:Metronome"}],"event_choices":[{"damage_healed":0,"gold_gain":0,"player_choice":"Donut","damage_taken":0,"max_hp_gain":5,"max_hp_loss":0,"event_name":"Big Fish","floor":2,"gold_loss":0},{"cards_removed":["hermit:Showdown"],"damage_healed":0,"gold_gain":0,"player_choice":"Forget","damage_taken":0,"max_hp_gain":0,"max_hp_loss":0,"event_name":"Living Wall","floor":12,"gold_loss":0},{"damage_healed":0,"gold_gain":0,"player_choice":"Obtained Relic","damage_taken":0,"relics_obtained":["beaked:ShinyBauble"],"max_hp_gain":0,"max_hp_loss":0,"event_name":"Addict","floor":20,"gold_loss":85}],"is_beta":false,"boss_relics":[{"not_picked":["Busted Crown","hubris:VirtuousBlindfold"],"picked":"Painkiller Herb"}],"items_purged_floors":[],"is_endless":false,"potions_floor_spawned":[4,7,10,22],"killed_by":"Book of Stabbing","ascension_level":0}}