{"host":"vrach7ggykqlevx4","time":1612247712,"event":{"mods":["Arknights","BaseMod","Card Forge","Colored Map","Colored Powertips","Custom Start","Gold Saver","Good Game Mod","Infinite Spire","Minty Spire (QoL Compilation)","Permanent Neow","Relic Sorter","Shop Mod","StSLib","SuperFastMode","Synergy Search","Wide Potions","[IsaacMod]以撒尖塔"],"gold_per_floor":[555,333,333,353,371,405,405,417,441,474,474,520,531,531,531,546,546],"floor_reached":16,"language":"ZHS","playtime":568,"items_purged":["infinitespire:Neurotoxin"],"score":104,"play_id":"74e33657-7294-454c-ae5b-24a8056a5cdd","local_time":"20210202143512","is_ascension_mode":false,"campfire_choices":[{"floor":7,"key":"REST"},{"floor":11,"key":"REST"},{"floor":15,"key":"REST"}],"circlet_count":0,"master_deck":["ats:Strike C","ats:Strike G","ats:Strike S","ats:Strike V","ats:Armor Crushing Shot","ats:Defend","ats:Defend","ats:Defend","ats:Defend","ats:Emotion Absorption","BettingIsNotGood","ats:Shell Defense","ats:Wolf Pack","Regret","ats:Charging Defense","ats:Sunburst","ats:Explosion Area Strengthen","ats:Volcano","ats:Healing Drone"],"relics":["ats:Sanity","Hammer of Thor","Seething Fire","Anvil of the Gods","HushsDoor","REME:ComplimentaryCards","Ice Cream","BookOfRevelations","infinitespire:Satchel","ats:Originium","Orichalcum","ats:Hidden Killer","Eternal Feather"],"acts_visited":["Exordium"],"potions_floor_usage":[6,12,12,13,16,16],"damage_taken":[{"damage":23.0,"enemies":"Jaw Worm","floor":1.0,"turns":4.0},{"damage":3.0,"enemies":"Small Slimes","floor":4.0,"turns":3.0},{"damage":9.0,"enemies":"Cultist","floor":5.0,"turns":6.0},{"damage":9,"enemies":"Lagavulin","floor":6,"turns":8},{"damage":23,"enemies":"Gremlin Gang","floor":8,"turns":7},{"damage":15,"enemies":"Exordium Wildlife","floor":10,"turns":6},{"damage":4,"enemies":"Exordium Thugs","floor":12,"turns":3},{"damage":3,"enemies":"3 Louse","floor":13,"turns":1},{"damage":77,"enemies":"The Guardian","floor":16,"turns":7}],"seed_played":"3777832084282395270","potions_obtained":[{"floor":1.0,"key":"EssenceOfSteel"},{"floor":6,"key":"DuplicationPotion"},{"floor":12,"key":"EntropicBrew"}],"is_trial":false,"path_per_floor":["M","$","?","M","M","E","R","M","T","M","R","M","M","T","R","B"],"character_chosen":"DOCTOR_CLASS","items_purchased":["ats:Wolf Pack"],"campfire_rested":3,"item_purchase_floors":[2],"current_hp_per_floor":[42,42,42,39,35,34,53,33,33,21,40,36,33,33,61,0,0],"gold":546,"neow_bonus":"ONE_RARE_RELIC","is_daily":false,"chose_seed":false,"campfire_upgraded":0,"win_rate":0.0,"timestamp":1612247712,"path_taken":["M","$","?","M","M","E","R","M","T","?","R","?","M","?","R","BOSS"],"items_purchased_type":["Card"],"build_version":"2020-12-22","purchased_purges":1,"victory":false,"max_hp_per_floor":[65,65,65,65,65,65,65,65,65,65,65,65,65,65,65,65,65],"card_choices":[{"not_picked":[],"picked":"BettingIsNotGood","floor":0.0},{"not_picked":["Bomb","ats:Flexible Camouflage"],"picked":"ats:Shell Defense","floor":1.0},{"not_picked":["ats:Shell Defense","ats:Poison Spread"],"picked":"ats:Charging Defense","floor":4.0},{"not_picked":["ats:Red Shift","ats:Defend Order"],"picked":"Bomb","floor":5.0},{"not_picked":["ats:Overload","ats:Red Shift"],"picked":"ats:Sunburst","floor":6},{"not_picked":["ats:Absolute Focus","ats:Poison Spread"],"picked":"ats:Explosion Area Strengthen","floor":8},{"not_picked":["ats:Poison Spread","ats:Serious Mode"],"picked":"ats:Volcano","floor":10},{"not_picked":["ats:Leaping Hammer","ats:Absolute Focus"],"picked":"ats:Healing Drone","floor":12},{"not_picked":["ats:Cat Scratch","ats:Ignite","ats:Phantom"],"picked":"SKIP","floor":13}],"player_experience":383638,"relics_obtained":[{"floor":6,"key":"ats:Originium"},{"floor":6,"key":"Orichalcum"},{"floor":9,"key":"ats:Hidden Killer"},{"floor":14,"key":"Eternal Feather"}],"event_choices":[{"damage_healed":0.0,"max_hp_gain":0.0,"max_hp_loss":0.0,"gold_gain":0.0,"event_name":"Big Fish","player_choice":"Box","floor":3.0,"gold_loss":0.0,"damage_taken":0.0,"relics_obtained":["infinitespire:Satchel"],"cards_obtained":["Regret"]}],"is_beta":false,"boss_relics":[],"items_purged_floors":[2],"is_endless":false,"potions_floor_spawned":[1,6,12],"killed_by":"The Guardian","ascension_level":0}}