{"host":"tso4yzx53dp2gqpj","time":1612283527,"event":{"mods":["BaseMod","Colored Map","Downfall","Lobotomy","Minty Spire (QoL Compilation)","Replay The Spire","Shade Mod","StSLib"],"gold_per_floor":[116,129,79,90,90,90,90,90],"floor_reached":7,"language":"ZHS","playtime":474,"items_purged":[],"score":43,"play_id":"92228137-d870-490e-8d6d-26b051012613","local_time":"20210203003207","is_ascension_mode":true,"campfire_choices":[{"data":"Pommel Strike","floor":6,"key":"SMITH"}],"circlet_count":0,"master_deck":["Strike_R","Strike_R","Strike_R","Strike_R","Strike_R","Defend_R","Defend_R","Defend_R","Bash","PunishingBird","Infernal Blade","Dropkick","Mercenary","Pommel Strike+1"],"relics":["Burning Blood","CogitoBucket","Meat on the Bone"],"acts_visited":["Exordium"],"potions_floor_usage":[],"damage_taken":[{"damage":1,"enemies":"Cultist","floor":1,"turns":4},{"damage":2,"enemies":"Small Slimes","floor":2,"turns":4},{"damage":7,"enemies":"Jaw Worm","floor":4,"turns":2},{"damage":100,"enemies":"Replay:BlueRogue","floor":7,"turns":2}],"seed_played":"-2147840312550589601","potions_obtained":[{"floor":1,"key":"BloodPotion"}],"is_trial":false,"path_per_floor":["M","M","?","M","?","R","E"],"character_chosen":"IRONCLAD","items_purchased":[],"campfire_rested":0,"item_purchase_floors":[],"current_hp_per_floor":[80,80,80,79,67,67,0,0],"gold":90,"neow_bonus":"","is_daily":false,"chose_seed":false,"campfire_upgraded":1,"win_rate":0.0,"timestamp":1612283527,"path_taken":["M","M","?","M","?","R","E"],"items_purchased_type":[],"build_version":"2020-12-22","purchased_purges":0,"victory":false,"max_hp_per_floor":[80,80,80,80,80,80,80,80],"card_choices":[{"not_picked":["Alriune","UniverseFragment"],"picked":"PunishingBird","floor":1},{"not_picked":["Clash","Sword Boomerang"],"picked":"Infernal Blade","floor":1},{"not_picked":["Havoc","True Grit"],"picked":"Dropkick","floor":2},{"not_picked":["OSAHOGD","MeatLantern"],"picked":"Mercenary","floor":2},{"not_picked":["Clash","Dual Wield"],"picked":"Pommel Strike","floor":4}],"player_experience":165540,"relics_obtained":[],"event_choices":[{"cards_removed":["Defend_R"],"damage_healed":0,"gold_gain":0,"player_choice":"Card Removal","damage_taken":0,"max_hp_gain":0,"max_hp_loss":0,"event_name":"The Cleric","floor":3,"gold_loss":50},{"damage_healed":0,"gold_gain":0,"player_choice":"Success","damage_taken":12,"relics_obtained":["Meat on the Bone"],"max_hp_gain":0,"max_hp_loss":0,"event_name":"Scrap Ooze","floor":5,"gold_loss":0}],"is_beta":false,"boss_relics":[],"items_purged_floors":[],"is_endless":false,"potions_floor_spawned":[1],"killed_by":"Replay:BlueRogue","ascension_level":1}}