{"host":"jel3aglxs2tbl5f6","time":1612268538,"event":{"mods":["Act Like it!","Arknights","BaseMod","CapriCore","Minty Spire (QoL Compilation)","Shop Mod","StSLib","TestMod","The Alterego","The Immortal","[IsaacMod]以撒尖塔","篝火指南"],"gold_per_floor":[113,132,150,161,171,204,204,204,230,230,155,181,201,601,601,703,703,721,741,641,712,728,728,743,743,768,783,796,807,824,824,824,922,922,939,328,345,195,195,0,11,11,11],"floor_reached":42,"language":"ZHS","playtime":3871,"items_purged":["alterego_mod:Defend","alterego_mod:Strike","alterego_mod:Strike","alterego_mod:Strike"],"score":509,"play_id":"e55706b1-ba45-4a28-9f4f-31b61da88250","local_time":"20210202202218","is_ascension_mode":false,"campfire_choices":[{"data":"alterego_mod:Antipathy","floor":8.0,"key":"SMITH"},{"data":"alterego_mod:Impale","floor":10.0,"key":"SMITH"},{"data":"alterego_mod:Mirror","floor":15.0,"key":"SMITH"},{"data":"alterego_mod:Vow","floor":23.0,"key":"SMITH"},{"data":"alterego_mod:Birthday","floor":25.0,"key":"SMITH"},{"floor":32.0,"key":"REST"}],"circlet_count":0,"master_deck":["alterego_mod:Defend","alterego_mod:Defend","alterego_mod:Defend","alterego_mod:Impale+1","alterego_mod:BigMeatyClaws","alterego_mod:BrynhildrsRune","SuicideKing","alterego_mod:Cycle","alterego_mod:Mirror+1","alterego_mod:SakuraFive+1","alterego_mod:Rip","alterego_mod:Valentines","alterego_mod:Antipathy+1","alterego_mod:Rake+1","alterego_mod:Birthday+1","alterego_mod:Vow+1","alterego_mod:DiscoLights","alterego_mod:BiFurious","alterego_mod:Mirror+1","alterego_mod:Cycle+1","alterego_mod:AlterEgo","alterego_mod:PainIsPleasure","alterego_mod:STier","testmod-TaurusBlackCat","testmod-PocketStoneCalender","alterego_mod:SakuraFive"],"relics":["alterego_mod:MasochisticConstitution","testmod-TestBox","HushsDoor","Chaos","testmod-CrystalShield","testmod-BouquetWithThorns","testmod-Nine","Velvet Choker","testmod-FatalChain","Philosopher\u0027s Stone","Gremlin Horn","Whetstone","Red Mask"],"acts_visited":["Exordium","TheCity","TheBeyond"],"potions_floor_usage":[],"damage_taken":[{"damage":1.0,"enemies":"Jaw Worm","floor":1.0,"turns":2.0},{"damage":5.0,"enemies":"2 Louse","floor":2.0,"turns":2.0},{"damage":3.0,"enemies":"Cultist","floor":3.0,"turns":4.0},{"damage":16.0,"enemies":"Looter","floor":4.0,"turns":4.0},{"damage":19.0,"enemies":"Blue Slaver","floor":5.0,"turns":6.0},{"damage":31.0,"enemies":"3 Sentries","floor":6.0,"turns":8.0},{"damage":10.0,"enemies":"Gremlin Nob","floor":12.0,"turns":3.0},{"damage":11.0,"enemies":"Lots of Slimes","floor":13.0,"turns":3.0},{"damage":0.0,"enemies":"Hexaghost","floor":16.0,"turns":8.0},{"damage":0.0,"enemies":"3 Byrds","floor":18.0,"turns":2.0},{"damage":33.0,"enemies":"2 Thieves","floor":19.0,"turns":5.0},{"damage":10.0,"enemies":"Cultist and Chosen","floor":22.0,"turns":3.0},{"damage":21.0,"enemies":"Centurion and Healer","floor":24.0,"turns":4.0},{"damage":19.0,"enemies":"Snake Plant","floor":27.0,"turns":4.0},{"damage":11.0,"enemies":"Snecko","floor":28.0,"turns":4.0},{"damage":0.0,"enemies":"Centurion and Healer","floor":29.0,"turns":3.0},{"damage":19.0,"enemies":"3 Cultists","floor":30.0,"turns":3.0},{"damage":0.0,"enemies":"Slavers","floor":31.0,"turns":1.0},{"damage":34.0,"enemies":"Automaton","floor":33.0,"turns":9.0},{"damage":15.0,"enemies":"3 Shapes","floor":35.0,"turns":3.0},{"damage":22.0,"enemies":"Orb Walker","floor":37.0,"turns":5.0},{"damage":12.0,"enemies":"Sphere and 2 Shapes","floor":41.0,"turns":4.0},{"damage":83,"enemies":"Nemesis","floor":42,"turns":7}],"seed_played":"-2631512305346339453","potions_obtained":[{"floor":3.0,"key":"testmod-EscapePotion"},{"floor":4.0,"key":"PowerPotion"},{"floor":5.0,"key":"Energy Potion"},{"floor":13.0,"key":"LiquidMemories"},{"floor":16.0,"key":"FearPotion"},{"floor":22.0,"key":"EssenceOfSteel"},{"floor":27.0,"key":"Fruit Juice"},{"floor":28.0,"key":"SmokeBomb"},{"floor":33.0,"key":"Fire Potion"},{"floor":35.0,"key":"PowerPotion"},{"floor":37.0,"key":"SkillPotion"}],"is_trial":false,"path_per_floor":["M","M","M","M","M","E","?","R","T","R","$","E","M","?","R","B",null,"M","M","$","?","M","R","M","R","T","M","M","M","M","E","R","B",null,"M","$","M","$","?","?","M","E"],"character_chosen":"The_Alterego","items_purchased":["alterego_mod:PainIsPleasure","Whetstone","alterego_mod:STier","testmod-TaurusBlackCat"],"campfire_rested":1,"item_purchase_floors":[34,36,36,36],"current_hp_per_floor":[70,72,70,55,37,14,14,14,14,14,14,9,13,13,13,23,79,79,47,47,32,25,25,21,21,21,6,4,21,6,6,33,3,69,62,62,59,59,59,59,72,16,16],"gold":11,"neow_bonus":"THREE_ENEMY_KILL","is_daily":false,"chose_seed":false,"campfire_upgraded":5,"win_rate":0.0,"timestamp":1612268538,"path_taken":["M","M","M","M","M","E","?","R","T","R","$","E","?","?","R","BOSS","M","M","$","?","M","R","M","R","T","M","?","M","M","E","R","BOSS","M","$","?","?","?","?","M","E"],"items_purchased_type":["Card","Relic","Card","Card"],"build_version":"2020-12-22","purchased_purges":4,"victory":false,"max_hp_per_floor":[71,72,73,74,75,76,76,76,76,76,76,77,78,78,78,79,79,79,80,80,80,81,81,82,82,82,83,89,89,90,90,90,73,69,70,70,71,71,71,71,72,72,72],"card_choices":[{"not_picked":[],"picked":"SuicideKing","floor":0.0},{"not_picked":["alterego_mod:GoddessCore","alterego_mod:Complex"],"picked":"alterego_mod:Cycle","floor":1.0},{"not_picked":["alterego_mod:Complex","alterego_mod:DustData","alterego_mod:PresenceConcealment"],"picked":"SKIP","floor":2.0},{"not_picked":["alterego_mod:Punishment","alterego_mod:DeftHands"],"picked":"alterego_mod:Mirror","floor":3.0},{"not_picked":["alterego_mod:PresenceConcealment","alterego_mod:Complex"],"picked":"alterego_mod:SakuraFive","floor":4.0},{"not_picked":["alterego_mod:Undulate","alterego_mod:SakuraPetals"],"picked":"alterego_mod:Rip","floor":5.0},{"not_picked":["alterego_mod:Table","alterego_mod:BoobPocket"],"picked":"alterego_mod:Valentines","floor":6.0},{"not_picked":["alterego_mod:Pet","alterego_mod:Cycle"],"picked":"alterego_mod:Rake","floor":12.0},{"not_picked":["alterego_mod:Cycle","alterego_mod:Cooking"],"picked":"alterego_mod:Birthday","floor":13.0},{"not_picked":["alterego_mod:VirginLaserPalladion","alterego_mod:Weigh"],"picked":"alterego_mod:Vow","floor":16.0},{"not_picked":["alterego_mod:Bunnysuit","alterego_mod:TrashNCrash"],"picked":"alterego_mod:DiscoLights","floor":18.0},{"not_picked":["alterego_mod:PurpleHair+1","alterego_mod:RocketPunch+1"],"picked":"alterego_mod:BiFurious","floor":19.0},{"not_picked":["alterego_mod:Cushion","alterego_mod:Belle","alterego_mod:SakuraPetals"],"picked":"SKIP","floor":22.0},{"not_picked":["alterego_mod:Bounce","alterego_mod:Skirt","alterego_mod:Lingerie"],"picked":"SKIP","floor":24.0},{"not_picked":["alterego_mod:Exercise","alterego_mod:Stockings"],"picked":"alterego_mod:Mirror+1","floor":27.0},{"not_picked":["alterego_mod:Pet","alterego_mod:Collar+1"],"picked":"alterego_mod:Cycle+1","floor":28.0},{"not_picked":["alterego_mod:BreastValley","alterego_mod:HighServant","alterego_mod:Bounce"],"picked":"SKIP","floor":29.0},{"not_picked":["alterego_mod:DiscoLights","alterego_mod:SakuraPetals","alterego_mod:Punishment"],"picked":"SKIP","floor":30.0},{"not_picked":["alterego_mod:Alter","alterego_mod:Lift"],"picked":"alterego_mod:AlterEgo","floor":33.0},{"not_picked":["alterego_mod:Undulate","alterego_mod:Punishment+1","alterego_mod:PerceptionDisorder"],"picked":"SKIP","floor":35.0},{"not_picked":["alterego_mod:DeftHands","alterego_mod:Complex+1","alterego_mod:Mirror"],"picked":"SKIP","floor":37.0},{"not_picked":["Mind Blast","testmod-RabbitOfFibonacci"],"picked":"testmod-PocketStoneCalender","floor":39.0},{"not_picked":["alterego_mod:BusterCard","alterego_mod:Punishment+1"],"picked":"alterego_mod:SakuraFive","floor":41.0}],"player_experience":2239,"relics_obtained":[{"floor":6.0,"key":"testmod-BouquetWithThorns"},{"floor":9.0,"key":"testmod-Nine"},{"floor":12.0,"key":"Velvet Choker"},{"floor":26.0,"key":"Philosopher\u0027s Stone"}],"event_choices":[{"damage_healed":0.0,"max_hp_gain":0.0,"max_hp_loss":0.0,"gold_gain":0.0,"cards_transformed":["alterego_mod:Strike"],"event_name":"Living Wall","player_choice":"Change","floor":7.0,"gold_loss":0.0,"damage_taken":0.0,"cards_obtained":["alterego_mod:Antipathy"]},{"damage_healed":0.0,"max_hp_gain":0.0,"max_hp_loss":0.0,"gold_gain":400.0,"event_name":"恩洛斯的盘子","player_choice":"Sell","floor":14.0,"relics_lost":["NeowsBlessing"],"gold_loss":0.0,"damage_taken":0.0},{"damage_healed":0.0,"max_hp_gain":0.0,"max_hp_loss":0.0,"gold_gain":0.0,"event_name":"SensoryStone","player_choice":"Memory 1","floor":39.0,"gold_loss":0.0,"damage_taken":0.0},{"damage_healed":0.0,"max_hp_gain":0.0,"max_hp_loss":0.0,"gold_gain":0.0,"event_name":"Tomb of Lord Red Mask","player_choice":"Paid","floor":40.0,"gold_loss":195.0,"damage_taken":0.0,"relics_obtained":["Red Mask"]}],"is_beta":false,"boss_relics":[{"not_picked":["testmod-OneHitWonder","testmod-Motorcycle"],"picked":"testmod-FatalChain"},{"not_picked":[]},{"not_picked":["Orrery","testmod-DeterminationOfClimber"],"picked":"Gremlin Horn"},{"not_picked":[]}],"items_purged_floors":[11,20,36,38],"is_endless":false,"potions_floor_spawned":[3,4,5,13,16,22,27,28,31,33,35,37],"killed_by":"Nemesis","ascension_level":0}}