{"host":"Berg","time":1612276643,"event":{"mods":["AchievementEnabler","BaseMod","Colored Map","Downfall","Gremlin Skip","Highlight Path","Minty Spire (QoL Compilation)","Relic Stats","StSLib"],"gold_per_floor":[99,113,129,129,149,149,149,184,184,203,217,217,233,253,272,371,371,371,383,395,34,34,44,69,69,85,85,85,85,113,124,136,241,241,241,252,252,331,57,77,102,102,127,154,166,197,209,256,278,290,290,290],"floor_reached":50,"language":"ENG","playtime":3967,"items_purged":["Guardian:Strike_Guardian"],"score":682,"play_id":"c6a37f14-d05e-40ef-b325-4a682a7812b9","local_time":"20210202093723","is_ascension_mode":true,"campfire_choices":[{"data":"Guardian:TwinSlam","floor":1,"key":"SMITH"},{"data":"Guardian:ConstructionForm","floor":6,"key":"SMITH"},{"data":"Guardian:RollAttack","floor":12,"key":"SMITH"},{"data":"Guardian:Suspension","floor":18,"key":"SMITH"},{"data":"Slimebound:CheckThePlaybook","floor":25,"key":"SMITH"},{"data":"Guardian:DecasProtection","floor":28,"key":"SMITH"},{"data":"Guardian:StasisField","floor":35,"key":"SMITH"},{"data":"Guardian:TimeSifter","floor":45,"key":"SMITH"},{"data":"Guardian:ShieldCharger","floor":47,"key":"SMITH"}],"circlet_count":0,"master_deck":["Guardian:Strike_Guardian","Guardian:Strike_Guardian","Guardian:Strike_Guardian","Guardian:Defend_Guardian","Guardian:Defend_Guardian","Guardian:Defend_Guardian","Guardian:Defend_Guardian","Guardian:CurlUp","Guardian:TwinSlam+1","Guardian:RollAttack+1","Guardian:ConstructionForm+1","Guardian:Suspension+1","Guardian:ArmoredProtocol","Guardian:PrimingBeam","Guardian:SphericShield","Guardian:Recover","Guardian:Planning+1","Guardian:TimeSifter+1","CurseOfTheBell","Guardian:TemporalStrike","Panacea+1","Slimebound:CheckThePlaybook+1","Guardian:ShieldSpikes+1","Guardian:DecasProtection+1","RitualDagger","Guardian:RevengeProtocol","Guardian:BronzeOrb+1","Guardian:ShieldCharger+1","Guardian:StasisField+1","Guardian:Gem_Yellow","Guardian:TemporalShield+1","Guardian:FloatingOrbs+1","Guardian:PolyBeam+1","Guardian:PolyBeam+1","Guardian:EvasiveProtocol+1"],"relics":["Guardian:ModeShifter","Guardian:PickAxe","Pear","Lantern","Calling Bell","MealTicket","Ornamental Fan","FossilizedHelix","Tiny Chest","War Paint","White Beast Statue","SacredBark","Orichalcum","Frozen Egg 2","Kunai","Art of War","InkBottle","Anchor","MawBank","Unceasing Top"],"acts_visited":["Exordium","TheCity","TheBeyond"],"potions_floor_usage":[],"damage_taken":[{"damage":0,"enemies":"Small Slimes","floor":2,"turns":4},{"damage":0,"enemies":"Cultist","floor":3,"turns":3},{"damage":8,"enemies":"Cultist","floor":4,"turns":4},{"damage":0,"enemies":"2 Louse","floor":5,"turns":3},{"damage":18,"enemies":"3 Sentries","floor":8,"turns":9},{"damage":0,"enemies":"Large Slime","floor":10,"turns":6},{"damage":7,"enemies":"3 Louse","floor":11,"turns":3},{"damage":0,"enemies":"Blue Slaver","floor":13,"turns":4},{"damage":0,"enemies":"Exordium Wildlife","floor":14,"turns":5},{"damage":2,"enemies":"Blue Slaver","floor":15,"turns":4},{"damage":0,"enemies":"IC_STATUS_ARCHETYPE","floor":16,"turns":8},{"damage":0,"enemies":"Spheric Guardian","floor":19,"turns":5},{"damage":0,"enemies":"3 Byrds","floor":20,"turns":6},{"damage":0,"enemies":"downfall:FleeingMerchant","floor":21,"turns":4},{"damage":0,"enemies":"Snecko","floor":23,"turns":7},{"damage":14,"enemies":"Snake Plant","floor":26,"turns":5},{"damage":15,"enemies":"Slavers","floor":30,"turns":6},{"damage":0,"enemies":"Chosen and Byrds","floor":31,"turns":6},{"damage":0,"enemies":"3 Cultists","floor":32,"turns":5},{"damage":0,"enemies":"WA_ARCHETYPE_CALM","floor":33,"turns":13},{"damage":0,"enemies":"3 Shapes","floor":36,"turns":8},{"damage":3,"enemies":"downfall:FleeingMerchant","floor":39,"turns":4},{"damage":0,"enemies":"Orb Walker","floor":40,"turns":9},{"damage":9,"enemies":"Reptomancer","floor":44,"turns":10},{"damage":0,"enemies":"Sphere and 2 Shapes","floor":46,"turns":5},{"damage":6,"enemies":"Nemesis","floor":48,"turns":11},{"damage":0,"enemies":"Spire Growth","floor":49,"turns":7},{"damage":107,"enemies":"SI_POISON_ARCHETYPE","floor":50,"turns":13}],"seed_played":"-6289032370021917162","potions_obtained":[{"floor":8,"key":"AttackPotion"},{"floor":10,"key":"Ancient Potion"},{"floor":11,"key":"champ:CounterPotion"},{"floor":20,"key":"Swift Potion"},{"floor":31,"key":"PowerPotion"},{"floor":32,"key":"LiquidMemories"}],"is_trial":false,"path_per_floor":["R","M","M","?","M","R","T","E","?","M","M","R","M","M","M","B",null,"R","M","M","$","?","M","T","R","M","?","R","?","E","M","M","B",null,"R","M","T","?","$","M","T","T","T","E","R","M","R","E","M","B"],"character_chosen":"GUARDIAN","items_purchased":["Guardian:TemporalStrike","Tiny Chest","Panacea","Kunai"],"campfire_rested":0,"item_purchase_floors":[21,21,21,39],"current_hp_per_floor":[80,80,80,60,60,60,70,52,90,90,83,83,83,83,81,81,90,90,90,90,90,81,81,81,81,67,61,61,61,46,46,46,46,81,81,81,81,81,78,78,78,78,78,69,69,69,69,63,63,0,0,0],"gold":290,"neow_bonus":"THREE_CARDS","is_daily":false,"chose_seed":false,"campfire_upgraded":9,"win_rate":0.0,"timestamp":1612276643,"path_taken":["R","M","M","?","M","R","T","E","?","M","?","R","M","M","M","BOSS","R","M","M","$","?","M","T","R","M","?","R","?","E","M","M","BOSS","R","M","?","?","?","M","T","?","?","E","R","M","R","E","M","BOSS"],"items_purchased_type":["Card","Relic","Card","Relic"],"build_version":"2020-12-18","purchased_purges":1,"victory":false,"max_hp_per_floor":[80,80,80,80,80,80,90,90,90,90,90,90,90,90,90,90,90,90,90,90,90,81,81,81,81,81,81,81,81,81,81,81,81,81,81,81,81,81,81,81,81,81,81,81,81,81,81,81,81,81,81,81],"relic_stats":{"counters":[28,177],"Ornamental Fan":[184],"MealTicket":0,"Tiny Chest":2,"Art of War":[5],"Kunai":[22],"War Paint":["Guardian:Planning","Panacea"],"Orichalcum":[0],"MawBank":72,"obtain_stats":[{"Lantern":8,"Pear":7,"SacredBark":34,"Guardian:ModeShifter":0,"War Paint":24,"Orichalcum":37,"Frozen Egg 2":38,"MawBank":44,"White Beast Statue":30,"Guardian:PickAxe":4,"Calling Bell":17,"Anchor":43,"Ornamental Fan":17,"MealTicket":17,"Tiny Chest":21,"Art of War":41,"Kunai":39,"FossilizedHelix":17,"InkBottle":42,"Unceasing Top":48},{"Lantern":5,"Pear":4,"SacredBark":20,"Guardian:ModeShifter":0,"War Paint":15,"Orichalcum":21,"Frozen Egg 2":21,"MawBank":24,"White Beast Statue":17,"Guardian:PickAxe":3,"Calling Bell":11,"Anchor":23,"Ornamental Fan":11,"MealTicket":11,"Tiny Chest":14,"Art of War":23,"Kunai":22,"FossilizedHelix":11,"InkBottle":23,"Unceasing Top":26},{"Lantern":23,"Pear":14,"SacredBark":110,"Guardian:ModeShifter":0,"War Paint":75,"Orichalcum":118,"Frozen Egg 2":118,"MawBank":141,"White Beast Statue":86,"Guardian:PickAxe":11,"Calling Bell":53,"Anchor":131,"Ornamental Fan":53,"MealTicket":53,"Tiny Chest":68,"Art of War":131,"Kunai":122,"FossilizedHelix":53,"InkBottle":131,"Unceasing Top":157}],"InkBottle":[25],"Unceasing Top":[2]},"card_choices":[{"not_picked":["Guardian:Recover","Guardian:TemporalShield"],"picked":"Guardian:Gem_Red","floor":0},{"not_picked":["Guardian:VentSteam","Guardian:Gem_Lightblue"],"picked":"Guardian:RollAttack","floor":2},{"not_picked":["Guardian:TemporalShield","Guardian:PiercingHide"],"picked":"Guardian:ConstructionForm","floor":3},{"not_picked":["Guardian:TemporalStrike","Guardian:ChargeCore"],"picked":"Guardian:Suspension","floor":5},{"not_picked":["Guardian:DecasProtection","Guardian:Incinerate"],"picked":"Guardian:Gem_Crimson","floor":8},{"not_picked":["Guardian:VentSteam","Guardian:GuardianWhirl"],"picked":"Guardian:ArmoredProtocol","floor":10},{"not_picked":["Guardian:TemporalShield","Guardian:Gem_Red"],"picked":"Guardian:PrimingBeam","floor":11},{"not_picked":["Guardian:Gem_Crimson","Guardian:Suspension"],"picked":"Guardian:SphericShield","floor":13},{"not_picked":["Guardian:VentSteam","Guardian:Gem_Lightblue"],"picked":"Guardian:Recover","floor":14},{"not_picked":["Guardian:PiercingHide","Guardian:Reroute"],"picked":"Guardian:Planning","floor":15},{"not_picked":["Guardian:Gem_Orange","Guardian:FierceBash"],"picked":"Guardian:TimeSifter","floor":16},{"not_picked":["Guardian:Incinerate","Guardian:TimeCapacitor"],"picked":"Guardian:Gem_Cyan","floor":19},{"not_picked":["Guardian:Incinerate+1","Guardian:PrimingBeam+1"],"picked":"Guardian:Gem_Fragmented","floor":20},{"not_picked":["Guardian:Gem_Red","Guardian:Repulse"],"picked":"Guardian:Gem_Yellow","floor":21},{"not_picked":["Guardian:ChargeCore","Guardian:TimeBomb"],"picked":"Guardian:ShieldSpikes+1","floor":23},{"not_picked":["Guardian:PrismaticBarrier","Guardian:EvasiveProtocol+1"],"picked":"Guardian:DecasProtection","floor":26},{"not_picked":["Guardian:SpikerProtocol+1","Guardian:Gem_Synthetic"],"picked":"Guardian:BronzeOrb+1","floor":30},{"not_picked":["Guardian:Gem_Red","Guardian:Gem_Crimson"],"picked":"Guardian:Gem_Green","floor":31},{"not_picked":["Guardian:TemporalStrike+1","Guardian:GuardianWhirl+1"],"picked":"Guardian:ShieldCharger","floor":32},{"not_picked":["Guardian:Gem_Synthetic","Guardian:FastForward"],"picked":"Guardian:StasisField","floor":33},{"not_picked":["Guardian:ChargeCore+1","Guardian:Suspension"],"picked":"Guardian:Gem_Yellow","floor":36},{"not_picked":["Guardian:Clone+1","Guardian:DonusPower"],"picked":"Guardian:TemporalShield+1","floor":39},{"not_picked":["Guardian:TemporalStrike+1","Guardian:BronzeArmor"],"picked":"Guardian:FloatingOrbs+1","floor":40},{"not_picked":["Guardian:Preprogram","Guardian:Gem_Red"],"picked":"Guardian:PolyBeam+1","floor":44},{"not_picked":["Guardian:StasisField","Guardian:VentSteam"],"picked":"Guardian:PolyBeam+1","floor":46},{"not_picked":["Guardian:TemporalStrike+1","Guardian:ShieldCharger","Guardian:Gem_Green"],"picked":"SKIP","floor":48},{"not_picked":["Guardian:Clone","Guardian:Gem_Green"],"picked":"Guardian:EvasiveProtocol+1","floor":49}],"player_experience":1379918,"relics_obtained":[{"floor":7,"key":"Pear"},{"floor":8,"key":"Lantern"},{"floor":17,"key":"MealTicket"},{"floor":17,"key":"Ornamental Fan"},{"floor":17,"key":"FossilizedHelix"},{"floor":24,"key":"War Paint"},{"floor":30,"key":"White Beast Statue"},{"floor":37,"key":"Orichalcum"},{"floor":38,"key":"Frozen Egg 2"},{"floor":41,"key":"Art of War"},{"floor":42,"key":"InkBottle"},{"floor":43,"key":"Anchor"},{"floor":44,"key":"MawBank"},{"floor":48,"key":"Unceasing Top"}],"event_choices":[{"damage_healed":38,"gold_gain":0,"player_choice":"Full Heal","damage_taken":0,"max_hp_gain":0,"max_hp_loss":0,"event_name":"Wheel of Change","floor":9,"gold_loss":0},{"damage_healed":0,"gold_gain":0,"player_choice":"Read","damage_taken":0,"max_hp_gain":0,"max_hp_loss":0,"event_name":"The Library","floor":29,"gold_loss":0,"cards_obtained":["Guardian:RevengeProtocol"]}],"is_beta":true,"boss_relics":[{"not_picked":["Black Star","Runic Dome"],"picked":"Calling Bell"},{"not_picked":["Pandora\u0027s Box","Coffee Dripper"],"picked":"SacredBark"}],"items_purged_floors":[21],"is_endless":false,"potions_floor_spawned":[8,10,11,13,14,16,19,20,23,31,32,33,36,39,40,44,46,48,49],"killed_by":"SI_POISON_ARCHETYPE","ascension_level":1}}