{"host":"rqs2099buorjjoja","time":1612232974,"event":{"mods":["AchievementEnabler","Aspiration","BaseMod","Beaked The Cultist","Colored Powertips","Downfall","Hermit","Hubris","Infinite Spire","Jorbs\u0027s Wanderer Trilogy","Minty Spire (QoL Compilation)","Quick Restart","Rare Cards Sparkle","Replay The Spire","StSLib","The Bug Knight","The Construct","The Necromancer","The Servant 0.9.4"],"gold_per_floor":[119,119,119,138,150,150,169,169,193,211,211,211,225,246,246,369,369,385,130,148,148,148,181,181,181,208,231,244,258,258,282,282,403,403,403,403],"floor_reached":35,"language":"ENG","playtime":2263,"items_purged":[],"score":371,"play_id":"4c319148-b157-44b5-9a3c-d2106041b60a","local_time":"20210201212934","is_ascension_mode":false,"campfire_choices":[{"data":"HollowMod:CycloneSlash","floor":6,"key":"SMITH"},{"data":"HollowMod:HowlingWraiths","floor":8,"key":"SMITH"},{"floor":12,"key":"REST"},{"data":"HollowMod:CloakDash","floor":15,"key":"SMITH"},{"floor":24,"key":"REST"},{"floor":30,"key":"REST"},{"floor":32,"key":"REST"}],"circlet_count":0,"master_deck":["HollowMod:NailStrikeStart","HollowMod:NailStrikeStart","HollowMod:NailStrikeStart","HollowMod:NailStrikeStart","HollowMod:QuickDashStart","HollowMod:QuickDashStart+1","HollowMod:QuickDashStart+1","HollowMod:QuickDashStart","HollowMod:FocusHealStart","HollowMod:PogoStrike","HollowMod:SoulStrike","HollowMod:CycloneSlash+1","HollowMod:HowlingWraiths+1","ReplayReversal","HollowMod:FastStrike","HollowMod:CloakDash+1","HollowMod:SlysStrikes","HollowMod:DashSlash+1","HollowMod:QuirrelsAssistance+1","HollowMod:MantisMark","Looming Evil","HollowMod:FastStrike","HollowMod:CloakDash","HollowMod:LifebloodCocoon","HollowMod:HuntersJournal+1","HollowMod:Weaversong"],"relics":["HollowMod:VesselMask","aspiration:Nostalgia","m_BronzeBlood","ReplayTheSpireMod:Lightbulb","Golden Idol","Fusion Hammer","beaked:ShinyBauble","War Paint","ReplayTheSpireMod:Ring of Exchange","Smiling Mask","Replay:Bronze Core"],"acts_visited":["Exordium","TheCity","TheBeyond"],"potions_floor_usage":[7,16,16,18,27,31,33],"damage_taken":[{"damage":0,"enemies":"2 Louse","floor":1,"turns":2},{"damage":1,"enemies":"Jaw Worm","floor":4,"turns":3},{"damage":0,"enemies":"Small Slimes","floor":5,"turns":3},{"damage":9,"enemies":"2 Fungi Beasts","floor":7,"turns":2},{"damage":15,"enemies":"3 Louse","floor":10,"turns":3},{"damage":6,"enemies":"Exordium Wildlife","floor":13,"turns":3},{"damage":9,"enemies":"2 Fungi Beasts","floor":14,"turns":4},{"damage":51,"enemies":"Hexaghost","floor":16,"turns":6},{"damage":3,"enemies":"2 Thieves","floor":18,"turns":3},{"damage":4,"enemies":"Shell Parasite","floor":20,"turns":2},{"damage":24,"enemies":"Slavers","floor":23,"turns":5},{"damage":34,"enemies":"Shelled Parasite and Fungi","floor":27,"turns":5},{"damage":14,"enemies":"Cultist and Chosen","floor":28,"turns":5},{"damage":5,"enemies":"Centurion and Healer","floor":29,"turns":4},{"damage":11,"enemies":"Snake Plant","floor":31,"turns":4},{"damage":35,"enemies":"hubris:MusketHawk","floor":33,"turns":6},{"damage":173,"enemies":"3 Darklings","floor":35,"turns":5}],"seed_played":"6629563578720883577","potions_obtained":[{"floor":1,"key":"Death Potion"},{"floor":4,"key":"SteroidPotion"},{"floor":13,"key":"GamblersBrew"},{"floor":14,"key":"LiquidMemories"},{"floor":16,"key":"LifebloodPotion"},{"floor":23,"key":"PowerPotion"},{"floor":29,"key":"sneckomod:MuddlingPotion"},{"floor":31,"key":"SteroidPotion"}],"is_trial":false,"path_per_floor":["M","$","?","M","M","R","M","R","T","M","?","R","M","M","R","B",null,"M","$","M","?","$","E","R","?","T","M","M","M","R","M","R","B",null,"M"],"character_chosen":"THE_BUGKNIGHT","items_purchased":["beaked:ShinyBauble"],"campfire_rested":4,"item_purchase_floors":[19],"current_hp_per_floor":[75,75,75,75,75,75,72,72,72,69,51,73,73,75,75,30,75,75,75,75,75,75,63,75,75,75,53,45,46,68,69,75,46,75,0,0],"gold":403,"neow_bonus":"NOSTALGIA","is_daily":false,"chose_seed":false,"campfire_upgraded":3,"win_rate":0.0,"timestamp":1612232974,"path_taken":["M","$","?","M","M","R","M","R","T","M","?","R","M","M","R","BOSS","M","$","M","?","$","E","R","?","T","M","M","M","R","M","R","BOSS","M"],"items_purchased_type":["Relic"],"build_version":"2020-12-22","purchased_purges":0,"victory":false,"max_hp_per_floor":[75,75,75,75,75,75,75,75,75,75,75,75,75,75,75,75,75,75,75,75,75,75,75,75,75,75,75,75,75,75,75,75,75,75,75,75],"card_choices":[{"not_picked":["Wild Strike","Metallicize"],"picked":"HollowMod:SoulStrike","floor":1},{"not_picked":["ReplayTheSpireMod:Stacked","HollowMod:NewJinnsSoul","bronze:BuggyMess"],"picked":"SKIP","floor":4},{"not_picked":["HollowMod:SharpenedNail","HollowMod:DoubleDash"],"picked":"HollowMod:CycloneSlash","floor":5},{"not_picked":["Reckless Charge","Wild Strike"],"picked":"HollowMod:HowlingWraiths","floor":7},{"not_picked":["HollowMod:HornetsHelp","HollowMod:NewLittleFool"],"picked":"ReplayReversal","floor":10},{"not_picked":["bronze:BuggyMess","HollowMod:NewLittleFool"],"picked":"HollowMod:FastStrike","floor":13},{"not_picked":["Wild Strike","HollowMod:HeavyBlow"],"picked":"HollowMod:CloakDash","floor":14},{"not_picked":["Impervious","HollowMod:ZotesMagnificence"],"picked":"HollowMod:SlysStrikes","floor":16},{"not_picked":["HollowMod:MawleksShell","HollowMod:ShadowDash"],"picked":"HollowMod:DashSlash+1","floor":18},{"not_picked":["HollowMod:PerfectDash","HollowMod:MothsMistake"],"picked":"HollowMod:QuirrelsAssistance+1","floor":20},{"not_picked":["HollowMod:BaldurShell","HollowMod:TaintedHusks"],"picked":"HollowMod:MantisMark","floor":23},{"not_picked":["HollowMod:RecoilStrike+1","HollowMod:MothsMistake"],"picked":"HollowMod:FastStrike","floor":27},{"not_picked":["HollowMod:HeavyBlow","HollowMod:theNailsmith"],"picked":"HollowMod:CloakDash","floor":28},{"not_picked":["HollowMod:CloakDash+1","HollowMod:HeavyBlow"],"picked":"HollowMod:LifebloodCocoon","floor":29},{"not_picked":["HollowMod:SoulSplash+1","HollowMod:BlackTendrils"],"picked":"HollowMod:HuntersJournal+1","floor":31},{"not_picked":["HollowMod:NewInfectedGuardian","HollowMod:SoulMaster"],"picked":"HollowMod:Weaversong","floor":33}],"player_experience":187549,"relics_obtained":[{"floor":9,"key":"ReplayTheSpireMod:Lightbulb"},{"floor":23,"key":"War Paint"},{"floor":25,"key":"ReplayTheSpireMod:Ring of Exchange"},{"floor":26,"key":"Smiling Mask"}],"event_choices":[{"damage_healed":0,"gold_gain":0,"player_choice":"Take Damage","damage_taken":18,"relics_obtained":["Golden Idol"],"max_hp_gain":0,"max_hp_loss":0,"event_name":"Golden Idol","floor":11,"gold_loss":0},{"damage_healed":0,"gold_gain":0,"player_choice":"Ignored","damage_taken":0,"max_hp_gain":0,"max_hp_loss":0,"event_name":"Vampires","floor":21,"gold_loss":0}],"is_beta":false,"boss_relics":[{"not_picked":["ChewingGum","hubris:CrackedHourglass"],"picked":"Fusion Hammer"},{"not_picked":["hubris:Stopwatch","Kintsugi"],"picked":"Replay:Bronze Core"}],"items_purged_floors":[],"is_endless":false,"potions_floor_spawned":[1,4,13,14,16,23,29,31],"killed_by":"3 Darklings","ascension_level":0}}