{"host":"aceejw9th3i5ney6","time":1612257789,"event":{"mods":["2.2 Compatiblity","A Penny For Your Troubles","Abigail Mod","AchievementEnabler","Act Like it!","Alarm Clock","AlwaysNeverKeys","Ascension Unlocker","Aspiration","Astrologer","BaseMod","Better Synergies","Better Third Choice","Better-Laid Plans","BetterRewards","Block Reminder","Card Forge","CatGirl Mod","Chen","Colored Map","Colored Powertips","Conspire","Curses Come First","Defuse TimeMaze Blight","Downfall","Emptier Cage","Energized Spire","Evolution","Exacting","Fox Events","Friendly Minions","Gensokyo","Gold Saver","Gremlin Mod","Halation","Hallownest","HololiveMod","Hubris","Koishi","Luminous","Magitek Elite","Marisa????????","Mathemortician","Mimic Mod","Minty Spire (QoL Compilation)","Onozuka Komachi Mod","Permanent Neow","Poor People Problems","Practice Mode","Quick Restart","Railgun Mod","Random Character Button","Reimu??????","Relic Filter","Relic Sorter","Relic Stats","Remilia_Scarlet Moed?????·?????3.3.5","Reorder Act Four","SIMod","Shop Mod","Spikes Relics","StSLib","The Administrix","The Animator","The Bug Knight","The Florist","The Judge","The Jungle","The Problem Sleuth","The Senshi","The Vixen","TheHeartMod","Trackpad","Treasure Hunter","Unceasing Turn Reminder","Virulent Crown","Voiceroid Mod","WarShipGirlsR/????R mod","Yakumo Yukari mod","Youmu??????","Yuyuko","slay the spire mod where everything is the same but ironclad has a cowboy hat","??????REMEMod"],"gold_per_floor":[116,116,116,130,172,198,198,212,244,244,244,262,292,30,30,132,132,144,163,15,15,15,15,44,56,114,129,145,177,197,197,197,197,197],"floor_reached":33,"language":"ENG","playtime":2729,"items_purged":[],"score":422,"play_id":"4a438c78-7362-45f7-bc7d-fa261e9cc238","local_time":"20210202042309","is_ascension_mode":false,"campfire_choices":[{"data":"theHeart:Buff","floor":7,"key":"SMITH"},{"data":"Storm of Steel","floor":10,"key":"SMITH"},{"floor":15,"key":"REST"},{"floor":23,"key":"REST"},{"floor":32,"key":"REST"}],"circlet_count":0,"master_deck":["theHeart:Scab","theHeart:theHeartCommonAttack","theHeart:theHeartCommonAttack","theHeart:Hemorrhage","theHeart:Buff+1","theHeart:SpireGrowth","Flechettes","Acrobatics","Storm of Steel+1","theHeart:TranquilRhythm","theHeart:SpireGrowth","theHeart:CapillaryExchange","theHeart:Devour","theHeart:TentacleWhip","theHeart:NoxiousBlood","Gensokyo:HAARP","TH:EnergyPotion","theHeart:SpireSpear","theHeart:Coagulation","theHeart:Betablocker","TH:ElvenBoots","theHeart:Embolism","theHeart:PainfulStabs","theHeart:Cleanse","theHeart:QuantumEntanglement","theHeart:ArterialFlow","TH:CursedSword","theHeart:FiberOpticCatheter","theHeart:ArterialFlow"],"relics":["theHeart:BeatOfDeath","REME_ComplimentaryCards","Hammer of Thor","Seething Fire","Anvil of the Gods","EVO:Axolotl","Happy Flower","aspiration:StickyExplosives_weak","Strawberry","Pen Nib","conspire:RunicOctahedron","trackpad:Mousetrap","Hololive_LightStick","theJungle:BirthdayCake","trackpad:IceCube","hubris:MysteriousPyramids","Lantern","theJungle:SpiritDisease"],"acts_visited":["Exordium","Gensokyo:Gensokyo"],"potions_floor_usage":[6,16,26,26,27,29,33],"damage_taken":[{"damage":4,"enemies":"Gensokyo:Python","floor":1,"turns":4},{"damage":5,"enemies":"Gensokyo:Gryphon","floor":4,"turns":3},{"damage":0,"enemies":"Gensokyo:3_Fairies","floor":5,"turns":4},{"damage":14,"enemies":"Gensokyo:Aya","floor":6,"turns":6},{"damage":0,"enemies":"Gensokyo:VengefulSpirit","floor":8,"turns":5},{"damage":0,"enemies":"Gensokyo:LivingMonolith","floor":9,"turns":10},{"damage":0,"enemies":"Gensokyo:LivingMonolith","floor":12,"turns":3},{"damage":0,"enemies":"Gensokyo:Mamizou","floor":13,"turns":6},{"damage":0,"enemies":"Gensokyo:Reimu","floor":16,"turns":8},{"damage":27,"enemies":"theJungle:5_Spyders","floor":18,"turns":9},{"damage":20,"enemies":"theJungle:MUSHROOMGANG","floor":19,"turns":5},{"damage":0,"enemies":"theJungle:2_Phrogs","floor":24,"turns":9},{"damage":17,"enemies":"theJungle:Snecko_Cultist_And_Trap","floor":25,"turns":5},{"damage":0,"enemies":"theJungle:2_Snecko_Cultists","floor":26,"turns":3},{"damage":5,"enemies":"theJungle:2_Snecko_Cultists","floor":27,"turns":3},{"damage":4,"enemies":"theJungle:JungleHuntersEncounter","floor":28,"turns":6},{"damage":10,"enemies":"theJungle:Cassacara","floor":29,"turns":5},{"damage":37,"enemies":"theJungle:Lyon","floor":30,"turns":4},{"damage":42,"enemies":"theJungle:TotemBoss","floor":33,"turns":4}],"seed_played":"-8665860451189339708","potions_obtained":[{"floor":1,"key":"Energy Potion"},{"floor":4,"key":"Dexterity Potion"},{"floor":9,"key":"sneckomod:MuddlingPotion"},{"floor":24,"key":"Fire Potion"},{"floor":25,"key":"sneckomod:MuddlingPotion"},{"floor":28,"key":"AttackPotion"},{"floor":29,"key":"DistilledChaos"}],"is_trial":false,"path_per_floor":["M","?","?","M","M","E","R","M","MIM","R","?","M","E","COS","R","B",null,"M","M","$","?","$","R","E","M","MIM","M","M","E","M","?","R","B"],"character_chosen":"THE_HEART","items_purchased":["Hololive_LightStick"],"campfire_rested":3,"item_purchase_floors":[20],"current_hp_per_floor":[50,50,50,45,56,42,42,42,49,49,49,49,49,49,73,73,82,55,35,35,55,55,85,85,68,68,63,59,49,12,12,42,0,0],"gold":197,"neow_bonus":"THREE_RARE_CARDS","is_daily":false,"chose_seed":false,"campfire_upgraded":2,"win_rate":0.0,"timestamp":1612257789,"path_taken":["M","?","?","M","M","E","R","M","MIM","R","?","M","E","COS","R","BOSS","M","M","$","?","$","R","E","M","MIM","M","M","E","M","?","R","BOSS"],"items_purchased_type":["Relic"],"build_version":"2020-12-22","purchased_purges":0,"victory":false,"max_hp_per_floor":[75,75,75,75,75,75,75,75,82,82,82,82,82,82,82,82,82,82,82,82,102,102,102,102,102,102,102,102,102,102,102,102,102,102],"relic_stats":{"Happy Flower":[32],"counters":[19,99],"Pen Nib":[12],"obtain_stats":[{"trackpad:Mousetrap":19,"Lantern":29,"theHeart:BeatOfDeath":0,"Happy Flower":2,"trackpad:IceCube":24,"conspire:RunicOctahedron":17,"Hammer of Thor":0,"Pen Nib":13,"theJungle:SpiritDisease":31,"EVO:Axolotl":0,"Seething Fire":0,"hubris:MysteriousPyramids":26,"aspiration:StickyExplosives_weak":6,"Hololive_LightStick":20,"Anvil of the Gods":0,"Strawberry":9,"theJungle:BirthdayCake":21,"REME_ComplimentaryCards":0},{"trackpad:Mousetrap":11,"Lantern":17,"theHeart:BeatOfDeath":0,"Happy Flower":1,"trackpad:IceCube":12,"conspire:RunicOctahedron":9,"Hammer of Thor":0,"Pen Nib":8,"theJungle:SpiritDisease":18,"EVO:Axolotl":0,"Seething Fire":0,"hubris:MysteriousPyramids":14,"aspiration:StickyExplosives_weak":4,"Hololive_LightStick":11,"Anvil of the Gods":0,"Strawberry":6,"theJungle:BirthdayCake":11,"REME_ComplimentaryCards":0},{"trackpad:Mousetrap":62,"Lantern":92,"theHeart:BeatOfDeath":0,"Happy Flower":4,"trackpad:IceCube":71,"conspire:RunicOctahedron":49,"Hammer of Thor":0,"Pen Nib":41,"theJungle:SpiritDisease":95,"EVO:Axolotl":0,"Seething Fire":0,"hubris:MysteriousPyramids":78,"aspiration:StickyExplosives_weak":17,"Hololive_LightStick":62,"Anvil of the Gods":0,"Strawberry":32,"theJungle:BirthdayCake":62,"REME_ComplimentaryCards":0}]},"card_choices":[{"not_picked":["theHeart:HeartAttack","theHeart:FiberOpticCatheter"],"picked":"theHeart:Buff","floor":0},{"not_picked":["theHeart:PainfulStabs","theHeart:Crush"],"picked":"theHeart:SpireGrowth","floor":1},{"not_picked":["theHeart:PainfulStabs","theHeart:Pacemaker"],"picked":"theHeart:TranquilRhythm","floor":4},{"not_picked":["theHeart:Embolism","theHeart:Cholesterol"],"picked":"theHeart:SpireGrowth","floor":5},{"not_picked":["theHeart:Arrhythmia","theHeart:Embolism"],"picked":"theHeart:CapillaryExchange","floor":6},{"not_picked":["TH:BikiniMail","TH:PixieDust"],"picked":"SKIP","floor":6},{"not_picked":["theHeart:Crush","theHeart:BloodFlow"],"picked":"theHeart:Devour","floor":8},{"not_picked":["theHeart:Embolism","theHeart:Virus"],"picked":"theHeart:TentacleWhip","floor":9},{"not_picked":["theHeart:ArterialFlow","theHeart:Tachycardia"],"picked":"theHeart:NoxiousBlood","floor":12},{"not_picked":["TH:BikiniMail","TH:Mimic"],"picked":"SKIP","floor":13},{"not_picked":["theHeart:BloodFlow","theHeart:Hypertension","theHeart:Devour"],"picked":"SKIP","floor":13},{"not_picked":["TH:CopperCoins"],"picked":"TH:EnergyPotion","floor":16},{"not_picked":["theHeart:HyperTrophy","theHeart:FiberOpticCatheter"],"picked":"theHeart:SpireSpear","floor":16},{"not_picked":["theHeart:Embolism","theHeart:Pacemaker"],"picked":"theHeart:Coagulation","floor":18},{"not_picked":["theHeart:HastyFortification","theHeart:Embolism"],"picked":"theHeart:Betablocker","floor":19},{"not_picked":["TH:Mimic"],"picked":"TH:ElvenBoots","floor":24},{"not_picked":["theHeart:Hypertension","theHeart:CapillaryExchange"],"picked":"theHeart:Embolism","floor":24},{"not_picked":["theHeart:CapillaryExchange","theHeart:Hypertension"],"picked":"theHeart:PainfulStabs","floor":25},{"not_picked":["theHeart:TranquilRhythm","theHeart:HyperTrophy"],"picked":"theHeart:Cleanse","floor":26},{"not_picked":["theHeart:HastyFortification+1","theHeart:ScrapOoze"],"picked":"theHeart:QuantumEntanglement","floor":27},{"not_picked":["theHeart:Virus","theHeart:ElementalCharge"],"picked":"theHeart:ArterialFlow","floor":28},{"not_picked":["TH:ElvenBoots"],"picked":"TH:CursedSword","floor":29},{"not_picked":["theHeart:SpireSpear","theHeart:Devour"],"picked":"theHeart:FiberOpticCatheter","floor":29},{"not_picked":["theHeart:Devour","theHeart:Tachycardia"],"picked":"theHeart:ArterialFlow","floor":30}],"player_experience":321228,"relics_obtained":[{"floor":6,"key":"aspiration:StickyExplosives_weak"},{"floor":9,"key":"Strawberry"},{"floor":13,"key":"Pen Nib"},{"floor":24,"key":"trackpad:IceCube"},{"floor":26,"key":"hubris:MysteriousPyramids"},{"floor":29,"key":"Lantern"}],"event_choices":[],"is_beta":false,"boss_relics":[{"not_picked":["aspiration:PoetsPen_weak","hubris:VirtuousBlindfold"],"picked":"conspire:RunicOctahedron"}],"items_purged_floors":[],"is_endless":false,"potions_floor_spawned":[1,4,24,25,28,29],"killed_by":"theJungle:TotemBoss","ascension_level":0}}