{"host":"0nndazl0keusavit","time":1612242023,"event":{"mods":["AchievementEnabler","BaseMod","Colored Map","Curses Come First","Highlight Path","Minty Spire (QoL Compilation)","Relic Stats","StSLib"],"gold_per_floor":[117,130,1,1,15,15,73,73,73,73,106,126,156,212,212,284,284,298,343,359,97,97,97,127,127,179,213,226,226,276,309,309,382,382,424,93,93,93,141,203,219,266,266,292,292,324,367,381,381,381,381,381],"floor_reached":51,"language":"ENG","playtime":2768,"items_purged":["Strike_P"],"score":1701,"play_id":"24c70532-50d4-4981-898c-60876922e615","local_time":"20210202000023","is_ascension_mode":true,"campfire_choices":[{"data":"Wallop","floor":6.0,"key":"SMITH"},{"data":"Wish","floor":8.0,"key":"SMITH"},{"data":"SignatureMove","floor":10.0,"key":"SMITH"},{"data":"EmptyFist","floor":15.0,"key":"SMITH"},{"floor":23.0,"key":"REST"},{"floor":29.0,"key":"REST"},{"data":"Wallop","floor":32.0,"key":"SMITH"},{"floor":45,"key":"REST"},{"floor":49,"key":"REST"}],"circlet_count":0,"master_deck":["AscendersBane","Strike_P","Strike_P","Defend_P","Defend_P","Defend_P","Defend_P","Eruption+1","Vigilance","SignatureMove+1","Wallop+1","Wish+1","EmptyBody+1","Meditate+1","EmptyFist+1","Vault+1","CrushJoints+1","DeusExMachina+1","InnerPeace+1","Wallop+1","Violence+1","Meditate+1","FlurryOfBlows","Tantrum","Indignation+1","LikeWater","ConjureBlade+1","Pain","WaveOfTheHand+1","Wish+1","Parasite","FlurryOfBlows","TalkToTheHand+1"],"relics":["PureWater","Shuriken","Toxic Egg 2","Vajra","Odd Mushroom","Whetstone","VioletLotus","Bag of Marbles","MealTicket","Lantern","Boot","Sozu","Bronze Scales","WarpedTongs","Ancient Tea Set","Bottled Lightning","Thread and Needle","The Courier"],"acts_visited":["Exordium","TheCity","TheBeyond"],"potions_floor_usage":[],"damage_taken":[{"damage":0.0,"enemies":"2 Louse","floor":1.0,"turns":2.0},{"damage":7.0,"enemies":"Jaw Worm","floor":2.0,"turns":4.0},{"damage":1.0,"enemies":"Cultist","floor":5.0,"turns":4.0},{"damage":12.0,"enemies":"3 Sentries","floor":7.0,"turns":6.0},{"damage":0.0,"enemies":"Gremlin Nob","floor":11.0,"turns":3.0},{"damage":0.0,"enemies":"Looter","floor":12.0,"turns":1.0},{"damage":0.0,"enemies":"The Mushroom Lair","floor":13.0,"turns":6.0},{"damage":0.0,"enemies":"Lagavulin","floor":14.0,"turns":4.0},{"damage":31.0,"enemies":"Hexaghost","floor":16.0,"turns":6.0},{"damage":11.0,"enemies":"2 Thieves","floor":18.0,"turns":4.0},{"damage":33.0,"enemies":"Shell Parasite","floor":19.0,"turns":5.0},{"damage":6.0,"enemies":"Snake Plant","floor":20.0,"turns":3.0},{"damage":7.0,"enemies":"Slavers","floor":24.0,"turns":6.0},{"damage":3.0,"enemies":"Gremlin Leader","floor":27.0,"turns":3.0},{"damage":10.0,"enemies":"Centurion and Healer","floor":28.0,"turns":6.0},{"damage":6.0,"enemies":"Book of Stabbing","floor":31.0,"turns":3.0},{"damage":17.0,"enemies":"Collector","floor":33.0,"turns":4.0},{"damage":3.0,"enemies":"3 Shapes","floor":35.0,"turns":9.0},{"damage":34.0,"enemies":"3 Darklings","floor":39.0,"turns":4.0},{"damage":22.0,"enemies":"Reptomancer","floor":40.0,"turns":5.0},{"damage":9.0,"enemies":"Sphere and 2 Shapes","floor":41.0,"turns":4.0},{"damage":3,"enemies":"Writhing Mass","floor":42,"turns":5},{"damage":16,"enemies":"Giant Head","floor":44,"turns":3},{"damage":20,"enemies":"Nemesis","floor":46,"turns":3},{"damage":4,"enemies":"3 Darklings","floor":47,"turns":6},{"damage":1,"enemies":"Maw","floor":48,"turns":4},{"damage":37,"enemies":"Donu and Deca","floor":50,"turns":6},{"damage":12,"enemies":"Time Eater","floor":51,"turns":1}],"seed_played":"5309731100213798979","potions_obtained":[{"floor":1.0,"key":"ColorlessPotion"},{"floor":7.0,"key":"FairyPotion"},{"floor":11.0,"key":"Fire Potion"},{"floor":13.0,"key":"Explosive Potion"},{"floor":19.0,"key":"Energy Potion"},{"floor":28.0,"key":"CultistPotion"}],"is_trial":false,"path_per_floor":["M","M","$","?","M","R","E","R","T","R","E","M","?","E","R","B",null,"M","M","M","$","?","R","E","?","T","E","M","R","?","E","R","B",null,"M","$","?","?","M","E","M","M","T","E","R","E","M","M","R","B","B"],"character_chosen":"WATCHER","items_purchased":["AttackPotion","Wallop","Violence+1","LikeWater","ConjureBlade+1","Bronze Scales"],"campfire_rested":4,"item_purchase_floors":[3,21,21,36,36,36],"current_hp_per_floor":[67,60,60,65,64,64,52,52,52,52,52,52,52,52,52,21,65,54,21,15,15,15,38,31,31,31,28,18,41,41,35,35,18,64,61,76,76,76,42,20,11,8,8,23,46,26,22,21,44,7,0,0],"gold":381,"neow_bonus":"TEN_PERCENT_HP_BONUS","is_daily":false,"chose_seed":false,"campfire_upgraded":5,"win_rate":0.0,"timestamp":1612242023,"path_taken":["M","M","$","?","M","R","E","R","T","R","E","M","?","E","R","BOSS","M","M","M","$","?","R","E","?","T","E","M","R","?","E","R","BOSS","M","$","?","?","?","E","M","M","T","E","R","E","M","M","R","BOSS","BOSS"],"items_purchased_type":["Potion","Card","Card","Card","Card","Relic"],"build_version":"2020-12-22","purchased_purges":1,"victory":false,"max_hp_per_floor":[74,74,74,79,79,79,79,79,79,79,79,79,79,79,79,79,79,79,79,79,79,79,79,79,79,79,79,79,79,79,79,79,79,79,79,79,79,79,79,79,79,79,79,79,79,79,79,79,79,79,79,79],"relic_stats":{"Sozu":3,"counters":[28,120],"Shuriken":[38],"Bronze Scales":[95],"MealTicket":15,"VioletLotus":[23],"Whetstone":["Strike_P","Eruption"],"Boot":[34],"obtain_stats":[{"Lantern":27,"Vajra":11,"Thread and Needle":44,"The Courier":46,"Whetstone":14,"Odd Mushroom":13,"Boot":31,"Ancient Tea Set":40,"WarpedTongs":38,"Sozu":34,"Shuriken":7,"Bronze Scales":36,"MealTicket":26,"VioletLotus":17,"Bag of Marbles":24,"Bottled Lightning":43,"PureWater":0,"Toxic Egg 2":9},{"Lantern":14,"Vajra":5,"Thread and Needle":23,"The Courier":24,"Whetstone":8,"Odd Mushroom":7,"Boot":16,"Ancient Tea Set":20,"WarpedTongs":18,"Sozu":17,"Shuriken":4,"Bronze Scales":18,"MealTicket":13,"VioletLotus":9,"Bag of Marbles":13,"Bottled Lightning":22,"PureWater":0,"Toxic Egg 2":4},{"Lantern":57,"Vajra":19,"Thread and Needle":100,"The Courier":103,"Whetstone":30,"Odd Mushroom":26,"Boot":66,"Ancient Tea Set":88,"WarpedTongs":79,"Sozu":70,"Shuriken":16,"Bronze Scales":79,"MealTicket":54,"VioletLotus":36,"Bag of Marbles":54,"Bottled Lightning":97,"PureWater":0,"Toxic Egg 2":16}],"WarpedTongs":[40]},"card_choices":[{"not_picked":["ClearTheMind","PathToVictory"],"picked":"SignatureMove","floor":1.0},{"not_picked":["Vengeance","ClearTheMind"],"picked":"Wallop","floor":2.0},{"not_picked":["BowlingBash","JustLucky"],"picked":"Wish","floor":5.0},{"not_picked":["DeceiveReality","FlyingSleeves","Worship"],"picked":"SKIP","floor":7.0},{"not_picked":["Swivel+1","Indignation+1"],"picked":"EmptyBody+1","floor":11.0},{"not_picked":["Crescendo+1","EmptyBody+1"],"picked":"Meditate+1","floor":12.0},{"not_picked":["EmptyBody+1","JustLucky"],"picked":"EmptyFist","floor":13.0},{"not_picked":["Prostrate+1","EmptyMind+1","CutThroughFate"],"picked":"SKIP","floor":14.0},{"not_picked":["ConjureBlade+1","Omniscience+1"],"picked":"Vault+1","floor":16.0},{"not_picked":["Crescendo+1","Prostrate+1"],"picked":"CrushJoints+1","floor":18.0},{"not_picked":["InnerPeace+1","WheelKick"],"picked":"DeusExMachina+1","floor":19.0},{"not_picked":["PathToVictory+1","Evaluate+1"],"picked":"InnerPeace+1","floor":20.0},{"not_picked":["CrushJoints","Prostrate+1","Evaluate+1"],"picked":"SKIP","floor":24.0},{"not_picked":["Brilliance","InnerPeace+1"],"picked":"Meditate+1","floor":27.0},{"not_picked":["BowlingBash","ForeignInfluence+1"],"picked":"FlurryOfBlows","floor":28.0},{"not_picked":["Consecrate+1","Nirvana"],"picked":"Tantrum","floor":31.0},{"not_picked":["ClearTheMind+1","Crescendo+1"],"picked":"Indignation+1","floor":35.0},{"not_picked":["Consecrate","PathToVictory+1"],"picked":"WaveOfTheHand+1","floor":39.0},{"not_picked":["InnerPeace+1","BowlingBash"],"picked":"Wish+1","floor":40.0},{"not_picked":["WreathOfFlame+1","CarveReality","Halt+1"],"picked":"SKIP","floor":41.0},{"not_picked":["Collect+1","ThirdEye+1"],"picked":"FlurryOfBlows","floor":42},{"not_picked":["CrushJoints","ClearTheMind+1","InnerPeace+1"],"picked":"SKIP","floor":44},{"not_picked":["BattleHymn+1","EmptyBody+1","Swivel+1"],"picked":"SKIP","floor":46},{"not_picked":["FollowUp+1","Collect+1","ClearTheMind+1"],"picked":"SKIP","floor":47},{"not_picked":["Evaluate+1","Pray+1"],"picked":"TalkToTheHand+1","floor":48}],"player_experience":896758,"relics_obtained":[{"floor":7.0,"key":"Shuriken"},{"floor":9.0,"key":"Toxic Egg 2"},{"floor":11.0,"key":"Vajra"},{"floor":13.0,"key":"Odd Mushroom"},{"floor":14.0,"key":"Whetstone"},{"floor":24.0,"key":"Bag of Marbles"},{"floor":26.0,"key":"MealTicket"},{"floor":27.0,"key":"Lantern"},{"floor":31.0,"key":"Boot"},{"floor":40.0,"key":"Ancient Tea Set"},{"floor":43,"key":"Bottled Lightning"},{"floor":44,"key":"Thread and Needle"},{"floor":46,"key":"The Courier"}],"event_choices":[{"damage_healed":0.0,"max_hp_gain":5.0,"max_hp_loss":0.0,"gold_gain":0.0,"event_name":"Big Fish","player_choice":"Donut","floor":4.0,"gold_loss":0.0,"damage_taken":0.0},{"damage_healed":0.0,"max_hp_gain":0.0,"max_hp_loss":0.0,"gold_gain":0.0,"event_name":"Mushrooms","player_choice":"Fought Mushrooms","floor":13.0,"gold_loss":0.0,"damage_taken":0.0},{"damage_healed":0.0,"max_hp_gain":0.0,"max_hp_loss":0.0,"gold_gain":0.0,"event_name":"Vampires","player_choice":"Ignored","floor":22.0,"gold_loss":0.0,"damage_taken":0.0},{"damage_healed":0.0,"max_hp_gain":0.0,"max_hp_loss":0.0,"gold_gain":0.0,"event_name":"Ghosts","player_choice":"Ignored","floor":25.0,"gold_loss":0.0,"damage_taken":0.0},{"damage_healed":0.0,"max_hp_gain":0.0,"max_hp_loss":0.0,"gold_gain":50.0,"event_name":"Nest","player_choice":"Stole From Cult","floor":30.0,"gold_loss":0.0,"damage_taken":0.0},{"cards_removed":["Strike_P"],"damage_healed":0.0,"max_hp_gain":0.0,"max_hp_loss":0.0,"gold_gain":0.0,"event_name":"Falling","player_choice":"Removed Attack","floor":37.0,"gold_loss":0.0,"damage_taken":0.0},{"damage_healed":0.0,"max_hp_gain":0.0,"max_hp_loss":0.0,"gold_gain":0.0,"event_name":"Accursed Blacksmith","player_choice":"Rummage","floor":38.0,"gold_loss":0.0,"damage_taken":0.0,"relics_obtained":["WarpedTongs"],"cards_obtained":["Pain"]}],"is_beta":false,"boss_relics":[{"not_picked":["Tiny House","Velvet Choker"],"picked":"VioletLotus"},{"not_picked":["Pandora\u0027s Box","Calling Bell"],"picked":"Sozu"}],"items_purged_floors":[3],"is_endless":false,"potions_floor_spawned":[1,7,11,13,19,27,28,39,42,46],"killed_by":"Time Eater","ascension_level":20}}