{"host":"c44ey07ufggfw2m8","time":1612265466,"event":{"mods":["2.2 Compatiblity","BaseMod","Colored Map","DeckTracker","Highlight Path","Keyboard Shortcuts","Minty Spire (QoL Compilation)","Permanent Neow","Quick Restart","StSLib","SuperFastMode","UnlockEverythingMod"],"gold_per_floor":[20,36,36,50,63,63,238,238,238,238,273,287,287,287,287],"floor_reached":14,"language":"KOR","playtime":386,"items_purged":[],"score":108,"play_id":"829603cf-09be-4e8b-9704-13f37c65b2d7","local_time":"20210202203106","is_ascension_mode":true,"campfire_choices":[{"data":"Eruption","floor":6.0,"key":"SMITH"},{"data":"Tantrum","floor":8.0,"key":"SMITH"}],"circlet_count":0,"master_deck":["Strike_P","Strike_P","Strike_P","Defend_P","Defend_P","Defend_P","Defend_P","Eruption+1","Vigilance","Thinking Ahead","Tantrum+1","CutThroughFate","ThirdEye","FearNoEvil","Doubt","Weave","Judgement","Evaluate","Decay"],"relics":["PureWater","Pear","Mercury Hourglass"],"acts_visited":["Exordium"],"potions_floor_usage":[11,12,14],"damage_taken":[{"damage":9.0,"enemies":"Small Slimes","floor":1.0,"turns":8.0},{"damage":0.0,"enemies":"Cultist","floor":2.0,"turns":2.0},{"damage":0.0,"enemies":"Jaw Worm","floor":4.0,"turns":3.0},{"damage":0.0,"enemies":"Large Slime","floor":5.0,"turns":3.0},{"damage":17,"enemies":"3 Sentries","floor":11,"turns":5},{"damage":1,"enemies":"Exordium Thugs","floor":12,"turns":3},{"damage":20,"enemies":"Lagavulin","floor":14,"turns":3}],"seed_played":"655781245269754190","potions_obtained":[{"floor":3.0,"key":"ColorlessPotion"},{"floor":3.0,"key":"Block Potion"},{"floor":3.0,"key":"Explosive Potion"},{"floor":4.0,"key":"LiquidMemories"},{"floor":12,"key":"Ancient Potion"}],"is_trial":false,"path_per_floor":["M","M","?","M","M","R","?","R","T","?","E","M","?","E"],"character_chosen":"WATCHER","items_purchased":[],"campfire_rested":0,"item_purchase_floors":[],"current_hp_per_floor":[63,63,63,63,63,63,63,63,73,73,56,55,55,35,35],"gold":287,"neow_bonus":"RANDOM_COLORLESS_2","is_daily":false,"chose_seed":false,"campfire_upgraded":2,"win_rate":0.0,"timestamp":1612265466,"path_taken":["M","M","?","?","M","R","?","R","T","?","E","?","?","E"],"items_purchased_type":[],"build_version":"2020-12-22","purchased_purges":0,"victory":false,"max_hp_per_floor":[72,72,72,72,72,72,72,72,82,82,82,82,82,82,82],"card_choices":[{"not_picked":["Metamorphosis","Apotheosis"],"picked":"Thinking Ahead","floor":0.0},{"not_picked":["Crescendo","CrushJoints"],"picked":"Tantrum","floor":1.0},{"not_picked":["Crescendo","ThirdEye"],"picked":"CutThroughFate","floor":2.0},{"not_picked":["JustLucky","ClearTheMind"],"picked":"ThirdEye","floor":4.0},{"not_picked":["FollowUp","ClearTheMind"],"picked":"FearNoEvil","floor":5.0},{"not_picked":["EmptyMind","EmptyBody"],"picked":"Judgement","floor":11},{"not_picked":["ClearTheMind","ForeignInfluence"],"picked":"Evaluate","floor":12}],"player_experience":104379,"relics_obtained":[{"floor":9.0,"key":"Pear"},{"floor":11,"key":"Mercury Hourglass"}],"event_choices":[{"damage_healed":0.0,"max_hp_gain":0.0,"max_hp_loss":0.0,"gold_gain":0.0,"event_name":"Lab","player_choice":"Got Potions","floor":3.0,"gold_loss":0.0,"damage_taken":0.0},{"damage_healed":0.0,"max_hp_gain":0.0,"max_hp_loss":0.0,"gold_gain":175.0,"event_name":"Liars Game","player_choice":"AGREE","floor":7.0,"gold_loss":0.0,"damage_taken":0.0,"cards_obtained":["Doubt"]},{"damage_healed":0.0,"max_hp_gain":0.0,"max_hp_loss":0.0,"gold_gain":0.0,"cards_transformed":["Strike_P"],"event_name":"Living Wall","player_choice":"Change","floor":10.0,"gold_loss":0.0,"damage_taken":0.0,"cards_obtained":["Weave"]},{"damage_healed":0,"gold_gain":0,"player_choice":"Cursed","damage_taken":0,"max_hp_gain":0,"max_hp_loss":0,"event_name":"Wheel of Change","floor":13,"gold_loss":0,"cards_obtained":["Decay"]}],"is_beta":false,"boss_relics":[],"items_purged_floors":[],"is_endless":false,"potions_floor_spawned":[4,12],"killed_by":"Lagavulin","ascension_level":4}}