{"host":"9mz6x6ekz95y53i5","time":1612287073,"event":{"mods":["AchievementEnabler","BaseMod","Downfall","Energized Spire","FoggyMod","Minty Spire (QoL Compilation)","Reliquary","Replay The Spire","Spicy Shops","StSLib","The Bug Knight","The Servant 0.9.4","¡¾ÒÅÎï¿¨ÅÆ¡¿REMEMod"],"gold_per_floor":[113,113,29,29,29,54,72,85,133,133,58,58,21,39,39,116,116,136,26,36,36,36,36,61,11,85,85,10,19,46,85,94,94,94],"floor_reached":33,"language":"ZHS","playtime":1069,"items_purged":["Strike_G"],"score":597,"play_id":"df831c31-8d3f-44fc-a3e4-60988ff787a8","local_time":"20210203013113","is_ascension_mode":true,"campfire_choices":[{"floor":10,"key":"REST"},{"data":"Neutralize","floor":15,"key":"SMITH"},{"data":"Adrenaline","floor":23,"key":"SMITH"},{"data":"Noxious Fumes","floor":27,"key":"SMITH"},{"floor":32,"key":"REST"}],"circlet_count":0,"master_deck":["AscendersBane","Strike_G","Strike_G","Strike_G","Defend_G","Defend_G","Defend_G","Survivor","Neutralize+1","Corpse Explosion","Poison Darts","Atom Bomb","Prepared","Poisoned Stab","Poisoned Stab+1","Heel Hook","Adrenaline+1","Noxious Fumes+1","PiercingWail","Underhanded Strike","Bane","Decay","Bouncing Flask","Backflip"],"relics":["Ring of the Snake","REME_ComplimentaryCards","NeowsBlessing","Centennial Puzzle","HornCleat","ReplayTheSpireMod:TigerMarble","HoveringKite","CeramicFish","reliquary:HotPoker","Dream Catcher","reliquary:PorcupineQuills"],"acts_visited":["Exordium","TheCity"],"potions_floor_usage":[14,16,20,33,33],"damage_taken":[{"damage":0.0,"enemies":"2 Louse","floor":1.0,"turns":1.0},{"damage":0.0,"enemies":"Cultist","floor":4.0,"turns":1.0},{"damage":0,"enemies":"Lagavulin","floor":6,"turns":1},{"damage":11,"enemies":"Cultist","floor":7,"turns":4},{"damage":6,"enemies":"Jaw Worm","floor":8,"turns":4},{"damage":0,"enemies":"Gremlin Gang","floor":14,"turns":3},{"damage":32,"enemies":"The Guardian","floor":16,"turns":7},{"damage":0,"enemies":"Spheric Guardian","floor":18,"turns":1},{"damage":10,"enemies":"Shell Parasite","floor":20,"turns":3},{"damage":6,"enemies":"Snake Plant","floor":24,"turns":3},{"damage":27,"enemies":"Slavers","floor":31,"turns":3},{"damage":62,"enemies":"Collector","floor":33,"turns":6}],"seed_played":"3272428759233222212","potions_obtained":[{"floor":1.0,"key":"Poison Potion"},{"floor":6,"key":"Energy Potion"},{"floor":14,"key":"Regen Potion"},{"floor":20,"key":"Dexterity Potion"}],"is_trial":false,"path_per_floor":["M","?","$","M","M","E","M","M","T","R","?","?","$","M","R","B",null,"M","?","M","?","T","R","M","$","T","R","$","?","T","E","R","B"],"character_chosen":"THE_SILENT","items_purchased":["Centennial Puzzle","Poisoned Stab","Bane"],"campfire_rested":2,"item_purchase_floors":[3,13,25],"current_hp_per_floor":[59,59,59,59,59,59,48,42,42,61,61,61,61,61,61,29,57,57,57,59,59,59,59,53,53,53,53,53,53,53,26,45,0,0],"gold":94,"neow_bonus":"THREE_ENEMY_KILL","is_daily":false,"chose_seed":false,"campfire_upgraded":3,"win_rate":0.0,"timestamp":1612287073,"path_taken":["M","?","$","?","?","E","?","?","T","R","?","?","?","?","R","BOSS","M","?","?","?","?","R","?","$","T","R","?","?","?","E","R","BOSS"],"items_purchased_type":["Relic","Card","Card"],"build_version":"2020-12-22","purchased_purges":1,"victory":false,"max_hp_per_floor":[66,66,66,66,66,66,66,66,66,66,66,66,66,66,66,66,66,66,66,66,66,66,66,66,66,66,66,66,66,66,66,66,66,66],"card_choices":[{"not_picked":["Flying Knee","Slice","Blade Dance"],"picked":"SKIP","floor":1.0},{"not_picked":["Hidden Blade","Endless Agony"],"picked":"Atom Bomb","floor":6},{"not_picked":["Deadly Poison","Slice"],"picked":"Prepared","floor":7},{"not_picked":["Cloak And Dagger","Slice","Dodge and Roll"],"picked":"SKIP","floor":8},{"not_picked":["Dodge and Roll","Deflect"],"picked":"Heel Hook","floor":14},{"not_picked":["A Thousand Cuts","Glass Knife"],"picked":"Adrenaline","floor":16},{"not_picked":["Deflect","Skewer+1"],"picked":"Noxious Fumes","floor":18},{"not_picked":["Expertise","Hidden Blade+1"],"picked":"PiercingWail","floor":20},{"not_picked":["Blade Dance","Infinite Blades"],"picked":"Underhanded Strike","floor":24},{"not_picked":["Bane","Wraith Form v2"],"picked":"Bouncing Flask","floor":31},{"not_picked":["Slice","Bane"],"picked":"Backflip","floor":32}],"player_experience":209000,"relics_obtained":[{"floor":6,"key":"HornCleat"},{"floor":9,"key":"ReplayTheSpireMod:TigerMarble"},{"floor":22,"key":"CeramicFish"},{"floor":26,"key":"reliquary:HotPoker"},{"floor":30,"key":"Dream Catcher"},{"floor":31,"key":"reliquary:PorcupineQuills"}],"event_choices":[{"damage_healed":0.0,"max_hp_gain":0.0,"max_hp_loss":0.0,"gold_gain":0.0,"cards_transformed":["Defend_G"],"event_name":"Transmorgrifier","player_choice":"Transformed","floor":2.0,"gold_loss":0.0,"damage_taken":0.0,"cards_obtained":["ReplayTheSpireMod:The Works"]},{"damage_healed":0.0,"max_hp_gain":0.0,"max_hp_loss":0.0,"gold_gain":0.0,"event_name":"Match and Keep!","player_choice":"0 cards matched","floor":4.0,"gold_loss":0.0,"damage_taken":0.0,"cards_obtained":[]},{"damage_healed":0,"gold_gain":0,"player_choice":"1 cards matched","damage_taken":0,"max_hp_gain":0,"max_hp_loss":0,"event_name":"Match and Keep!","floor":5,"gold_loss":0,"cards_obtained":["Poison Darts"]},{"cards_removed":["Defend_G"],"damage_healed":0,"gold_gain":0,"player_choice":"Card Removal","damage_taken":0,"max_hp_gain":0,"max_hp_loss":0,"event_name":"The Cleric","floor":11,"gold_loss":75},{"cards_removed":["Strike_G"],"damage_healed":0,"gold_gain":0,"player_choice":"Forget","damage_taken":0,"max_hp_gain":0,"max_hp_loss":0,"event_name":"Living Wall","floor":12,"gold_loss":0},{"cards_removed":["ReplayTheSpireMod:The Works"],"damage_healed":0,"gold_gain":0,"player_choice":"Upgrade and Remove","damage_taken":0,"max_hp_gain":0,"max_hp_loss":0,"event_name":"Designer","floor":19,"gold_loss":110,"cards_upgraded":["Poisoned Stab"]},{"damage_healed":0,"gold_gain":0,"player_choice":"Smashed Altar","damage_taken":0,"max_hp_gain":0,"max_hp_loss":0,"event_name":"Forgotten Altar","floor":29,"gold_loss":0,"cards_obtained":["Decay"]}],"is_beta":false,"boss_relics":[{"not_picked":["energizedSpire:PogoStick","energizedSpire:CursedPentagram"],"picked":"HoveringKite"}],"items_purged_floors":[28],"is_endless":false,"potions_floor_spawned":[1,6,8,14,20,24],"killed_by":"Collector","ascension_level":20}}