{"host":"o3b7ow6d1xe49css","time":1612253288,"event":{"mods":["Act Like it!","Aspiration","BaseMod","Bestiary","Better Altar","Better Match","Better Note","Better Sensory Stone","Better Skull","Better Third Choice","Colored Powertips","Conspire","Energized Spire","Force Act Four","GifTheSpireLib","Halation","Hermit","Hubris","Infinite Spire","Lobotomy","Minty Spire (QoL Compilation)","Quick Restart","Rare Cards Sparkle","Relic Filter Mod","Reliquary","Replay The Spire","Spicy Shops","Spikes Relics","Spire Arcade","StSLib","Stuff the Spire","The Blue Laboratory","Wandering Minibosses"],"gold_per_floor":[117,134,148,168,168,168,168,202,202,233,10,38,38,43,43,144,144,156,167,167,179,40,71,104,104,104,131,165,165,194,229,229,330,330,343,359,444,161,181,215,215,242,242,242,242,267,63,63,63,165,165,165,15,48,52],"floor_reached":56,"language":"ENG","playtime":2485,"items_purged":["Regret","Scorched","hubris:Greed","ReplayTheSpireMod:Splinters","Strike_B","Strike_B"],"score":1863,"play_id":"fc971b71-7d70-400a-8e73-b1c4d8b66885","local_time":"20210201230808","daily_mods":["Heirloom","Flight","Elite Swarm"],"is_ascension_mode":true,"campfire_choices":[{"data":"Zap","floor":6.0,"key":"SMITH"},{"data":"Static Discharge","floor":7.0,"key":"SMITH"},{"floor":13.0,"key":"REST"},{"data":"Defend_B","floor":15.0,"key":"SMITH"},{"floor":25.0,"key":"REST"},{"floor":32.0,"key":"REST"},{"floor":41.0,"key":"REST"},{"floor":44.0,"key":"REST"},{"floor":45.0,"key":"RECALL"},{"floor":49.0,"key":"REST"},{"floor":52.0,"key":"REST"}],"circlet_count":0,"master_deck":["Strike_B+1","Strike_B","Defend_B","Defend_B","Defend_B","Defend_B+1","Zap+1","Dualcast","Static Discharge+1","StuffTheSpire:Synthwave+1","Cold Snap","Echo Form+1","UniverseFragment","Hologram","OSAHOGD","Leap+1","Biased Cognition+1","Seek+1","Reboot+1","infinitespire:Collect","Seek+1","Ball Lightning+1","StuffTheSpire:Plugnplay+1","hubris:PowerSurge","Electrodynamics+1","Defragment+1","Amplify+1"],"relics":["Cracked Core","Ring of Chaos","CogitoBucket","Pocketwatch","StuffTheSpire:RedRose","Iron Hammer","infinitespire:EmpoweringShard","Golden Egg","reliquary:Buckler","Carrot","Fusion Hammer","Theresia","Replay:Baseball","aspiration:EnhancedActuators","reliquary:TuningFork","Replay:Arrowhead","Thread and Needle","Tiny Chest","infinitespire:Lucky Rock","Inserter","BehaviorAdjustment","wanderingMiniBosses:OtherGremlinHorn","ReplayTheSpireMod:CursedCoin","Garlic","aspiration:HatOfInfinitePower","hubris:Reverence","Replay:Ringing Soul","reliquary:WeakTea","White Beast Statue","energizedSpire:UnstableMolecules","Ring of Chaos","Replay:Bandana"],"acts_visited":["Exordium","TheCity","TheBeyond","Exordium","TheEnding"],"potions_floor_usage":[55,55,55],"damage_taken":[{"damage":2.0,"enemies":"Jaw Worm","floor":1.0,"turns":3.0},{"damage":0.0,"enemies":"2 Louse","floor":2.0,"turns":2.0},{"damage":0.0,"enemies":"Small Slimes","floor":3.0,"turns":1.0},{"damage":11.0,"enemies":"Blue Slaver","floor":4.0,"turns":3.0},{"damage":25.0,"enemies":"Lagavulin","floor":8.0,"turns":5.0},{"damage":12.0,"enemies":"Gremlin Nob","floor":10.0,"turns":3.0},{"damage":8.0,"enemies":"Lagavulin","floor":12.0,"turns":5.0},{"damage":20.0,"enemies":"The Guardian","floor":16.0,"turns":6.0},{"damage":0.0,"enemies":"Spheric Guardian","floor":18.0,"turns":1.0},{"damage":0.0,"enemies":"Chosen","floor":19.0,"turns":3.0},{"damage":0.0,"enemies":"Centurion and Healer","floor":21.0,"turns":2.0},{"damage":7.0,"enemies":"Slavers","floor":23.0,"turns":3.0},{"damage":7.0,"enemies":"Book of Stabbing","floor":24.0,"turns":4.0},{"damage":21.0,"enemies":"Nightmare","floor":27.0,"turns":4.0},{"damage":14.0,"enemies":"Book of Stabbing","floor":28.0,"turns":3.0},{"damage":5.0,"enemies":"Slavers","floor":30.0,"turns":3.0},{"damage":0.0,"enemies":"Book of Stabbing","floor":31.0,"turns":3.0},{"damage":4.0,"enemies":"Champ","floor":33.0,"turns":5.0},{"damage":32.0,"enemies":"3 Darklings","floor":35.0,"turns":4.0},{"damage":10.0,"enemies":"Orb Walker","floor":36.0,"turns":5.0},{"damage":3.0,"enemies":"3 Darklings","floor":39.0,"turns":3.0},{"damage":12.0,"enemies":"Reptomancer","floor":40.0,"turns":4.0},{"damage":2.0,"enemies":"Nightmare","floor":42.0,"turns":4.0},{"damage":9.0,"enemies":"Giant Head","floor":46.0,"turns":5.0},{"damage":5.0,"enemies":"infinitespire:MassOfShapes","floor":50.0,"turns":6.0},{"damage":1.0,"enemies":"Shield and Spear","floor":54.0,"turns":3.0},{"damage":43,"enemies":"The Heart","floor":55,"turns":5}],"seed_played":"-1690970124839530617","potions_obtained":[{"floor":8.0,"key":"blueLaboratory:BottleOfVodka"},{"floor":21.0,"key":"Adrenaline Potion"},{"floor":23.0,"key":"Ancient Potion"},{"floor":24.0,"key":"FearPotion"},{"floor":31.0,"key":"blueLaboratory:CoolantVial"},{"floor":35.0,"key":"blueLaboratory:PolymorphPotion"},{"floor":36.0,"key":"Block Potion"},{"floor":42.0,"key":"Venom Potion"},{"floor":50.0,"key":"blueLaboratory:HorrorPotion"},{"floor":54.0,"key":"Weak Potion"}],"is_trial":true,"path_per_floor":["M","M","M","M","?","R","R","E","T","E","$","E","R","?","R","B",null,"M","M","?","M","$","E","E","R","T","NM","E","AVR","E","E","R","B",null,"M","M","?","$","M","E","R","NM","T","R","R","E","$","AVR","R","B",null,"R","$","E","B",null],"character_chosen":"DEFECT","items_purchased":["reliquary:Buckler","Biased Cognition","ReplayTheSpireMod:CursedCoin","Garlic","Regen Potion","Defragment+1"],"campfire_rested":7,"item_purchase_floors":[11,22,38,38,38,47],"current_hp_per_floor":[73,73,73,62,62,62,62,37,37,25,25,17,39,39,39,19,61,61,61,61,61,61,54,47,69,69,48,34,34,29,29,51,47,68,36,42,42,42,48,36,58,56,56,75,75,66,69,69,78,73,78,78,78,80,37],"gold":52,"neow_bonus":"","is_daily":false,"chose_seed":false,"campfire_upgraded":3,"win_rate":0.0,"timestamp":1612253288,"path_taken":["M","M","M","M","?","R","R","E","T","E","$","E","R","?","R","BOSS","M","M","?","M","$","E","E","R","T","NM","E","AVR","E","E","R","BOSS","M","M","?","$","?","E","R","NM","T","R","R","E","$","AVR","R","BOSS","R","$","E","BOSS"],"items_purchased_type":["Relic","Card","Relic","Relic","Potion","Card"],"build_version":"2020-12-22","purchased_purges":6,"victory":true,"max_hp_per_floor":[75,75,75,75,75,75,75,75,75,75,75,75,75,75,75,75,75,75,75,75,75,75,75,75,75,75,75,75,75,75,75,75,75,75,75,75,75,75,75,75,75,75,75,75,75,75,78,78,78,78,78,78,78,81,81],"card_choices":[{"not_picked":["PunishingBird","WallGazer","OldLady"],"picked":"Singing Bowl","floor":1.0},{"not_picked":["Compile Driver","Hologram","ReplayTheSpireMod:System Scan"],"picked":"SKIP","floor":1.0},{"not_picked":["LaLuna","Bloodbath"],"picked":"Scorched","floor":2.0},{"not_picked":["Rebound","Compile Driver"],"picked":"Static Discharge","floor":2.0},{"not_picked":["Freischutz","CrumblingArmor","SpiderBud"],"picked":"Singing Bowl","floor":3.0},{"not_picked":["Auto Shields","Blizzard"],"picked":"StuffTheSpire:Synthwave","floor":3.0},{"not_picked":["GalaxyChild","LittleHelper","SpiderBud"],"picked":"Singing Bowl","floor":4.0},{"not_picked":["Conserve Battery","Barrage"],"picked":"Cold Snap","floor":4.0},{"not_picked":["Bloodbath","SpiderBud","FairyFestival"],"picked":"Singing Bowl","floor":8.0},{"not_picked":["Hyperbeam","StuffTheSpire:EventHorizon","Multi-Cast"],"picked":"SKIP","floor":8.0},{"not_picked":["Woodsman","Porccubus","Freischutz"],"picked":"Singing Bowl","floor":10.0},{"not_picked":["Thunder Strike","Fission","hubris:SpecializedCircuitry"],"picked":"SKIP","floor":10.0},{"not_picked":["NothingThere","RedShoes","SingingMachine"],"picked":"Singing Bowl","floor":12.0},{"not_picked":["Thunder Strike","hubris:Prefetch"],"picked":"Echo Form","floor":12.0},{"not_picked":["CrumblingArmor","Freischutz"],"picked":"UniverseFragment","floor":16.0},{"not_picked":["Tempest+1","StuffTheSpire:LoadUp"],"picked":"Hologram","floor":18.0},{"not_picked":["RedShoes","WallGazer","MHz"],"picked":"Singing Bowl","floor":18.0},{"not_picked":["Rudolta","Woodsman"],"picked":"OSAHOGD","floor":18.0},{"not_picked":["Barrage","Tempest"],"picked":"Leap+1","floor":19.0},{"not_picked":["Murderer","SpiderBud","OldLady"],"picked":"Singing Bowl","floor":19.0},{"not_picked":["PunishingBird","ShyLook","FairyFestival"],"picked":"Singing Bowl","floor":21.0},{"not_picked":["Double Energy","Stack","Doom and Gloom"],"picked":"SKIP","floor":21.0},{"not_picked":["MeatLantern","VoidDream","WallGazer"],"picked":"Singing Bowl","floor":23.0},{"not_picked":["All For One","Reboot","Amplify"],"picked":"SKIP","floor":23.0},{"not_picked":["Porccubus","MHz","Variant"],"picked":"Singing Bowl","floor":24.0},{"not_picked":["Fission","Core Surge"],"picked":"Seek","floor":24.0},{"not_picked":["DespairKnight","Wellcheers","MeatLantern"],"picked":"Singing Bowl","floor":27.0},{"not_picked":["Creative AI","StuffTheSpire:Purify"],"picked":"Reboot","floor":27.0},{"not_picked":["Scarecrow","LittleHelper","NakedNest"],"picked":"Singing Bowl","floor":28.0},{"not_picked":["hubris:SpecializedCircuitry","Machine Learning","StuffTheSpire:ForEach"],"picked":"SKIP","floor":28.0},{"not_picked":["NothingThere","FieryBird","BeautyBeast"],"picked":"Singing Bowl","floor":30.0},{"not_picked":["StuffTheSpire:Purify","Multi-Cast","hubris:SpecializedCircuitry"],"picked":"SKIP","floor":30.0},{"not_picked":["Fission","Rainbow","Machine Learning"],"picked":"SKIP","floor":31.0},{"not_picked":["SpiderBud","MHz","Funeral"],"picked":"Singing Bowl","floor":33.0},{"not_picked":["Core Surge","Rainbow"],"picked":"Seek","floor":33.0},{"not_picked":["Gash","ReplayTheSpireMod:Dual Polarity"],"picked":"Ball Lightning+1","floor":35.0},{"not_picked":["Conserve Battery","Melter","Hologram"],"picked":"SKIP","floor":36.0},{"not_picked":["BootSequence","Barrage+1"],"picked":"StuffTheSpire:Plugnplay+1","floor":37.0},{"not_picked":["Barrage","Cold Snap"],"picked":"hubris:PowerSurge","floor":39.0},{"not_picked":["WhitesApple","Mercenary","RedShoes"],"picked":"Singing Bowl","floor":40.0},{"not_picked":["Echo Form","Machine Learning"],"picked":"Electrodynamics","floor":40.0},{"not_picked":["Echo Form","Hyperbeam","ReplayTheSpireMod:Fabricate Wheel"],"picked":"SKIP","floor":42.0},{"not_picked":["ReplayRNGCard","All For One","hubris:Prefetch"],"picked":"SKIP","floor":46.0},{"not_picked":["HappyTeddy","Laetitia","BodiesMountain"],"picked":"Singing Bowl","floor":54.0},{"not_picked":["All For One","Creative AI"],"picked":"Amplify","floor":54.0}],"player_experience":1268957,"relics_obtained":[{"floor":8.0,"key":"Iron Hammer"},{"floor":9.0,"key":"infinitespire:EmpoweringShard"},{"floor":10.0,"key":"Golden Egg"},{"floor":12.0,"key":"Carrot"},{"floor":23.0,"key":"Replay:Baseball"},{"floor":24.0,"key":"aspiration:EnhancedActuators"},{"floor":27.0,"key":"reliquary:TuningFork"},{"floor":28.0,"key":"Replay:Arrowhead"},{"floor":30.0,"key":"Tiny Chest"},{"floor":31.0,"key":"infinitespire:Lucky Rock"},{"floor":36.0,"key":"wanderingMiniBosses:OtherGremlinHorn"},{"floor":40.0,"key":"aspiration:HatOfInfinitePower"},{"floor":42.0,"key":"hubris:Reverence"},{"floor":43.0,"key":"Replay:Ringing Soul"},{"floor":46.0,"key":"reliquary:WeakTea"},{"floor":54.0,"key":"Replay:Bandana"}],"event_choices":[{"damage_healed":0.0,"max_hp_gain":0.0,"max_hp_loss":0.0,"gold_gain":0.0,"event_name":"The Woman in Blue","player_choice":"Bought 0 Potions","floor":20.0,"gold_loss":0.0,"damage_taken":0.0}],"is_beta":false,"boss_relics":[{"not_picked":["SlaversCollar","reliquary:RedPaperclip"],"picked":"Fusion Hammer"},{"not_picked":["hubris:VirtuousBlindfold","StuffTheSpire:RunicConfusion"],"picked":"Inserter"},{"not_picked":["infinitespire:Cupcake","reliquary:Ember"],"picked":"energizedSpire:UnstableMolecules"}],"items_purged_floors":[11,29,38,47,48,53],"is_endless":true,"potions_floor_spawned":[8,21,23,24,31,35,36,42,50,54,55],"ascension_level":5}}