{"host":"61ejhfsushs0xmcl","time":1612245428,"event":{"mods":["ATMod(阿瑾Mod)","Act Like it!","BaseMod","Colored Map","Gold Saver","Minty Spire (QoL Compilation)","MostiFishMod","Reliquary","Spicy Shops","StSLib","TestMod","[IsaacMod]以撒尖塔","【遗物卡牌】REMEMod","篝火指南"],"gold_per_floor":[2736,2736,2748,1457,1457,1491,1502,1529,1529,1561,1561,1579,1598,1625,1625,1700,1700,1713,1080,1089,1106,964,996,996,1010,1010,1041,1050,1074,1074,1085,440,517,517,526,925,943,577,594,618,618,651,728,553,568,359,369,398,197,265,399,399,399,195,283,447],"floor_reached":57,"language":"ZHS","playtime":2528,"items_purged":["Strike_G","Strike_G","Defend_G","Strike_G","Strike_G","Defend_G","Defend_G","Defend_G","Defend_G","Survivor+1","Neutralize+1"],"score":3599,"play_id":"2ed4f04a-86a6-457b-81c2-2e65bfef2d79","local_time":"20210202135708","is_ascension_mode":true,"campfire_choices":[{"data":"AT_WindFlip","floor":11,"key":"SMITH"},{"data":"Blade Dance","floor":15,"key":"SMITH"},{"data":"Phantasmal Killer","floor":24,"key":"SMITH"},{"data":"Acrobatics","floor":30,"key":"SMITH"},{"floor":41,"key":"RECALL"}],"circlet_count":0,"master_deck":["AscendersBane","AT_WindFlip+1","Phantasmal Killer+1","Omniscience+1","Blade Dance+1","Acrobatics+1","AT_EssenceShift+1","Blade Dance+1","Prepared+1","Venomology+1","MostiFishMod:ShivMaster+1","MostiFishMod:LethalBlade+1","Acrobatics+1","AT_FocusSwordFire+1","Omniscience+1","AT_Desolate+1","Tactician+1"],"relics":["Ring of the Snake","testmod-TestBox","AT_ATBox","REME_ComplimentaryCards","HushsDoor","BookofShadows","DianPoetry","SynthV:TestCard","Medical Kit","testmod-Charity","DianDianMeat","testmod-Alchemist","reliquary:IridiumChain","reliquary:PartyBalloon","testmod-Antiphasic","Matryoshka","AT_DeathDance","reliquary:Aerogel","HoveringKite","Orichalcum","SteamSale","PreservedInsect","Bag of Preparation","Tough Bandages","Habit","Darkstone Periapt","SynthV:C4","Toxic Egg 2","Red Mask","Nunchaku","Frozen Egg 2","Tingsha","BFFS","testmod-CardMagician","AT_SilvercatRing","TheBible","testmod-LifeArmor","ImprovedEquipment","reliquary:Buckler","DollysMirror","AT_MibuBalloonWealth","REME_ArchaeologicalTools","HowToJump","White Beast Statue"],"acts_visited":["Exordium","TheCity","TheBeyond","TheEnding"],"potions_floor_usage":[16,23,28,31,33,33,37,39,40,42,55,56,56],"damage_taken":[{"damage":0,"enemies":"Jaw Worm","floor":1,"turns":2},{"damage":5,"enemies":"2 Louse","floor":3,"turns":3},{"damage":2,"enemies":"3 Sentries","floor":6,"turns":2},{"damage":1,"enemies":"Small Slimes","floor":7,"turns":3},{"damage":0,"enemies":"Lagavulin","floor":8,"turns":3},{"damage":27,"enemies":"Gremlin Nob","floor":10,"turns":4},{"damage":0,"enemies":"Blue Slaver","floor":12,"turns":2},{"damage":3,"enemies":"3 Louse","floor":13,"turns":2},{"damage":6,"enemies":"Lagavulin","floor":14,"turns":5},{"damage":0,"enemies":"Slime Boss","floor":16,"turns":4},{"damage":9,"enemies":"2 Thieves","floor":18,"turns":3},{"damage":0,"enemies":"3 Byrds","floor":20,"turns":2},{"damage":12,"enemies":"Snake Plant","floor":21,"turns":3},{"damage":3,"enemies":"Book of Stabbing","floor":23,"turns":2},{"damage":0,"enemies":"Centurion and Healer","floor":25,"turns":3},{"damage":0,"enemies":"Masked Bandits","floor":27,"turns":2},{"damage":7,"enemies":"Cultist and Chosen","floor":28,"turns":4},{"damage":0,"enemies":"Slavers","floor":29,"turns":2},{"damage":10,"enemies":"Sentry and Sphere","floor":31,"turns":4},{"damage":0,"enemies":"Automaton","floor":33,"turns":2},{"damage":3,"enemies":"Orb Walker","floor":35,"turns":2},{"damage":33,"enemies":"3 Shapes","floor":37,"turns":1},{"damage":0,"enemies":"3 Darklings","floor":39,"turns":2},{"damage":1,"enemies":"Giant Head","floor":40,"turns":2},{"damage":0,"enemies":"Nemesis","floor":42,"turns":3},{"damage":5,"enemies":"4 Shapes","floor":45,"turns":2},{"damage":0,"enemies":"Jaw Worm Horde","floor":47,"turns":2},{"damage":0,"enemies":"Reptomancer","floor":48,"turns":2},{"damage":0,"enemies":"Time Eater","floor":50,"turns":2},{"damage":0,"enemies":"Awakened One","floor":51,"turns":2},{"damage":10,"enemies":"Shield and Spear","floor":55,"turns":2},{"damage":60,"enemies":"Delirium","floor":56,"turns":8}],"seed_played":"5799009487318709832","potions_obtained":[{"floor":1,"key":"Block Potion"},{"floor":3,"key":"Dexterity Potion"},{"floor":6,"key":"ColorlessPotion"},{"floor":20,"key":"Fire Potion"},{"floor":27,"key":"Explosive Potion"},{"floor":28,"key":"Regen Potion"},{"floor":35,"key":"Fruit Juice"},{"floor":55,"key":"SpeedPotion"}],"is_trial":false,"path_per_floor":["M","?","M","$","?","E","M","E","T","E","R","M","M","E","R","B",null,"M","$","M","M","$","E","R","M","T","?","M","E","R","M","R","B",null,"M","?","M","$","M","E","R","E","T","R","M","R","M","E","R","B","B",null,"R","$","E","B",null],"character_chosen":"THE_SILENT","items_purchased":["testmod-Charity","DianDianMeat","testmod-Alchemist","reliquary:IridiumChain","Fruit Juice","Orichalcum","SteamSale","PreservedInsect","Bag of Preparation","Tough Bandages","Habit","Frozen Egg 2","Tingsha","BFFS","MostiFishMod:LethalBlade+1","AT_SilvercatRing","TheBible","AT_FocusSwordFire+1","DollysMirror","REME_ArchaeologicalTools","FairyPotion","HowToJump","White Beast Statue"],"campfire_rested":0,"item_purchase_floors":[4,4,4,4,4,19,19,19,19,19,22,32,32,32,34,38,38,44,46,49,49,49,54],"current_hp_per_floor":[59,59,54,54,47,51,56,62,62,47,47,48,53,53,53,66,98,91,91,96,90,90,93,93,94,94,105,104,116,116,119,119,127,157,160,161,143,143,144,149,149,155,156,166,167,178,191,210,210,238,255,292,292,292,298,265],"gold":447,"neow_bonus":"THREE_RARE_CARDS","is_daily":false,"chose_seed":false,"campfire_upgraded":4,"win_rate":0.0,"timestamp":1612245428,"path_taken":["M","?","M","$","?","E","M","E","T","E","R","M","M","E","R","BOSS","M","$","M","M","$","E","R","M","T","?","M","E","R","M","R","BOSS","M","?","M","$","M","E","R","E","T","R","M","R","M","E","R","BOSS","BOSS","R","$","E","BOSS"],"items_purchased_type":["Relic","Relic","Relic","Relic","Potion","Relic","Relic","Relic","Relic","Relic","Relic","Relic","Relic","Relic","Card","Relic","Relic","Card","Relic","Relic","Potion","Relic","Relic"],"build_version":"2020-12-22","purchased_purges":11,"victory":true,"max_hp_per_floor":[60,60,60,60,60,66,72,78,78,90,90,91,99,105,105,114,109,111,111,116,122,122,128,128,129,129,140,146,158,158,159,159,167,164,170,171,186,186,187,193,193,199,200,210,216,227,240,259,259,287,304,304,304,304,320,347],"card_choices":[{"not_picked":[],"picked":"ChaosCard","floor":0},{"not_picked":["AT_MyraUnstableElement","MostiFishMod:Wind"],"picked":"Phantasmal Killer","floor":0},{"not_picked":["Dash","Dodge and Roll"],"picked":"Bomb","floor":1},{"not_picked":["Quick Slash","Slice","Glass Knife","Dodge and Roll"],"picked":"Bomb","floor":3},{"not_picked":["Underhanded Strike","Flying Knee","Envenom","Blur","Poisoned Stab"],"picked":"SKIP","floor":6},{"not_picked":["Flying Knee","Distraction","Underhanded Strike","Dash","Outmaneuver"],"picked":"SKIP","floor":7},{"not_picked":["MostiFishMod:PerfectParry","MostiFishMod:FrostNova","Cloak And Dagger","Dagger Throw","Dodge and Roll"],"picked":"SKIP","floor":8},{"not_picked":["Bouncing Flask","Flying Knee","PiercingWail","Concentrate"],"picked":"Blade Dance","floor":10},{"not_picked":["Caltrops","Night Terror","Infinite Blades","Quick Slash","Dodge and Roll"],"picked":"SKIP","floor":12},{"not_picked":["Escape Plan","Blade Dance","Bomb","Prepared"],"picked":"Acrobatics","floor":13},{"not_picked":["REME_ShadowForm","Dagger Throw","Leg Sweep","A Thousand Cuts","Bane"],"picked":"SKIP","floor":14},{"not_picked":["MostiFishMod:FullyArmed","REME_ShadowForm","Tools of the Trade","Wraith Form v2"],"picked":"AT_EssenceShift","floor":16},{"not_picked":["Deadly Poison","PiercingWail","Blur","Backflip","MostiFishMod:PerfectParry"],"picked":"SKIP","floor":18},{"not_picked":["Outmaneuver","Bane","Dagger Throw+1","AT_ArcaneSupremacy"],"picked":"Blade Dance","floor":20},{"not_picked":["Dagger Throw","Dagger Spray+1","Choke","Prepared","Cloak And Dagger+1"],"picked":"SKIP","floor":21},{"not_picked":["Distraction","Quick Slash+1","Reflex","Deadly Poison","Blade Dance"],"picked":"SKIP","floor":23},{"not_picked":["Bane","Deadly Poison","REME_GrazeFinale","Accuracy+1","Blade Dance"],"picked":"SKIP","floor":25},{"not_picked":["Flying Knee","Slice","Bouncing Flask+1","Footwork"],"picked":"Prepared+1","floor":27},{"not_picked":["Dagger Spray","PiercingWail+1","Deadly Poison+1","AT_WindFlip","Tactician+1"],"picked":"SKIP","floor":28},{"not_picked":["AT_WindFlip+1","MostiFishMod:PreservedThorns+1","Backflip+1","PiercingWail+1"],"picked":"Venomology+1","floor":29},{"not_picked":["AT_ArcaneSupremacy","A Thousand Cuts","Cloak And Dagger+1","AT_WomanClash+1","Underhanded Strike"],"picked":"SKIP","floor":31},{"not_picked":["Unload","AT_EssenceShift+1","MostiFishMod:Wind+1","Malaise+1"],"picked":"MostiFishMod:ShivMaster+1","floor":33},{"not_picked":["Outmaneuver+1","Infinite Blades+1","MostiFishMod:PerfectParry+1","Slice+1","Quick Slash"],"picked":"SKIP","floor":35},{"not_picked":["Reflex+1","MostiFishMod:PerfectParry+1","AT_ThistleTea+1","Flying Knee"],"picked":"Acrobatics+1","floor":37},{"not_picked":["Escape Plan+1","Flying Knee+1","AT_TwilightShroud+1","Dagger Spray+1","Backstab+1"],"picked":"SKIP","floor":39},{"not_picked":["Dodge and Roll+1","MostiFishMod:VineMother+1","AT_KneejerkReflex+1","Heel Hook+1","Slice"],"picked":"SKIP","floor":40},{"not_picked":["Flying Knee+1","REME_CopyPotion+1","Masterful Stab","Outmaneuver+1","AT_WomanClash+1"],"picked":"SKIP","floor":42},{"not_picked":["Heel Hook+1","Blade Dance+1","Deflect+1","Terror+1","Sucker Punch"],"picked":"SKIP","floor":45},{"not_picked":["AT_MyraUnstableElement+1","Flying Knee","Sucker Punch","Dagger Throw+1"],"picked":"AT_Desolate+1","floor":47},{"not_picked":["Dagger Spray","Blade Dance+1","Backflip+1","Quick Slash+1"],"picked":"Tactician+1","floor":48},{"not_picked":["Slice","MostiFishMod:WinterMarkForm+1","Cloak And Dagger+1","Caltrops+1","MostiFishMod:PerfectParry+1"],"picked":"SKIP","floor":55}],"player_experience":825828,"relics_obtained":[{"floor":1,"key":"SynthV:TestCard"},{"floor":6,"key":"reliquary:PartyBalloon"},{"floor":8,"key":"testmod-Antiphasic"},{"floor":9,"key":"Matryoshka"},{"floor":10,"key":"AT_DeathDance"},{"floor":14,"key":"reliquary:Aerogel"},{"floor":23,"key":"Darkstone Periapt"},{"floor":26,"key":"SynthV:C4"},{"floor":26,"key":"Toxic Egg 2"},{"floor":27,"key":"Red Mask"},{"floor":29,"key":"Nunchaku"},{"floor":40,"key":"testmod-LifeArmor"},{"floor":42,"key":"ImprovedEquipment"},{"floor":43,"key":"reliquary:Buckler"},{"floor":48,"key":"AT_MibuBalloonWealth"}],"event_choices":[{"damage_healed":0,"gold_gain":0,"player_choice":"Swap Relic","damage_taken":0,"relics_obtained":["DaveBox"],"max_hp_gain":0,"max_hp_loss":0,"event_name":"给自己的盒子","floor":2,"relics_lost":["DaveBox"],"gold_loss":0},{"cards_removed":["Strike_G"],"damage_healed":0,"gold_gain":0,"player_choice":"Card Removal","damage_taken":7,"max_hp_gain":0,"max_hp_loss":0,"event_name":"Golden Wing","floor":5,"gold_loss":0},{"damage_healed":0,"gold_gain":0,"player_choice":"Fought Bandits","damage_taken":0,"max_hp_gain":0,"max_hp_loss":0,"event_name":"Masked Bandits","floor":27,"gold_loss":0},{"damage_healed":0,"gold_gain":400,"player_choice":"Sell","damage_taken":0,"max_hp_gain":0,"max_hp_loss":0,"event_name":"恩洛斯的盘子","floor":36,"relics_lost":["DaveBox"],"gold_loss":0}],"is_beta":false,"boss_relics":[{"not_picked":["GuanYuAspect","RhineCircuit"],"picked":"HoveringKite"},{"not_picked":[]},{"not_picked":["REME_DemonsWealth","Transparent"],"picked":"testmod-CardMagician"},{"not_picked":[]}],"items_purged_floors":[4,17,19,22,32,32,34,38,44,46,54],"is_endless":false,"potions_floor_spawned":[1,3,6,7,12,20,27,28,31,35,37,40,45,48,55],"ascension_level":20}}