{"host":"d52brwsy6af8zvaq","time":1612285902,"event":{"mods":["AchievementEnabler","BaseMod","Bestiary","Highlight Path","Minty Spire (QoL Compilation)","Quick Restart","Relic Stats","ojb\u0027s Better Paths Mod"],"gold_per_floor":[117,42,60,60,2,37,48,48,97,97,117,117,117],"floor_reached":12,"language":"ENG","playtime":581,"items_purged":["Strike_G"],"score":156,"play_id":"7ef315cd-df32-4491-b8f8-9c8369afa805","local_time":"20210202101142","is_ascension_mode":true,"campfire_choices":[{"floor":8.0,"key":"REST"},{"data":"Crippling Poison","floor":10.0,"key":"SMITH"}],"circlet_count":0,"master_deck":["AscendersBane","Strike_G","Strike_G","Strike_G","Strike_G","Defend_G","Defend_G","Defend_G","Defend_G","Defend_G","Survivor","Neutralize","Predator","Cloak And Dagger","Blur","Deadly Poison","Noxious Fumes","Crippling Poison+1","Bouncing Flask"],"relics":["Ring of the Snake","Bag of Preparation","Vajra","Orichalcum"],"acts_visited":["Exordium"],"potions_floor_usage":[12],"damage_taken":[{"damage":0.0,"enemies":"2 Louse","floor":1.0,"turns":3.0},{"damage":0.0,"enemies":"Cultist","floor":3.0,"turns":5.0},{"damage":52.0,"enemies":"Gremlin Nob","floor":6.0,"turns":5.0},{"damage":0.0,"enemies":"Small Slimes","floor":7.0,"turns":4.0},{"damage":0.0,"enemies":"Exordium Wildlife","floor":11.0,"turns":3.0},{"damage":32,"enemies":"3 Sentries","floor":12,"turns":7}],"seed_played":"-6102033801307035073","potions_obtained":[{"floor":3.0,"key":"PowerPotion"},{"floor":11.0,"key":"PowerPotion"}],"is_trial":false,"path_per_floor":["M","$","M","?","$","E","M","R","T","R","M","E"],"character_chosen":"THE_SILENT","items_purchased":["Deadly Poison"],"campfire_rested":1,"item_purchase_floors":[5],"current_hp_per_floor":[59,59,59,59,59,7,7,26,26,26,26,0,0],"gold":117,"neow_bonus":"THREE_CARDS","is_daily":false,"chose_seed":false,"campfire_upgraded":1,"win_rate":0.0,"timestamp":1612285902,"path_taken":["M","$","M","?","?","E","M","R","T","R","M","E"],"items_purchased_type":["Card"],"build_version":"2020-12-22","purchased_purges":1,"victory":false,"max_hp_per_floor":[66,66,66,66,66,66,66,66,66,66,66,66,66],"relic_stats":{"counters":[6,27],"Bag of Preparation":[8],"Orichalcum":[18],"obtain_stats":[{"Vajra":6,"Bag of Preparation":4,"Orichalcum":9,"Ring of the Snake":0},{"Vajra":3,"Bag of Preparation":2,"Orichalcum":4,"Ring of the Snake":0},{"Vajra":13,"Bag of Preparation":8,"Orichalcum":17,"Ring of the Snake":0}],"Ring of the Snake":[12]},"card_choices":[{"not_picked":["Dodge and Roll","Cloak And Dagger"],"picked":"Predator","floor":0.0},{"not_picked":["Acrobatics","Leg Sweep"],"picked":"Cloak And Dagger","floor":1.0},{"not_picked":["Slice","Dodge and Roll"],"picked":"Blur","floor":3.0},{"not_picked":["A Thousand Cuts","Infinite Blades"],"picked":"Noxious Fumes","floor":6.0},{"not_picked":["Caltrops","Underhanded Strike"],"picked":"Crippling Poison","floor":7.0},{"not_picked":["Prepared","Underhanded Strike"],"picked":"Bouncing Flask","floor":11.0}],"player_experience":2124958,"relics_obtained":[{"floor":6.0,"key":"Vajra"},{"floor":9.0,"key":"Orichalcum"}],"event_choices":[{"damage_healed":0.0,"max_hp_gain":0.0,"max_hp_loss":0.0,"gold_gain":0.0,"event_name":"WeMeetAgain","player_choice":"Gave Potion","floor":4.0,"gold_loss":0.0,"damage_taken":0.0,"relics_obtained":["Bag of Preparation"]}],"is_beta":false,"boss_relics":[],"items_purged_floors":[2],"is_endless":false,"potions_floor_spawned":[3,11],"killed_by":"3 Sentries","ascension_level":20}}