{"host":"zs3tguvuxkh90jf4","time":1612242049,"event":{"mods":["AchievementEnabler","BaseMod","Better-Laid Plans","BetterRewards","Block Reminder","Colored Map","Colored Powertips","Gold Saver","Minty Spire (QoL Compilation)","Shop Mod","StSLib","Transform Curses"],"gold_per_floor":[2540,2554,1343,1323,1341,1341,1320,1320,1320,1338,1358,1385,1396,1430,1430,1531,1531,1544,1544,886,905,524,552,552,552,552,568,578,604,140,140,140,243,243,256,6,6,0,0,0,33,33,33,64,79,113,133,133,133,133],"floor_reached":51,"language":"ENG","playtime":3743,"items_purged":["Strike_B","Strike_B","Defend_B","Defend_B","Strike_B"],"score":1274,"play_id":"553f447d-9de4-4ab5-ac2b-fb003bf5ea2b","local_time":"20210201210049","is_ascension_mode":true,"campfire_choices":[{"floor":8,"key":"REST"},{"floor":15,"key":"REST"},{"data":"Beam Cell","floor":32,"key":"SMITH"},{"data":"Loop","floor":40,"key":"SMITH"},{"data":"Zap","floor":42,"key":"SMITH"},{"data":"Dualcast","floor":49,"key":"SMITH"}],"circlet_count":0,"master_deck":["AscendersBane","Strike_B","Defend_B","Defend_B","Zap+1","Dualcast+1","Conserve Battery","Sweeping Beam","Dualcast+1","Static Discharge","Hologram+1","Apotheosis+1","Mind Blast+1","Turbo+1","Coolheaded+1","Ball Lightning","Echo Form","Chill+1","Coolheaded+1","Fusion+1","Thunder Strike","Storm","Conserve Battery+1","Coolheaded+1","Go for the Eyes","Beam Cell+1","Purity+1","Capacitor","Cold Snap","Ball Lightning+1","Stack+1","Capacitor","Steam+1","Reinforced Body+1","Loop+1","Leap+1","Darkness+1","Blizzard","Barrage","Barrage+1","Hologram+1","Redo+1","Redo+1","Echo Form","Cold Snap","Writhe","All For One","White Noise+1","Aggregate+1","Cold Snap","Madness+1","Madness+1","Redo+1","Doom and Gloom","White Noise+1","Creative AI"],"relics":["Cracked Core","Lizard Tail","MealTicket","Toxic Egg 2","MerchantsRug","Tiny Chest","Meat on the Bone","Eternal Feather","Nuclear Battery","CultistMask","Membership Card","TungstenRod","Gremlin Horn","Whetstone","Mercury Hourglass","Bag of Marbles","Bottled Lightning","Sundial","Pear","Bottled Flame","Orrery","Matryoshka","Toy Ornithopter","SlaversCollar","DataDisk","Red Mask","Singing Bowl","Pantograph","Art of War","The Courier","Question Card","Juzu Bracelet","Thread and Needle"],"acts_visited":["Exordium","TheCity","TheBeyond"],"potions_floor_usage":[6,6,12,14,21,23,29,33,41,50,50],"damage_taken":[{"damage":0,"enemies":"Cultist","floor":1,"turns":3},{"damage":6,"enemies":"Jaw Worm","floor":2,"turns":4},{"damage":1,"enemies":"2 Louse","floor":5,"turns":2},{"damage":12,"enemies":"Gremlin Nob","floor":6,"turns":4},{"damage":11,"enemies":"Large Slime","floor":10,"turns":5},{"damage":7,"enemies":"Looter","floor":11,"turns":3},{"damage":5,"enemies":"Lagavulin","floor":12,"turns":5},{"damage":0,"enemies":"3 Louse","floor":13,"turns":3},{"damage":34,"enemies":"Gremlin Nob","floor":14,"turns":4},{"damage":49,"enemies":"The Guardian","floor":16,"turns":12},{"damage":21,"enemies":"2 Thieves","floor":18,"turns":4},{"damage":13,"enemies":"Shell Parasite","floor":21,"turns":6},{"damage":27,"enemies":"Book of Stabbing","floor":23,"turns":4},{"damage":5,"enemies":"Sentry and Sphere","floor":27,"turns":6},{"damage":7,"enemies":"Centurion and Healer","floor":28,"turns":4},{"damage":2,"enemies":"Gremlin Leader","floor":29,"turns":4},{"damage":5,"enemies":"Automaton","floor":33,"turns":4},{"damage":39,"enemies":"3 Darklings","floor":35,"turns":6},{"damage":33,"enemies":"Reptomancer","floor":41,"turns":6},{"damage":65,"enemies":"Giant Head","floor":44,"turns":8},{"damage":6,"enemies":"3 Shapes","floor":45,"turns":4},{"damage":58,"enemies":"Nemesis","floor":46,"turns":7},{"damage":11,"enemies":"Sphere and 2 Shapes","floor":47,"turns":4},{"damage":60,"enemies":"Awakened One","floor":50,"turns":12}],"seed_played":"5062719923183499538","potions_obtained":[{"floor":2,"key":"BlessingOfTheForge"},{"floor":4,"key":"SmokeBomb"},{"floor":11,"key":"AttackPotion"},{"floor":14,"key":"Fruit Juice"},{"floor":18,"key":"EssenceOfDarkness"},{"floor":28,"key":"ColorlessPotion"},{"floor":29,"key":"PowerPotion"},{"floor":44,"key":"Fire Potion"},{"floor":45,"key":"BlessingOfTheForge"}],"is_trial":false,"path_per_floor":["M","M","$","?","M","E","?","R","T","M","M","E","M","E","R","B",null,"M","?","$","M","$","E","?","T","T","M","M","E","$","?","R","B",null,"M","$","?","?","T","R","E","R","T","E","M","E","M","?","R","B",null],"character_chosen":"DEFECT","items_purchased":["MealTicket","Toxic Egg 2","DollysMirror","Static Discharge","Hologram+1","MerchantsRug","Apotheosis+1","Mind Blast","Turbo+1","Membership Card","TungstenRod","Gremlin Horn","Conserve Battery+1","Coolheaded+1","Go for the Eyes","Beam Cell","Purity+1","DistilledChaos","Cold Snap","Ball Lightning","Stack+1","Capacitor","Whetstone","Mercury Hourglass","Steam+1","Bottled Flame","Orrery","Matryoshka","Echo Form","Cold Snap","DataDisk","Aggregate+1","Cold Snap","SkillPotion"],"campfire_rested":2,"item_purchase_floors":[3,3,3,3,3,3,3,3,3,20,20,20,20,20,20,20,20,20,22,22,22,22,22,22,22,30,30,30,30,30,36,36,36,36],"current_hp_per_floor":[50,44,44,44,43,31,31,53,53,42,35,30,42,25,61,24,66,45,45,60,47,62,47,47,47,47,42,47,55,70,70,90,85,89,50,65,55,55,55,85,59,89,89,36,42,58,47,49,82,56],"gold":133,"neow_bonus":"ONE_RARE_RELIC","is_daily":false,"chose_seed":false,"campfire_upgraded":4,"win_rate":0.0,"timestamp":1612242049,"path_taken":["M","M","$","?","?","E","?","R","T","M","M","E","M","E","R","BOSS","M","?","$","?","$","E","?","?","T","M","M","E","$","?","R","BOSS","M","$","?","?","?","R","E","R","T","E","M","E","M","?","R","BOSS"],"items_purchased_type":["Relic","Relic","Relic","Card","Card","Relic","Card","Card","Card","Relic","Relic","Relic","Card","Card","Card","Card","Card","Potion","Card","Card","Card","Card","Relic","Relic","Card","Relic","Relic","Relic","Card","Card","Relic","Card","Card","Potion"],"build_version":"2020-12-22","purchased_purges":5,"victory":true,"max_hp_per_floor":[75,75,75,75,75,75,75,75,75,75,75,75,75,80,80,80,80,80,80,80,80,80,80,80,80,80,80,80,90,90,90,90,90,90,90,90,90,90,90,90,92,92,92,92,92,92,92,94,94,94],"card_choices":[{"not_picked":["Streamline","Go for the Eyes"],"picked":"Conserve Battery","floor":1},{"not_picked":["Undo","Hello World"],"picked":"Sweeping Beam","floor":2},{"not_picked":["Beam Cell","Gash"],"picked":"Coolheaded+1","floor":5},{"not_picked":["Coolheaded+1","Turbo+1"],"picked":"Ball Lightning","floor":10},{"not_picked":["Genetic Algorithm+1","Sweeping Beam"],"picked":"Echo Form","floor":11},{"not_picked":["Leap+1","BootSequence+1"],"picked":"Chill+1","floor":12},{"not_picked":["Turbo+1","Go for the Eyes"],"picked":"Coolheaded+1","floor":13},{"not_picked":["Compile Driver","Recycle+1"],"picked":"Fusion+1","floor":14},{"not_picked":["Machine Learning","Amplify+1"],"picked":"Thunder Strike","floor":16},{"not_picked":["Barrage","Leap+1"],"picked":"Storm","floor":18},{"not_picked":["Recycle+1","Cold Snap"],"picked":"Capacitor","floor":21},{"not_picked":["Leap+1","Beam Cell"],"picked":"Reinforced Body+1","floor":23},{"not_picked":["Conserve Battery+1","Stack+1"],"picked":"Leap+1","floor":27},{"not_picked":["Force Field+1","Beam Cell"],"picked":"Darkness+1","floor":28},{"not_picked":["Conserve Battery+1","Go for the Eyes+1"],"picked":"Blizzard","floor":29},{"not_picked":["Force Field+1","Coolheaded+1"],"picked":"Barrage","floor":30},{"not_picked":["Conserve Battery+1","Steam+1"],"picked":"Barrage+1","floor":30},{"not_picked":["Meteor Strike","Leap+1"],"picked":"Hologram+1","floor":30},{"not_picked":["Coolheaded+1","Conserve Battery+1"],"picked":"Redo+1","floor":30},{"not_picked":["FTL","Beam Cell"],"picked":"Redo+1","floor":30},{"not_picked":["Echo Form","Reboot+1"],"picked":"All For One","floor":33},{"not_picked":["Skim+1","Rip and Tear"],"picked":"White Noise+1","floor":35},{"not_picked":["Coolheaded+1","Rip and Tear+1","Turbo+1"],"picked":"Singing Bowl","floor":41},{"not_picked":["Compile Driver+1","Sweeping Beam","BootSequence+1"],"picked":"Redo+1","floor":44},{"not_picked":["Force Field+1","Streamline","Barrage"],"picked":"Doom and Gloom","floor":45},{"not_picked":["Undo+1","Barrage","Ball Lightning"],"picked":"White Noise+1","floor":46},{"not_picked":["Streamline+1","Sweeping Beam+1","Lockon+1"],"picked":"Creative AI","floor":47},{"not_picked":["Metamorphosis+1","The Bomb+1","Impatience+1","Finesse+1"],"picked":"Singing Bowl","floor":48}],"player_experience":504943,"relics_obtained":[{"floor":9,"key":"Tiny Chest"},{"floor":12,"key":"Meat on the Bone"},{"floor":14,"key":"Eternal Feather"},{"floor":23,"key":"Bag of Marbles"},{"floor":25,"key":"Bottled Lightning"},{"floor":26,"key":"Sundial"},{"floor":29,"key":"Pear"},{"floor":39,"key":"Singing Bowl"},{"floor":39,"key":"Pantograph"},{"floor":41,"key":"Art of War"},{"floor":43,"key":"The Courier"},{"floor":43,"key":"Question Card"},{"floor":44,"key":"Juzu Bracelet"},{"floor":46,"key":"Thread and Needle"}],"event_choices":[{"damage_healed":0,"gold_gain":0,"player_choice":"Bought 1 Potion","damage_taken":0,"max_hp_gain":0,"max_hp_loss":0,"event_name":"The Woman in Blue","floor":4,"gold_loss":0},{"damage_healed":0,"gold_gain":0,"player_choice":"Left Gold","damage_taken":0,"max_hp_gain":0,"max_hp_loss":0,"event_name":"World of Goop","floor":7,"gold_loss":21},{"damage_healed":0,"gold_gain":0,"player_choice":"Trade","damage_taken":0,"relics_obtained":["CultistMask"],"max_hp_gain":0,"max_hp_loss":0,"event_name":"FaceTrader","floor":19,"gold_loss":0},{"damage_healed":0,"gold_gain":0,"player_choice":"Read","damage_taken":0,"max_hp_gain":0,"max_hp_loss":0,"event_name":"The Library","floor":24,"gold_loss":0,"cards_obtained":["Loop"]},{"damage_healed":0,"gold_gain":0,"player_choice":"Opened","damage_taken":0,"relics_obtained":["Toy Ornithopter"],"max_hp_gain":0,"max_hp_loss":0,"event_name":"The Mausoleum","floor":31,"gold_loss":0,"cards_obtained":["Writhe"]},{"damage_healed":0,"gold_gain":0,"player_choice":"Embrace Madness","damage_taken":11,"max_hp_gain":0,"max_hp_loss":0,"event_name":"Winding Halls","floor":37,"gold_loss":0,"cards_obtained":["Madness","Madness"]},{"damage_healed":0,"gold_gain":0,"player_choice":"Paid","damage_taken":0,"relics_obtained":["Red Mask"],"max_hp_gain":0,"max_hp_loss":0,"event_name":"Tomb of Lord Red Mask","floor":38,"gold_loss":6},{"damage_healed":0,"gold_gain":0,"player_choice":"Memory 1","damage_taken":0,"max_hp_gain":0,"max_hp_loss":0,"event_name":"SensoryStone","floor":48,"gold_loss":0}],"is_beta":false,"boss_relics":[{"not_picked":["Cursed Key","Black Star"],"picked":"Nuclear Battery"},{"not_picked":["Coffee Dripper","Busted Crown"],"picked":"SlaversCollar"}],"items_purged_floors":[3,20,22,30,36],"is_endless":false,"potions_floor_spawned":[2,5,11,14,18,28,29,44,45],"ascension_level":11}}