{"host":"c35j6tsoy7cxzn43","time":1612262104,"event":{"mods":["BaseMod","Better Third Choice","BetterRewards","Colored Map","Colored Powertips","Conspire","Highlight Path","Hubris","Infinite Spire","Minty Spire (QoL Compilation)","Quick Restart","Replay The Spire","Shop Mod","StSLib"],"gold_per_floor":[115,115,115,131,150,170,199,199,199,227,227,69,102,29,29,134,134,149,6,6,0,0,0,35,52,52,52,52,79,79,91,91,190,190,206,221,221,240,240,240,258,258,258,258,258,277,134,150,150,150,150],"floor_reached":50,"language":"ENG","playtime":3261,"items_purged":["Defend_G","Strike_G"],"score":596,"play_id":"c3b43066-147b-48e0-aebb-97e7e53ead87","local_time":"20210202113504","is_ascension_mode":false,"campfire_choices":[{"data":"Malaise","floor":8,"key":"SMITH"},{"data":"Noxious Fumes","floor":15,"key":"SMITH"},{"data":"Noxious Fumes","floor":23,"key":"SMITH"},{"floor":28,"key":"REST"},{"floor":32,"key":"REST"},{"floor":40,"key":"RECALL"},{"data":"Bullet Time","floor":42,"key":"SMITH"},{"data":"Bullet Time","floor":45,"key":"SMITH"},{"floor":49,"key":"REST"}],"circlet_count":0,"master_deck":["Strike_G","Strike_G","Strike_G","Strike_G","Defend_G","Defend_G","Defend_G","Defend_G","Survivor+1","Neutralize+1","Backflip","ReplayTheSpireMod:Speed Training","Noxious Fumes+1","Malaise+1","Blur","Noxious Fumes+1","Bullet Time+1","Pot Of Greed","Pot Of Greed","A Thousand Cuts","Bane","Noxious Fumes","Deadly Poison+1","Neutralize","Bullet Time+1","Pot Of Greed"],"relics":["Ring of the Snake","hubris:Icosahedron","hubris:AncientText","hubris:BundleOfHerbs","Replay:Wax Seal","hubris:DeckOfHolding","SacredBark","Sling","Grinning Jar","infinitespire:Bottled Soul","infinitespire:Beetle Shell","Runic Pyramid","hubris:PeanutButter","Chameleon Ring","Nunchaku"],"acts_visited":["Exordium","TheCity","TheBeyond"],"potions_floor_usage":[10,10,24,25,29,33,33,33,38,50,50],"damage_taken":[{"damage":0,"enemies":"Small Slimes","floor":1,"turns":3},{"damage":0,"enemies":"Jaw Worm","floor":4,"turns":4},{"damage":0,"enemies":"Cultist","floor":5,"turns":5},{"damage":1,"enemies":"2 Fungi Beasts","floor":6,"turns":5},{"damage":14,"enemies":"Lagavulin","floor":7,"turns":13},{"damage":24,"enemies":"Gremlin Nob","floor":10,"turns":5},{"damage":5,"enemies":"3 Sentries","floor":13,"turns":9},{"damage":0,"enemies":"Hexaghost","floor":16,"turns":11},{"damage":0,"enemies":"Spheric Guardian","floor":18,"turns":6},{"damage":16,"enemies":"2 Thieves","floor":21,"turns":4},{"damage":44,"enemies":"Slavers","floor":24,"turns":5},{"damage":9,"enemies":"Snecko","floor":25,"turns":6},{"damage":21,"enemies":"Book of Stabbing","floor":29,"turns":6},{"damage":4,"enemies":"Centurion and Healer","floor":31,"turns":7},{"damage":19,"enemies":"hubris:MusketHawk","floor":33,"turns":12},{"damage":8,"enemies":"Orb Walker","floor":35,"turns":5},{"damage":24,"enemies":"3 Darklings","floor":36,"turns":5},{"damage":5,"enemies":"Sphere and 2 Shapes","floor":38,"turns":4},{"damage":22,"enemies":"Writhing Mass","floor":41,"turns":7},{"damage":0,"enemies":"Maw","floor":46,"turns":7},{"damage":9,"enemies":"Jaw Worm Horde","floor":48,"turns":4},{"damage":31,"enemies":"hubris:GrandSnecko","floor":50,"turns":5}],"seed_played":"762148324097724994","potions_obtained":[{"floor":1,"key":"Adrenaline Potion"},{"floor":6,"key":"Poison Potion"},{"floor":10,"key":"EntropicBrew"},{"floor":13,"key":"SkillPotion"},{"floor":24,"key":"DistilledChaos"},{"floor":25,"key":"SteroidPotion"},{"floor":33,"key":"Adrenaline Potion"},{"floor":38,"key":"Weak Potion"},{"floor":48,"key":"Milkshake"}],"is_trial":false,"path_per_floor":["M","?","?","M","M","M","E","R","T","E","?","$","E","$","R","B",null,"M","$","?","M","?","R","E","M","T","?","R","E","$","M","R","B",null,"M","M","AVR","M","?","R","M","R","T","?","R","M","$","M","R","B"],"character_chosen":"THE_SILENT","items_purchased":["Replay:Wax Seal","Noxious Fumes","Sling","Nunchaku"],"campfire_rested":3,"item_purchase_floors":[12,14,19,47],"current_hp_per_floor":[70,70,70,70,70,69,55,55,55,31,36,36,31,31,31,31,75,75,75,75,59,59,59,15,6,6,6,28,7,7,3,25,6,75,67,43,43,38,38,38,16,16,16,16,16,16,16,7,29,0,0],"gold":150,"neow_bonus":"UPGRADE_CARD","is_daily":false,"chose_seed":false,"campfire_upgraded":5,"win_rate":0.0,"timestamp":1612262104,"path_taken":["M","?","?","M","?","M","E","R","T","E","?","$","E","$","R","BOSS","M","$","?","M","?","R","E","M","T","?","R","E","$","M","R","BOSS","M","M","AVR","?","?","R","?","R","T","?","R","M","?","?","R","BOSS"],"items_purchased_type":["Relic","Card","Relic","Relic"],"build_version":"2020-12-22","purchased_purges":2,"victory":false,"max_hp_per_floor":[70,70,70,70,70,70,70,70,70,70,75,75,75,75,75,75,75,75,75,75,75,75,75,75,75,75,75,75,75,75,75,75,75,75,75,75,75,75,75,75,75,75,75,75,75,75,75,75,75,75,75],"card_choices":[{"not_picked":["Deadly Poison","Underhanded Strike"],"picked":"Backflip","floor":1},{"not_picked":["Bane","Flying Knee"],"picked":"ReplayTheSpireMod:Speed Training","floor":4},{"not_picked":["Underhanded Strike","Hidden Blade","Sucker Punch"],"picked":"SKIP","floor":5},{"not_picked":["Dagger Throw","Concentrate"],"picked":"Noxious Fumes","floor":6},{"not_picked":["Blade Dance","Dagger Throw"],"picked":"Malaise","floor":7},{"not_picked":["PiercingWail","ReplayTheSpireMod:Exploit Weakness","Underhanded Strike"],"picked":"SKIP","floor":10},{"not_picked":["Cloak And Dagger","ReplayTheSpireMod:The Works"],"picked":"Blur","floor":13},{"not_picked":["Doppelganger","Phantasmal Killer"],"picked":"Bullet Time","floor":16},{"not_picked":["Accuracy","Slice","Deadly Poison"],"picked":"SKIP","floor":18},{"not_picked":["Sneak Up","ReplayTheSpireMod:Speed Training","Acrobatics"],"picked":"SKIP","floor":21},{"not_picked":["hubris:Sniper","Reflex","ReplayTheSpireMod:Shiv Toss"],"picked":"SKIP","floor":24},{"not_picked":["Crippling Poison","Outmaneuver+1","PiercingWail"],"picked":"SKIP","floor":25},{"not_picked":["Skewer","Distraction","Heel Hook"],"picked":"SKIP","floor":29},{"not_picked":["Underhanded Strike+1","Acrobatics+1","Deadly Poison"],"picked":"SKIP","floor":31},{"not_picked":["Atom Bomb","Storm of Steel"],"picked":"A Thousand Cuts","floor":33},{"not_picked":["Underhanded Strike","Hidden Blade+1"],"picked":"Bane","floor":35},{"not_picked":["Deflect+1","Bane"],"picked":"Noxious Fumes","floor":36},{"not_picked":["Dagger Spray+1","Poisoned Stab"],"picked":"Deadly Poison+1","floor":38},{"not_picked":["Dagger Spray","Choke+1"],"picked":"Bullet Time","floor":41},{"not_picked":["hubris:TrickCloak","Dagger Spray+1","Acrobatics+1"],"picked":"SKIP","floor":46},{"not_picked":["Hidden Blade+1","ReplayTheSpireMod:Speed Training+1","Cloak And Dagger"],"picked":"SKIP","floor":48}],"player_experience":434138,"relics_obtained":[{"floor":7,"key":"hubris:AncientText"},{"floor":10,"key":"hubris:BundleOfHerbs"},{"floor":13,"key":"hubris:DeckOfHolding"},{"floor":24,"key":"Grinning Jar"},{"floor":26,"key":"infinitespire:Bottled Soul"},{"floor":29,"key":"infinitespire:Beetle Shell"},{"floor":43,"key":"Chameleon Ring"}],"event_choices":[{"damage_healed":0,"gold_gain":0,"player_choice":"Upgraded","damage_taken":0,"max_hp_gain":0,"max_hp_loss":0,"event_name":"Upgrade Shrine","floor":3,"gold_loss":0,"cards_upgraded":["Survivor"]},{"damage_healed":0,"gold_gain":0,"player_choice":"Donut","damage_taken":0,"max_hp_gain":5,"max_hp_loss":0,"event_name":"Big Fish","floor":11,"gold_loss":0},{"damage_healed":0,"gold_gain":0,"player_choice":"Leave","damage_taken":0,"max_hp_gain":0,"max_hp_loss":0,"event_name":"FaceTrader","floor":27,"gold_loss":0},{"damage_healed":0,"gold_gain":0,"player_choice":"1 cards matched","damage_taken":0,"max_hp_gain":0,"max_hp_loss":0,"event_name":"Match and Keep!","floor":39,"gold_loss":0,"cards_obtained":["Neutralize"]}],"is_beta":false,"boss_relics":[{"not_picked":["Abe\u0027s Treasure","Replay:Ancient Bell"],"picked":"SacredBark"},{"not_picked":["hubris:ScarierMask","Tiny House"],"picked":"Runic Pyramid"}],"items_purged_floors":[12,37],"is_endless":false,"potions_floor_spawned":[1,6,10,13,24,25,33,38,48],"killed_by":"hubris:GrandSnecko","ascension_level":0}}