{"host":"d54lcqy5t45er8jx","time":1612266033,"event":{"mods":["2.2 Compatiblity","BaseMod","CapriCore","Colored Powertips","Defuse TimeMaze Blight","Hermit","Hubris","Infinite Spire","KinomotoSakuraMod(ÙÊñýÜâ?)","Marisa£¨Ùöéë¡¡Øª×âÞÞ£©","Minty Spire (QoL Compilation)","Prisma Mod","Quick Restart","Rare Cards Sparkle","Relic Stats","Remilia£¨?Ú·×é?£©","StSLib","The Animator","The Cursed","The Immortal","The Servant 0.9.4","WarShipGirlsR/??á´Ò³R mod"],"gold_per_floor":[119,119,138,149,161,161,161,161,236,255,255,267,283,293,293,293,293],"floor_reached":16,"language":"ENG","playtime":2626,"items_purged":[],"score":96,"play_id":"0d34ac83-e03e-42ad-9968-0eac8ea1c76a","local_time":"20210202204033","is_ascension_mode":false,"campfire_choices":[{"data":"PrismaMod:ChloeAnySkillTrace","floor":6,"key":"SMITH"},{"data":"PrismaMod:ChloeCheapAttack","floor":8,"key":"SMITH"},{"data":"PrismaMod:ChloeDemonicTutor","floor":11,"key":"SMITH"},{"data":"PrismaMod:ChloeExhaustOne","floor":15,"key":"SMITH"}],"circlet_count":0,"master_deck":["PrismaMod:ChloeCommonAttack","PrismaMod:ChloeCommonAttack","PrismaMod:ChloeCommonAttack","PrismaMod:ChloeCommonAttack","PrismaMod:ChloeCommonAttack","PrismaMod:ChloeCommonDefend","PrismaMod:ChloeCommonDefend","PrismaMod:ChloeCommonDefend","PrismaMod:ChloeCommonDefend","PrismaMod:ChloeCommonDefend","PrismaMod:ChloeCheapAttack+1","PrismaMod:ChloeCheapDefend","PrismaMod:ChloeCheapAttackTwo","Pain","PrismaMod:ChloeAnySkillTrace+1","PrismaMod:ChloeExhaustOne+1","PrismaMod:ChloeDemonicTutor+1","PrismaMod:ChloeCheapDefend","PrismaMod:ChloeExhaustOne"],"relics":["PrismaMod:PrismaTraceOn","WarpedTongs","infinitespire:ShieldingShard"],"acts_visited":["Exordium"],"potions_floor_usage":[],"damage_taken":[{"damage":0,"enemies":"Jaw Worm","floor":1,"turns":5},{"damage":2,"enemies":"Cultist","floor":3,"turns":3},{"damage":2,"enemies":"Small Slimes","floor":4,"turns":4},{"damage":4,"enemies":"Red Slaver","floor":5,"turns":2},{"damage":0,"enemies":"Looter","floor":10,"turns":1},{"damage":0,"enemies":"2 Fungi Beasts","floor":12,"turns":3},{"damage":0,"enemies":"Large Slime","floor":13,"turns":3},{"damage":14,"enemies":"Lots of Slimes","floor":14,"turns":6},{"damage":0,"enemies":"The Guardian","floor":16,"turns":1}],"seed_played":"1016591459454943941","potions_obtained":[{"floor":4,"key":"Strength Potion"},{"floor":5,"key":"FearPotion"},{"floor":12,"key":"AttackPotion"}],"is_trial":false,"path_per_floor":["M","?","M","M","M","R","?","R","T","M","R","M","M","M","R","B"],"character_chosen":"CHLOE","items_purchased":[],"campfire_rested":0,"item_purchase_floors":[],"current_hp_per_floor":[82,82,80,78,74,74,74,74,74,74,74,74,74,60,60,60,60],"gold":293,"neow_bonus":"TEN_PERCENT_HP_BONUS","is_daily":false,"chose_seed":false,"campfire_upgraded":4,"win_rate":0.0,"timestamp":1612266033,"path_taken":["M","?","?","M","M","R","?","R","T","M","R","M","M","M","R","BOSS"],"items_purchased_type":[],"build_version":"2020-12-22","purchased_purges":0,"victory":false,"max_hp_per_floor":[82,82,82,82,82,82,82,82,82,82,82,82,82,82,82,82,82],"relic_stats":{"counters":[9,27],"obtain_stats":[{"infinitespire:ShieldingShard":9,"PrismaMod:PrismaTraceOn":0,"WarpedTongs":2},{"infinitespire:ShieldingShard":4,"PrismaMod:PrismaTraceOn":0,"WarpedTongs":1},{"infinitespire:ShieldingShard":14,"PrismaMod:PrismaTraceOn":0,"WarpedTongs":5}],"WarpedTongs":[22]},"card_choices":[{"not_picked":["PrismaMod:ChloeMaid","PrismaMod:ChloeCommonAOEAttack"],"picked":"PrismaMod:ChloeCheapAttackTwo","floor":1},{"not_picked":["PrismaMod:ChloeExcalibur","PrismaMod:ChloeCommonAOEAttack"],"picked":"PrismaMod:ChloeAnySkillTrace","floor":3},{"not_picked":["PrismaMod:ChloeEyeOfTheEuryale","PrismaMod:ChloeCheapAttackTwo"],"picked":"PrismaMod:ChloeExhaustOne","floor":4},{"not_picked":["PrismaMod:ChloeCheapAttack","PrismaMod:ChloeMaid","PrismaMod:ChloeCheapAttackTwo"],"picked":"SKIP","floor":5},{"not_picked":["PrismaMod:ChloeDiscardRecovery","PrismaMod:ChloeCheapAttack"],"picked":"PrismaMod:ChloeDemonicTutor","floor":10},{"not_picked":["PrismaMod:ChloeCheapAttack","PrismaMod:ChloeCheapAttackTwo"],"picked":"PrismaMod:ChloeCheapDefend","floor":12},{"not_picked":["PrismaMod:ChloeCommonAOEAttack","PrismaMod:ChloeCheapAttackTwo","PrismaMod:ChloeCheapAttack"],"picked":"SKIP","floor":13},{"not_picked":["PrismaMod:ChloeRitsuka","PrismaMod:ChloeCheapAttack"],"picked":"PrismaMod:ChloeExhaustOne","floor":14}],"player_experience":990140,"relics_obtained":[{"floor":9,"key":"infinitespire:ShieldingShard"}],"event_choices":[{"damage_healed":0,"gold_gain":0,"player_choice":"Rummage","damage_taken":0,"relics_obtained":["WarpedTongs"],"max_hp_gain":0,"max_hp_loss":0,"event_name":"Accursed Blacksmith","floor":2,"gold_loss":0,"cards_obtained":["Pain"]},{"damage_healed":0,"gold_gain":0,"player_choice":"Ignored","damage_taken":0,"max_hp_gain":0,"max_hp_loss":0,"event_name":"NoteForYourself","floor":7,"gold_loss":0}],"is_beta":false,"boss_relics":[],"items_purged_floors":[],"is_endless":false,"potions_floor_spawned":[4,5,12],"killed_by":"The Guardian","ascension_level":0}}