{"host":"mg6qqnp83j5r6p2r","time":1612233085,"event":{"mods":["BaseMod","Colored Map","Colored Powertips","Highlight Path","Minty Spire (QoL Compilation)","Rare Cards Sparkle","Relic Sorter","Relic Stats","StSLib"],"gold_per_floor":[210,210,160,177,177,177,208,63,134,134,167,167,178,178,178,278,278,291,291,163,163,163,163,189,189,263,298,311,337,50,81,81,183,183,201,28,28,41,61,95,95,120,168,199,214,242,242,242,242,242,242,242,41,67,67],"floor_reached":56,"language":"ENG","playtime":5024,"items_purged":["Defend_G","Strike_G"],"score":1450,"play_id":"b0ac0545-2a59-448c-a519-4128370cff2f","local_time":"20210201203125","is_ascension_mode":true,"campfire_choices":[{"data":"Neutralize","floor":6,"key":"SMITH"},{"floor":10,"key":"REST"},{"data":"1","floor":12,"key":"LIFT"},{"data":"2","floor":15,"key":"LIFT"},{"data":"3","floor":23,"key":"LIFT"},{"data":"A Thousand Cuts","floor":25,"key":"SMITH"},{"floor":32,"key":"RECALL"},{"floor":41,"key":"REST"},{"floor":47,"key":"REST"},{"floor":49,"key":"REST"},{"data":"Apotheosis","floor":52,"key":"SMITH"}],"circlet_count":0,"master_deck":["Strike_G+1","Defend_G+1","Defend_G","Defend_G+1","Survivor","Neutralize+1","Flying Knee","Cloak And Dagger+1","PiercingWail","Caltrops","Leg Sweep","PiercingWail","A Thousand Cuts+1","CurseOfTheBell","Caltrops","Flying Knee","Infinite Blades","Accuracy+1","Backflip","Apotheosis+1","Cloak And Dagger+1","Flying Knee+1","Well Laid Plans+1","Dodge and Roll+1"],"relics":["Ring of the Snake","Girya","War Paint","Tough Bandages","Calling Bell","Bronze Scales","Mummified Hand","CaptainsWheel","StrikeDummy","Singing Bowl","Frozen Egg 2","Incense Burner","Blood Vial","TungstenRod","Bag of Preparation","Empty Cage","Ancient Tea Set","Prayer Wheel","Pen Nib","Pocketwatch","Meat on the Bone","HornCleat"],"acts_visited":["Exordium","TheCity","TheBeyond","TheEnding"],"potions_floor_usage":[4,7,16,24,27,33,33,39,54,55],"damage_taken":[{"damage":1,"enemies":"Jaw Worm","floor":1,"turns":4},{"damage":0,"enemies":"2 Louse","floor":4,"turns":1},{"damage":9,"enemies":"Gremlin Nob","floor":7,"turns":4},{"damage":20,"enemies":"Lagavulin","floor":11,"turns":11},{"damage":0,"enemies":"Small Slimes","floor":13,"turns":3},{"damage":14,"enemies":"Hexaghost","floor":16,"turns":16},{"damage":0,"enemies":"Spheric Guardian","floor":18,"turns":4},{"damage":14,"enemies":"Slavers","floor":24,"turns":5},{"damage":13,"enemies":"Gremlin Leader","floor":27,"turns":6},{"damage":0,"enemies":"3 Byrds","floor":28,"turns":4},{"damage":0,"enemies":"Book of Stabbing","floor":29,"turns":4},{"damage":0,"enemies":"Gremlin Leader","floor":31,"turns":6},{"damage":29,"enemies":"Champ","floor":33,"turns":12},{"damage":21,"enemies":"3 Darklings","floor":35,"turns":3},{"damage":0,"enemies":"Orb Walker","floor":38,"turns":3},{"damage":9,"enemies":"Jaw Worm Horde","floor":39,"turns":3},{"damage":9,"enemies":"Giant Head","floor":40,"turns":8},{"damage":11,"enemies":"Reptomancer","floor":42,"turns":5},{"damage":19,"enemies":"Giant Head","floor":44,"turns":8},{"damage":5,"enemies":"Sphere and 2 Shapes","floor":45,"turns":4},{"damage":39,"enemies":"Reptomancer","floor":46,"turns":5},{"damage":6,"enemies":"Time Eater","floor":50,"turns":9},{"damage":22,"enemies":"Shield and Spear","floor":54,"turns":5},{"damage":56,"enemies":"The Heart","floor":55,"turns":11}],"seed_played":"7096330120909947131","potions_obtained":[{"floor":1,"key":"Fire Potion"},{"floor":4,"key":"DistilledChaos"},{"floor":13,"key":"GamblersBrew"},{"floor":16,"key":"CunningPotion"},{"floor":24,"key":"FearPotion"},{"floor":28,"key":"BlessingOfTheForge"},{"floor":31,"key":"BlessingOfTheForge"},{"floor":35,"key":"Explosive Potion"}],"is_trial":false,"path_per_floor":["M","?","?","M","?","R","E","$","T","R","E","R","M","?","R","B",null,"M","?","$","?","?","R","E","R","T","E","M","E","$","E","R","B",null,"M","$","?","M","M","E","R","E","T","E","M","E","R","$","R","B",null,"R","$","E","B",null],"character_chosen":"THE_SILENT","items_purchased":["Caltrops","Caltrops","Flying Knee","TungstenRod","Apotheosis","Dexterity Potion","Block Potion"],"campfire_rested":4,"item_purchase_floors":[8,20,20,30,36,53,53],"current_hp_per_floor":[69,66,66,66,52,52,43,43,43,64,44,44,44,44,44,30,70,70,70,70,70,70,70,56,56,56,43,45,47,47,51,51,26,78,57,57,57,61,54,49,73,66,66,51,48,13,39,39,65,61,88,88,88,68,26],"gold":67,"neow_bonus":"HUNDRED_GOLD","is_daily":false,"chose_seed":false,"campfire_upgraded":3,"win_rate":0.0,"timestamp":1612233085,"path_taken":["M","?","?","M","?","R","E","$","T","R","E","R","M","?","R","BOSS","M","?","?","?","?","R","E","R","T","E","M","E","$","E","R","BOSS","M","$","?","M","M","E","R","E","T","E","?","E","R","$","R","BOSS","R","$","E","BOSS"],"items_purchased_type":["Card","Card","Card","Relic","Card","Potion","Potion"],"build_version":"2020-12-22","purchased_purges":2,"victory":true,"max_hp_per_floor":[70,70,70,70,70,70,70,70,70,70,70,70,70,70,70,70,70,70,70,70,70,70,70,70,70,70,70,72,74,74,76,76,78,78,78,78,78,80,80,82,82,84,84,86,86,88,88,88,88,88,88,88,88,90,90],"relic_stats":{"Singing Bowl":20,"counters":[24,144],"Pen Nib":[10],"Bag of Preparation":[24],"War Paint":["Defend_G","Defend_G"],"Blood Vial":22,"Tough Bandages":[45],"Mummified Hand":[84],"Bronze Scales":[477],"Prayer Wheel":1,"obtain_stats":[{"Girya":2,"Singing Bowl":24,"Pen Nib":43,"Incense Burner":27,"Bag of Preparation":31,"War Paint":7,"Frozen Egg 2":26,"Empty Cage":34,"Ancient Tea Set":40,"Calling Bell":17,"Blood Vial":29,"Tough Bandages":11,"CaptainsWheel":17,"HornCleat":54,"Mummified Hand":17,"Bronze Scales":17,"Prayer Wheel":42,"StrikeDummy":21,"TungstenRod":30,"Ring of the Snake":0,"Pocketwatch":44,"Meat on the Bone":46},{"Girya":1,"Singing Bowl":8,"Pen Nib":18,"Incense Burner":9,"Bag of Preparation":12,"War Paint":3,"Frozen Egg 2":8,"Empty Cage":13,"Ancient Tea Set":17,"Calling Bell":6,"Blood Vial":11,"Tough Bandages":4,"CaptainsWheel":6,"HornCleat":23,"Mummified Hand":6,"Bronze Scales":6,"Prayer Wheel":18,"StrikeDummy":7,"TungstenRod":11,"Ring of the Snake":0,"Pocketwatch":19,"Meat on the Bone":21},{"Girya":4,"Singing Bowl":48,"Pen Nib":102,"Incense Burner":54,"Bag of Preparation":68,"War Paint":9,"Frozen Egg 2":48,"Empty Cage":80,"Ancient Tea Set":97,"Calling Bell":39,"Blood Vial":62,"Tough Bandages":20,"CaptainsWheel":39,"HornCleat":133,"Mummified Hand":39,"Bronze Scales":39,"Prayer Wheel":102,"StrikeDummy":43,"TungstenRod":62,"Ring of the Snake":0,"Pocketwatch":110,"Meat on the Bone":119}],"TungstenRod":65,"Ring of the Snake":[48],"Pocketwatch":[21],"Meat on the Bone":12},"card_choices":[{"not_picked":["Footwork","Crippling Poison"],"picked":"Flying Knee","floor":1},{"not_picked":["Blade Dance","Finisher"],"picked":"Cloak And Dagger","floor":4},{"not_picked":["Predator","Bane"],"picked":"PiercingWail","floor":7},{"not_picked":["Slice","Backflip"],"picked":"Leg Sweep","floor":11},{"not_picked":["Bane","Tactician"],"picked":"PiercingWail","floor":13},{"not_picked":["Bullet Time","Tools of the Trade"],"picked":"A Thousand Cuts","floor":16},{"not_picked":["Slice+1","Leg Sweep","Backflip"],"picked":"SKIP","floor":18},{"not_picked":["Catalyst","Heel Hook+1"],"picked":"Infinite Blades","floor":24},{"not_picked":["Phantasmal Killer","Underhanded Strike"],"picked":"Accuracy+1","floor":27},{"not_picked":["Outmaneuver","PiercingWail","Masterful Stab"],"picked":"Singing Bowl","floor":28},{"not_picked":["Concentrate+1","Prepared+1","Flechettes"],"picked":"Singing Bowl","floor":29},{"not_picked":["Tactician+1","Calculated Gamble","Flechettes"],"picked":"Singing Bowl","floor":31},{"not_picked":["Storm of Steel","Doppelganger","Bullet Time"],"picked":"Singing Bowl","floor":33},{"not_picked":["Calculated Gamble","Expertise"],"picked":"Backflip","floor":35},{"not_picked":["Underhanded Strike+1","Backflip","Calculated Gamble"],"picked":"Singing Bowl","floor":38},{"not_picked":["Deflect","Tactician+1"],"picked":"Flying Knee+1","floor":39},{"not_picked":["Accuracy+1","Burst","Malaise"],"picked":"Singing Bowl","floor":40},{"not_picked":["Slice","Deflect","Reflex+1"],"picked":"Singing Bowl","floor":42},{"not_picked":["Grand Finale","PiercingWail+1","Bullet Time"],"picked":"Singing Bowl","floor":44},{"not_picked":["Crippling Poison","Heel Hook+1"],"picked":"Well Laid Plans+1","floor":45},{"not_picked":["Poisoned Stab","Distraction+1"],"picked":"Dodge and Roll+1","floor":45},{"not_picked":["Dagger Spray","Riddle With Holes+1","Deflect"],"picked":"Singing Bowl","floor":46},{"not_picked":["Outmaneuver+1","Skewer","Riddle With Holes+1"],"picked":"Singing Bowl","floor":54}],"player_experience":225274,"relics_obtained":[{"floor":7,"key":"War Paint"},{"floor":11,"key":"Tough Bandages"},{"floor":17,"key":"Bronze Scales"},{"floor":17,"key":"Mummified Hand"},{"floor":17,"key":"CaptainsWheel"},{"floor":24,"key":"Singing Bowl"},{"floor":26,"key":"Frozen Egg 2"},{"floor":27,"key":"Incense Burner"},{"floor":29,"key":"Blood Vial"},{"floor":31,"key":"Bag of Preparation"},{"floor":40,"key":"Ancient Tea Set"},{"floor":42,"key":"Prayer Wheel"},{"floor":43,"key":"Pen Nib"},{"floor":44,"key":"Pocketwatch"},{"floor":46,"key":"Meat on the Bone"},{"floor":54,"key":"HornCleat"}],"event_choices":[{"damage_healed":0,"gold_gain":0,"player_choice":"Success","damage_taken":3,"relics_obtained":["Girya"],"max_hp_gain":0,"max_hp_loss":0,"event_name":"Scrap Ooze","floor":2,"gold_loss":0},{"cards_removed":["Strike_G"],"damage_healed":0,"gold_gain":0,"player_choice":"Card Removal","damage_taken":0,"max_hp_gain":0,"max_hp_loss":0,"event_name":"The Cleric","floor":3,"gold_loss":50},{"damage_healed":0,"gold_gain":0,"player_choice":"Entered Light","damage_taken":14,"max_hp_gain":0,"max_hp_loss":0,"event_name":"Shining Light","floor":5,"gold_loss":0,"cards_upgraded":["Strike_G","Cloak And Dagger"]},{"damage_healed":0,"gold_gain":0,"player_choice":"Leave","damage_taken":0,"max_hp_gain":0,"max_hp_loss":0,"event_name":"FaceTrader","floor":14,"gold_loss":0},{"cards_removed":["Strike_G"],"damage_healed":0,"gold_gain":0,"player_choice":"Purged","damage_taken":0,"max_hp_gain":0,"max_hp_loss":0,"event_name":"Purifier","floor":19,"gold_loss":0},{"damage_healed":0,"gold_gain":0,"player_choice":"Opened","damage_taken":0,"relics_obtained":["StrikeDummy"],"max_hp_gain":0,"max_hp_loss":0,"event_name":"The Mausoleum","floor":21,"gold_loss":0,"cards_obtained":["Writhe"]},{"cards_removed":["Writhe"],"damage_healed":0,"gold_gain":0,"player_choice":"Elegance","damage_taken":0,"max_hp_gain":0,"max_hp_loss":0,"event_name":"Back to Basics","floor":22,"gold_loss":0},{"damage_healed":0,"gold_gain":0,"player_choice":"Copied","damage_taken":0,"max_hp_gain":0,"max_hp_loss":0,"event_name":"Duplicator","floor":37,"gold_loss":0,"cards_obtained":["Cloak And Dagger"]}],"is_beta":false,"boss_relics":[{"not_picked":["Pandora\u0027s Box","Astrolabe"],"picked":"Calling Bell"},{"not_picked":["Runic Pyramid","Runic Dome"],"picked":"Empty Cage"}],"items_purged_floors":[8,53],"is_endless":false,"potions_floor_spawned":[1,4,13,16,24,28,31,35],"ascension_level":2}}