{"host":"l5zfpd2l2htson6l","time":1612228874,"event":{"mods":["AchievementEnabler","BaseMod","Colored Map","Colored Powertips","Minty Spire (QoL Compilation)","Permanent Neow","Quick Restart","Rare Cards Sparkle","Relic Stats","SuperFastMode"],"gold_per_floor":[117,82,97,114,131,161,161,161,161],"floor_reached":8,"language":"ENG","playtime":839,"items_purged":[],"score":107,"play_id":"cd9c01c8-e9fa-44da-8e43-acdee15d39aa","local_time":"20210201172114","is_ascension_mode":true,"campfire_choices":[{"floor":7,"key":"REST"}],"circlet_count":0,"master_deck":["AscendersBane","Strike_R","Strike_R","Strike_R","Strike_R","Strike_R","Defend_R","Defend_R","Defend_R","Defend_R","Bash","Offering","Pommel Strike","Sword Boomerang","Carnage"],"relics":["Burning Blood","White Beast Statue"],"acts_visited":["Exordium"],"potions_floor_usage":[8],"damage_taken":[{"damage":13,"enemies":"Cultist","floor":1,"turns":4},{"damage":3,"enemies":"2 Louse","floor":3,"turns":4},{"damage":16,"enemies":"Jaw Worm","floor":4,"turns":6},{"damage":17,"enemies":"Blue Slaver","floor":5,"turns":5},{"damage":46,"enemies":"3 Sentries","floor":6,"turns":11},{"damage":41,"enemies":"Lagavulin","floor":8,"turns":7}],"seed_played":"-3342439867216184811","potions_obtained":[{"floor":5,"key":"AttackPotion"}],"is_trial":false,"path_per_floor":["M","?","M","M","M","E","R","E"],"character_chosen":"IRONCLAD","items_purchased":[],"campfire_rested":1,"item_purchase_floors":[],"current_hp_per_floor":[61,75,75,65,54,14,36,0,0],"gold":161,"neow_bonus":"ONE_RANDOM_RARE_CARD","is_daily":false,"chose_seed":false,"campfire_upgraded":0,"win_rate":0.0,"timestamp":1612228874,"path_taken":["M","?","M","M","M","E","R","E"],"items_purchased_type":[],"build_version":"2020-12-22","purchased_purges":0,"victory":false,"max_hp_per_floor":[75,75,75,75,75,75,75,75,75],"relic_stats":{"counters":[6,37],"obtain_stats":[{"Burning Blood":0,"White Beast Statue":6},{"Burning Blood":0,"White Beast Statue":5},{"Burning Blood":0,"White Beast Statue":30}],"Burning Blood":27},"card_choices":[{"not_picked":["Body Slam","Heavy Blade","Battle Trance"],"picked":"SKIP","floor":1},{"not_picked":["Warcry","Thunderclap"],"picked":"Pommel Strike","floor":3},{"not_picked":["Warcry","Flex"],"picked":"Sword Boomerang","floor":4},{"not_picked":["True Grit","Power Through","Sword Boomerang"],"picked":"SKIP","floor":5},{"not_picked":["Sword Boomerang","Entrench"],"picked":"Carnage","floor":6}],"player_experience":822022,"relics_obtained":[{"floor":6,"key":"White Beast Statue"}],"event_choices":[{"damage_healed":18,"gold_gain":0,"player_choice":"Healed","damage_taken":0,"max_hp_gain":0,"max_hp_loss":0,"event_name":"The Cleric","floor":2,"gold_loss":35}],"is_beta":false,"boss_relics":[],"items_purged_floors":[],"is_endless":false,"potions_floor_spawned":[5],"killed_by":"Lagavulin","ascension_level":17}}