{"host":"i4vlfbz13gs2xtdj","time":1612308516,"event":{"mods":["2.2 Compatiblity","AchievementEnabler","Act Like it!","Aspiration","BaseMod","Better Altar","Better Match","Better Note","Better Sensory Stone","Better Skull","Better Third Choice","BetterRewards","CatGirl Mod","Colored Map","Elementarium","Energized Spire","Fox Events","Friendly Minions","GifTheSpireLib","Halation","Hubris","Infinite Spire","Jedi Mod","Minty Spire (QoL Compilation)","Pale of the Ancients","Potionbrewer","Replay The Spire","Shop Mod","Somnambulant","Spikes Relics","StSLib","Stuff the Spire","The Jungle","The Marked","The Sage","Trackpad"],"gold_per_floor":[110,120,140,150,22,50,83,160,237,237,270,18,18,69,69,190,267,297,297,297,46,0,56,88,9,86,86,86,138,138,170,170,294,371,399,399,399,434,434,478,497,549,674,674,716,716,775,852,852,872,872,872,4,4,24],"floor_reached":56,"language":"ENG","playtime":7740,"items_purged":["jedi:frostbite","Looming Evil"],"score":1543,"play_id":"4ff35093-ba7f-4df3-a8fd-94e9d029fb9c","local_time":"20210202182836","is_ascension_mode":true,"campfire_choices":[{"floor":10,"key":"REST"},{"data":"theCatGirl:Howl","floor":28,"key":"SMITH"},{"data":"theCatGirl:Insane","floor":30,"key":"SMITH"},{"data":"theCatGirl:Evasion","floor":32,"key":"SMITH"},{"floor":49,"key":"RECALL"},{"data":"theCatGirl:KeepAlert","floor":52,"key":"SMITH"},{"data":"jedi:cleanse","floor":54,"key":"SMITH"}],"circlet_count":0,"master_deck":["theCatGirl:Defend","theCatGirl:Defend","theCatGirl:Defend","theCatGirl:Defend","theCatGirl:ClawStrike","theCatGirl:Evasion+1","theCatGirl:TryingMyBest","theCatGirl:TryingMyBest","theCatGirl:QuickStrike","theCatGirl:KeepAlert+1","theCatGirl:Insane+1","theCatGirl:RageClaws+1","StuffTheSpire:Brawn+1","theCatGirl:Howl+1","DeceiveReality","Bite","Bite","Bite","Bite","Bite","theCatGirl:QuickStrike+1","theCatGirl:FocusedStrike+1","theCatGirl:AdventurersInsight","StuffTheSpire:Ambrosia","theCatGirl:Parry+1","theCatGirl:SearchBackpack+1","theCatGirl:ExtremeSpeed+1","jedi:cleanse+1"],"relics":["theCatGirl:TrainedRelic","trackpad:DisasterInABottle","Pet Ghost","halation:PeacePiece","PureWater","StuffTheSpire:RubySignet","MerchantsRug","StuffTheSpire:Saxophone","foxEvents:LuckyCharm","infinitespire:Lychee Nut","jedi:gremlinknob","Shuriken","Replay:Bandana","ReplayTheSpireMod:Ninjato","hubris:DisguiseKit","Replay:WaspNest","StuffTheSpire:Kangaroo","Replay:Bottled Steam","PreservedInsect","infinitespire:CheckeredPen","halation:EternalFortune","MealTicket","hubris:ScarierMask","ReplayTheSpireMod:Ring of Sloth","Ring of Searing","StuffTheSpire:ForceGauntlet","Anchor","hubris:SlimyHat","hubris:IronBody","Toolbox","jedi:arcanewood","halation:Toothbrush","theCatGirl:DriedFish","halation:Komachan","Ginger"],"acts_visited":["Exordium","TheCity","TheBeyond","TheEnding"],"potions_floor_usage":[55],"damage_taken":[{"damage":0,"enemies":"infinitespire:Voidling","floor":1,"turns":4},{"damage":0,"enemies":"Small Slimes","floor":2,"turns":2},{"damage":1,"enemies":"Jaw Worm","floor":3,"turns":2},{"damage":2,"enemies":"Blue Slaver","floor":4,"turns":7},{"damage":0,"enemies":"Colosseum Slavers","floor":6,"turns":4},{"damage":29,"enemies":"3 Sentries","floor":7,"turns":12},{"damage":6,"enemies":"Lagavulin","floor":11,"turns":7},{"damage":6,"enemies":"Gremlin Nob","floor":14,"turns":4},{"damage":42,"enemies":"Fading Forest","floor":16,"turns":11},{"damage":0,"enemies":"Shell Parasite","floor":18,"turns":2},{"damage":16,"enemies":"Slavers","floor":23,"turns":4},{"damage":0,"enemies":"Spheric Guardian","floor":24,"turns":4},{"damage":20,"enemies":"Gremlin Leader","floor":29,"turns":4},{"damage":1,"enemies":"Centurion and Healer","floor":31,"turns":4},{"damage":0,"enemies":"Automaton","floor":33,"turns":5},{"damage":0,"enemies":"Orb Walker","floor":35,"turns":4},{"damage":5,"enemies":"3 Darklings","floor":38,"turns":2},{"damage":10,"enemies":"Giant Head","floor":40,"turns":5},{"damage":0,"enemies":"Sphere and 2 Shapes","floor":41,"turns":1},{"damage":5,"enemies":"R_Hoarder","floor":42,"turns":2},{"damage":5,"enemies":"Transient","floor":45,"turns":5},{"damage":10,"enemies":"Giant Head","floor":47,"turns":4},{"damage":8,"enemies":"Replay:Hell Engine","floor":50,"turns":5},{"damage":18,"enemies":"The Heart","floor":55,"turns":4}],"seed_played":"-2736221339540482812","potions_obtained":[{"floor":1,"key":"Death Potion"},{"floor":2,"key":"potionbrewer:DiscountPotion"},{"floor":16,"key":"potionbrewer:DiscountPotion"},{"floor":24,"key":"Fire Potion"},{"floor":31,"key":"AttackPotion"},{"floor":33,"key":"LiquidBronze"},{"floor":35,"key":"BlessingOfTheForge"},{"floor":47,"key":"FearPotion"}],"is_trial":false,"path_per_floor":["M","M","M","M","$","?","E","T","T","R","E","$","?","E","R_BF","B",null,"M","?","?","$","?","E","M","$","T","?","R","E","R","M","R","B",null,"M","?","?","M","?","E","M","E","T","?","M","AVR","E","T","R","B",null,"R","$","R","B",null],"character_chosen":"THE_CATGIRL","items_purchased":["trackpad:DisasterInABottle","Pet Ghost","halation:PeacePiece","aspiration:SeaSaltIceCream","theCatGirl:TryingMyBest","Pear","Ancient Potion","MerchantsRug","StuffTheSpire:Saxophone","ReplayTheSpireMod:Ninjato","Replay:Bottled Steam","PreservedInsect","theCatGirl:DriedFish","halation:Komachan","Ginger","jedi:cleanse"],"campfire_rested":1,"item_purchase_floors":[0,0,0,0,0,0,0,5,5,12,21,25,53,53,53,53],"current_hp_per_floor":[41,41,40,38,38,38,9,9,9,27,27,27,27,29,47,26,60,60,60,42,42,42,34,42,42,42,45,45,30,30,42,42,45,45,45,45,45,41,41,34,37,33,33,33,39,39,38,38,38,33,52,52,55,55,38],"gold":24,"neow_bonus":"","is_daily":false,"chose_seed":false,"campfire_upgraded":5,"win_rate":0.0,"timestamp":1612308516,"path_taken":["M","?","M","M","$","?","E","?","T","R","E","?","?","E","R_BF","BOSS","M","?","?","$","?","E","M","?","T","?","R","E","R","M","R","BOSS","M","?","?","M","?","E","?","E","T","?","?","AVR","E","?","R","BOSS","R","$","R","BOSS"],"items_purchased_type":["Relic","Relic","Relic","Relic","Card","Relic","Potion","Relic","Relic","Relic","Relic","Relic","Relic","Relic","Relic","Card"],"build_version":"2020-12-22","purchased_purges":2,"victory":true,"max_hp_per_floor":[80,80,80,80,80,80,60,60,60,60,60,60,60,60,60,60,60,60,60,42,42,42,42,42,42,42,45,45,45,45,45,45,45,45,45,45,45,46,46,47,48,49,49,49,50,50,51,51,51,52,52,52,55,55,56],"card_choices":[{"not_picked":["theCatGirl:TrainWreck","theCatGirl:TryingMyBest"],"picked":"theCatGirl:QuickStrike","floor":1},{"not_picked":["theCatGirl:ShockedWitness","theCatGirl:LuckyBlow"],"picked":"theCatGirl:KeepAlert","floor":2},{"not_picked":["theCatGirl:TwoStep","theCatGirl:ScratchFlurry","theCatGirl:ThatWasntIt"],"picked":"SKIP","floor":3},{"not_picked":["theCatGirl:TrainWreck","theCatGirl:KeepAlert","theCatGirl:Stalk"],"picked":"SKIP","floor":4},{"not_picked":["theCatGirl:FocusedStrike","theCatGirl:HungerClaw"],"picked":"theCatGirl:Insane","floor":7},{"not_picked":["theCatGirl:FumblingBlow","theCatGirl:LuckyBlow"],"picked":"theCatGirl:RageClaws","floor":11},{"not_picked":["theCatGirl:FinishingMove","theCatGirl:Stalk","theCatGirl:SmellFear","Vengeance"],"picked":"SKIP","floor":14},{"not_picked":["theCatGirl:LearnThePattern","theCatGirl:SevenLives","Replay:LoomingThreat"],"picked":"theCatGirl:Howl","floor":16},{"not_picked":["theCatGirl:PoisedStrike","theCatGirl:LearnByMistake","theCatGirl:LuckyBlow"],"picked":"DeceiveReality","floor":18},{"not_picked":["theCatGirl:SearchBackpack","theCatGirl:TwoStep","EmptyBody"],"picked":"theCatGirl:QuickStrike+1","floor":23},{"not_picked":["theCatGirl:FocusedStrike","theCatGirl:LearnByMistake","theCatGirl:DefensiveStance","CarveReality"],"picked":"SKIP","floor":24},{"not_picked":["theCatGirl:AllIn+1","theCatGirl:Howl","theCatGirl:TripLunge","Sanctity"],"picked":"SKIP","floor":29},{"not_picked":["theCatGirl:ThatWasntIt","theCatGirl:Parry","Prostrate"],"picked":"theCatGirl:FocusedStrike+1","floor":31},{"not_picked":["theCatGirl:PerfectBlock","theCatGirl:AccidentalHeadbutt","Replay:AllIn"],"picked":"theCatGirl:AdventurersInsight","floor":33},{"not_picked":["theCatGirl:TripLunge","theCatGirl:FinishingMove+1","theCatGirl:TwoStep","ClearTheMind"],"picked":"SKIP","floor":35},{"not_picked":["theCatGirl:GoddessOfMisfortune","theCatGirl:Prepared+1","Replay:AtTheReady"],"picked":"theCatGirl:Parry+1","floor":38},{"not_picked":["theCatGirl:Insane","theCatGirl:BloodScent","theCatGirl:Claws","Replay:Battleflow"],"picked":"SKIP","floor":40},{"not_picked":["theCatGirl:Stalk+1","theCatGirl:SpinningStrike+1","Crescendo"],"picked":"theCatGirl:SearchBackpack+1","floor":41},{"not_picked":["theCatGirl:EmergencyParry+1","theCatGirl:AccidentalSlap+1","CarveReality"],"picked":"theCatGirl:ExtremeSpeed+1","floor":42},{"not_picked":["theCatGirl:TryingMyBest","theCatGirl:KeepAlert","theCatGirl:FocusedStrike","Replay:Cycle"],"picked":"SKIP","floor":45},{"not_picked":["theCatGirl:Prepared","theCatGirl:LuckyBlow+1","theCatGirl:Meow","Consecrate"],"picked":"SKIP","floor":47}],"player_experience":291848,"relics_obtained":[{"floor":6,"key":"foxEvents:LuckyCharm"},{"floor":7,"key":"infinitespire:Lychee Nut"},{"floor":8,"key":"jedi:gremlinknob"},{"floor":9,"key":"Shuriken"},{"floor":11,"key":"Replay:Bandana"},{"floor":14,"key":"Replay:WaspNest"},{"floor":23,"key":"jedi:cryingmask"},{"floor":26,"key":"infinitespire:CheckeredPen"},{"floor":29,"key":"MealTicket"},{"floor":37,"key":"ReplayTheSpireMod:Ring of Sloth"},{"floor":37,"key":"Ring of Searing"},{"floor":40,"key":"StuffTheSpire:ForceGauntlet"},{"floor":42,"key":"Anchor"},{"floor":43,"key":"hubris:SlimyHat"},{"floor":47,"key":"jedi:arcanewood"},{"floor":48,"key":"halation:Toothbrush"}],"event_choices":[{"cards_removed":["StuffTheSpire:Brawn"],"damage_healed":0,"gold_gain":0,"player_choice":"Give","damage_taken":0,"max_hp_gain":0,"max_hp_loss":0,"event_name":"betterNote:BetterNote","floor":19,"gold_loss":0,"cards_obtained":["potionbrewer:Smack"]},{"damage_healed":0,"gold_gain":0,"player_choice":"Became a vampire","damage_taken":0,"max_hp_gain":0,"max_hp_loss":18,"event_name":"Vampires","floor":20,"gold_loss":0,"cards_obtained":["Bite","Bite","Bite","Bite","Bite"]},{"damage_healed":0,"gold_gain":0,"player_choice":"Paid Fearfully","damage_taken":0,"max_hp_gain":0,"max_hp_loss":0,"event_name":"Masked Bandits","floor":22,"gold_loss":46}],"is_beta":false,"boss_relics":[{"not_picked":["Fusion Hammer","halation:Prosthetics"],"picked":"StuffTheSpire:Kangaroo"},{"not_picked":["halation:ForbiddenBikini","Snecko Eye"],"picked":"hubris:ScarierMask"}],"items_purged_floors":[46,53],"is_endless":false,"potions_floor_spawned":[1,2,3,16,24,31,33,35,38,47],"ascension_level":1}}