{"host":"9qgbal69wq5palas","time":1612279855,"event":{"mods":["2.2 Compatiblity","Abigail Mod","AchievementEnabler","Act Like it!","Aspiration","Astrologer","Bartender","BaseMod","Better Altar","Better Note","Better Skull","Better Third Choice","Colored Powertips","Hallownest","Hermit","Highlight Path","Hubris","Infinite Spire","Jorbs\u0027s Wanderer Trilogy","Koishi","Lobotomy","Minty Spire (QoL Compilation)","Potionbrewer","Quick Restart","Random Character Button","Replay The Spire","Shade Mod","Shop Mod","Spicy Shops","StSLib","The Animator","The Bug Knight","The Cursed","The Disciple","The Exalted","The Hierophant","The Necromancer","The Servant 0.9.4","Wandering Minibosses"],"gold_per_floor":[117,42,42,62,62,87,97,126,204,215,257,270,305,318,318,423,423,1183,1213,1223,1223,1158,1191,1201,1201,1201,1232,1245,1276,468,479,479,576,576,596,596,596,596,616,641,341,370,370,370,403,419,419,433,433,433,433,433,433,29,63,63],"floor_reached":57,"language":"ENG","playtime":3051,"items_purged":["Shade:Defend_Shade","Replay:Bag of Tricks","Shade:GreyBargain","Limit Break","Shade:SoulToxin","Shade:Strike_Shade"],"score":1786,"play_id":"19772569-9430-41fb-af97-46952404c54c","local_time":"20210202163055","is_ascension_mode":true,"campfire_choices":[{"data":"Shade:TouchOfTheGrave","floor":15,"key":"SMITH"},{"data":"Shade:TouchOfTheGrave","floor":25,"key":"SMITH"},{"floor":32,"key":"RECALL"},{"data":"Shade:ExtraLimbs","floor":44,"key":"SMITH"},{"data":"1","floor":47,"key":"LIFT"},{"data":"2","floor":49,"key":"LIFT"},{"data":"3","floor":53,"key":"LIFT"}],"circlet_count":0,"master_deck":["Shade:Strike_Shade","Shade:Strike_Shade+1","Shade:AnimateDead","Shade:CarefulCut","Shade:ExtraLimbs+1","Shade:TouchOfTheGrave+1","Replay:Poison Smokescreen","Acrobatics","Shade:PoundOfFlesh+1","Shade:TouchOfTheGrave+1","Shade:FleshToFlesh","Shade:ExtraLimbs+1","Shade:FuneraryArmor","Shade:DarkOfNight+1","Shade:FleshOffering","Shade:Premonition","Shade:CloudOfShrapnel+1","Fire Breathing+1","Sentinel+1","Shade:FreshBones+1","Limit Break+1","Shade:TouchOfTheGrave+1","Eclipse","Shade:Excise","Armaments+1","Shade:ExtraLimbs+1","Shrug It Off+1","Shade:FleshOffering","ReplayTheSpireMod:Limb From Limb"],"relics":["Shade:YorickSkull","NeowsBlessing","hubris:Icosahedron","White Beast Statue","infinitespire:ShieldingShard","Replay:WaspNest","Calipers","aspiration:VileToxins","Black Star","wanderingMiniBosses:MasterThiefsPresence","Red Mask","aspiration:IroncladSkillbook","Tiny Chest","Regal Pillow","Replay:Ringing Soul","Kunai","potionbrewer:SlideRule","Girya","Smiling Mask","potionbrewer:Keyblade","MerchantsRug","OrangePellets","hubris:Backtick","Mummified Hand","Snack Pack","hubris:PeanutButter","DollysMirror","Sling","Omamori","Replay:Mystery Machine","aspiration:ChemicalBlood","Art of War","hubris:SlimyHat","BargainBundle","Guide Book","Oddly Smooth Stone","Blood Vial","Bromod:ArcaneVictory"],"acts_visited":["Exordium","TheCity","TheBeyond","TheEnding"],"potions_floor_usage":[10,11,18,18,18,23,24,29,33,33,40,42,45,50,56,56,56],"damage_taken":[{"damage":0,"enemies":"Jaw Worm","floor":1,"turns":1},{"damage":0,"enemies":"Cultist","floor":4,"turns":1},{"damage":0,"enemies":"Lagavulin","floor":6,"turns":1},{"damage":0,"enemies":"2 Louse","floor":7,"turns":2},{"damage":0,"enemies":"Replay:BlueRogue","floor":8,"turns":4},{"damage":0,"enemies":"Lots of Slimes","floor":10,"turns":3},{"damage":8,"enemies":"3 Sentries","floor":11,"turns":6},{"damage":0,"enemies":"Large Slime","floor":12,"turns":5},{"damage":6,"enemies":"Replay:BlueRogue","floor":13,"turns":3},{"damage":0,"enemies":"2 Fungi Beasts","floor":14,"turns":2},{"damage":0,"enemies":"Slime Boss","floor":16,"turns":7},{"damage":0,"enemies":"3 Byrds","floor":18,"turns":7},{"damage":1,"enemies":"Masked Bandits","floor":19,"turns":4},{"damage":0,"enemies":"2 Thieves","floor":20,"turns":4},{"damage":11,"enemies":"Slavers","floor":23,"turns":3},{"damage":0,"enemies":"Snecko","floor":24,"turns":3},{"damage":0,"enemies":"Book of Stabbing","floor":27,"turns":4},{"damage":0,"enemies":"3 Cultists","floor":28,"turns":4},{"damage":0,"enemies":"Gremlin Leader","floor":29,"turns":4},{"damage":16,"enemies":"Snake Plant","floor":31,"turns":2},{"damage":20,"enemies":"Collector","floor":33,"turns":6},{"damage":0,"enemies":"3 Darklings","floor":35,"turns":4},{"damage":1,"enemies":"3 Shapes","floor":39,"turns":5},{"damage":9,"enemies":"R_Hoarder","floor":40,"turns":5},{"damage":66,"enemies":"Nightmare","floor":42,"turns":6},{"damage":0,"enemies":"R_Hoarder","floor":45,"turns":6},{"damage":0,"enemies":"Sphere and 2 Shapes","floor":46,"turns":3},{"damage":0,"enemies":"Maw","floor":48,"turns":4},{"damage":22,"enemies":"Donu and Deca","floor":50,"turns":6},{"damage":0,"enemies":"Shield and Spear","floor":55,"turns":4},{"damage":30,"enemies":"The Heart","floor":56,"turns":5}],"seed_played":"8818765975529648292","potions_obtained":[{"floor":7,"key":"Languid Potion"},{"floor":8,"key":"SkillPotion"},{"floor":10,"key":"potionbrewer:MidasPotion"},{"floor":11,"key":"SkillPotion"},{"floor":12,"key":"potionbrewer:FreezingPotion"},{"floor":13,"key":"Explosive Potion"},{"floor":14,"key":"SteroidPotion"},{"floor":18,"key":"Energy Potion"},{"floor":19,"key":"FearPotion"},{"floor":20,"key":"Adrenaline Potion"},{"floor":23,"key":"potionbrewer:NoxiousPotion"},{"floor":24,"key":"DuplicationPotion"},{"floor":27,"key":"Venom Potion"},{"floor":28,"key":"Elixir"},{"floor":29,"key":"potionbrewer:NoxiousPotion"},{"floor":33,"key":"potionbrewer:BlacksmithPotion"},{"floor":35,"key":"PowerPotion"},{"floor":40,"key":"SpeedPotion"},{"floor":42,"key":"PowerPotion"},{"floor":45,"key":"Block Potion"},{"floor":46,"key":"PowerPotion"},{"floor":48,"key":"SteroidPotion"},{"floor":55,"key":"Weak Potion"}],"is_trial":false,"path_per_floor":["M","$","?","M","?","E","M","E","T","M","E","M","E","M","R","B",null,"M","?","M","AVR","?","E","M","R","T","E","M","E","$","M","R","B",null,"M","AVR","?","T","M","E","$","NM","T","R","E","M","R","M","R","B",null,null,"R","$","E","B",null],"character_chosen":"SHADE","items_purchased":["potionbrewer:Keyblade","MerchantsRug","Limit Break","OrangePellets","DollysMirror","Sling","Adrenaline Potion","BargainBundle","Shade:FleshOffering","Guide Book","Oddly Smooth Stone"],"campfire_rested":0,"item_purchase_floors":[30,30,30,30,41,41,41,54,54,54,54],"current_hp_per_floor":[65,65,65,65,65,65,65,65,65,65,57,57,51,51,51,51,65,65,64,64,64,64,60,67,67,67,71,74,77,80,71,71,58,86,89,89,89,89,92,87,90,31,31,31,39,43,43,49,49,35,35,98,98,101,104,81],"gold":63,"neow_bonus":"THREE_ENEMY_KILL","is_daily":false,"chose_seed":false,"campfire_upgraded":3,"win_rate":0.0,"timestamp":1612279855,"path_taken":["M","$","?","M","?","E","M","E","T","M","E","?","E","M","R","BOSS","M","?","M","AVR","?","E","?","R","T","E","M","E","$","?","R","BOSS","M","AVR","?","?","M","E","$","NM","T","R","E","M","R","M","R","BOSS","R","$","E","BOSS"],"items_purchased_type":["Relic","Relic","Card","Relic","Relic","Relic","Potion","Relic","Card","Relic","Relic"],"build_version":"2020-12-22","purchased_purges":6,"victory":true,"max_hp_per_floor":[65,65,65,65,65,65,65,65,65,65,65,65,65,65,65,65,65,65,65,65,65,65,68,71,71,71,71,74,77,80,83,83,86,86,89,89,89,89,92,92,95,98,98,98,98,98,98,98,98,98,98,98,98,101,104,104],"card_choices":[{"not_picked":["Shade:AncientSpear","Shade:SkeletonHug"],"picked":"Shade:ExtraLimbs","floor":1},{"not_picked":["Shade:SpontaneousRitual","Shade:WallOfFlesh"],"picked":"Shade:TouchOfTheGrave","floor":4},{"not_picked":["Shade:CallWraith","Shade:PotionOfRestlessness"],"picked":"Shade:PoundOfFlesh","floor":6},{"not_picked":["Shade:Bonestorm","Shade:Awaken"],"picked":"Shade:SoulToxin","floor":7},{"not_picked":["Shade:PressTheAttack","Shade:FingerOfDeath"],"picked":"Shade:TouchOfTheGrave","floor":8},{"not_picked":["Shade:Coordination","Shade:CommandSoldier"],"picked":"Shade:FleshToFlesh","floor":10},{"not_picked":["Shade:TouchOfTheGrave","Shade:WallOfFlesh","Shade:Trample"],"picked":"SKIP","floor":11},{"not_picked":["Shade:RavenousHorde","Shade:WallOfFlesh"],"picked":"Shade:ExtraLimbs","floor":12},{"not_picked":["Shade:FeralStrike","Shade:ClawBack"],"picked":"Shade:GreyBargain","floor":13},{"not_picked":["Shade:RavenousHorde","Shade:LastGasp"],"picked":"Shade:FuneraryArmor","floor":14},{"not_picked":["Shade:UnbarTheGrave","Shade:Consume"],"picked":"Shade:DarkOfNight","floor":16},{"not_picked":["Shade:AblativeArmor","Shade:BoneShards"],"picked":"Shade:FleshOffering","floor":18},{"not_picked":["Shade:GraveStillness+1","Shade:BoneShards+1"],"picked":"Shade:Premonition","floor":19},{"not_picked":["Shade:FreshBones","Shade:FuneraryArmor+1"],"picked":"Shade:CloudOfShrapnel+1","floor":20},{"not_picked":["Thunderclap","Masterful Stab","Cleave"],"picked":"Limit Break","floor":23},{"not_picked":["Shade:Trample","Shade:Frenzy+1","Shade:GreyBargain"],"picked":"Fire Breathing+1","floor":24},{"not_picked":["Cleave","Shade:AncientSpear","Iron Wave","Prepared"],"picked":"SKIP","floor":27},{"not_picked":["Shade:LyeBath","Shade:FingerOfDeath","Replay:Many Hands"],"picked":"Sentinel+1","floor":28},{"not_picked":["Rage","Shade:FleshToFlesh","Replay:Many Hands"],"picked":"Shade:FreshBones+1","floor":29},{"not_picked":["Pommel Strike+1","Uppercut+1","Shade:AncientSpear"],"picked":"Shade:TouchOfTheGrave+1","floor":31},{"not_picked":["Offering","Replay:Many Hands","Storm of Steel"],"picked":"Eclipse","floor":33},{"not_picked":["Perfected Strike","Shade:GreyBargain+1","Body Slam"],"picked":"Shade:Excise","floor":35},{"not_picked":["Bloodletting","Shade:Asphyxiate","Shade:FeralStrike+1"],"picked":"Armaments+1","floor":39},{"not_picked":["Shade:CoffinDance","ReplayReversal","Clothesline+1","Searing Blow"],"picked":"SKIP","floor":40},{"not_picked":["Shade:PoundOfFlesh","Reckless Charge+1","Seeing Red"],"picked":"Shrug It Off+1","floor":42},{"not_picked":["True Grit","Disarm","Twin Strike+1","Clothesline+1"],"picked":"SKIP","floor":45},{"not_picked":["Iron Wave+1","Shade:RavenousHorde+1","Second Wind+1","Shade:Frenzy"],"picked":"SKIP","floor":46},{"not_picked":["Pommel Strike","Carnage","Shade:PotionOfRestlessness+1","Shade:FuneraryArmor+1"],"picked":"SKIP","floor":48},{"not_picked":["Shade:FuneraryArmor","Seeing Red+1","Shade:ExtraLimbs"],"picked":"ReplayTheSpireMod:Limb From Limb","floor":55}],"player_experience":2712052,"relics_obtained":[{"floor":6,"key":"White Beast Statue"},{"floor":8,"key":"infinitespire:ShieldingShard"},{"floor":9,"key":"Replay:WaspNest"},{"floor":11,"key":"Calipers"},{"floor":13,"key":"aspiration:VileToxins"},{"floor":18,"key":"wanderingMiniBosses:MasterThiefsPresence"},{"floor":19,"key":"Red Mask"},{"floor":23,"key":"Regal Pillow"},{"floor":23,"key":"Replay:Ringing Soul"},{"floor":27,"key":"Kunai"},{"floor":27,"key":"potionbrewer:SlideRule"},{"floor":29,"key":"Girya"},{"floor":29,"key":"Smiling Mask"},{"floor":38,"key":"Replay:Accelerometer"},{"floor":40,"key":"hubris:PeanutButter"},{"floor":40,"key":"Whetstone"},{"floor":42,"key":"Omamori"},{"floor":42,"key":"Replay:Mystery Machine"},{"floor":43,"key":"aspiration:ChemicalBlood"},{"floor":45,"key":"Art of War"},{"floor":45,"key":"hubris:SlimyHat"},{"floor":55,"key":"Blood Vial"},{"floor":55,"key":"Bromod:ArcaneVictory"}],"event_choices":[{"damage_healed":0,"gold_gain":0,"player_choice":"Fought Bandits","damage_taken":0,"max_hp_gain":0,"max_hp_loss":0,"event_name":"Masked Bandits","floor":19,"gold_loss":0},{"damage_healed":0,"gold_gain":0,"player_choice":"Paid Gold","damage_taken":0,"relics_obtained":["Tiny Chest"],"max_hp_gain":0,"max_hp_loss":0,"event_name":"WeMeetAgain","floor":22,"gold_loss":65},{"cards_removed":["Shade:Strike_Shade"],"damage_healed":0,"gold_gain":0,"player_choice":"Removed Attack","damage_taken":0,"max_hp_gain":0,"max_hp_loss":0,"event_name":"Falling","floor":37,"gold_loss":0}],"is_beta":false,"boss_relics":[{"not_picked":["Bromod:ArcaneEnergize","Pandora\u0027s Box"],"picked":"Black Star"},{"not_picked":["Abe\u0027s Treasure","Silver_Glasses"],"picked":"hubris:Backtick"}],"items_purged_floors":[2,21,30,36,41,54],"is_endless":false,"potions_floor_spawned":[7,8,10,11,12,13,14,16,18,19,20,23,24,27,28,29,31,33,35,39,40,42,45,46,48,55],"ascension_level":3}}