{"host":"mw3dmj42qtkbha4b","time":1612278931,"event":{"mods":["BaseMod","Colored Map","Colored Powertips","DeckTracker","Minty Spire (QoL Compilation)","StSLib","SuperFastMode"],"gold_per_floor":[114,114,114,133,149,149,166,166,166,201,201,230,244,256,256,327,327,346,365,365,376,301,301,316,316,316],"floor_reached":25,"language":"KOR","playtime":767,"items_purged":[],"score":480,"play_id":"6811e663-6807-492d-8219-e5d1a78e42e8","local_time":"20210203001531","is_ascension_mode":true,"campfire_choices":[{"data":"Eruption","floor":6.0,"key":"SMITH"},{"floor":8.0,"key":"REST"},{"floor":15.0,"key":"REST"},{"floor":23.0,"key":"REST"}],"circlet_count":0,"master_deck":["AscendersBane","Strike_P+1","Strike_P","Strike_P+1","Strike_P","Defend_P","Defend_P","Defend_P","Eruption+1","Vigilance+1","Indignation","BattleHymn"],"relics":["PureWater","NeowsBlessing","PreservedInsect","Lizard Tail","Ornamental Fan","SacredBark"],"acts_visited":["Exordium","TheCity"],"potions_floor_usage":[25],"damage_taken":[{"damage":0.0,"enemies":"Cultist","floor":1.0,"turns":1.0},{"damage":0.0,"enemies":"2 Louse","floor":4.0,"turns":1.0},{"damage":0.0,"enemies":"Jaw Worm","floor":5.0,"turns":1.0},{"damage":13.0,"enemies":"Gremlin Gang","floor":7.0,"turns":4.0},{"damage":22.0,"enemies":"3 Sentries","floor":10.0,"turns":6.0},{"damage":0.0,"enemies":"Lagavulin","floor":12.0,"turns":3.0},{"damage":0.0,"enemies":"Blue Slaver","floor":13.0,"turns":1.0},{"damage":12.0,"enemies":"3 Louse","floor":14.0,"turns":2.0},{"damage":15.0,"enemies":"The Guardian","floor":16.0,"turns":9.0},{"damage":16.0,"enemies":"Spheric Guardian","floor":18.0,"turns":4.0},{"damage":39.0,"enemies":"3 Byrds","floor":19.0,"turns":5.0},{"damage":19.0,"enemies":"Centurion and Healer","floor":21.0,"turns":6.0},{"damage":43.0,"enemies":"Chosen and Byrds","floor":24.0,"turns":5.0},{"damage":7,"enemies":"Slavers","floor":25,"turns":2}],"seed_played":"-1682619079584783096","potions_obtained":[{"floor":5.0,"key":"LiquidBronze"},{"floor":10.0,"key":"SteroidPotion"},{"floor":13.0,"key":"Fruit Juice"},{"floor":14.0,"key":"PowerPotion"},{"floor":18.0,"key":"Energy Potion"},{"floor":19.0,"key":"Swift Potion"},{"floor":24.0,"key":"SpeedPotion"}],"is_trial":false,"path_per_floor":["M","?","?","M","M","R","M","R","T","E","?","E","M","M","R","B",null,"M","M","?","M","?","R","M","E"],"character_chosen":"WATCHER","items_purchased":[],"campfire_rested":3,"item_purchase_floors":[],"current_hp_per_floor":[61,50,30,30,30,30,17,37,37,15,15,15,15,8,29,14,58,42,3,3,23,23,44,1,0,0],"gold":316,"neow_bonus":"THREE_ENEMY_KILL","is_daily":false,"chose_seed":false,"campfire_upgraded":1,"win_rate":0.0,"timestamp":1612278931,"path_taken":["M","?","?","?","?","R","M","R","T","E","?","E","M","M","R","BOSS","M","?","?","M","?","R","M","E"],"items_purchased_type":[],"build_version":"2020-12-22","purchased_purges":0,"victory":false,"max_hp_per_floor":[68,68,68,68,68,68,68,68,68,68,68,68,68,73,73,73,73,73,73,73,73,73,73,73,73,73],"card_choices":[{"not_picked":["JustLucky","Study","Prostrate"],"picked":"SKIP","floor":1.0},{"not_picked":["CutThroughFate","Halt","EmptyMind"],"picked":"SKIP","floor":4.0},{"not_picked":["WindmillStrike","ThirdEye"],"picked":"Indignation","floor":5.0},{"not_picked":["ForeignInfluence","BowlingBash","InnerPeace"],"picked":"SKIP","floor":7.0},{"not_picked":["Consecrate","InnerPeace","FollowUp"],"picked":"SKIP","floor":10.0},{"not_picked":["Study","CutThroughFate"],"picked":"BattleHymn","floor":12.0},{"not_picked":["EmptyFist","ThirdEye","SashWhip"],"picked":"SKIP","floor":13.0},{"not_picked":["Evaluate","Adaptation","TalkToTheHand"],"picked":"SKIP","floor":14.0},{"not_picked":["CrushJoints","JustLucky","PathToVictory"],"picked":"SKIP","floor":18.0},{"not_picked":["BowlingBash","Worship","FollowUp"],"picked":"SKIP","floor":19.0},{"not_picked":["Protect","Fasting2","ClearTheMind"],"picked":"SKIP","floor":21.0},{"not_picked":["SashWhip","Swivel","Evaluate"],"picked":"SKIP","floor":24.0}],"player_experience":1785716,"relics_obtained":[{"floor":10.0,"key":"Lizard Tail"},{"floor":12.0,"key":"Ornamental Fan"}],"event_choices":[{"damage_healed":0.0,"max_hp_gain":0.0,"max_hp_loss":0.0,"gold_gain":0.0,"event_name":"Scrap Ooze","player_choice":"Success","floor":2.0,"gold_loss":0.0,"damage_taken":11.0,"relics_obtained":["PreservedInsect"]},{"damage_healed":0.0,"max_hp_gain":0.0,"max_hp_loss":0.0,"gold_gain":0.0,"event_name":"Shining Light","player_choice":"Entered Light","floor":3.0,"gold_loss":0.0,"damage_taken":20.0,"cards_upgraded":["Strike_P","Strike_P"]},{"damage_healed":0.0,"max_hp_gain":0.0,"max_hp_loss":0.0,"gold_gain":0.0,"event_name":"Accursed Blacksmith","player_choice":"Forge","floor":11.0,"gold_loss":0.0,"damage_taken":0.0,"cards_upgraded":["Vigilance"]},{"damage_healed":0.0,"max_hp_gain":0.0,"max_hp_loss":0.0,"gold_gain":0.0,"event_name":"Vampires","player_choice":"Ignored","floor":20.0,"gold_loss":0.0,"damage_taken":0.0},{"cards_removed":["Defend_P"],"damage_healed":0.0,"max_hp_gain":0.0,"max_hp_loss":0.0,"gold_gain":0.0,"event_name":"Beggar","player_choice":"Gave Gold","floor":22.0,"gold_loss":75.0,"damage_taken":0.0}],"is_beta":false,"boss_relics":[{"not_picked":["Fusion Hammer","Cursed Key"],"picked":"SacredBark"}],"items_purged_floors":[],"is_endless":false,"potions_floor_spawned":[5,10,13,14,18,19,24],"killed_by":"Slavers","ascension_level":20}}