{"host":"q206iib20se9i6w7","time":1612225337,"event":{"mods":["AchievementEnabler","BaseMod","Bestiary","Block Reminder","Colored Map","Colored Powertips","Curses Come First","Highlight Path","Key Reminder","Minty Spire (QoL Compilation)","Quick Restart","Random Character Button","Relic Stats","StSLib","SuperFastMode","Unceasing Turn Reminder"],"gold_per_floor":[116,126,145,145,145,179,179,19,42,42,59,84,84,97,97,195,195,207,224,224,224],"floor_reached":20,"language":"ENG","playtime":1196,"items_purged":[],"score":294,"play_id":"3c3310d4-7b23-4e4f-a203-75cec55510c8","local_time":"20210201182217","is_ascension_mode":true,"campfire_choices":[{"floor":7,"key":"REST"},{"floor":13,"key":"REST"},{"data":"Devotion","floor":15,"key":"SMITH"}],"circlet_count":0,"master_deck":["AscendersBane","Eruption+1","Vigilance","BowlingBash+1","Collect","Evaluate","Nirvana","Devotion+1","Ragnarok","Adaptation","CutThroughFate","Brilliance","Blasphemy","DeceiveReality","CarveReality","ConjureBlade","Alpha","DeusExMachina","SpiritShield","CutThroughFate"],"relics":["Snecko Eye","Blood Vial","Whetstone","Dream Catcher","Smiling Mask","Pandora\u0027s Box"],"acts_visited":["Exordium","TheCity"],"potions_floor_usage":[12,20,20],"damage_taken":[{"damage":1,"enemies":"Small Slimes","floor":1,"turns":4},{"damage":0,"enemies":"Jaw Worm","floor":2,"turns":3},{"damage":7,"enemies":"2 Louse","floor":3,"turns":3},{"damage":33,"enemies":"3 Sentries","floor":6,"turns":10},{"damage":23,"enemies":"Gremlin Gang","floor":11,"turns":5},{"damage":8,"enemies":"Gremlin Nob","floor":12,"turns":3},{"damage":1,"enemies":"Looter","floor":14,"turns":3},{"damage":31,"enemies":"The Guardian","floor":16,"turns":10},{"damage":25,"enemies":"Shell Parasite","floor":18,"turns":4},{"damage":29,"enemies":"Chosen","floor":19,"turns":5},{"damage":26,"enemies":"Centurion and Healer","floor":20,"turns":3}],"seed_played":"3858271860139465027","potions_obtained":[{"floor":6,"key":"Strength Potion"},{"floor":10,"key":"Regen Potion"},{"floor":10,"key":"Ambrosia"},{"floor":12,"key":"BlessingOfTheForge"}],"is_trial":false,"path_per_floor":["M","M","M","?","T","E","R","$","T","?","M","E","R","M","R","B",null,"M","M","M"],"character_chosen":"WATCHER","items_purchased":["Ragnarok"],"campfire_rested":2,"item_purchase_floors":[8],"current_hp_per_floor":[64,64,57,57,57,26,47,47,47,47,26,20,41,42,42,13,57,34,7,0,0],"gold":224,"neow_bonus":"BOSS_RELIC","is_daily":false,"chose_seed":false,"campfire_upgraded":1,"win_rate":0.0,"timestamp":1612225337,"path_taken":["M","M","M","?","?","E","R","?","T","?","M","E","R","M","R","BOSS","M","?","?"],"items_purchased_type":["Card"],"build_version":"2020-12-22","purchased_purges":0,"victory":false,"max_hp_per_floor":[72,72,72,72,72,72,72,72,72,72,72,72,72,72,72,72,72,72,72,72,72],"relic_stats":{"Blood Vial":16,"Dream Catcher":1,"counters":[11,53],"Snecko Eye":[71,84,88,97],"Pandora\u0027s Box":["Blasphemy","DeceiveReality","CarveReality","ConjureBlade","Alpha","DeusExMachina","SpiritShield"],"Whetstone":["BowlingBash","Eruption"],"Smiling Mask":0,"obtain_stats":[{"Blood Vial":5,"Dream Catcher":9,"Snecko Eye":0,"Pandora\u0027s Box":17,"Whetstone":6,"PureWater":0,"Smiling Mask":12},{"Blood Vial":3,"Dream Catcher":4,"Snecko Eye":0,"Pandora\u0027s Box":8,"Whetstone":4,"PureWater":0,"Smiling Mask":6},{"Blood Vial":10,"Dream Catcher":20,"Snecko Eye":0,"Pandora\u0027s Box":41,"Whetstone":20,"PureWater":0,"Smiling Mask":28}]},"card_choices":[{"not_picked":["Evaluate","Consecrate"],"picked":"BowlingBash","floor":1},{"not_picked":["FollowUp","Crescendo"],"picked":"Collect","floor":2},{"not_picked":["Prostrate","PathToVictory"],"picked":"Evaluate","floor":3},{"not_picked":["Evaluate","ThirdEye"],"picked":"Devotion","floor":6},{"not_picked":["ReachHeaven","CrushJoints","Collect"],"picked":"SKIP","floor":11},{"not_picked":["Perseverance","Protect"],"picked":"Adaptation","floor":12},{"not_picked":["JustLucky","Protect"],"picked":"CutThroughFate","floor":14},{"not_picked":["Scrawl","Establishment"],"picked":"Brilliance","floor":16},{"not_picked":["FollowUp","FlyingSleeves"],"picked":"CutThroughFate","floor":18},{"not_picked":["Fasting2","ClearTheMind","CutThroughFate"],"picked":"SKIP","floor":19}],"player_experience":301895,"relics_obtained":[{"floor":5,"key":"Blood Vial"},{"floor":6,"key":"Whetstone"},{"floor":9,"key":"Dream Catcher"},{"floor":12,"key":"Smiling Mask"}],"event_choices":[{"damage_healed":0,"gold_gain":0,"cards_transformed":["Strike_P"],"player_choice":"Change","damage_taken":0,"max_hp_gain":0,"max_hp_loss":0,"event_name":"Living Wall","floor":4,"gold_loss":0,"cards_obtained":["Nirvana"]},{"damage_healed":0,"gold_gain":0,"player_choice":"Got Potions","damage_taken":0,"max_hp_gain":0,"max_hp_loss":0,"event_name":"Lab","floor":10,"gold_loss":0}],"is_beta":false,"boss_relics":[{"not_picked":["Calling Bell","Empty Cage"],"picked":"Pandora\u0027s Box"}],"items_purged_floors":[],"is_endless":false,"potions_floor_spawned":[6,12,16],"killed_by":"Centurion and Healer","ascension_level":12}}