{"host":"vyjryxuuuxkt43k4","time":1612225935,"event":{"mods":["AchievementEnabler","BaseMod","Colored Map","DeckTracker","Keyboard Shortcuts","Minty Spire (QoL Compilation)","Permanent Neow","Quick Restart","Rare Cards Sparkle","Relic Stats","StSLib","SuperFastMode","everything is the same but u backflip on backflip"],"gold_per_floor":[109,129,129,204,204,204,235,235,235,251,265,265,31,31,31,126,126,146,171,18,18,31,64,64,77,77,108,133,133,2,2,2,96,96,116,134,134,11,42,42,80,80,80,96,115,115,156,156,156,156,156,156,8,41,41],"floor_reached":56,"language":"KOR","playtime":3472,"items_purged":["Strike_G","Blade Dance","Leg Sweep"],"score":2184,"play_id":"d3a3dc6c-3c39-420e-a1c1-86efde23daca","local_time":"20210202093215","is_ascension_mode":true,"campfire_choices":[{"floor":6.0,"key":"REST"},{"data":"Neutralize","floor":8.0,"key":"SMITH"},{"data":"Quick Slash","floor":12.0,"key":"SMITH"},{"data":"Acrobatics","floor":15.0,"key":"SMITH"},{"data":"After Image","floor":24.0,"key":"SMITH"},{"data":"Tactician","floor":29.0,"key":"SMITH"},{"data":"Well Laid Plans","floor":32.0,"key":"SMITH"},{"data":"Adrenaline","floor":40.0,"key":"SMITH"},{"data":"Grand Finale","floor":42.0,"key":"SMITH"},{"floor":46.0,"key":"RECALL"},{"data":"Malaise","floor":49.0,"key":"SMITH"},{"data":"Backflip","floor":52,"key":"SMITH"}],"circlet_count":0,"master_deck":["AscendersBane","Survivor","Neutralize+1","Acrobatics+1","Backflip+1","Quick Slash+1","Grand Finale+1","Corpse Explosion","Endless Agony","Adrenaline+1","After Image+1","Malaise+1","Heel Hook","Flying Knee","Dodge and Roll","Eviscerate","Well Laid Plans+1","Acrobatics","Noxious Fumes+1","Tactician+1","Venomology"],"relics":["Ring of the Snake","NeowsBlessing","Golden Idol","Happy Flower","The Courier","ClockworkSouvenir","Pandora\u0027s Box","Membership Card","Bag of Preparation","Paper Crane","Calipers","Lee\u0027s Waffle","Busted Crown","Medical Kit","Bird Faced Urn","Bottled Lightning","Mercury Hourglass","Boot","Blue Candle","Snake Skull"],"acts_visited":["Exordium","TheCity","TheBeyond","TheEnding"],"potions_floor_usage":[54,54,55,55],"damage_taken":[{"damage":0.0,"enemies":"2 Louse","floor":1.0,"turns":1.0},{"damage":0.0,"enemies":"Jaw Worm","floor":2.0,"turns":1.0},{"damage":0.0,"enemies":"Lagavulin","floor":7.0,"turns":1.0},{"damage":0.0,"enemies":"Cultist","floor":10.0,"turns":3.0},{"damage":1.0,"enemies":"Gremlin Gang","floor":11.0,"turns":5.0},{"damage":42.0,"enemies":"The Guardian","floor":16.0,"turns":18.0},{"damage":0.0,"enemies":"Chosen","floor":18.0,"turns":3.0},{"damage":0.0,"enemies":"Shell Parasite","floor":19.0,"turns":5.0},{"damage":11.0,"enemies":"Centurion and Healer","floor":22.0,"turns":5.0},{"damage":12.0,"enemies":"Slavers","floor":23.0,"turns":2.0},{"damage":0.0,"enemies":"Sentry and Sphere","floor":25.0,"turns":2.0},{"damage":12.0,"enemies":"Gremlin Leader","floor":27.0,"turns":5.0},{"damage":3.0,"enemies":"Snecko","floor":28.0,"turns":4.0},{"damage":0.0,"enemies":"Collector","floor":33.0,"turns":5.0},{"damage":0.0,"enemies":"3 Darklings","floor":35.0,"turns":1.0},{"damage":0.0,"enemies":"Orb Walker","floor":36.0,"turns":2.0},{"damage":0.0,"enemies":"Mind Bloom Boss Battle","floor":39.0,"turns":2.0},{"damage":0.0,"enemies":"Giant Head","floor":41.0,"turns":2.0},{"damage":8.0,"enemies":"3 Darklings","floor":44.0,"turns":2.0},{"damage":0.0,"enemies":"Spire Growth","floor":45.0,"turns":2.0},{"damage":0.0,"enemies":"Nemesis","floor":47.0,"turns":7.0},{"damage":12,"enemies":"Time Eater","floor":50,"turns":6},{"damage":20,"enemies":"Shield and Spear","floor":54,"turns":2},{"damage":32,"enemies":"The Heart","floor":55,"turns":5}],"seed_played":"4861313261059419481","potions_obtained":[{"floor":2.0,"key":"EssenceOfSteel"},{"floor":10.0,"key":"CunningPotion"},{"floor":22.0,"key":"SteroidPotion"},{"floor":25.0,"key":"Poison Potion"},{"floor":33.0,"key":"SkillPotion"},{"floor":41.0,"key":"Regen Potion"}],"is_trial":false,"path_per_floor":["M","M","?","?","?","R","E","R","T","M","M","R","$","?","R","B",null,"M","M","$","?","M","E","R","M","T","E","M","R","$","?","R","B",null,"M","M","?","$","?","R","E","R","T","M","M","R","E","?","R","B",null,"R","$","E","B",null],"character_chosen":"THE_SILENT","items_purchased":["Regen Potion","ClockworkSouvenir","Membership Card","Well Laid Plans","Lee\u0027s Waffle","Dexterity Potion","Medical Kit","Blue Candle","Venomology","Swift Potion"],"campfire_rested":1,"item_purchase_floors":[13,13,20,20,30,30,38,53,53,53],"current_hp_per_floor":[59,59,36,25,16,35,35,35,35,35,34,34,34,39,39,12,56,56,56,56,56,45,33,33,33,33,21,18,18,78,78,78,78,78,78,78,78,78,78,78,78,78,78,72,78,78,78,78,78,66,75,75,75,58,32],"gold":41,"neow_bonus":"THREE_ENEMY_KILL","is_daily":false,"chose_seed":false,"campfire_upgraded":10,"win_rate":0.0,"timestamp":1612225935,"path_taken":["M","M","?","?","?","R","E","R","T","?","?","R","$","?","R","BOSS","M","M","$","?","M","E","R","M","T","E","M","R","$","?","R","BOSS","M","M","?","?","?","R","E","R","T","M","M","R","E","?","R","BOSS","R","$","E","BOSS"],"items_purchased_type":["Potion","Relic","Relic","Card","Relic","Potion","Relic","Relic","Card","Potion"],"build_version":"2020-12-22","purchased_purges":3,"victory":true,"max_hp_per_floor":[66,66,66,66,66,66,66,66,66,66,66,66,66,71,71,71,71,71,71,71,71,71,71,71,71,71,71,71,71,78,78,78,78,78,78,78,78,78,78,78,78,78,78,78,78,78,78,78,78,78,78,78,78,78,78],"relic_stats":{"Lee\u0027s Waffle":60,"Happy Flower":[29],"counters":[24,91],"Golden Idol":164,"Blue Candle":[0],"Snake Skull":[4],"Bag of Preparation":[28],"Medical Kit":[4],"Boot":[22],"Mercury Hourglass":[39],"Busted Crown":16,"Bird Faced Urn":[17],"Pandora\u0027s Box":["Corpse Explosion","Endless Agony","Adrenaline","After Image","Malaise","Heel Hook","Leg Sweep","Flying Knee","Dodge and Roll"],"obtain_stats":[{"Lee\u0027s Waffle":30,"Calipers":27,"NeowsBlessing":0,"Happy Flower":7,"Golden Idol":3,"Blue Candle":53,"The Courier":9,"Snake Skull":54,"Bag of Preparation":23,"Paper Crane":26,"Medical Kit":38,"Boot":48,"ClockworkSouvenir":13,"Mercury Hourglass":47,"Busted Crown":34,"Bird Faced Urn":39,"Pandora\u0027s Box":17,"Membership Card":20,"Bottled Lightning":41,"Ring of the Snake":0},{"Lee\u0027s Waffle":13,"Calipers":12,"NeowsBlessing":0,"Happy Flower":3,"Golden Idol":2,"Blue Candle":22,"The Courier":3,"Snake Skull":23,"Bag of Preparation":10,"Paper Crane":11,"Medical Kit":16,"Boot":21,"ClockworkSouvenir":5,"Mercury Hourglass":21,"Busted Crown":14,"Bird Faced Urn":17,"Pandora\u0027s Box":6,"Membership Card":8,"Bottled Lightning":18,"Ring of the Snake":0},{"Lee\u0027s Waffle":55,"Calipers":51,"NeowsBlessing":0,"Happy Flower":3,"Golden Idol":2,"Blue Candle":84,"The Courier":3,"Snake Skull":86,"Bag of Preparation":44,"Paper Crane":46,"Medical Kit":63,"Boot":78,"ClockworkSouvenir":11,"Mercury Hourglass":78,"Busted Crown":60,"Bird Faced Urn":65,"Pandora\u0027s Box":29,"Membership Card":37,"Bottled Lightning":67,"Ring of the Snake":0}],"Ring of the Snake":[50]},"card_choices":[{"not_picked":["Bane","Cloak And Dagger"],"picked":"Flying Knee","floor":1.0},{"not_picked":["Slice","Backflip"],"picked":"Acrobatics","floor":2.0},{"not_picked":["Setup","Finisher"],"picked":"Backflip","floor":7.0},{"not_picked":["Sucker Punch","Dagger Throw"],"picked":"Quick Slash","floor":10.0},{"not_picked":["Infinite Blades","Poisoned Stab"],"picked":"Blade Dance","floor":11.0},{"not_picked":["Venomology","Envenom"],"picked":"Grand Finale","floor":16.0},{"not_picked":["Dash","Sucker Punch","Deadly Poison"],"picked":"SKIP","floor":18.0},{"not_picked":["Leg Sweep+1","Calculated Gamble"],"picked":"Eviscerate","floor":19.0},{"not_picked":["Deadly Poison","Noxious Fumes"],"picked":"Acrobatics","floor":22.0},{"not_picked":["Glass Knife","Tools of the Trade"],"picked":"Noxious Fumes+1","floor":23.0},{"not_picked":["Deadly Poison","Flying Knee"],"picked":"Tactician","floor":25.0},{"not_picked":["Choke","Deflect","Doppelganger"],"picked":"SKIP","floor":27.0},{"not_picked":["Noxious Fumes","Acrobatics","Poisoned Stab"],"picked":"SKIP","floor":28.0},{"not_picked":["Dagger Throw"],"picked":"SKIP","floor":35.0},{"not_picked":["Leg Sweep"],"picked":"SKIP","floor":36.0},{"not_picked":["Leg Sweep"],"picked":"SKIP","floor":36.0},{"not_picked":["Backflip"],"picked":"SKIP","floor":41.0},{"not_picked":["Flying Knee"],"picked":"SKIP","floor":44.0},{"not_picked":["Flying Knee+1"],"picked":"SKIP","floor":45.0},{"not_picked":["Flying Knee"],"picked":"SKIP","floor":47.0},{"not_picked":["Storm of Steel"],"picked":"SKIP","floor":54}],"player_experience":589620,"relics_obtained":[{"floor":7.0,"key":"Happy Flower"},{"floor":9.0,"key":"The Courier"},{"floor":23.0,"key":"Bag of Preparation"},{"floor":26.0,"key":"Paper Crane"},{"floor":27.0,"key":"Calipers"},{"floor":39.0,"key":"Bird Faced Urn"},{"floor":41.0,"key":"Bottled Lightning"},{"floor":47.0,"key":"Mercury Hourglass"},{"floor":54,"key":"Snake Skull"}],"event_choices":[{"damage_healed":0.0,"max_hp_gain":0.0,"max_hp_loss":0.0,"gold_gain":0.0,"event_name":"Golden Idol","player_choice":"Take Damage","floor":3.0,"gold_loss":0.0,"damage_taken":23.0,"relics_obtained":["Golden Idol"]},{"damage_healed":0.0,"max_hp_gain":0.0,"max_hp_loss":0.0,"gold_gain":75.0,"event_name":"World of Goop","player_choice":"Gather Gold","floor":4.0,"gold_loss":0.0,"damage_taken":11.0},{"damage_healed":0.0,"max_hp_gain":0.0,"max_hp_loss":0.0,"gold_gain":0.0,"event_name":"Wheel of Change","player_choice":"Damaged","floor":5.0,"gold_loss":0.0,"damage_taken":9.0},{"damage_healed":0.0,"max_hp_gain":5.0,"max_hp_loss":0.0,"gold_gain":0.0,"event_name":"Big Fish","player_choice":"Donut","floor":14.0,"gold_loss":0.0,"damage_taken":0.0},{"damage_healed":0.0,"max_hp_gain":0.0,"max_hp_loss":0.0,"gold_gain":0.0,"event_name":"Vampires","player_choice":"Ignored","floor":21.0,"gold_loss":0.0,"damage_taken":0.0},{"cards_removed":["Flying Knee"],"damage_healed":5.0,"max_hp_gain":0.0,"max_hp_loss":0.0,"gold_gain":0.0,"event_name":"Bonfire Elementals","player_choice":"Offered Common","floor":37.0,"gold_loss":0.0,"damage_taken":0.0},{"cards_removed":["Flying Knee"],"damage_healed":5.0,"max_hp_gain":0.0,"max_hp_loss":0.0,"gold_gain":0.0,"event_name":"Bonfire Elementals","player_choice":"Offered Special","floor":37.0,"gold_loss":0.0,"damage_taken":0.0},{"damage_healed":0.0,"max_hp_gain":0.0,"max_hp_loss":0.0,"gold_gain":0.0,"event_name":"MindBloom","player_choice":"Fight","floor":39.0,"gold_loss":0.0,"damage_taken":0.0},{"damage_healed":0.0,"max_hp_gain":0.0,"max_hp_loss":0.0,"gold_gain":0.0,"event_name":"WeMeetAgain","player_choice":"Gave Potion","floor":48.0,"gold_loss":0.0,"damage_taken":0.0,"relics_obtained":["Boot"]}],"is_beta":false,"boss_relics":[{"not_picked":["WristBlade","Sozu"],"picked":"Pandora\u0027s Box"},{"not_picked":["Runic Dome","Runic Pyramid"],"picked":"Busted Crown"}],"items_purged_floors":[13,30,38],"is_endless":false,"potions_floor_spawned":[2,10,22,25,33,36,41,44,45],"ascension_level":15}}