{"host":"15dd7v8o90xso62x","time":1612235660,"event":{"mods":["BaseMod","Minty Spire (QoL Compilation)","Quick Restart","StSLib","SuperFastMode"],"gold_per_floor":[116,41,41,41,52,52,80,80,106,135,135,468,468,312,312,312,312],"floor_reached":16,"language":"KOR","playtime":425,"items_purged":["Defend_G","Strike_G"],"score":278,"play_id":"648bf0ae-5e5b-4d1f-855b-0cf7d52f8fbd","local_time":"20210202121420","is_ascension_mode":true,"campfire_choices":[{"data":"Dagger Throw","floor":6.0,"key":"SMITH"},{"data":"Neutralize","floor":11.0,"key":"SMITH"},{"data":"Acrobatics","floor":15.0,"key":"SMITH"}],"circlet_count":0,"master_deck":["AscendersBane","Strike_G","Strike_G","Strike_G","Defend_G","Defend_G","Defend_G","Defend_G","Survivor","Neutralize+1","Dagger Throw+1","Dash","Grand Finale","Acrobatics+1"],"relics":["Ring of the Snake","NeowsBlessing","Thread and Needle","Oddly Smooth Stone","Ninja Scroll","Old Coin","Orichalcum"],"acts_visited":["Exordium"],"potions_floor_usage":[],"damage_taken":[{"damage":0.0,"enemies":"Small Slimes","floor":1.0,"turns":1.0},{"damage":0.0,"enemies":"Jaw Worm","floor":5.0,"turns":1.0},{"damage":0.0,"enemies":"Lagavulin","floor":7.0,"turns":1.0},{"damage":6.0,"enemies":"3 Sentries","floor":10.0,"turns":9.0},{"damage":3.0,"enemies":"Lagavulin","floor":12.0,"turns":7.0},{"damage":23,"enemies":"Hexaghost","floor":16,"turns":13}],"seed_played":"403670854407368681","potions_obtained":[{"floor":7.0,"key":"Fire Potion"},{"floor":10.0,"key":"Swift Potion"}],"is_trial":false,"path_per_floor":["M","$","?","?","M","R","E","$","T","E","R","E","?","$","R","B"],"character_chosen":"THE_SILENT","items_purchased":["Acrobatics"],"campfire_rested":0,"item_purchase_floors":[14],"current_hp_per_floor":[59,59,64,64,64,64,64,64,64,58,58,55,20,20,20,0,0],"gold":312,"neow_bonus":"THREE_ENEMY_KILL","is_daily":false,"chose_seed":false,"campfire_upgraded":3,"win_rate":0.0,"timestamp":1612235660,"path_taken":["M","$","?","?","?","R","E","$","T","E","R","E","?","$","R","BOSS"],"items_purchased_type":["Card"],"build_version":"2020-12-22","purchased_purges":2,"victory":false,"max_hp_per_floor":[66,66,71,71,71,71,71,71,71,71,71,71,71,71,71,71,71],"card_choices":[{"not_picked":["Flying Knee","Leg Sweep"],"picked":"Dagger Throw","floor":1.0},{"not_picked":["Sucker Punch","Deadly Poison","All Out Attack"],"picked":"SKIP","floor":5.0},{"not_picked":["Flying Knee","Heel Hook"],"picked":"Dash","floor":7.0},{"not_picked":["Quick Slash","Underhanded Strike"],"picked":"Grand Finale","floor":10.0},{"not_picked":["Crippling Poison","Sucker Punch","Underhanded Strike"],"picked":"SKIP","floor":12.0}],"player_experience":930163,"relics_obtained":[{"floor":7.0,"key":"Thread and Needle"},{"floor":9.0,"key":"Oddly Smooth Stone"},{"floor":10.0,"key":"Ninja Scroll"},{"floor":12.0,"key":"Old Coin"}],"event_choices":[{"damage_healed":0.0,"max_hp_gain":5.0,"max_hp_loss":0.0,"gold_gain":0.0,"event_name":"Big Fish","player_choice":"Donut","floor":3.0,"gold_loss":0.0,"damage_taken":0.0},{"cards_removed":["Strike_G"],"damage_healed":0.0,"max_hp_gain":0.0,"max_hp_loss":0.0,"gold_gain":0.0,"event_name":"Bonfire Elementals","player_choice":"Offered Basic","floor":4.0,"gold_loss":0.0,"damage_taken":0.0},{"damage_healed":0.0,"max_hp_gain":0.0,"max_hp_loss":0.0,"gold_gain":0.0,"event_name":"Scrap Ooze","player_choice":"Success","floor":13.0,"gold_loss":0.0,"damage_taken":35.0,"relics_obtained":["Orichalcum"]}],"is_beta":false,"boss_relics":[],"items_purged_floors":[2,14],"is_endless":false,"potions_floor_spawned":[7,10],"killed_by":"Hexaghost","ascension_level":20}}