{"host":"rqs2099buorjjoja","time":1612299269,"event":{"mods":["AchievementEnabler","Aspiration","BaseMod","Beaked The Cultist","Colored Powertips","Downfall","Hermit","Hubris","Infinite Spire","Jorbs\u0027s Wanderer Trilogy","Minty Spire (QoL Compilation)","Quick Restart","Rare Cards Sparkle","Replay The Spire","StSLib","The Bug Knight","The Construct","The Necromancer","The Servant 0.9.4"],"gold_per_floor":[110,126,141,141,157,157,171,199,246,258,258,278,314,349,349,454,454,469,485,504,504,520,520,535,553,553,553,567,583,594,623,623,727,727,745,745,745,172,182,182,194,194,194,205,222,222,241,253,313,313],"floor_reached":51,"language":"ENG","playtime":2650,"items_purged":[],"score":746,"play_id":"bfcc7ff8-5e40-4d93-8eb2-54050ccf7827","local_time":"20210202155429","is_ascension_mode":false,"campfire_choices":[{"data":"Whirlwind","floor":6,"key":"SMITH"},{"floor":15,"key":"REST"},{"data":"Inflame","floor":23,"key":"SMITH"},{"floor":27,"key":"REST"},{"floor":32,"key":"REST"},{"data":"Inflame","floor":40,"key":"SMITH"},{"data":"Limit Break","floor":42,"key":"SMITH"}],"circlet_count":0,"master_deck":["Strike_R","Strike_R","Strike_R","Strike_R","Strike_R","Defend_R","Defend_R","Defend_R","Defend_R","Bash","Whirlwind+1","Clash","Sword Boomerang","Armaments","Carnage","Inflame+1","hubris:CleavingFinish","Anger","Clash","Infernal Blade","Feed","Shrug It Off","Twin Strike+1","Heavy Blade","Body Slam","Replay:Undeath\u0027s Touch","Inflame","Pommel Strike","Spot Weakness","Run Through+1","Exhume","Inflame+1","Whirlwind+1","Limit Break+1","Inflame","Twin Strike+1","Battle Trance","Apotheosis","Thinking Ahead","Twin Strike+1","Life Link"],"relics":["Burning Blood","NeowsBlessing","TungstenRod","Bag of Marbles","Boot","Black Star","Ring of Fury","Ring of Panic","Centennial Puzzle","Red Mask","Sozu","Sling","Snack Pack","infinitespire:ShieldingShard","hubris:Metronome"],"acts_visited":["Exordium","TheCity","TheBeyond"],"potions_floor_usage":[5,7,16,16,16,19,24,30,31],"damage_taken":[{"damage":0,"enemies":"Cultist","floor":1,"turns":1},{"damage":0,"enemies":"Jaw Worm","floor":2,"turns":1},{"damage":0,"enemies":"Small Slimes","floor":3,"turns":1},{"damage":2,"enemies":"Looter","floor":5,"turns":2},{"damage":20,"enemies":"Exordium Thugs","floor":7,"turns":5},{"damage":33,"enemies":"Lagavulin","floor":8,"turns":6},{"damage":9,"enemies":"Large Slime","floor":10,"turns":4},{"damage":0,"enemies":"Looter","floor":12,"turns":2},{"damage":10,"enemies":"Gremlin Nob","floor":14,"turns":3},{"damage":15,"enemies":"Hexaghost","floor":16,"turns":7},{"damage":4,"enemies":"Chosen","floor":18,"turns":3},{"damage":18,"enemies":"Snake Plant","floor":19,"turns":2},{"damage":16,"enemies":"Cultist and Chosen","floor":20,"turns":6},{"damage":3,"enemies":"Snecko","floor":22,"turns":3},{"damage":39,"enemies":"Chosen and Byrds","floor":24,"turns":6},{"damage":22,"enemies":"Centurion and Healer","floor":25,"turns":5},{"damage":0,"enemies":"Snake Plant","floor":28,"turns":2},{"damage":8,"enemies":"Cultist and Chosen","floor":29,"turns":2},{"damage":5,"enemies":"3 Cultists","floor":30,"turns":3},{"damage":0,"enemies":"Masked Bandits","floor":31,"turns":2},{"damage":32,"enemies":"Collector","floor":33,"turns":6},{"damage":10,"enemies":"3 Darklings","floor":35,"turns":3},{"damage":7,"enemies":"Orb Walker","floor":39,"turns":2},{"damage":7,"enemies":"4 Shapes","floor":41,"turns":1},{"damage":10,"enemies":"Transient","floor":44,"turns":5},{"damage":0,"enemies":"Sphere and 2 Shapes","floor":45,"turns":2},{"damage":6,"enemies":"Jaw Worm Horde","floor":47,"turns":2},{"damage":1,"enemies":"Maw","floor":48,"turns":4},{"damage":46,"enemies":"hubris:GrandSnecko","floor":50,"turns":5}],"seed_played":"-8232753042773662105","potions_obtained":[{"floor":1,"key":"Regen Potion"},{"floor":3,"key":"AttackPotion"},{"floor":8,"key":"Strength Potion"},{"floor":12,"key":"Dexterity Potion"},{"floor":13,"key":"Weak Potion"},{"floor":16,"key":"AttackPotion"},{"floor":19,"key":"sneckomod:MuddlingPotion"},{"floor":28,"key":"Toxic Potion"},{"floor":29,"key":"BloodPotion"},{"floor":33,"key":"Elixir"}],"is_trial":false,"path_per_floor":["M","M","M","$","M","R","M","E","T","M","?","M","?","E","R","B",null,"M","M","M","?","M","R","M","M","T","R","M","M","M","?","R","B",null,"M","AVR","?","$","M","R","M","R","T","M","M","?","M","M","R","B",null],"character_chosen":"IRONCLAD","items_purchased":["Snack Pack","infinitespire:ShieldingShard","Limit Break"],"campfire_rested":3,"item_purchase_floors":[38,38,38],"current_hp_per_floor":[80,80,80,80,80,80,75,48,48,45,45,51,20,16,40,31,80,80,68,58,58,61,61,28,15,15,39,45,43,44,66,83,57,83,79,79,79,79,80,80,79,79,79,81,83,79,81,87,87,57],"gold":313,"neow_bonus":"THREE_ENEMY_KILL","is_daily":false,"chose_seed":false,"campfire_upgraded":4,"win_rate":0.0,"timestamp":1612299269,"path_taken":["M","M","M","$","M","R","?","E","T","M","?","?","?","E","R","BOSS","M","M","M","?","M","R","M","M","T","R","M","M","M","?","R","BOSS","M","AVR","?","$","M","R","M","R","T","?","M","?","M","M","R","BOSS"],"items_purchased_type":["Relic","Relic","Card"],"build_version":"2020-12-22","purchased_purges":0,"victory":true,"max_hp_per_floor":[80,80,80,80,80,80,80,80,80,80,80,80,80,80,80,80,80,80,80,80,80,80,80,80,83,83,83,83,83,83,83,83,83,83,83,83,83,83,83,83,83,83,83,83,83,83,83,87,87,91],"card_choices":[{"not_picked":["Hemokinesis","hubris:ReadiedAction"],"picked":"Whirlwind","floor":1},{"not_picked":["Warcry","Disarm"],"picked":"Clash","floor":2},{"not_picked":["Hemokinesis","hubris:SharpeningStone"],"picked":"Sword Boomerang","floor":3},{"not_picked":["ReplayTheSpireMod:LeadingStrike","Perfected Strike"],"picked":"Armaments","floor":5},{"not_picked":["Perfected Strike","Wild Strike"],"picked":"Carnage","floor":7},{"not_picked":["Cleave","Havoc"],"picked":"Inflame","floor":8},{"not_picked":["Life Link","Wild Strike"],"picked":"hubris:CleavingFinish","floor":10},{"not_picked":["Perfected Strike","Reckless Charge"],"picked":"Anger","floor":12},{"not_picked":["Pommel Strike","Warcry"],"picked":"Clash","floor":13},{"not_picked":["hubris:ReadiedAction","Massacre"],"picked":"Infernal Blade","floor":14},{"not_picked":["Corruption","Reaper"],"picked":"Feed","floor":16},{"not_picked":["Reckless Charge","hubris:CleavingFinish"],"picked":"Shrug It Off","floor":18},{"not_picked":["Warcry","Massacre","Havoc"],"picked":"SKIP","floor":19},{"not_picked":["Wild Strike","Perfected Strike"],"picked":"Twin Strike+1","floor":20},{"not_picked":["ReplayTheSpireMod:Strike From Hell+1","Sword Boomerang"],"picked":"Heavy Blade","floor":22},{"not_picked":["Battle Trance","Searing Blow"],"picked":"Body Slam","floor":24},{"not_picked":["True Grit","ReplayTheSpireMod:LeadingStrike+1"],"picked":"Replay:Undeath\u0027s Touch","floor":25},{"not_picked":["Run Through+1","Metallicize"],"picked":"Inflame","floor":28},{"not_picked":["Defy Death","Headbutt"],"picked":"Pommel Strike","floor":29},{"not_picked":["ReplayTheSpireMod:Stacked","Replay:Undeath\u0027s Touch"],"picked":"Spot Weakness","floor":30},{"not_picked":["Heavy Blade","Power Through"],"picked":"Run Through+1","floor":31},{"not_picked":["Bludgeon","Barricade"],"picked":"Exhume","floor":33},{"not_picked":["Cleave+1","Dark Embrace+1"],"picked":"Inflame","floor":35},{"not_picked":["Clothesline","Whirlwind+1"],"picked":"Inflame","floor":39},{"not_picked":["hubris:ReadiedAction","ReplayTheSpireMod:Corrosion Curse+1"],"picked":"Twin Strike+1","floor":41},{"not_picked":["Wild Strike+1","Seeing Red"],"picked":"Battle Trance","floor":44},{"not_picked":["ReplayTheSpireMod:Stacked","Wild Strike+1","Sever Soul"],"picked":"SKIP","floor":45},{"not_picked":["Trip","Panacea"],"picked":"Apotheosis","floor":46},{"not_picked":["hubris:Ssssneak","HandOfGreed"],"picked":"Thinking Ahead","floor":46},{"not_picked":["Cleave","Shrug It Off+1"],"picked":"Twin Strike+1","floor":47},{"not_picked":["Fire Breathing","Abandon+1"],"picked":"Life Link","floor":48}],"player_experience":200232,"relics_obtained":[{"floor":8,"key":"TungstenRod"},{"floor":9,"key":"Bag of Marbles"},{"floor":14,"key":"Boot"},{"floor":21,"key":"Ring of Fury"},{"floor":21,"key":"Ring of Panic"},{"floor":26,"key":"Centennial Puzzle"},{"floor":31,"key":"Red Mask"},{"floor":43,"key":"hubris:Metronome"}],"event_choices":[{"damage_healed":0,"gold_gain":0,"player_choice":"Ignored","damage_taken":0,"max_hp_gain":0,"max_hp_loss":0,"event_name":"Purifier","floor":11,"gold_loss":0},{"damage_healed":0,"gold_gain":0,"player_choice":"Fought Bandits","damage_taken":0,"max_hp_gain":0,"max_hp_loss":0,"event_name":"Masked Bandits","floor":31,"gold_loss":0},{"damage_healed":0,"gold_gain":0,"player_choice":"Copied","damage_taken":0,"max_hp_gain":0,"max_hp_loss":0,"event_name":"Duplicator","floor":37,"gold_loss":0,"cards_obtained":["Whirlwind"]},{"damage_healed":0,"gold_gain":0,"player_choice":"Memory 2","damage_taken":5,"max_hp_gain":0,"max_hp_loss":0,"event_name":"SensoryStone","floor":46,"gold_loss":0}],"is_beta":false,"boss_relics":[{"not_picked":["hubris:VirtuousBlindfold","Runic Cube"],"picked":"Black Star"},{"not_picked":["Velvet Choker","beaked:MawFillet"],"picked":"Sozu"}],"items_purged_floors":[],"is_endless":false,"potions_floor_spawned":[1,3,8,12,16,19,28,29,33,45],"ascension_level":0}}