{"host":"n3vqtvx9hbigdfc4","time":1612240889,"event":{"mods":["AchievementEnabler","BaseMod","Better Third Choice","Block Reminder","Colored Map","Colored Powertips","Downfall","Minty Spire (QoL Compilation)","Permanent Neow","Rare Cards Sparkle","Relic Stats","Replay The Spire","Shop Mod","StSLib"],"gold_per_floor":[109,122,122,147,147,183,183,196,220,220,239,254,254,292,292,422,422,441,487,514,13,13,13,46,46,46,46],"floor_reached":26,"language":"ENG","playtime":1214,"items_purged":["Strike_B"],"score":302,"play_id":"04d22881-00ce-4b62-b560-7e02ca2275d5","local_time":"20210201224129","is_ascension_mode":true,"campfire_choices":[{"data":"White Noise","floor":7,"key":"SMITH"},{"floor":10,"key":"REST"},{"data":"Go for the Eyes","floor":15,"key":"SMITH"},{"data":"FIFO Queue","floor":25,"key":"SMITH"}],"circlet_count":0,"master_deck":["Strike_B","Strike_B","Strike_B","Defend_B","Defend_B","Defend_B","Defend_B","Zap","Dualcast","Aggregate","Ball Lightning","Streamline","Ball Lightning","White Noise+1","All For One","Barrage","Gash","Gash","Go for the Eyes+1","Fission","FIFO Queue+1","Stack","Go for the Eyes+1","Leap"],"relics":["Cracked Core","Vajra","Golden Idol","Lantern","Tiny Chest","Strawberry","bronze:MakeshiftBattery","CeramicFish","Solar Panel","Sling"],"acts_visited":["Exordium","TheCity"],"potions_floor_usage":[4,8,16,16,24,24],"damage_taken":[{"damage":3,"enemies":"2 Louse","floor":1,"turns":2},{"damage":1,"enemies":"Cultist","floor":2,"turns":4},{"damage":2,"enemies":"Small Slimes","floor":4,"turns":2},{"damage":18,"enemies":"Gremlin Nob","floor":6,"turns":4},{"damage":8,"enemies":"Blue Slaver","floor":8,"turns":2},{"damage":4,"enemies":"2 Fungi Beasts","floor":11,"turns":3},{"damage":7,"enemies":"Exordium Wildlife","floor":12,"turns":2},{"damage":10,"enemies":"3 Sentries","floor":14,"turns":3},{"damage":21,"enemies":"Hexaghost","floor":16,"turns":7},{"damage":1,"enemies":"Spheric Guardian","floor":18,"turns":3},{"damage":32,"enemies":"2 Thieves","floor":24,"turns":4},{"damage":37,"enemies":"Slavers","floor":26,"turns":2}],"seed_played":"-2894826371750986618","potions_obtained":[{"floor":1,"key":"GamblersBrew"},{"floor":2,"key":"Toxic Potion"},{"floor":4,"key":"Milkshake"},{"floor":12,"key":"Weak Potion"},{"floor":16,"key":"FearPotion"},{"floor":19,"key":"SpeedPotion"},{"floor":19,"key":"Toxic Potion"}],"is_trial":false,"path_per_floor":["M","M","?","M","?","E","R","M","T","R","M","M","?","E","R","B",null,"M","?","T","$","PTL","PTL","M","R","E"],"character_chosen":"DEFECT","items_purchased":["Go for the Eyes+1","Solar Panel","Sling"],"campfire_rested":1,"item_purchase_floors":[21,21,21],"current_hp_per_floor":[65,64,46,44,44,26,26,18,18,40,36,29,54,51,51,30,69,68,68,68,68,68,68,36,36,0,0],"gold":46,"neow_bonus":"RANDOM_COMMON_RELIC","is_daily":false,"chose_seed":false,"campfire_upgraded":3,"win_rate":0.0,"timestamp":1612240889,"path_taken":["M","M","?","M","?","E","R","M","T","R","M","?","?","E","R","BOSS","M","?","?","?","PTL","PTL","M","R","E"],"items_purchased_type":["Card","Relic","Relic"],"build_version":"2020-12-22","purchased_purges":1,"victory":false,"max_hp_per_floor":[75,75,75,75,75,75,75,75,75,75,75,75,75,82,82,82,82,82,82,82,82,82,82,82,82,82,82],"relic_stats":{"counters":[12,38],"Golden Idol":74,"CeramicFish":18,"Tiny Chest":1,"obtain_stats":[{"Solar Panel":21,"Lantern":6,"Golden Idol":3,"Strawberry":14,"CeramicFish":20,"Vajra":0,"Tiny Chest":9,"Cracked Core":0,"Sling":21,"bronze:MakeshiftBattery":17},{"Solar Panel":10,"Lantern":4,"Golden Idol":2,"Strawberry":8,"CeramicFish":10,"Vajra":0,"Tiny Chest":5,"Cracked Core":0,"Sling":10,"bronze:MakeshiftBattery":9},{"Solar Panel":32,"Lantern":12,"Golden Idol":6,"Strawberry":22,"CeramicFish":32,"Vajra":0,"Tiny Chest":14,"Cracked Core":0,"Sling":32,"bronze:MakeshiftBattery":29}]},"card_choices":[{"not_picked":["ReplaySolidLightProjector","Stack"],"picked":"Aggregate","floor":1},{"not_picked":["Gash","BootSequence"],"picked":"Ball Lightning","floor":2},{"not_picked":["Redo","Panic Button"],"picked":"Streamline","floor":4},{"not_picked":["BootSequence","ReplaySort"],"picked":"All For One","floor":6},{"not_picked":["Skim","Streamline"],"picked":"Barrage","floor":8},{"not_picked":["Coolheaded","Compile Driver"],"picked":"Gash","floor":11},{"not_picked":["Turbo","Barrage"],"picked":"Gash","floor":12},{"not_picked":["Stack","All For One"],"picked":"Go for the Eyes","floor":14},{"not_picked":["Rainbow","ReplayRNGCard"],"picked":"Fission","floor":16},{"not_picked":["ReplayTheSpireMod:Repulse","Defragment"],"picked":"FIFO Queue","floor":18},{"not_picked":["Rip and Tear","Ball Lightning+1"],"picked":"Stack","floor":19},{"not_picked":["Steam","Recycle"],"picked":"Leap","floor":24}],"player_experience":496152,"relics_obtained":[{"floor":6,"key":"Lantern"},{"floor":9,"key":"Tiny Chest"},{"floor":14,"key":"Strawberry"},{"floor":20,"key":"CeramicFish"}],"event_choices":[{"damage_healed":0,"gold_gain":0,"player_choice":"Take Damage","damage_taken":18,"relics_obtained":["Golden Idol"],"max_hp_gain":0,"max_hp_loss":0,"event_name":"Golden Idol","floor":3,"gold_loss":0},{"damage_healed":0,"gold_gain":0,"player_choice":"2 cards matched","damage_taken":0,"max_hp_gain":0,"max_hp_loss":0,"event_name":"Match and Keep!","floor":5,"gold_loss":0,"cards_obtained":["Ball Lightning","White Noise"]},{"damage_healed":25,"gold_gain":0,"player_choice":"Banana","damage_taken":0,"max_hp_gain":0,"max_hp_loss":0,"event_name":"Big Fish","floor":13,"gold_loss":0}],"is_beta":false,"boss_relics":[{"not_picked":["Replay:Bronze Core","Velvet Choker"],"picked":"bronze:MakeshiftBattery"}],"items_purged_floors":[21],"is_endless":false,"potions_floor_spawned":[1,2,4,12,16],"killed_by":"Slavers","ascension_level":8}}