{"host":"7cp3z5w0tcrrm8ys","time":1612240327,"event":{"mods":["AchievementEnabler","BaseMod","DeckTracker","Minty Spire (QoL Compilation)","StSLib","SuperFastMode"],"gold_per_floor":[118,118,118,129,143,176,176,176,176,176,195,22,22,37,37,112,112,129,129,129],"floor_reached":19,"language":"KOR","playtime":246,"items_purged":[],"score":354,"play_id":"3f1fef09-a5c5-4ea9-aef9-95d641322598","local_time":"20210202133207","is_ascension_mode":true,"campfire_choices":[{"floor":7.0,"key":"REST"},{"data":"Bludgeon","floor":10.0,"key":"SMITH"},{"data":"Bludgeon","floor":13,"key":"SMITH"},{"data":"Disarm","floor":15,"key":"SMITH"}],"circlet_count":0,"master_deck":["AscendersBane","Bash","Cleave+1","Bludgeon+1","Bludgeon+1","Disarm+1","Bludgeon+1","Inflame","Barricade","Warcry","Flex","Brutality","Warcry","Disarm","Headbutt"],"relics":["Burning Blood","Vajra","Eternal Feather","DollysMirror","Pandora\u0027s Box"],"acts_visited":["Exordium","TheCity"],"potions_floor_usage":[16,18],"damage_taken":[{"damage":36.0,"enemies":"Jaw Worm","floor":1.0,"turns":6.0},{"damage":0.0,"enemies":"2 Louse","floor":4.0,"turns":2.0},{"damage":6.0,"enemies":"Cultist","floor":5.0,"turns":3.0},{"damage":32.0,"enemies":"Gremlin Nob","floor":6.0,"turns":4.0},{"damage":0.0,"enemies":"Lagavulin","floor":8.0,"turns":1.0},{"damage":8,"enemies":"3 Louse","floor":11,"turns":3},{"damage":11,"enemies":"Looter","floor":14,"turns":2},{"damage":49,"enemies":"Hexaghost","floor":16,"turns":8},{"damage":34,"enemies":"3 Byrds","floor":18,"turns":4},{"damage":26,"enemies":"Masked Bandits","floor":19,"turns":3}],"seed_played":"-2092994118155756892","potions_obtained":[{"floor":6.0,"key":"SmokeBomb"},{"floor":11,"key":"Weak Potion"},{"floor":16,"key":"AttackPotion"}],"is_trial":false,"path_per_floor":["M","?","?","M","M","E","R","E","T","R","M","$","R","M","R","B",null,"M","?"],"character_chosen":"IRONCLAD","items_purchased":["DollysMirror"],"campfire_rested":1,"item_purchase_floors":[12],"current_hp_per_floor":[38,38,38,44,44,18,38,44,44,50,48,48,54,49,55,12,54,26,0,0],"gold":129,"neow_bonus":"REMOVE_TWO","is_daily":false,"chose_seed":false,"campfire_upgraded":3,"win_rate":0.0,"timestamp":1612240327,"path_taken":["M","?","?","?","M","E","R","E","T","R","M","$","R","M","R","BOSS","M","?"],"items_purchased_type":["Relic"],"build_version":"2020-12-22","purchased_purges":0,"victory":false,"max_hp_per_floor":[68,68,68,68,68,68,68,68,68,68,68,68,68,68,68,68,68,68,68,68],"card_choices":[{"not_picked":["Headbutt","Sword Boomerang"],"picked":"Cleave","floor":1.0},{"not_picked":["Wild Strike","Pommel Strike"],"picked":"Bludgeon","floor":4.0},{"not_picked":["Clothesline","Flex","Iron Wave"],"picked":"SKIP","floor":5.0},{"not_picked":["Demon Form","Shockwave"],"picked":"Bludgeon","floor":6.0},{"not_picked":["Pommel Strike","Sentinel"],"picked":"Disarm","floor":11},{"not_picked":["Flex","Sword Boomerang"],"picked":"Inflame","floor":14},{"not_picked":["Fiend Fire","Berserk"],"picked":"Barricade","floor":16},{"not_picked":["Warcry","Thunderclap","Clothesline"],"picked":"SKIP","floor":18}],"player_experience":805390,"relics_obtained":[{"floor":6.0,"key":"Vajra"},{"floor":9.0,"key":"Eternal Feather"}],"event_choices":[{"damage_healed":0.0,"max_hp_gain":0.0,"max_hp_loss":0.0,"gold_gain":0.0,"event_name":"Living Wall","player_choice":"Grow","floor":2.0,"gold_loss":0.0,"damage_taken":0.0,"cards_upgraded":["Cleave"]},{"cards_removed":["Strike_R"],"damage_healed":0.0,"max_hp_gain":0.0,"max_hp_loss":0.0,"gold_gain":0.0,"event_name":"Bonfire Elementals","player_choice":"Offered Basic","floor":3.0,"gold_loss":0.0,"damage_taken":0.0},{"damage_healed":0,"gold_gain":0,"player_choice":"Fought Bandits","damage_taken":0,"max_hp_gain":0,"max_hp_loss":0,"event_name":"Masked Bandits","floor":19,"gold_loss":0}],"is_beta":false,"boss_relics":[{"not_picked":["Busted Crown","Runic Pyramid"],"picked":"Pandora\u0027s Box"}],"items_purged_floors":[],"is_endless":false,"potions_floor_spawned":[6,8,11,16],"killed_by":"Masked Bandits","ascension_level":20}}