{"host":"9a3qwu24ipen98v3","time":1612293767,"event":{"mods":["BaseMod","BetterRewards","Downfall","Infinite Spire","Minty Spire (QoL Compilation)","StSLib","The Bug Knight","The Necromancer","The Runesmith","Yuri Mod"],"gold_per_floor":[114,114,114,189,189,226,238,269,281,305,317,358,385,385],"floor_reached":13,"language":"ENG","playtime":445,"items_purged":[],"score":83,"play_id":"cdbdf50f-d464-4f3d-a164-05eae9c74597","local_time":"20210202202247","is_ascension_mode":false,"campfire_choices":[{"data":"yuri:GrowingInsanity","floor":7,"key":"SMITH"}],"circlet_count":0,"master_deck":["yuri:yuriStrike","yuri:yuriStrike","yuri:yuriStrike","yuri:yuriStrike","yuri:yuriStrike","yuri:yuriDefend","yuri:yuriDefend","yuri:yuriDefend","yuri:yuriDefend","yuri:yuriDefend","yuri:Oolong","yuri:GrowingInsanity+1","yuri:ChibiInvasion","Regret","yuri:SturdyUniform","yuri:CalmingAura","yuri:StealPen","yuri:HoldBack"],"relics":["yuri:yuriKnife","Bronze Scales","The Courier","infinitespire:Satchel","MawBank","Strawberry","Art of War","Golden Idol"],"acts_visited":["Exordium"],"potions_floor_usage":[6,13,13],"damage_taken":[{"damage":9,"enemies":"Small Slimes","floor":1,"turns":3},{"damage":50,"enemies":"Lagavulin","floor":6,"turns":8},{"damage":1,"enemies":"2 Louse","floor":8,"turns":2},{"damage":3,"enemies":"Jaw Worm","floor":10,"turns":4},{"damage":5,"enemies":"Blue Slaver","floor":12,"turns":5},{"damage":27,"enemies":"Gremlin Nob","floor":13,"turns":3}],"seed_played":"4797968512739975513","potions_obtained":[{"floor":1,"key":"Energy Potion"},{"floor":6,"key":"SteroidPotion"},{"floor":8,"key":"BlessingOfTheForge"}],"is_trial":false,"path_per_floor":["M","?","?","?","T","E","R","M","T","M","?","M","E"],"character_chosen":"YURI","items_purchased":["yuri:GrowingInsanity"],"campfire_rested":0,"item_purchase_floors":[0],"current_hp_per_floor":[67,67,67,56,56,17,17,20,20,21,21,20,0,0],"gold":385,"neow_bonus":"","is_daily":false,"chose_seed":false,"campfire_upgraded":1,"win_rate":0.0,"timestamp":1612293767,"path_taken":["M","?","?","?","?","E","R","?","T","M","?","M","E"],"items_purchased_type":["Card"],"build_version":"2020-12-22","purchased_purges":0,"victory":false,"max_hp_per_floor":[80,80,80,80,80,87,87,87,87,87,81,81,81,81],"card_choices":[{"not_picked":["yuri:BookPurple","yuri:StealPen"],"picked":"yuri:ChibiInvasion","floor":1},{"not_picked":["yuri:ReactiveMadness","yuri:RecklessStrike"],"picked":"yuri:SturdyUniform","floor":6},{"not_picked":["yuri:Stare","yuri:ThrowBook"],"picked":"yuri:CalmingAura","floor":8},{"not_picked":["yuri:BrokenCode","yuri:yuriQuickStrike"],"picked":"yuri:StealPen","floor":10},{"not_picked":["yuri:ArmBrace","yuri:MPose"],"picked":"yuri:HoldBack","floor":12}],"player_experience":385069,"relics_obtained":[{"floor":2,"key":"The Courier"},{"floor":5,"key":"MawBank"},{"floor":6,"key":"Strawberry"},{"floor":9,"key":"Art of War"}],"event_choices":[{"damage_healed":0,"gold_gain":0,"player_choice":"Box","damage_taken":0,"relics_obtained":["infinitespire:Satchel"],"max_hp_gain":0,"max_hp_loss":0,"event_name":"Big Fish","floor":3,"gold_loss":0,"cards_obtained":["Regret"]},{"damage_healed":0,"gold_gain":75,"player_choice":"Gather Gold","damage_taken":11,"max_hp_gain":0,"max_hp_loss":0,"event_name":"World of Goop","floor":4,"gold_loss":0},{"damage_healed":0,"gold_gain":0,"player_choice":"Lose Max HP","damage_taken":0,"relics_obtained":["Golden Idol"],"max_hp_gain":0,"max_hp_loss":6,"event_name":"Golden Idol","floor":11,"gold_loss":0}],"is_beta":false,"boss_relics":[],"items_purged_floors":[],"is_endless":false,"potions_floor_spawned":[1,6,8],"killed_by":"Gremlin Nob","ascension_level":0}}