{"host":"f7rb14kzcw8hx1r1","time":1612263579,"event":{"mods":["BaseMod","Better Note","Better Third Choice","Colored Map","Highlight Path","Hubris","Minty Spire (QoL Compilation)","Replay The Spire","StSLib","The Forsaken"],"gold_per_floor":[116,116,41,41,54,87,98,118,141,141,161,179,79,154,154,250,250,262,262,312,325,341,341,2,32,80,80,105,105,122,122,122,221,221,240,340,24,35,45,72,72,82,150,168,186,18,18,53,53,53],"floor_reached":51,"language":"ENG","playtime":2372,"items_purged":["Strike_B","Strike_B","Defend_B"],"score":797,"play_id":"3b5fe9e2-a989-4eba-94e5-1658e420ad8e","local_time":"20210202115939","is_ascension_mode":false,"campfire_choices":[{"data":"Zap","floor":10,"key":"SMITH"},{"data":"Streamline","floor":15,"key":"SMITH"},{"data":"ReplayRNGCard","floor":23,"key":"SMITH"},{"data":"Dualcast","floor":27,"key":"SMITH"},{"data":"White Noise","floor":29,"key":"SMITH"},{"data":"Conserve Battery","floor":32,"key":"SMITH"},{"data":"Seek","floor":41,"key":"SMITH"},{"data":"Consume","floor":49,"key":"SMITH"}],"circlet_count":0,"master_deck":["Defend_B","Defend_B","Defend_B","Zap+1","Dualcast+1","Heatsinks+1","Streamline+1","Cold Snap","ReplayRNGCard+1","Compile Driver+1","White Noise+1","FTL","Steam+1","Leap","Static Discharge+1","Conserve Battery+1","Capacitor+1","Biased Cognition+1","Coolheaded+1","Skim","Loop+1","Seek+1","Loop+1","Storm+1","Ball Lightning","Buffer+1","ReplayTheSpireMod:Calculation Training","ReplayTheSpireMod:Brewmster+1","Consume+1"],"relics":["Cracked Core","Replay:Antivirus Software","Frozen Egg 2","hubris:BundleOfHerbs","Ancient Tea Set","hubris:RunicObelisk","Prayer Wheel","BargainBundle","theForsaken:Lifeblossom","Replay:Baseball","Potion Belt","hubris:SlimyHat","hubris:TenFootPole","hubris:Backtick","Runic Capacitor","Lee\u0027s Waffle","Ornamental Fan","InkBottle","hubris:Towel","ReplayTheSpireMod:Lightbulb"],"acts_visited":["Exordium","TheCity","TheBeyond"],"potions_floor_usage":[11,22,28,28,30,33,44,48,48,50,50,50,50,50,50,50,50],"damage_taken":[{"damage":1,"enemies":"Jaw Worm","floor":1,"turns":3},{"damage":1,"enemies":"Cultist","floor":5,"turns":4},{"damage":12,"enemies":"3 Sentries","floor":6,"turns":9},{"damage":0,"enemies":"2 Louse","floor":7,"turns":2},{"damage":1,"enemies":"2 Fungi Beasts","floor":8,"turns":4},{"damage":0,"enemies":"Large Slime","floor":11,"turns":4},{"damage":3,"enemies":"Red Slaver","floor":12,"turns":4},{"damage":29,"enemies":"Hexaghost","floor":16,"turns":11},{"damage":12,"enemies":"3 Byrds","floor":18,"turns":5},{"damage":9,"enemies":"Shell Parasite","floor":21,"turns":6},{"damage":22,"enemies":"Centurion and Healer","floor":22,"turns":5},{"damage":3,"enemies":"Book of Stabbing","floor":25,"turns":7},{"damage":13,"enemies":"Slavers","floor":28,"turns":5},{"damage":1,"enemies":"Shelled Parasite and Fungi","floor":30,"turns":5},{"damage":28,"enemies":"Collector","floor":33,"turns":12},{"damage":19,"enemies":"3 Darklings","floor":35,"turns":5},{"damage":0,"enemies":"3 Shapes","floor":38,"turns":6},{"damage":21,"enemies":"Jaw Worm Horde","floor":39,"turns":4},{"damage":0,"enemies":"Giant Head","floor":40,"turns":6},{"damage":0,"enemies":"Transient","floor":42,"turns":5},{"damage":11,"enemies":"Writhing Mass","floor":44,"turns":5},{"damage":2,"enemies":"3 Darklings","floor":45,"turns":4},{"damage":4,"enemies":"R_Hoarder","floor":48,"turns":6},{"damage":11,"enemies":"Donu and Deca","floor":50,"turns":5}],"seed_played":"-4292091349452925934","potions_obtained":[{"floor":1,"key":"GamblersBrew"},{"floor":8,"key":"LifebloodPotion"},{"floor":11,"key":"Fire Potion"},{"floor":12,"key":"LiquidMemories"},{"floor":25,"key":"PowerPotion"},{"floor":28,"key":"Adrenaline Potion"},{"floor":30,"key":"FearPotion"},{"floor":33,"key":"BlessingOfTheForge"},{"floor":35,"key":"PowerPotion"},{"floor":39,"key":"Fire Potion"},{"floor":44,"key":"SkillPotion"}],"is_trial":false,"path_per_floor":["M","?","$","T","M","E","M","M","T","R","M","M","$","?","R","B",null,"M","?","?","M","M","R","$","E","T","R","E","R","M","?","R","B",null,"M","?","$","M","M","E","R","M","T","M","M","$","?","E","R","B",null],"character_chosen":"DEFECT","items_purchased":["BargainBundle","Adrenaline Potion","AttackPotion","Leap","Static Discharge+1","Conserve Battery","theForsaken:Lifeblossom","Lee\u0027s Waffle","PowerPotion","ReplayTheSpireMod:Brewmster+1"],"campfire_rested":0,"item_purchase_floors":[24,24,24,24,24,24,24,37,37,46],"current_hp_per_floor":[74,74,74,74,73,61,61,60,60,60,60,57,57,50,50,21,75,63,63,63,54,32,32,32,50,50,50,43,43,48,48,48,59,75,59,59,82,82,62,68,68,74,74,69,73,73,73,82,82,82],"gold":53,"neow_bonus":"RANDOM_COMMON_RELIC","is_daily":false,"chose_seed":false,"campfire_upgraded":8,"win_rate":0.0,"timestamp":1612263579,"path_taken":["M","?","$","?","M","E","M","M","T","R","M","M","$","?","R","BOSS","M","?","?","M","M","R","$","E","T","R","E","R","M","?","R","BOSS","M","?","$","M","M","E","R","M","T","M","?","$","?","E","R","BOSS"],"items_purchased_type":["Relic","Potion","Potion","Card","Card","Card","Relic","Relic","Potion","Card"],"build_version":"2020-12-22","purchased_purges":3,"victory":true,"max_hp_per_floor":[75,75,75,75,75,75,75,75,75,75,75,75,75,75,75,75,75,75,75,75,75,75,75,75,75,75,75,75,75,75,75,75,75,75,75,75,82,82,82,82,82,82,82,82,82,82,82,82,82,82],"card_choices":[{"not_picked":["Double Energy","Sweeping Beam","Go for the Eyes"],"picked":"SKIP","floor":1},{"not_picked":["Blizzard","ReplaySort","Sunder"],"picked":"SKIP","floor":5},{"not_picked":["Go for the Eyes","Redo","Turbo"],"picked":"SKIP","floor":6},{"not_picked":["Go for the Eyes","Hello World+1","Chaos"],"picked":"SKIP","floor":7},{"not_picked":["Tempest","Steam"],"picked":"Heatsinks+1","floor":8},{"not_picked":["Aggregate","Glacier"],"picked":"Streamline","floor":11},{"not_picked":["Hologram","Meteor Strike"],"picked":"Cold Snap","floor":12},{"not_picked":["hubris:DoWhile","ReplayTheSpireMod:Omega Cannon"],"picked":"ReplayRNGCard","floor":16},{"not_picked":["Double Energy","BasicCrystalCard","Panic Button+1"],"picked":"SKIP","floor":18},{"not_picked":["Scrape","Hologram"],"picked":"Compile Driver+1","floor":21},{"not_picked":["Streamline","Heatsinks+1"],"picked":"White Noise","floor":21},{"not_picked":["Doom and Gloom","BasicCrystalCard+1"],"picked":"FTL","floor":22},{"not_picked":["Hologram","Turbo"],"picked":"Steam+1","floor":22},{"not_picked":["BasicCrystalCard","FTL","Streamline"],"picked":"SKIP","floor":25},{"not_picked":["Reprogram+1","BootSequence"],"picked":"Capacitor+1","floor":28},{"not_picked":["Redo","Barrage","Rainbow"],"picked":"SKIP","floor":30},{"not_picked":["Leap","Redo","ReplaySort"],"picked":"SKIP","floor":30},{"not_picked":["Amplify","ReplayTheSpireMod:Fabricate Wheel"],"picked":"Biased Cognition+1","floor":33},{"not_picked":["Steam","Rebound"],"picked":"Coolheaded+1","floor":35},{"not_picked":["Leap+1","Beam Cell"],"picked":"Skim","floor":35},{"not_picked":["Gash","Melter+1"],"picked":"Loop+1","floor":38},{"not_picked":["ReplaySolidLightProjector","Beam Cell+1","Compile Driver"],"picked":"SKIP","floor":38},{"not_picked":["Compile Driver","Ball Lightning+1"],"picked":"Seek","floor":39},{"not_picked":["Sweeping Beam+1","Gash"],"picked":"Loop+1","floor":39},{"not_picked":["Gash+1","Conserve Battery+1"],"picked":"Storm+1","floor":40},{"not_picked":["Auto Shields","Turbo"],"picked":"Ball Lightning","floor":42},{"not_picked":["Force Field","Sunder","BasicCrystalCard"],"picked":"SKIP","floor":42},{"not_picked":["Streamline+1","ReplaySolidLightProjector+1"],"picked":"Buffer+1","floor":44},{"not_picked":["Compile Driver+1","Leap","BasicCrystalCard"],"picked":"SKIP","floor":44},{"not_picked":["Genetic Algorithm+1","Chill"],"picked":"ReplayTheSpireMod:Calculation Training","floor":45},{"not_picked":["FTL","Redo","Turbo+1"],"picked":"SKIP","floor":45},{"not_picked":["Turbo","ReplayTheSpireMod:System Scan+1"],"picked":"Consume","floor":48}],"player_experience":950998,"relics_obtained":[{"floor":4,"key":"Frozen Egg 2"},{"floor":6,"key":"hubris:BundleOfHerbs"},{"floor":9,"key":"Ancient Tea Set"},{"floor":25,"key":"Replay:Baseball"},{"floor":26,"key":"Potion Belt"},{"floor":28,"key":"hubris:SlimyHat"},{"floor":31,"key":"hubris:TenFootPole"},{"floor":40,"key":"Ornamental Fan"},{"floor":43,"key":"InkBottle"},{"floor":48,"key":"ReplayTheSpireMod:Lightbulb"}],"event_choices":[{"cards_removed":["Strike_B"],"damage_healed":0,"gold_gain":0,"player_choice":"Offered Basic","damage_taken":0,"max_hp_gain":0,"max_hp_loss":0,"event_name":"Bonfire Elementals","floor":2,"gold_loss":0},{"damage_healed":0,"gold_gain":75,"player_choice":"Touch","damage_taken":7,"max_hp_gain":0,"max_hp_loss":0,"event_name":"FaceTrader","floor":14,"gold_loss":0},{"damage_healed":0,"gold_gain":0,"cards_transformed":["Strike_B"],"player_choice":"Transformed","damage_taken":0,"max_hp_gain":0,"max_hp_loss":0,"event_name":"Transmorgrifier","floor":19,"gold_loss":0,"cards_obtained":["ReplayTheSpireMod:Fabricate Wheel"]},{"damage_healed":0,"gold_gain":100,"player_choice":"Bet on Murderer","damage_taken":0,"max_hp_gain":0,"max_hp_loss":0,"event_name":"The Joust","floor":20,"gold_loss":50},{"damage_healed":0,"gold_gain":0,"player_choice":"Relic","damage_taken":0,"max_hp_gain":0,"max_hp_loss":0,"event_name":"Wheel of Change","floor":31,"gold_loss":0},{"damage_healed":0,"gold_gain":100,"player_choice":"Pray","damage_taken":0,"max_hp_gain":0,"max_hp_loss":0,"event_name":"Golden Shrine","floor":36,"gold_loss":0}],"is_beta":false,"boss_relics":[{"not_picked":["SacredBark","Kintsugi"],"picked":"hubris:RunicObelisk"},{"not_picked":["Snecko Eye","Philosopher\u0027s Stone"],"picked":"hubris:Backtick"}],"items_purged_floors":[3,13,37],"is_endless":false,"potions_floor_spawned":[1,8,11,12,25,28,30,33,35,39,42,44],"ascension_level":0}}