{"host":"6s95ba0cy8amnnuf","time":1612300476,"event":{"mods":["AchievementEnabler","BaseMod","Block Reminder","Colored Map","Minty Spire (QoL Compilation)","StSLib","Unceasing Turn Reminder","everything is the same but u backflip on backflip"],"gold_per_floor":[113,113,132,146,221,221,32,50,96,114,140,160,160,175,175,175,175],"floor_reached":16,"language":"ENG","playtime":15281,"items_purged":[],"score":104,"play_id":"bc35b1bb-391b-4618-be4c-3687bb1fb4e0","local_time":"20210202151436","is_ascension_mode":false,"campfire_choices":[{"data":"Blind","floor":6,"key":"SMITH"},{"floor":13,"key":"REST"},{"floor":15,"key":"REST"}],"circlet_count":0,"master_deck":["Strike_R","Strike_R","Strike_R","Strike_R","Strike_R","Defend_R","Defend_R","Defend_R","Defend_R","Bash","Blind+1","Havoc+1","Shrug It Off","Rage","Burning Pact","Warcry","Whirlwind","Warcry","Corruption","Rage","Clothesline","Feed","Whirlwind","Ghostly Armor"],"relics":["Burning Blood","Orrery","Pen Nib","Oddly Smooth Stone"],"acts_visited":["Exordium"],"potions_floor_usage":[8,16,16],"damage_taken":[{"damage":14,"enemies":"Jaw Worm","floor":1,"turns":5},{"damage":1,"enemies":"Cultist","floor":3,"turns":4},{"damage":0,"enemies":"Small Slimes","floor":4,"turns":3},{"damage":19,"enemies":"Exordium Wildlife","floor":8,"turns":7},{"damage":1,"enemies":"Large Slime","floor":10,"turns":6},{"damage":47,"enemies":"Gremlin Nob","floor":11,"turns":7},{"damage":0,"enemies":"Lots of Slimes","floor":12,"turns":1},{"damage":3,"enemies":"Red Slaver","floor":14,"turns":2},{"damage":79,"enemies":"Hexaghost","floor":16,"turns":16}],"seed_played":"7256700628222259766","potions_obtained":[{"floor":4,"key":"SkillPotion"},{"floor":11,"key":"SpeedPotion"},{"floor":12,"key":"ElixirPotion"},{"floor":14,"key":"BlessingOfTheForge"}],"is_trial":false,"path_per_floor":["M","?","M","M","?","R","$","M","T","M","E","M","R","M","R","B"],"character_chosen":"IRONCLAD","items_purchased":["Burning Pact","Orrery"],"campfire_rested":2,"item_purchase_floors":[7,7],"current_hp_per_floor":[72,72,77,80,69,69,69,56,56,61,20,26,50,53,77,0,0],"gold":175,"neow_bonus":"RANDOM_COLORLESS","is_daily":false,"chose_seed":false,"campfire_upgraded":1,"win_rate":0.0,"timestamp":1612300476,"path_taken":["M","?","?","M","?","R","$","M","T","M","E","M","R","M","R","BOSS"],"items_purchased_type":["Card","Relic"],"build_version":"2020-12-22","purchased_purges":0,"victory":false,"max_hp_per_floor":[80,80,80,80,80,80,80,80,80,80,80,80,80,80,80,80,80],"card_choices":[{"not_picked":["Swift Strike","Trip"],"picked":"Blind","floor":0},{"not_picked":["Warcry","Clash"],"picked":"Havoc","floor":1},{"not_picked":["Sword Boomerang","Iron Wave"],"picked":"Shrug It Off","floor":3},{"not_picked":["Heavy Blade","True Grit"],"picked":"Rage","floor":4},{"not_picked":["Hemokinesis","Seeing Red"],"picked":"Warcry","floor":7},{"not_picked":["Flex","Entrench"],"picked":"Whirlwind","floor":7},{"not_picked":["Clothesline","Thunderclap"],"picked":"Warcry","floor":7},{"not_picked":["Pommel Strike","Thunderclap"],"picked":"Corruption","floor":7},{"not_picked":["Flex","Uppercut"],"picked":"Rage","floor":8},{"not_picked":["Sever Soul","Body Slam"],"picked":"Clothesline","floor":10},{"not_picked":["Pommel Strike","Shrug It Off"],"picked":"Feed","floor":11},{"not_picked":["Heavy Blade","Sword Boomerang"],"picked":"Whirlwind","floor":12},{"not_picked":["Feel No Pain","Hemokinesis"],"picked":"Ghostly Armor","floor":14}],"player_experience":125198,"relics_obtained":[{"floor":9,"key":"Pen Nib"},{"floor":11,"key":"Oddly Smooth Stone"}],"event_choices":[{"damage_healed":0,"gold_gain":0,"player_choice":"Upgraded","damage_taken":0,"max_hp_gain":0,"max_hp_loss":0,"event_name":"Upgrade Shrine","floor":2,"gold_loss":0,"cards_upgraded":["Havoc"]},{"damage_healed":0,"gold_gain":75,"player_choice":"Gather Gold","damage_taken":11,"max_hp_gain":0,"max_hp_loss":0,"event_name":"World of Goop","floor":5,"gold_loss":0}],"is_beta":false,"boss_relics":[],"items_purged_floors":[],"is_endless":false,"potions_floor_spawned":[4,11,12,14],"killed_by":"Hexaghost","ascension_level":0}}