{"host":"d52brwsy6af8zvaq","time":1612249355,"event":{"mods":["AchievementEnabler","BaseMod","Bestiary","Highlight Path","Minty Spire (QoL Compilation)","Quick Restart","Relic Stats","ojb\u0027s Better Paths Mod"],"gold_per_floor":[110,110,7,23,34,69,69,101,101,116,150,150,168,186,186,186,186],"floor_reached":16,"language":"ENG","playtime":620,"items_purged":[],"score":244,"play_id":"203475c5-4a33-44e9-8d88-a10088644282","local_time":"20210202000235","is_ascension_mode":true,"campfire_choices":[{"floor":7.0,"key":"REST"},{"floor":12.0,"key":"REST"},{"data":"Predator","floor":15,"key":"SMITH"}],"circlet_count":0,"master_deck":["AscendersBane","Strike_G","Strike_G","Strike_G","Strike_G","Defend_G","Defend_G","Defend_G","Defend_G","Defend_G","Survivor","Neutralize","Predator+1","Deadly Poison","Masterful Stab","PiercingWail+1","Crippling Poison+1","Calculated Gamble","Burst","Flechettes","Cloak And Dagger"],"relics":["Ring of the Snake","Omamori","Gremlin Horn","War Paint","Happy Flower"],"acts_visited":["Exordium"],"potions_floor_usage":[16],"damage_taken":[{"damage":14.0,"enemies":"Jaw Worm","floor":1.0,"turns":8.0},{"damage":0.0,"enemies":"Cultist","floor":4.0,"turns":3.0},{"damage":0.0,"enemies":"Small Slimes","floor":5.0,"turns":3.0},{"damage":26.0,"enemies":"Lagavulin","floor":6.0,"turns":7.0},{"damage":35.0,"enemies":"Gremlin Nob","floor":8.0,"turns":4.0},{"damage":0.0,"enemies":"Looter","floor":10.0,"turns":3.0},{"damage":24.0,"enemies":"3 Sentries","floor":11.0,"turns":5.0},{"damage":0,"enemies":"Exordium Thugs","floor":13,"turns":4},{"damage":1,"enemies":"Red Slaver","floor":14,"turns":3},{"damage":38,"enemies":"Slime Boss","floor":16,"turns":5}],"seed_played":"-3945584152342486637","potions_obtained":[{"floor":5.0,"key":"Regen Potion"},{"floor":8.0,"key":"FearPotion"},{"floor":14,"key":"Swift Potion"}],"is_trial":false,"path_per_floor":["M","?","$","M","M","E","R","E","T","M","E","R","M","M","R","B"],"character_chosen":"THE_SILENT","items_purchased":["Deadly Poison","Masterful Stab"],"campfire_rested":2,"item_purchase_floors":[3,3],"current_hp_per_floor":[51,51,51,51,51,25,46,25,25,25,1,22,22,21,21,0,0],"gold":186,"neow_bonus":"TEN_PERCENT_HP_BONUS","is_daily":false,"chose_seed":false,"campfire_upgraded":1,"win_rate":0.0,"timestamp":1612249355,"path_taken":["M","?","$","M","?","E","R","E","T","M","E","R","M","M","R","BOSS"],"items_purchased_type":["Card","Card"],"build_version":"2020-12-22","purchased_purges":0,"victory":false,"max_hp_per_floor":[72,72,72,72,72,72,72,72,72,72,72,72,72,72,72,72,72],"relic_stats":{"Gremlin Horn":[3,3],"Happy Flower":[4],"counters":[10,45],"War Paint":["PiercingWail","Crippling Poison"],"obtain_stats":[{"Gremlin Horn":8,"Happy Flower":11,"Omamori":6,"War Paint":9,"Ring of the Snake":0},{"Gremlin Horn":5,"Happy Flower":7,"Omamori":4,"War Paint":5,"Ring of the Snake":0},{"Gremlin Horn":25,"Happy Flower":33,"Omamori":21,"War Paint":25,"Ring of the Snake":0}],"Ring of the Snake":[20]},"card_choices":[{"not_picked":["Deadly Poison","Underhanded Strike"],"picked":"Predator","floor":1.0},{"not_picked":["Infinite Blades","Slice","Eviscerate"],"picked":"SKIP","floor":4.0},{"not_picked":["Outmaneuver","Endless Agony"],"picked":"PiercingWail","floor":5.0},{"not_picked":["Bullet Time","Dagger Spray"],"picked":"Crippling Poison","floor":6.0},{"not_picked":["Riddle With Holes","Quick Slash","Caltrops"],"picked":"SKIP","floor":8.0},{"not_picked":["Slice","Underhanded Strike"],"picked":"Calculated Gamble","floor":10.0},{"not_picked":["Heel Hook","A Thousand Cuts"],"picked":"Burst","floor":11.0},{"not_picked":["Acrobatics","Flying Knee"],"picked":"Flechettes","floor":13},{"not_picked":["Caltrops","Flying Knee"],"picked":"Cloak And Dagger","floor":14}],"player_experience":2118348,"relics_obtained":[{"floor":6.0,"key":"Omamori"},{"floor":8.0,"key":"Gremlin Horn"},{"floor":9.0,"key":"War Paint"},{"floor":11.0,"key":"Happy Flower"}],"event_choices":[{"cards_removed":["Strike_G"],"damage_healed":0.0,"max_hp_gain":0.0,"max_hp_loss":0.0,"gold_gain":0.0,"event_name":"Purifier","player_choice":"Purged","floor":2.0,"gold_loss":0.0,"damage_taken":0.0}],"is_beta":false,"boss_relics":[],"items_purged_floors":[],"is_endless":false,"potions_floor_spawned":[5,8,14],"killed_by":"Slime Boss","ascension_level":20}}