{"host":"pec1bvkeldr5yzx1","time":1612282625,"event":{"mods":["ATMod(°¢èªMod)","AchievementEnabler","Act Like it!","Aspiration","BaseMod","Better Altar","Better Match","Better Sensory Stone","Better Skull","Better Vampires","BetterRewards","Conspire","Dota2Spire","Energized Spire","Friendly Minions","GifTheSpireLib","Hubris","Minty Spire (QoL Compilation)","Replay The Spire","Spicy Shops","StSLib","Stuff the Spire","SuperFastMode","óô»ðÖ¸ÄÏ"],"gold_per_floor":[119,394,406,426,439,439,439],"floor_reached":6,"language":"ZHS","playtime":167,"items_purged":[],"score":42,"play_id":"917af298-f0eb-4a27-a22a-e8517e049aad","local_time":"20210203001705","is_ascension_mode":true,"campfire_choices":[],"circlet_count":0,"master_deck":["Strike_B","Strike_B","Strike_B","Strike_B","Defend_B","Defend_B","Defend_B","Defend_B","Zap","Dualcast","AT_EMC2","Turbo","Heatsinks","Go for the Eyes","Loop","Regret","Coolheaded","Cold Snap","Turbo"],"relics":["Cracked Core","AT_ATBox","StuffTheSpire:Nightcore","HandDrill","Replay:Towering Pillar of Hats"],"acts_visited":["Exordium"],"potions_floor_usage":[6],"damage_taken":[{"damage":7,"enemies":"Jaw Worm","floor":1,"turns":3},{"damage":0,"enemies":"Cultist","floor":3,"turns":3},{"damage":9,"enemies":"2 Louse","floor":4,"turns":4},{"damage":13,"enemies":"Looter","floor":5,"turns":3},{"damage":16,"enemies":"3 Sentries","floor":6,"turns":2}],"seed_played":"2702033583455009173","potions_obtained":[{"floor":1,"key":"Weak Potion"},{"floor":5,"key":"Ancient Potion"}],"is_trial":false,"path_per_floor":["M","?","M","M","M","E"],"character_chosen":"DEFECT","items_purchased":["StuffTheSpire:Nightcore","Turbo","HandDrill","Heatsinks","Go for the Eyes"],"campfire_rested":0,"item_purchase_floors":[0,0,0,0,0],"current_hp_per_floor":[33,33,33,24,11,0,0],"gold":439,"neow_bonus":"","is_daily":false,"chose_seed":false,"campfire_upgraded":0,"win_rate":0.0,"timestamp":1612282625,"path_taken":["M","?","?","M","M","E"],"items_purchased_type":["Relic","Card","Relic","Card","Card"],"build_version":"2020-12-22","purchased_purges":0,"victory":false,"max_hp_per_floor":[75,75,75,75,75,75,75],"card_choices":[{"not_picked":["AT_HeatAcrobatics","Doom and Gloom"],"picked":"Loop","floor":1},{"not_picked":["AT_ThreeBodyProblem","StuffTheSpire:Plugnplay"],"picked":"Coolheaded","floor":3},{"not_picked":["Leap","ReplayGash"],"picked":"Cold Snap","floor":4},{"not_picked":["ReplayTheSpireMod:Dual Polarity","Barrage"],"picked":"Turbo","floor":5}],"player_experience":126936,"relics_obtained":[],"event_choices":[{"damage_healed":0,"gold_gain":275,"player_choice":"Desecrate","damage_taken":0,"max_hp_gain":0,"max_hp_loss":0,"event_name":"Golden Shrine","floor":2,"gold_loss":0,"cards_obtained":["Regret"]}],"is_beta":false,"boss_relics":[],"items_purged_floors":[],"is_endless":false,"potions_floor_spawned":[1,5],"killed_by":"3 Sentries","ascension_level":2}}