{"host":"vt6dr1xq3iy14a3e","time":1612231334,"event":{"mods":["AchievementEnabler","BaseMod","Colored Map","DeckTracker","Minty Spire (QoL Compilation)","StSLib","SuperFastMode"],"gold_per_floor":[118,128,128,32,43,71,71,71,71,91,91,10,36,48,48,146,146,182,182,222,236,253,253,293,128,128,168,267,267,14,24,24,24,24],"floor_reached":33,"language":"KOR","playtime":1417,"items_purged":["Defend_P","Strike_P"],"score":417,"play_id":"c3cd8fd8-6605-454b-81f9-59d361228b9a","local_time":"20210202110214","is_ascension_mode":true,"campfire_choices":[{"floor":7.0,"key":"REST"},{"data":"CrushJoints","floor":11.0,"key":"SMITH"},{"data":"Dark Shackles","floor":15.0,"key":"SMITH"},{"floor":23.0,"key":"REST"},{"floor":29.0,"key":"REST"},{"data":"Vault","floor":32,"key":"SMITH"}],"circlet_count":0,"master_deck":["Strike_P","Strike_P","Strike_P","Defend_P","Defend_P","Defend_P","Eruption+1","Vigilance","CrushJoints+1","SashWhip","Purity","EmptyBody","BowlingBash","Dark Shackles+1","Wish","FearNoEvil","Vault+1","Bandage Up"],"relics":["PureWater","Mummified Hand","Bag of Marbles","Blood Vial","Bag of Preparation","Busted Crown","Mercury Hourglass","ClockworkSouvenir"],"acts_visited":["Exordium","TheCity"],"potions_floor_usage":[33],"damage_taken":[{"damage":4.0,"enemies":"Small Slimes","floor":1.0,"turns":4.0},{"damage":9.0,"enemies":"Jaw Worm","floor":2.0,"turns":4.0},{"damage":0.0,"enemies":"Cultist","floor":5.0,"turns":2.0},{"damage":20.0,"enemies":"Gremlin Nob","floor":6.0,"turns":5.0},{"damage":0.0,"enemies":"2 Fungi Beasts","floor":10.0,"turns":2.0},{"damage":2.0,"enemies":"3 Sentries","floor":13.0,"turns":5.0},{"damage":0.0,"enemies":"Red Slaver","floor":14.0,"turns":2.0},{"damage":0.0,"enemies":"Slime Boss","floor":16.0,"turns":7.0},{"damage":17.0,"enemies":"Spheric Guardian","floor":18.0,"turns":4.0},{"damage":5.0,"enemies":"Shell Parasite","floor":20.0,"turns":5.0},{"damage":42.0,"enemies":"Shelled Parasite and Fungi","floor":21.0,"turns":6.0},{"damage":12.0,"enemies":"Snecko","floor":22.0,"turns":6.0},{"damage":11.0,"enemies":"Snake Plant","floor":24.0,"turns":5.0},{"damage":11.0,"enemies":"Centurion and Healer","floor":27.0,"turns":7.0},{"damage":0,"enemies":"3 Cultists","floor":31,"turns":5},{"damage":74,"enemies":"Collector","floor":33,"turns":8}],"seed_played":"-6813363117594773929","potions_obtained":[{"floor":2.0,"key":"Block Potion"},{"floor":10.0,"key":"StancePotion"},{"floor":13.0,"key":"StancePotion"},{"floor":14.0,"key":"Explosive Potion"},{"floor":21.0,"key":"FearPotion"},{"floor":22.0,"key":"BottledMiracle"},{"floor":24.0,"key":"Ancient Potion"},{"floor":31,"key":"BlessingOfTheForge"}],"is_trial":false,"path_per_floor":["M","M","?","$","M","E","R","T","T","M","R","$","E","M","R","B",null,"M","?","M","M","M","R","M","$","T","M","?","R","$","M","R","B"],"character_chosen":"WATCHER","items_purchased":["Purity","Dark Shackles","Bandage Up","ClockworkSouvenir"],"campfire_rested":3,"item_purchase_floors":[4,12,25,30],"current_hp_per_floor":[68,59,59,59,59,39,62,62,62,64,64,64,64,66,66,68,76,61,61,58,18,8,31,22,22,22,17,17,40,40,46,46,0,0],"gold":24,"neow_bonus":"TEN_PERCENT_HP_BONUS","is_daily":false,"chose_seed":false,"campfire_upgraded":3,"win_rate":0.0,"timestamp":1612231334,"path_taken":["M","M","?","$","M","E","R","?","T","M","R","$","E","?","R","BOSS","M","?","?","M","M","R","M","$","T","M","?","R","$","M","R","BOSS"],"items_purchased_type":["Card","Card","Card","Relic"],"build_version":"2020-12-22","purchased_purges":2,"victory":false,"max_hp_per_floor":[79,79,79,79,79,79,79,79,79,79,79,79,79,79,79,79,79,79,79,79,79,79,79,79,79,79,79,79,79,79,79,79,79,79],"card_choices":[{"not_picked":["Perseverance","Evaluate"],"picked":"CrushJoints","floor":1.0},{"not_picked":["TalkToTheHand","EmptyFist"],"picked":"SashWhip","floor":2.0},{"not_picked":["Tantrum","PathToVictory"],"picked":"EmptyBody","floor":5.0},{"not_picked":["Prostrate","WindmillStrike","SignatureMove"],"picked":"SKIP","floor":6.0},{"not_picked":["Indignation","WindmillStrike"],"picked":"BowlingBash","floor":10.0},{"not_picked":["Prostrate","Worship","SandsOfTime"],"picked":"SKIP","floor":13.0},{"not_picked":["PathToVictory","FlurryOfBlows","WreathOfFlame"],"picked":"SKIP","floor":14.0},{"not_picked":["MasterReality","Judgement"],"picked":"Wish","floor":16.0},{"not_picked":[],"picked":"FearNoEvil","floor":18.0},{"not_picked":["PathToVictory"],"picked":"SKIP","floor":20.0},{"not_picked":["Collect"],"picked":"SKIP","floor":21.0},{"not_picked":["CutThroughFate+1"],"picked":"SKIP","floor":22.0},{"not_picked":["JustLucky"],"picked":"SKIP","floor":24.0},{"not_picked":["WindmillStrike"],"picked":"SKIP","floor":27.0},{"not_picked":["Consecrate"],"picked":"SKIP","floor":31}],"player_experience":1022828,"relics_obtained":[{"floor":6.0,"key":"Mummified Hand"},{"floor":8.0,"key":"Bag of Marbles"},{"floor":9.0,"key":"Blood Vial"},{"floor":13.0,"key":"Bag of Preparation"},{"floor":26.0,"key":"Mercury Hourglass"}],"event_choices":[{"damage_healed":0.0,"max_hp_gain":0.0,"max_hp_loss":0.0,"gold_gain":0.0,"event_name":"Living Wall","player_choice":"Grow","floor":3.0,"gold_loss":0.0,"damage_taken":0.0,"cards_upgraded":["Eruption"]},{"damage_healed":0.0,"max_hp_gain":0.0,"max_hp_loss":0.0,"gold_gain":0.0,"event_name":"Match and Keep!","player_choice":"1 cards matched","floor":19.0,"gold_loss":0.0,"damage_taken":0.0,"cards_obtained":["Vault"]},{"damage_healed":0.0,"max_hp_gain":0.0,"max_hp_loss":0.0,"gold_gain":99.0,"event_name":"Nest","player_choice":"Stole From Cult","floor":28.0,"gold_loss":0.0,"damage_taken":0.0}],"is_beta":false,"boss_relics":[{"not_picked":["Sozu","Snecko Eye"],"picked":"Busted Crown"}],"items_purged_floors":[25,30],"is_endless":false,"potions_floor_spawned":[2,10,13,14,16,21,22,24,31],"killed_by":"Collector","ascension_level":7}}