{"host":"bplbr8uekuotory4","time":1612265262,"event":{"mods":["Act Like it!","BaseMod","GungeonMod","Hermit","KinomotoSakuraMod(木之本樱)","Marisa（F雨　魔理沙）","Minty Spire (QoL Compilation)","Prisma Mod","Quick Restart","Reimu（博丽灵梦）","SOS（斯巴达之子）","Spicy Shops","StSLib","TestMod","The Blackbeard","The Cursed","The Mystic","The Poker Player","The Saiyan","The Senshi","The Servant 0.9.4","Yuri Mod","[IsaacMod]以撒尖塔"],"gold_per_floor":[112,112,112,112,153,191,191,95,119,137,152,152,165,10,10,112,112,124,13,412,452,458,458,491,491,491,500,84,111,44,55,55,153,153,168,168,91,146,157,168,179,210,232,232,264,282,314,314,314,314,314,314,623,655,652],"floor_reached":56,"language":"ZHS","playtime":1385,"items_purged":["Regret","Poor:ReiMu","blackbeard:BlackbeardStrike","blackbeard:BlackbeardDefend","blackbeard:BlackbeardStrike","blackbeard:BlackbeardStrike","blackbeard:CannonballSupply","blackbeard:BlackbeardDefend","blackbeard:Cutlass+1","blackbeard:WoodenLeg+1","blackbeard:BountyHunter","blackbeard:GoldenStrike","blackbeard:RearmingStrike+1","blackbeard:GoldenRain"],"score":2356,"play_id":"5ab03aae-6ae2-4902-9dac-45a5355d191e","local_time":"20210202192742","is_ascension_mode":true,"campfire_choices":[{"data":"blackbeard:Cutlass","floor":7,"key":"SMITH"},{"data":"blackbeard:CaptainsHat","floor":12,"key":"SMITH"},{"data":"blackbeard:RearmingStrike","floor":15,"key":"SMITH"},{"data":"blackbeard:Rum","floor":23,"key":"SMITH"},{"data":"blackbeard:PowerHungry","floor":32,"key":"SMITH"},{"data":"blackbeard:GoldenCannonball","floor":40,"key":"SMITH"},{"data":"blackbeard:BoostMorale","floor":44,"key":"SMITH"},{"floor":49,"key":"RECALL"},{"data":"blackbeard:GoldenDefense","floor":52,"key":"SMITH"}],"circlet_count":0,"master_deck":["blackbeard:IntimidatingStrike","blackbeard:CaptainsHat+1","blackbeard:Toast","blackbeard:CannonBarrage+1","blackbeard:Parrot+1","blackbeard:FinalBarrage","blackbeard:PowerHungry+1","blackbeard:Rum+1","testmod-Wormhole+1","blackbeard:BeatUp+1","blackbeard:GoldenDefense+1","blackbeard:PiratesWill+1","blackbeard:GoldenCannonball+1","blackbeard:GoldenStrike+1","blackbeard:BoostMorale+1"],"relics":["blackbeard:LoadTheCannons","HushsDoor","testmod-RealStoneCalender","Anchor","Juzu Bracelet","YidongShenshe:ReiMu","testmod-LifeArmor","SalivaCoin","BloodDonationBag","Happy Flower","testmod-Charity","DemoMod:BigBoy","Mercury Hourglass","OrangePellets","Akabeko","Incense Burner","PreservedInsect","Membership Card","DoctorsRemote","DemoMod:MemoryAlloy","BFFS","DemoMod:PoisonVial","StoneCalendar","Astrolabe","GuppysPaw","DeathBook","Blood Vial","yuri:PortableGlitches","Dream Catcher","DeadEye","Chaos","HornCleat","DemoMod:GlassGuonStoneRelic","Void","MutagenicStrength","Toy Ornithopter","Omamori","testmod-BouquetWithThorns","Cauldron","theSenshi:SailorFukuRelic","testmod-TurbochargingSystem","FossilizedHelix","testmod-BlackFramedGlasses","War Paint","DemoMod:WhiteGuonStone","DemoMod:BlueGuonStone","GuppysHairball","GuppysCollar","SteamSale","testmod-EqualTreatment","Kunai","DemoMod:Metronome","Shovel","MawBank","Pear","Thread and Needle","testmod-StringDisintegrator","Regal Pillow","Sling","Calling Bell","blackbeard:Spearhead","MoneyPower","Orrery","Singing Bowl","EdensBlessing","SatanicBible","D4","Torii","DemoMod:PinkGuonStone","DemoMod:OrangeGuonStone","TungstenRod","testmod-Antiphasic","Runic Pyramid"],"acts_visited":["Exordium","TheCity","TheBeyond","TheEnding"],"potions_floor_usage":[16,19,28,33,55,55],"damage_taken":[{"damage":0,"enemies":"2 Louse","floor":1,"turns":2},{"damage":10,"enemies":"Lagavulin","floor":6,"turns":4},{"damage":0,"enemies":"Small Slimes","floor":10,"turns":1},{"damage":0,"enemies":"Jaw Worm","floor":11,"turns":2},{"damage":0,"enemies":"3 Louse","floor":13,"turns":1},{"damage":0,"enemies":"Slime Boss","floor":16,"turns":3},{"damage":0,"enemies":"Spheric Guardian","floor":18,"turns":2},{"damage":1,"enemies":"3 Byrds","floor":21,"turns":3},{"damage":0,"enemies":"Gremlin Leader","floor":24,"turns":3},{"damage":0,"enemies":"Snake Plant","floor":27,"turns":2},{"damage":0,"enemies":"Cultist and Chosen","floor":29,"turns":3},{"damage":0,"enemies":"Shelled Parasite and Fungi","floor":31,"turns":2},{"damage":0,"enemies":"Collector","floor":33,"turns":2},{"damage":0,"enemies":"Orb Walker","floor":35,"turns":1},{"damage":0,"enemies":"Hiden Room Battle","floor":38,"turns":1},{"damage":0,"enemies":"Reptomancer","floor":42,"turns":1},{"damage":0,"enemies":"Nemesis","floor":45,"turns":1},{"damage":0,"enemies":"3 Shapes","floor":46,"turns":1},{"damage":0,"enemies":"Reptomancer","floor":47,"turns":1},{"damage":0,"enemies":"Awakened One","floor":50,"turns":2},{"damage":0,"enemies":"Shield and Spear","floor":54,"turns":1},{"damage":0,"enemies":"The Heart","floor":55,"turns":3}],"seed_played":"6771448402209420195","potions_obtained":[{"floor":6,"key":"ZuzhouPotion:ReiMu"},{"floor":10,"key":"blackbeard:OrangeJuicePotion"},{"floor":28,"key":"FairyPotion"},{"floor":28,"key":"DemoMod:BlankPotion"},{"floor":28,"key":"Fruit Juice"},{"floor":28,"key":"FearPotion"},{"floor":28,"key":"LiquidMemories"},{"floor":33,"key":"Fire Potion"}],"is_trial":false,"path_per_floor":["M","?","?","?","$","E","R","$","T","M","M","R","M","$","R","B",null,"M","$","?","M","?","R","E","?","T","M","$","M","$","M","R","B",null,"M","?","$","?","?","R","$","E","T","R","E","M","E","T","R","B",null,"R","$","E","B",null],"character_chosen":"BLACKBEARD_CLASS","items_purchased":["SalivaCoin","testmod-Charity","DemoMod:BigBoy","Mercury Hourglass","OrangePellets","Akabeko","Incense Burner","Dexterity Potion","Membership Card","DoctorsRemote","DemoMod:MemoryAlloy","BFFS","DemoMod:PoisonVial","StoneCalendar","ColorlessPotion","GuppysPaw","DeathBook","blackbeard:FinalBarrage","blackbeard:PowerHungry","blackbeard:Rum","testmod-Wormhole","Blood Vial","yuri:PortableGlitches","Dream Catcher","DeadEye","Chaos","testmod-SpacePotion","EssenceOfSteel","Fire Potion","Toy Ornithopter","Omamori","testmod-BouquetWithThorns","Cauldron","blackbeard:PiratesWill","DemoMod:WeirdEgg","testmod-TurbochargingSystem","FossilizedHelix","testmod-BlackFramedGlasses","War Paint","blackbeard:GoldenStrike","DemoMod:WhiteGuonStone","GuppysHairball","GuppysCollar","FairyPotion","blackbeard:GoldenCannonball","SteamSale","testmod-EqualTreatment","Kunai","DemoMod:Metronome","Shovel","Thread and Needle","testmod-StringDisintegrator","Regal Pillow","Sling","Calling Bell","DemoMod:PinkGuonStone","DemoMod:OrangeGuonStone","TungstenRod","testmod-Antiphasic","DemoMod:LeadSkinPotion"],"campfire_rested":0,"item_purchase_floors":[5,8,8,8,8,8,8,8,14,14,14,14,14,14,14,17,17,17,17,17,17,19,19,19,19,19,19,19,19,28,28,28,28,28,28,30,30,30,30,30,30,34,34,34,34,37,37,37,37,37,41,41,41,41,41,53,53,53,53,53],"current_hp_per_floor":[68,65,65,65,34,24,24,174,175,176,177,177,178,243,243,244,413,414,480,481,485,426,426,429,429,429,432,470,474,544,549,549,559,723,727,727,727,727,1480,1481,1482,1488,1489,1489,1495,1501,1507,1507,1507,1511,1517,1517,1557,1563,1578],"gold":652,"neow_bonus":"RANDOM_COMMON_RELIC","is_daily":false,"chose_seed":false,"campfire_upgraded":8,"win_rate":0.0,"timestamp":1612265262,"path_taken":["M","?","?","?","?","E","R","$","T","M","M","R","M","$","R","BOSS","M","$","?","M","?","R","E","?","T","M","$","M","$","M","R","BOSS","M","?","$","?","?","R","?","E","T","R","E","M","E","?","R","BOSS","R","$","E","BOSS"],"items_purchased_type":["Relic","Relic","Relic","Relic","Relic","Relic","Relic","Potion","Relic","Relic","Relic","Relic","Relic","Relic","Potion","Relic","Relic","Card","Card","Card","Card","Relic","Relic","Relic","Relic","Card","Potion","Potion","Potion","Relic","Relic","Relic","Relic","Card","Relic","Relic","Relic","Relic","Relic","Card","Relic","Relic","Relic","Potion","Card","Relic","Relic","Relic","Relic","Relic","Relic","Relic","Relic","Relic","Relic","Relic","Relic","Relic","Relic","Undefined"],"build_version":"2020-12-22","purchased_purges":14,"victory":true,"max_hp_per_floor":[75,75,75,75,75,75,75,375,376,377,378,378,379,509,509,510,469,470,602,603,606,607,607,608,608,608,609,670,672,812,813,813,814,777,778,739,739,751,1504,1505,1506,1509,1510,1510,1513,1516,1519,1519,1519,1519,1519,1519,1592,1595,1595],"card_choices":[{"not_picked":[],"picked":"Bomb","floor":0},{"not_picked":["blackbeard:Dagger","blackbeard:WoodenLeg"],"picked":"blackbeard:RearmingStrike","floor":1},{"not_picked":["blackbeard:DeadlyArsenal","blackbeard:WiseDefense"],"picked":"blackbeard:CannonballSupply","floor":6},{"not_picked":["blackbeard:WiseDefense","blackbeard:Sharpening"],"picked":"blackbeard:CaptainsHat","floor":10},{"not_picked":["blackbeard:Recklessness","blackbeard:RearmingStrike"],"picked":"blackbeard:Toast","floor":11},{"not_picked":["blackbeard:GoldenDefense","blackbeard:DeadlyArsenal","blackbeard:ChaoticDefense"],"picked":"SKIP","floor":13},{"not_picked":["blackbeard:PirateStrength","blackbeard:Lifeboat"],"picked":"blackbeard:BountyHunter","floor":16},{"not_picked":["blackbeard:CloakAndCannonball","blackbeard:TacticalRetreat","blackbeard:RemoveScurvy"],"picked":"SKIP","floor":18},{"not_picked":["blackbeard:Fencing","blackbeard:GoldenStrike"],"picked":"blackbeard:BeatUp+1","floor":21},{"not_picked":["blackbeard:ArmorUp","blackbeard:Scrap+1","blackbeard:Toast"],"picked":"SKIP","floor":24},{"not_picked":["blackbeard:BeatUp","blackbeard:TacticalRetreat"],"picked":"blackbeard:GoldenDefense","floor":27},{"not_picked":["blackbeard:RearmingStrike+1","blackbeard:Toast+1","blackbeard:PiratesWill"],"picked":"SKIP","floor":29},{"not_picked":["blackbeard:RemoveScurvy","blackbeard:CloakAndCannonball","blackbeard:Sword"],"picked":"SKIP","floor":31},{"not_picked":["blackbeard:ReapersScythe","blackbeard:PirateStrength"],"picked":"blackbeard:GoldenRain","floor":33},{"not_picked":["blackbeard:PowderKeg","blackbeard:CaptainsCabin"],"picked":"blackbeard:GoldenStrike+1","floor":35},{"not_picked":["blackbeard:WoodenLeg","blackbeard:Revenge"],"picked":"blackbeard:BoostMorale","floor":41},{"not_picked":["blackbeard:WoodenLeg","blackbeard:Salvager","blackbeard:Boarding"],"picked":"SKIP","floor":41},{"not_picked":["blackbeard:SmithingHammer","blackbeard:PirateHook+1","blackbeard:Sharpening+1"],"picked":"SKIP","floor":41},{"not_picked":["blackbeard:BeatUp+1","blackbeard:Sword","blackbeard:BlindAttacks"],"picked":"SKIP","floor":41},{"not_picked":["blackbeard:Shrapnel","blackbeard:CaptainsCabin","blackbeard:Sword"],"picked":"Singing Bowl","floor":42},{"not_picked":["blackbeard:DoubleCannonball+1","blackbeard:ArmorUp+1","blackbeard:Spear"],"picked":"Singing Bowl","floor":45},{"not_picked":["blackbeard:GoldenDefense+1","blackbeard:Spear","blackbeard:Fencing"],"picked":"Singing Bowl","floor":46},{"not_picked":["blackbeard:Scrap","blackbeard:DoubleCannonball","blackbeard:MegaUpgrade"],"picked":"Singing Bowl","floor":47},{"not_picked":["blackbeard:VengefulSpirit+1","blackbeard:DoubleBottom+1","blackbeard:DoubleCannonball"],"picked":"Singing Bowl","floor":54}],"player_experience":1107624,"relics_obtained":[{"floor":6,"key":"Happy Flower"},{"floor":9,"key":"PreservedInsect"},{"floor":24,"key":"Void"},{"floor":38,"key":"MawBank"},{"floor":38,"key":"Pear"},{"floor":41,"key":"blackbeard:Spearhead"},{"floor":41,"key":"MoneyPower"},{"floor":41,"key":"Orrery"},{"floor":42,"key":"Singing Bowl"},{"floor":43,"key":"EdensBlessing"},{"floor":45,"key":"SatanicBible"},{"floor":47,"key":"D4"},{"floor":48,"key":"Torii"},{"floor":54,"key":"Runic Pyramid"}],"event_choices":[{"damage_healed":0,"gold_gain":0,"player_choice":"Success","damage_taken":3,"relics_obtained":["Juzu Bracelet"],"max_hp_gain":0,"max_hp_loss":0,"event_name":"Scrap Ooze","floor":2,"gold_loss":0},{"damage_healed":0,"gold_gain":0,"player_choice":"带走神社","damage_taken":0,"relics_obtained":["YidongShenshe:ReiMu"],"max_hp_gain":0,"max_hp_loss":0,"event_name":"yidonshenshe","floor":3,"gold_loss":0,"cards_obtained":["Poor:ReiMu"]},{"damage_healed":0,"gold_gain":0,"player_choice":"Box","damage_taken":0,"relics_obtained":["testmod-LifeArmor"],"max_hp_gain":0,"max_hp_loss":0,"event_name":"Big Fish","floor":4,"gold_loss":0,"cards_obtained":["Regret"]},{"damage_healed":0,"gold_gain":400,"player_choice":"Sell","damage_taken":0,"max_hp_gain":0,"max_hp_loss":0,"event_name":"恩洛斯的盘子","floor":20,"relics_lost":["testmod-TestBox"],"gold_loss":0},{"damage_healed":0,"gold_gain":0,"player_choice":"HornCleat","damage_taken":0,"relics_obtained":["HornCleat"],"max_hp_gain":0,"max_hp_loss":0,"event_name":"blackbeard:ShipwreckEvent","floor":22,"gold_loss":0},{"damage_healed":0,"gold_gain":0,"player_choice":"Inject Mutagens","damage_taken":0,"relics_obtained":["MutagenicStrength"],"max_hp_gain":0,"max_hp_loss":0,"event_name":"Drug Dealer","floor":25,"gold_loss":0},{"damage_healed":0,"gold_gain":0,"player_choice":"Max HP","damage_taken":0,"max_hp_gain":0,"max_hp_loss":39,"event_name":"Winding Halls","floor":36,"gold_loss":0},{"damage_healed":0,"gold_gain":0,"player_choice":"Fight","damage_taken":0,"max_hp_gain":0,"max_hp_loss":0,"event_name":"HidenRoomEvent","floor":38,"gold_loss":0},{"damage_healed":0,"gold_gain":0,"player_choice":"Swap Relic","damage_taken":0,"relics_obtained":["testmod-HarvestTotem"],"max_hp_gain":0,"max_hp_loss":0,"event_name":"给自己的盒子","floor":39,"relics_lost":["testmod-HarvestTotem"],"gold_loss":0}],"is_beta":false,"boss_relics":[{"not_picked":["Philosopher\u0027s Stone","Ectoplasm"],"picked":"Astrolabe"},{"not_picked":[]},{"not_picked":["Question Card","StrikeDummy"],"picked":"DemoMod:BlueGuonStone"},{"not_picked":[]}],"items_purged_floors":[5,5,8,8,14,17,19,28,28,30,34,37,41,53],"is_endless":false,"potions_floor_spawned":[6,10,11,21,24,29,33,35,42,54],"ascension_level":8}}