{"host":"z5bn7jsck728mmiq","time":1612228050,"event":{"mods":["BaseMod","Bestiary","DeckTracker","Minty Spire (QoL Compilation)","StSLib"],"gold_per_floor":[118,19,34,109,9,34,34,34,34,62,81,110,110,128,128,229,229,242,77,77,97,109,109,109,129,129,165,165,264,293,313,313,313,313],"floor_reached":33,"language":"ENG","playtime":843,"items_purged":["Defend_P","Strike_P","Strike_P"],"score":325,"play_id":"b131ff22-d19a-4597-8b0e-8823cd3c8e35","local_time":"20210201170730","is_ascension_mode":false,"campfire_choices":[{"data":"Tantrum","floor":7,"key":"SMITH"},{"floor":13,"key":"REST"},{"floor":15,"key":"REST"},{"data":"Eruption","floor":23,"key":"SMITH"},{"floor":28,"key":"REST"},{"floor":32,"key":"REST"}],"circlet_count":0,"master_deck":["Strike_P","Strike_P","Defend_P","Defend_P","Defend_P","Eruption+1","Vigilance","FlyingSleeves","ClearTheMind","Tantrum+1","DeceiveReality","CutThroughFate","FearNoEvil","SignatureMove","Omniscience","Wish","ThirdEye","Vengeance","DeusExMachina","Discovery","Eruption","SashWhip","Establishment+1","EmptyFist","Halt","TalkToTheHand"],"relics":["PureWater","Regal Pillow","Art of War","Darkstone Periapt","Frozen Egg 2","Bottled Flame","Odd Mushroom","Sozu","Singing Bowl","Ancient Tea Set"],"acts_visited":["Exordium","TheCity"],"potions_floor_usage":[6,10,12],"damage_taken":[{"damage":0,"enemies":"Cultist","floor":1,"turns":2},{"damage":0,"enemies":"Jaw Worm","floor":3,"turns":2},{"damage":18,"enemies":"Lagavulin","floor":6,"turns":4},{"damage":28,"enemies":"3 Sentries","floor":10,"turns":5},{"damage":0,"enemies":"2 Louse","floor":11,"turns":2},{"damage":13,"enemies":"The Mushroom Lair","floor":12,"turns":5},{"damage":0,"enemies":"2 Fungi Beasts","floor":14,"turns":2},{"damage":0,"enemies":"Slime Boss","floor":16,"turns":3},{"damage":0,"enemies":"Spheric Guardian","floor":18,"turns":2},{"damage":14,"enemies":"2 Thieves","floor":21,"turns":3},{"damage":12,"enemies":"Snake Plant","floor":22,"turns":4},{"damage":0,"enemies":"Centurion and Healer","floor":25,"turns":3},{"damage":14,"enemies":"3 Cultists","floor":27,"turns":4},{"damage":56,"enemies":"Book of Stabbing","floor":30,"turns":4},{"damage":3,"enemies":"Cultist and Chosen","floor":31,"turns":3},{"damage":50,"enemies":"Champ","floor":33,"turns":10}],"seed_played":"5216919032149595422","potions_obtained":[{"floor":1,"key":"BottledMiracle"},{"floor":3,"key":"DistilledChaos"},{"floor":11,"key":"ColorlessPotion"}],"is_trial":false,"path_per_floor":["M","$","M","?","$","E","R","T","T","E","M","?","R","M","R","B",null,"M","$","?","M","M","R","?","M","T","M","R","?","E","M","R","B"],"character_chosen":"WATCHER","items_purchased":["ClearTheMind","Vengeance"],"campfire_rested":4,"item_purchase_floors":[2,19],"current_hp_per_floor":[72,72,72,61,61,43,43,43,43,15,15,2,38,38,72,72,72,72,72,72,58,46,46,46,46,46,32,68,68,14,11,48,0,0],"gold":313,"neow_bonus":"RANDOM_COMMON_RELIC","is_daily":false,"chose_seed":false,"campfire_upgraded":2,"win_rate":0.0,"timestamp":1612228050,"path_taken":["M","?","M","?","?","E","R","?","T","E","?","?","R","M","R","BOSS","M","$","?","M","?","R","?","M","T","M","R","?","E","M","R","BOSS"],"items_purchased_type":["Card","Card"],"build_version":"2020-12-22","purchased_purges":3,"victory":false,"max_hp_per_floor":[72,72,72,72,72,72,72,72,72,72,72,72,72,72,72,72,72,72,72,72,72,72,72,72,72,72,72,72,72,74,74,74,74,74],"card_choices":[{"not_picked":["Adaptation","JustLucky"],"picked":"FlyingSleeves","floor":1},{"not_picked":["SashWhip","ThirdEye"],"picked":"Tantrum","floor":3},{"not_picked":["Study","Pray"],"picked":"DeceiveReality","floor":6},{"not_picked":["ClearTheMind","SashWhip"],"picked":"CutThroughFate","floor":10},{"not_picked":["FollowUp","WaveOfTheHand"],"picked":"FearNoEvil","floor":11},{"not_picked":["EmptyMind","CarveReality"],"picked":"SignatureMove","floor":12},{"not_picked":["FlyingSleeves","Fasting2+1"],"picked":"Omniscience","floor":14},{"not_picked":["MasterReality+1","Alpha"],"picked":"Wish","floor":16},{"not_picked":["ClearTheMind","Crescendo"],"picked":"ThirdEye","floor":18},{"not_picked":["EmptyMind","CrushJoints"],"picked":"SashWhip","floor":21},{"not_picked":["MentalFortress+1","EmptyBody"],"picked":"Establishment+1","floor":22},{"not_picked":["CutThroughFate+1","Consecrate"],"picked":"EmptyFist","floor":25},{"not_picked":["FlurryOfBlows+1","Indignation"],"picked":"Halt","floor":27},{"not_picked":["Worship","Consecrate","Wireheading+1"],"picked":"Singing Bowl","floor":30},{"not_picked":["BattleHymn+1","Indignation"],"picked":"TalkToTheHand","floor":31}],"player_experience":97465,"relics_obtained":[{"floor":6,"key":"Art of War"},{"floor":8,"key":"Darkstone Periapt"},{"floor":9,"key":"Frozen Egg 2"},{"floor":10,"key":"Bottled Flame"},{"floor":12,"key":"Odd Mushroom"},{"floor":26,"key":"Singing Bowl"},{"floor":30,"key":"Ancient Tea Set"}],"event_choices":[{"damage_healed":0,"gold_gain":75,"player_choice":"Gather Gold","damage_taken":11,"max_hp_gain":0,"max_hp_loss":0,"event_name":"World of Goop","floor":4,"gold_loss":0},{"damage_healed":0,"gold_gain":0,"player_choice":"Fought Mushrooms","damage_taken":0,"max_hp_gain":0,"max_hp_loss":0,"event_name":"Mushrooms","floor":12,"gold_loss":0},{"damage_healed":0,"gold_gain":0,"player_choice":"3 cards matched","damage_taken":0,"max_hp_gain":0,"max_hp_loss":0,"event_name":"Match and Keep!","floor":20,"gold_loss":0,"cards_obtained":["DeusExMachina","Discovery","Eruption"]},{"damage_healed":0,"gold_gain":0,"player_choice":"Ignored","damage_taken":0,"max_hp_gain":0,"max_hp_loss":0,"event_name":"Vampires","floor":24,"gold_loss":0},{"damage_healed":0,"gold_gain":99,"player_choice":"Stole From Cult","damage_taken":0,"max_hp_gain":0,"max_hp_loss":0,"event_name":"Nest","floor":29,"gold_loss":0}],"is_beta":false,"boss_relics":[{"not_picked":["VioletLotus","Fusion Hammer"],"picked":"Sozu"}],"items_purged_floors":[2,5,19],"is_endless":false,"potions_floor_spawned":[1,3,11,18,22,25,30,31],"killed_by":"Champ","ascension_level":0}}