{"host":"9a3qwu24ipen98v3","time":1612289844,"event":{"mods":["BaseMod","BetterRewards","Downfall","Infinite Spire","Minty Spire (QoL Compilation)","StSLib","The Bug Knight","The Necromancer","The Runesmith","Yuri Mod"],"gold_per_floor":[119,119,132,132,149,149,159,190,242,252,252,312,329,360,360,456,456,467,467,482,492,509,509,509],"floor_reached":23,"language":"ENG","playtime":2139,"items_purged":[],"score":205,"play_id":"68f5f145-ac9f-45ff-a15a-1d74d4d83955","local_time":"20210202191724","is_ascension_mode":false,"campfire_choices":[{"data":"Summon_Vampire_Lady","floor":6,"key":"SMITH"},{"data":"Summon_Lich","floor":15,"key":"SMITH"}],"circlet_count":0,"master_deck":["Strike_W","Strike_W+1","Strike_W","Defend_W+1","Defend_W","Defend_W","Defend_W+1","Negative_Energy_Arrows+1","Bone_Wall","Summon_Vampire_Lady+1","Bones_to_Steel","Life_Tap","Death_Coil","Finger_Of_Death","Bone_Shift","Shade_Step","Shade_Step","Bone_Prison","Summon_Lich+1","Summon_Death_Knight","Stop_Heart","Bone_Armor","Bones_to_Steel"],"relics":["Vampire_Amulet","Blue Candle","infinitespire:Eraser","War Paint","Runesmith:AutoHammer","Whetstone","Art of War","Velvet Choker"],"acts_visited":["Exordium","TheCity"],"potions_floor_usage":[10,12,14,14,14,23,23],"damage_taken":[{"damage":7,"enemies":"Jaw Worm","floor":1,"turns":4},{"damage":11,"enemies":"2 Louse","floor":3,"turns":3},{"damage":13,"enemies":"Cultist","floor":5,"turns":5},{"damage":13,"enemies":"Blue Slaver","floor":7,"turns":4},{"damage":29,"enemies":"HollowMod:MossKnight","floor":8,"turns":12},{"damage":0,"enemies":"3 Louse","floor":10,"turns":1},{"damage":29,"enemies":"Gremlin Nob","floor":12,"turns":6},{"damage":7,"enemies":"2 Fungi Beasts","floor":13,"turns":4},{"damage":14,"enemies":"Lagavulin","floor":14,"turns":8},{"damage":54,"enemies":"Hexaghost","floor":16,"turns":12},{"damage":7,"enemies":"Spheric Guardian","floor":18,"turns":4},{"damage":35,"enemies":"Cultist and Chosen","floor":20,"turns":7},{"damage":8,"enemies":"Snecko","floor":21,"turns":5},{"damage":48,"enemies":"3 Cultists","floor":22,"turns":7},{"damage":45,"enemies":"Slavers","floor":23,"turns":3}],"seed_played":"-1142968223929597580","potions_obtained":[{"floor":3,"key":"Ancient Potion"},{"floor":5,"key":"Explosive Potion"},{"floor":7,"key":"Block Potion"},{"floor":12,"key":"Regen Potion"},{"floor":13,"key":"Dexterity Potion"},{"floor":21,"key":"EssenceOfSteel"},{"floor":22,"key":"hexamod:SoulburnPotion"}],"is_trial":false,"path_per_floor":["M","?","M","?","M","R","M","E","T","M","?","?","M","E","R","B",null,"M","?","M","M","M","E"],"character_chosen":"NECROMANCER","items_purchased":[],"campfire_rested":0,"item_purchase_floors":[],"current_hp_per_floor":[75,75,71,66,61,61,59,63,63,69,51,39,39,63,63,38,75,73,73,53,59,32,0,0],"gold":509,"neow_bonus":"ONE_RANDOM_RARE_CARD","is_daily":false,"chose_seed":false,"campfire_upgraded":2,"win_rate":0.0,"timestamp":1612289844,"path_taken":["M","?","M","?","?","R","M","E","T","M","?","?","M","E","R","BOSS","M","?","M","M","M","E"],"items_purchased_type":[],"build_version":"2020-12-22","purchased_purges":0,"victory":false,"max_hp_per_floor":[75,75,75,75,75,75,75,75,75,75,75,75,75,75,75,75,75,75,75,75,75,75,75,75],"card_choices":[{"not_picked":["Blood_Whip","Bone_Bullets"],"picked":"Bones_to_Steel","floor":1},{"not_picked":["Negative_Energy_Sphere","Chill_Blood"],"picked":"Life_Tap","floor":3},{"not_picked":["Strike_from_Beyond","Negative_Energy_Sphere"],"picked":"Death_Coil","floor":5},{"not_picked":["Negative_Energy_Javelin","Acid_Javelin"],"picked":"Finger_Of_Death","floor":7},{"not_picked":["Blood_Wake","Negative_Energy_Shield"],"picked":"Bone_Shift","floor":8},{"not_picked":["Violent_Necrosis","Bones_to_Steel"],"picked":"Shade_Step","floor":10},{"not_picked":["Blood_Whip","Death_Knell"],"picked":"Shade_Step","floor":12},{"not_picked":["Negative_Energy_Mist","Blood_Is_Power"],"picked":"Bone_Prison","floor":13},{"not_picked":["Plague_Bolt","Blood_Curse"],"picked":"Summon_Lich","floor":14},{"not_picked":["Reap_The_Weak","Grasp_Heart"],"picked":"Summon_Death_Knight","floor":16},{"not_picked":["Deaths_Shadow+1","Death_Knell+1"],"picked":"Stop_Heart","floor":18},{"not_picked":["Death_Coil+1","Negative_Energy_Javelin","Negative_Energy_Shield"],"picked":"SKIP","floor":20},{"not_picked":["Toxic_Smoke_Screen+1","Shackles_Of_Pain"],"picked":"Bone_Armor","floor":21},{"not_picked":["Bone_Spikes","Chill_Blood"],"picked":"Bones_to_Steel","floor":22}],"player_experience":381697,"relics_obtained":[{"floor":8,"key":"infinitespire:Eraser"},{"floor":9,"key":"War Paint"},{"floor":12,"key":"Whetstone"},{"floor":14,"key":"Art of War"}],"event_choices":[{"cards_removed":["Strike_W"],"damage_healed":0,"gold_gain":0,"player_choice":"Forget","damage_taken":0,"max_hp_gain":0,"max_hp_loss":0,"event_name":"Living Wall","floor":2,"gold_loss":0},{"damage_healed":0,"gold_gain":0,"player_choice":"Success","damage_taken":18,"relics_obtained":["Runesmith:AutoHammer"],"max_hp_gain":0,"max_hp_loss":0,"event_name":"Scrap Ooze","floor":11,"gold_loss":0},{"damage_healed":0,"gold_gain":0,"player_choice":"Searched \u00271\u0027 times","damage_taken":0,"max_hp_gain":0,"max_hp_loss":0,"event_name":"Dead Adventurer","floor":12,"gold_loss":0},{"damage_healed":0,"gold_gain":0,"player_choice":"Ignored","damage_taken":0,"max_hp_gain":0,"max_hp_loss":0,"event_name":"Vampires","floor":19,"gold_loss":0}],"is_beta":false,"boss_relics":[{"not_picked":["Empty Cage","Ectoplasm"],"picked":"Velvet Choker"}],"items_purged_floors":[],"is_endless":false,"potions_floor_spawned":[3,5,7,12,13,21,22],"killed_by":"Slavers","ascension_level":0}}