{"host":"spoxbmo2txwgdxt2","time":1612298345,"event":{"mods":["AchievementEnabler","Act Like it!","BaseMod","Colored Powertips","Lobotomy","LobotomyExtend","Marisa£®ÏF”Í°°ƒß¿Ì…≥£©","Minty Spire (QoL Compilation)","Quick Restart","Shop Mod","StSLib","The Administrix","The Bug Knight","The Construct","The Runesmith"],"gold_per_floor":[115,115,115,290,300,330,357,369,407,435,461,499,511,538,550,660,672,672],"floor_reached":17,"language":"ZHS","playtime":1809,"items_purged":[],"score":192,"play_id":"117f09a6-c48d-44e0-a624-f8cdb9ee5f77","local_time":"20210203043905","is_ascension_mode":false,"campfire_choices":[{"data":"HollowMod:SoulMaster","floor":13,"key":"SMITH"},{"data":"HollowMod:MonarchWings","floor":15,"key":"SMITH"}],"circlet_count":0,"master_deck":["HollowMod:NailStrikeStart","HollowMod:NailStrikeStart+1","HollowMod:NailStrikeStart","HollowMod:NailStrikeStart","HollowMod:QuickDashStart","HollowMod:QuickDashStart","HollowMod:QuickDashStart","HollowMod:FocusHealStart","HollowMod:PogoStrike","VoidDream","HollowMod:CornifersMapStart+1","Doubt","QueenBee","HollowMod:CloakDash","UniverseFragment","HollowMod:CloakDash","BlackArmy","Pain","MHz","HollowMod:DashSlash","HollowMod:SoulMaster+1","QueenOfHatred","HollowMod:MonarchWings+1","Wellcheers","HollowMod:PureVessel"],"relics":["HollowMod:VesselMask","CogitoBucket","LetterFromLob","MawBank","WarpedTongs","HollowMod:PaleOreRelic","HellTrain","Runesmith:AutoHammer","Black Star"],"acts_visited":["Exordium","TheCity"],"potions_floor_usage":[12,14],"damage_taken":[{"damage":0.0,"enemies":"2 Louse","floor":1.0,"turns":3.0},{"damage":3.0,"enemies":"Small Slimes","floor":5.0,"turns":3.0},{"damage":6,"enemies":"Gremlin Nob","floor":6,"turns":4},{"damage":2,"enemies":"Jaw Worm","floor":7,"turns":3},{"damage":3,"enemies":"2 Fungi Beasts","floor":10,"turns":4},{"damage":5,"enemies":"Gremlin Gang","floor":11,"turns":4},{"damage":2,"enemies":"HollowMod:MossKnight","floor":12,"turns":6},{"damage":1,"enemies":"Large Slime","floor":14,"turns":2},{"damage":58,"enemies":"HollowMod:FalseKnight","floor":16,"turns":13}],"seed_played":"2947217028027526596","potions_obtained":[{"floor":1.0,"key":"DistilledChaos"},{"floor":6,"key":"SkillPotion"},{"floor":11,"key":"AttackPotion"},{"floor":14,"key":"LiquidBronze"},{"floor":16,"key":"Regen Potion"}],"is_trial":false,"path_per_floor":["M","?","?","?","M","E","M","?","T","M","M","E","R","M","R","B",null],"character_chosen":"THE_BUGKNIGHT","items_purchased":[],"campfire_rested":0,"item_purchase_floors":[],"current_hp_per_floor":[75,68,53,53,56,50,54,54,54,54,57,70,70,69,69,40,75,75],"gold":672,"neow_bonus":"","is_daily":false,"chose_seed":false,"campfire_upgraded":2,"win_rate":0.0,"timestamp":1612298345,"path_taken":["M","?","?","?","?","E","M","?","T","M","?","E","R","M","R","BOSS"],"items_purchased_type":[],"build_version":"2020-12-22","purchased_purges":0,"victory":false,"max_hp_per_floor":[75,75,75,75,75,75,75,75,75,75,75,75,75,75,75,75,75,75],"card_choices":[{"not_picked":["OldLady","MeatLantern"],"picked":"VoidDream","floor":1.0},{"not_picked":["HollowMod:NewLittleFool","HollowMod:DoubleDash"],"picked":"HollowMod:CornifersMapStart","floor":1.0},{"not_picked":["Scorched","Freischutz"],"picked":"QueenBee","floor":5.0},{"not_picked":["HollowMod:ShadowDash","HollowMod:SiblingsShadow"],"picked":"HollowMod:CloakDash","floor":5.0},{"not_picked":["ShyLook","FairyFestival"],"picked":"UniverseFragment","floor":6},{"not_picked":["HollowMod:InfectedAttack","HollowMod:HeavyBlow"],"picked":"HollowMod:CloakDash","floor":6},{"not_picked":["WhitesApple","BeautyBeast","Laetitia"],"picked":"Singing Bowl","floor":7},{"not_picked":["MeatLantern","ShyLook"],"picked":"BlackArmy","floor":7},{"not_picked":["HollowMod:WraithStrike","HollowMod:SharpenedNail","HollowMod:InfectedAttack"],"picked":"SKIP","floor":7},{"not_picked":["MeatLantern","WallGazer"],"picked":"MHz","floor":10},{"not_picked":["HollowMod:CycloneSlash","HollowMod:VengefulVoid"],"picked":"HollowMod:DashSlash","floor":10},{"not_picked":["HollowMod:CycloneSlash","HollowMod:CloakDash","HollowMod:ShadowDash"],"picked":"SKIP","floor":11},{"not_picked":["LittleHelper","MeatLantern","ShyLook"],"picked":"Singing Bowl","floor":12},{"not_picked":["HollowMod:NewGlowingWomb","HollowMod:BrokenVessel"],"picked":"HollowMod:SoulMaster","floor":12},{"not_picked":["Porccubus","LongBird","Scorched"],"picked":"Singing Bowl","floor":14},{"not_picked":["BeautyBeast","CherryBlossoms"],"picked":"QueenOfHatred","floor":14},{"not_picked":["HollowMod:QuirrelsAssistance","HollowMod:Grubsong"],"picked":"HollowMod:MonarchWings","floor":14},{"not_picked":["HeroicMonk","BeautyBeast","FairyFestival"],"picked":"Singing Bowl","floor":16},{"not_picked":["NakedNest","Woodsman"],"picked":"Wellcheers","floor":16},{"not_picked":["HollowMod:ElderbugsWisdom","HollowMod:Weaversong"],"picked":"HollowMod:PureVessel","floor":16}],"player_experience":359302,"relics_obtained":[{"floor":1.0,"key":"LetterFromLob"},{"floor":6,"key":"MawBank"},{"floor":9,"key":"HollowMod:PaleOreRelic"},{"floor":12,"key":"Runesmith:AutoHammer"}],"event_choices":[{"cards_removed":["HollowMod:QuickDashStart"],"damage_healed":0.0,"max_hp_gain":0.0,"max_hp_loss":0.0,"gold_gain":0.0,"event_name":"Golden Wing","player_choice":"Card Removal","floor":2.0,"gold_loss":0.0,"damage_taken":7.0},{"damage_healed":0.0,"max_hp_gain":0.0,"max_hp_loss":0.0,"gold_gain":0.0,"event_name":"Shining Light","player_choice":"Entered Light","floor":3.0,"gold_loss":0.0,"damage_taken":15.0,"cards_upgraded":["HollowMod:NailStrikeStart","HollowMod:CornifersMapStart"]},{"damage_healed":0.0,"max_hp_gain":0.0,"max_hp_loss":0.0,"gold_gain":175.0,"event_name":"Liars Game","player_choice":"AGREE","floor":4.0,"gold_loss":0.0,"damage_taken":0.0,"cards_obtained":["Doubt"]},{"damage_healed":0,"gold_gain":0,"player_choice":"Rummage","damage_taken":0,"relics_obtained":["WarpedTongs"],"max_hp_gain":0,"max_hp_loss":0,"event_name":"Accursed Blacksmith","floor":8,"gold_loss":0,"cards_obtained":["Pain"]}],"is_beta":false,"boss_relics":[{"not_picked":["Empty Cage","Calling Bell"],"picked":"Black Star"}],"items_purged_floors":[],"is_endless":false,"potions_floor_spawned":[1,6,11,14,16],"ascension_level":0}}