{"host":"dn2xyj3kd3d9cfyb","time":1612269405,"event":{"mods":["BaseMod","Colored Powertips","Downfall","Hubris","Marisa£®ÏF”Í°°ƒß¿Ì…≥£©","Minty Spire (QoL Compilation)","Remilia£®¿Ÿ√◊¿Ú—«£©","Replay The Spire","Shop Mod","StSLib","The Animator","The Construct","The Cursed","The Mystic","Youmu£®ªÍ∆«—˝√Œ£©","Yuri Mod","Yuyuko"],"gold_per_floor":[99,99,309,309,361,388,388,388,388,415,248,248,248],"floor_reached":12,"language":"ZHS","playtime":311,"items_purged":[],"score":110,"play_id":"bec69ad1-b0f4-467f-bc5d-fb340e892ae5","local_time":"20210202203645","is_ascension_mode":true,"campfire_choices":[{"data":"UpSweep","floor":1,"key":"SMITH"},{"floor":9,"key":"RECALL"}],"circlet_count":0,"master_deck":["Strike_MRS","Strike_MRS","Strike_MRS","Strike_MRS","Defend_MRS","Defend_MRS","Defend_MRS","Defend_MRS","MasterSpark","UpSweep+1","Spreading Infection","Orbital","MagicChant","ManaConvection"],"relics":["MiniHakkero","downfall:HeartsMalice","Ring of Fangs","Ring of Hypnosis","Oddly Smooth Stone","hubris:SphereOfDissonance","ScarletDevilRocket","MerchantsRug"],"acts_visited":["Exordium"],"potions_floor_usage":[10],"damage_taken":[{"damage":0,"enemies":"2 Louse","floor":4,"turns":1},{"damage":0,"enemies":"3 Sentries","floor":6,"turns":1},{"damage":0,"enemies":"Cultist","floor":8,"turns":1},{"damage":16,"enemies":"Lagavulin","floor":10,"turns":5},{"damage":0,"enemies":"downfall:FleeingMerchant","floor":11,"turns":4},{"damage":0,"enemies":"IC_STATUS_ARCHETYPE","floor":12,"turns":1}],"seed_played":"-4866783464150327891","potions_obtained":[{"floor":6,"key":"StarNLove"},{"floor":10,"key":"Fire Potion"}],"is_trial":false,"path_per_floor":["R","?","?","M","T","E","T","M","R","E","$","B"],"character_chosen":"MARISA","items_purchased":["MerchantsRug"],"campfire_rested":0,"item_purchase_floors":[11],"current_hp_per_floor":[75,75,75,75,75,75,75,75,75,59,59,59,59],"gold":248,"neow_bonus":"THREE_ENEMY_KILL","is_daily":false,"chose_seed":false,"campfire_upgraded":1,"win_rate":0.0,"timestamp":1612269405,"path_taken":["R","?","?","?","?","E","T","?","R","E","$","BOSS"],"items_purchased_type":["Relic"],"build_version":"2020-12-22","purchased_purges":0,"victory":false,"max_hp_per_floor":[75,75,75,75,75,75,75,75,75,75,75,75,75],"card_choices":[{"not_picked":["DC","EnergyRecoil"],"picked":"Orbital","floor":3},{"not_picked":["6A","OrrerysSun"],"picked":"MagicChant","floor":4},{"not_picked":["6A","DC","SporeBomb"],"picked":"SKIP","floor":6},{"not_picked":["AbsoluteMagnitude","PowerUp","WitchOfGreed"],"picked":"SKIP","floor":8},{"not_picked":["AsteroidBelt","GravityBeat","MysteriousBeam"],"picked":"SKIP","floor":10},{"not_picked":["ShootingEcho","SporeBomb"],"picked":"ManaConvection","floor":11}],"player_experience":567273,"relics_obtained":[{"floor":2,"key":"Ring of Fangs"},{"floor":2,"key":"Ring of Hypnosis"},{"floor":6,"key":"Oddly Smooth Stone"},{"floor":7,"key":"hubris:SphereOfDissonance"},{"floor":10,"key":"ScarletDevilRocket"}],"event_choices":[],"is_beta":false,"boss_relics":[],"items_purged_floors":[],"is_endless":false,"potions_floor_spawned":[6,10],"killed_by":"IC_STATUS_ARCHETYPE","ascension_level":1}}