{"host":"vddnn8yddbh0df4g","time":1612305494,"event":{"mods":["Act Like it!","BaseMod","Beaked The Cultist","Bestiary","Clockwork Mod","Downfall","Minty Spire (QoL Compilation)","Shop Mod","StSLib","SuperFastMode","The Construct","The Runesmith"],"gold_per_floor":[99,112,124,124,142,142,142,142,169,183,183,248,248,262,275,379,379,379,395,495,495,515,540,540,540,540],"floor_reached":25,"language":"ENG","playtime":912,"items_purged":[],"score":232,"play_id":"a41033d6-adcc-43ca-a8ca-cce3746ff9a2","local_time":"20210202173814","is_ascension_mode":true,"campfire_choices":[{"data":"construct:AttackMode","floor":1.0,"key":"SMITH"},{"data":"construct:ForceCore","floor":6.0,"key":"SMITH"},{"data":"construct:BatteryCore","floor":8.0,"key":"SMITH"},{"data":"construct:Autoturret","floor":11.0,"key":"SMITH"},{"data":"construct:LaserCore","floor":13.0,"key":"SMITH"},{"data":"construct:ClockworkEgg","floor":18.0,"key":"SMITH"}],"circlet_count":0,"master_deck":["construct:Strike_Gold","construct:Strike_Gold","construct:Strike_Gold","construct:Strike_Gold","construct:Defend_Gold","construct:Defend_Gold","construct:Defend_Gold","construct:Defend_Gold","construct:Defend_Gold","construct:AttackMode+1","construct:DefenseMode","construct:ClusterMines","construct:ForceCore+1","construct:BatteryCore+1","construct:Forcefield","construct:Autoturret+1","construct:LaserCore+1","construct:MetalShell","construct:ClockworkEgg+1","Regret","construct:MemoryTap","Doubt","Doubt","downfall:Icky"],"relics":["construct:Cogwheel","Boot","Blue Candle","PreservedInsect","Dream Catcher","construct:ClawGrip","downfall:ExtraCursedKey","champ:DeflectingBracers"],"acts_visited":["Exordium","TheCity"],"potions_floor_usage":[23],"damage_taken":[{"damage":0.0,"enemies":"Jaw Worm","floor":2.0,"turns":4.0},{"damage":0.0,"enemies":"Small Slimes","floor":3.0,"turns":5.0},{"damage":0.0,"enemies":"Cultist","floor":5.0,"turns":2.0},{"damage":30.0,"enemies":"3 Sentries","floor":9.0,"turns":5.0},{"damage":3.0,"enemies":"Red Slaver","floor":10.0,"turns":5.0},{"damage":3.0,"enemies":"3 Sentries","floor":12.0,"turns":4.0},{"damage":0.0,"enemies":"3 Louse","floor":14.0,"turns":3.0},{"damage":26.0,"enemies":"Exordium Wildlife","floor":15.0,"turns":4.0},{"damage":10.0,"enemies":"SI_SHIV_ARCHETYPE","floor":16.0,"turns":5.0},{"damage":0.0,"enemies":"Chosen","floor":19.0,"turns":6.0},{"damage":2.0,"enemies":"3 Byrds","floor":22.0,"turns":5.0},{"damage":69,"enemies":"Book of Stabbing","floor":23,"turns":7},{"damage":19,"enemies":"Centurion and Healer","floor":25,"turns":2}],"seed_played":"-6153716215124722941","potions_obtained":[{"floor":2.0,"key":"EntropicBrew"},{"floor":9.0,"key":"SteroidPotion"},{"floor":12.0,"key":"Fire Potion"},{"floor":16.0,"key":"Block Potion"},{"floor":22.0,"key":"DuplicationPotion"}],"is_trial":false,"path_per_floor":["R","M","M","?","M","R","T","R","E","M","R","?","R","M","M","B",null,"R","M","?","?","M","E","T","M"],"character_chosen":"THE_CONSTRUCT_MOD","items_purchased":[],"campfire_rested":0,"item_purchase_floors":[],"current_hp_per_floor":[85,85,85,85,85,85,85,85,55,52,52,49,49,49,23,13,85,85,85,85,85,83,14,14,0,0],"gold":540,"neow_bonus":"RANDOM_COMMON_RELIC","is_daily":false,"chose_seed":false,"campfire_upgraded":6,"win_rate":0.0,"timestamp":1612305494,"path_taken":["R","M","M","?","M","R","T","R","E","M","R","?","R","M","M","BOSS","R","M","?","?","M","E","T","M"],"items_purchased_type":[],"build_version":"2020-12-22","purchased_purges":0,"victory":false,"max_hp_per_floor":[85,85,85,85,85,85,85,85,85,85,85,85,85,85,85,85,85,85,85,85,85,85,85,85,85,85],"card_choices":[{"not_picked":["construct:OmegaCannon","construct:Anticipate"],"picked":"construct:ClusterMines","floor":2.0},{"not_picked":["construct:HeavyBolt","construct:ClusterMines"],"picked":"construct:ForceCore","floor":3.0},{"not_picked":["construct:OneWayMirror","construct:FierceBash"],"picked":"construct:BatteryCore","floor":5.0},{"not_picked":["construct:Anticipate","construct:ReactiveShield"],"picked":"construct:Forcefield","floor":9.0},{"not_picked":["construct:ChargeShot","construct:Accumulate"],"picked":"construct:Autoturret","floor":10.0},{"not_picked":["construct:Backup","construct:ModeShift"],"picked":"construct:LaserCore","floor":12.0},{"not_picked":["construct:ModeShift","construct:ShiftStrike"],"picked":"construct:MetalShell","floor":14.0},{"not_picked":["construct:ElectricArmor","construct:QuickAttack","construct:Electrocute"],"picked":"SKIP","floor":15.0},{"not_picked":["construct:Bunker","construct:ShieldGenerator"],"picked":"construct:ClockworkEgg","floor":16.0},{"not_picked":["construct:ClusterMines","construct:Accumulate","construct:ShiftGuard"],"picked":"SKIP","floor":19.0},{"not_picked":["construct:ShiftStrike","construct:ModeShift+1","construct:Overcharge+1"],"picked":"SKIP","floor":22.0},{"not_picked":["construct:Dampening","construct:FierceBash+1","construct:Tumble"],"picked":"SKIP","floor":23}],"player_experience":726637,"relics_obtained":[{"floor":7.0,"key":"Blue Candle"},{"floor":9.0,"key":"PreservedInsect"},{"floor":12.0,"key":"Dream Catcher"},{"floor":23,"key":"champ:DeflectingBracers"}],"event_choices":[{"cards_removed":["construct:Strike_Gold"],"damage_healed":0.0,"max_hp_gain":0.0,"max_hp_loss":0.0,"gold_gain":0.0,"event_name":"The Cleric","player_choice":"Card Removal","floor":4.0,"gold_loss":0.0,"damage_taken":0.0}],"is_beta":false,"boss_relics":[{"not_picked":["Velvet Choker","beaked:MawFillet"],"picked":"construct:ClawGrip"}],"items_purged_floors":[],"is_endless":false,"potions_floor_spawned":[2,9,12,16,22],"killed_by":"Centurion and Healer","ascension_level":1}}