{"host":"ugys05tpep779cl6","time":1612252769,"event":{"mods":["AchievementEnabler","Aspiration","BaseMod","Beaked The Cultist","CatGirl Mod","Colored Powertips","HololiveMod","Lobotomy","Minty Spire (QoL Compilation)","Quick Restart","Replay The Spire","Spicy Shops","StSLib","The Druid"],"gold_per_floor":[109,127,14,31,50,81,131,131,202,222,222,240,240,240,240,312,312,325,325,325,337,337,337,337,337],"floor_reached":24,"language":"ENG","playtime":991,"items_purged":[],"score":382,"play_id":"fab4ab79-5a28-4512-a64a-6ab17b0ff520","local_time":"20210202085929","is_ascension_mode":true,"campfire_choices":[{"floor":8.0,"key":"REST"},{"data":"theDruid:CelestialSurge","floor":13.0,"key":"SMITH"},{"data":"theDruid:Rabid","floor":23,"key":"SMITH"}],"circlet_count":0,"master_deck":["AscendersBane","theDruid:Strike_O","theDruid:Strike_O","theDruid:Strike_O","theDruid:Defend_O","theDruid:Defend_O","theDruid:Defend_O","theDruid:Defend_O","theDruid:BriarArmor","theDruid:WildSlash","theDruid:CelestialSurge+1","theDruid:BristlingDefense","theDruid:NaturalAgility","theDruid:ViralBites+1","theDruid:BrambleLash","theDruid:Forage","theDruid:TwinStars","theDruid:Rabid+1","theDruid:TwinStars"],"relics":["theDruid:CrownOfTheWilds","PreservedInsect","theDruid:BoarsTusk","Smiling Mask","beaked:SacredDeck"],"acts_visited":["Exordium","TheCity"],"potions_floor_usage":[],"damage_taken":[{"damage":0.0,"enemies":"Cultist","floor":1.0,"turns":3.0},{"damage":7.0,"enemies":"Small Slimes","floor":2.0,"turns":4.0},{"damage":10.0,"enemies":"2 Louse","floor":4.0,"turns":3.0},{"damage":26.0,"enemies":"Gremlin Gang","floor":5.0,"turns":8.0},{"damage":13.0,"enemies":"Lagavulin","floor":6.0,"turns":7.0},{"damage":7.0,"enemies":"2 Fungi Beasts","floor":10.0,"turns":4.0},{"damage":2.0,"enemies":"Blue Slaver","floor":12.0,"turns":2.0},{"damage":15.0,"enemies":"Hexaghost","floor":16.0,"turns":9.0},{"damage":15.0,"enemies":"3 Byrds","floor":18.0,"turns":6.0},{"damage":24,"enemies":"Shell Parasite","floor":21,"turns":6},{"damage":25,"enemies":"Book of Stabbing","floor":24,"turns":5}],"seed_played":"-3003331066506864708","potions_obtained":[{"floor":1.0,"key":"FearPotion"},{"floor":5.0,"key":"LiquidBronze"},{"floor":10.0,"key":"SneckoOil"}],"is_trial":false,"path_per_floor":["M","M","$","M","M","E","?","R","T","M","?","M","R","?","R","B",null,"M","?","?","M","?","R","E"],"character_chosen":"DRUID","items_purchased":["theDruid:NaturalAgility","theDruid:ViralBites"],"campfire_rested":1,"item_purchase_floors":[3,3],"current_hp_per_floor":[61,54,54,44,18,5,5,25,25,21,21,19,19,19,39,27,58,46,46,46,25,25,25,3,3],"gold":337,"neow_bonus":"ONE_RANDOM_RARE_CARD","is_daily":false,"chose_seed":false,"campfire_upgraded":2,"win_rate":0.0,"timestamp":1612252769,"path_taken":["M","M","?","M","M","E","?","R","T","?","?","?","R","?","R","BOSS","M","?","?","?","?","R","E"],"items_purchased_type":["Card","Card"],"build_version":"2020-12-22","purchased_purges":0,"victory":false,"max_hp_per_floor":[68,68,68,68,68,68,68,68,68,68,68,68,68,68,68,68,68,68,68,68,68,68,68,68,68],"card_choices":[{"not_picked":["theDruid:Untamed","theDruid:IronClaw","theDruid:Adaptation"],"picked":"SKIP","floor":1.0},{"not_picked":["theDruid:Eclipse","theDruid:InsectSwarm"],"picked":"theDruid:BristlingDefense","floor":2.0},{"not_picked":["theDruid:ThickHide","theDruid:IronClaw"],"picked":"theDruid:BrambleLash","floor":4.0},{"not_picked":["theDruid:BloodiedFur","theDruid:InsectSwarm","theDruid:TakeShelter"],"picked":"SKIP","floor":5.0},{"not_picked":["theDruid:BlessedStrike","theDruid:ForestGuard"],"picked":"theDruid:Forage","floor":6.0},{"not_picked":["theDruid:FuriousSlash","theDruid:Untamed","theDruid:TakeShelter"],"picked":"SKIP","floor":10.0},{"not_picked":["theDruid:Eclipse","theDruid:BlessedStrike","theDruid:Untamed"],"picked":"SKIP","floor":12.0},{"not_picked":["theDruid:Rabid","theDruid:Earthquake"],"picked":"theDruid:TwinStars","floor":16.0},{"not_picked":["theDruid:Guidance","theDruid:Moonbeam","theDruid:Entangle"],"picked":"SKIP","floor":18.0},{"not_picked":["theDruid:Recoil","theDruid:FelineGrace","theDruid:ThickHide"],"picked":"SKIP","floor":21}],"player_experience":1183382,"relics_obtained":[{"floor":6.0,"key":"PreservedInsect"},{"floor":9.0,"key":"theDruid:BoarsTusk"}],"event_choices":[{"damage_healed":0.0,"max_hp_gain":0.0,"max_hp_loss":0.0,"gold_gain":50.0,"event_name":"Golden Shrine","player_choice":"Pray","floor":7.0,"gold_loss":0.0,"damage_taken":0.0},{"cards_removed":["theDruid:Strike_O"],"damage_healed":0.0,"max_hp_gain":0.0,"max_hp_loss":0.0,"gold_gain":0.0,"event_name":"Bonfire Elementals","player_choice":"Offered Basic","floor":11.0,"gold_loss":0.0,"damage_taken":0.0},{"damage_healed":0.0,"max_hp_gain":0.0,"max_hp_loss":0.0,"gold_gain":0.0,"event_name":"Dead Adventurer","player_choice":"Searched \u00271\u0027 times","floor":14.0,"gold_loss":0.0,"damage_taken":0.0,"relics_obtained":["Smiling Mask"]},{"damage_healed":0,"gold_gain":0,"player_choice":"Ignored","damage_taken":0,"max_hp_gain":0,"max_hp_loss":0,"event_name":"The Mausoleum","floor":19,"gold_loss":0},{"damage_healed":0,"gold_gain":0,"player_choice":"Copied","damage_taken":0,"max_hp_gain":0,"max_hp_loss":0,"event_name":"Duplicator","floor":20,"gold_loss":0,"cards_obtained":["theDruid:TwinStars"]},{"damage_healed":0,"gold_gain":0,"player_choice":"Ignored","damage_taken":0,"max_hp_gain":0,"max_hp_loss":0,"event_name":"Ghosts","floor":22,"gold_loss":0}],"is_beta":false,"boss_relics":[{"not_picked":["Snecko Eye","Hololive_TopUpMoneyS"],"picked":"beaked:SacredDeck"}],"items_purged_floors":[],"is_endless":false,"potions_floor_spawned":[1,5,10],"killed_by":"Book of Stabbing","ascension_level":19}}