{"host":"usru02jcpe2a942d","time":1612266781,"event":{"mods":["ATMod(阿瑾Mod)","Act Like it!","BaseMod","Challenge The Spire","Colored Powertips","Friendly Minions","GifTheSpireLib","Highlight Path","Hubris","Infinite Spire","Jedi Mod","Minty Spire (QoL Compilation)","MostiFishMod","Pale of the Ancients","Prisma Mod","Quick Restart","Relic Stats","RumiaBox-露米娅的神秘盒子","StSLib","noobMod","【遗物卡牌】REMEMod","残留之物","篝火指南"],"gold_per_floor":[109,120,120,45,59,85,145,145,145,166,166,181,191,216,216,314,314,334,334,334,334,349,366,366,109,133,133,165,165,177,195,195,296,296,316,335,335,351,351,351,362,408,408,408,135,135,149,160,160,110],"floor_reached":51,"language":"ZHS","playtime":2872,"items_purged":["PlaceholderMod:BaseStrike","PlaceholderMod:BaseStrike","PlaceholderMod:BaseStrike","PlaceholderMod:BaseDefend","PlaceholderMod:ProliferateStrike+1"],"score":1004,"play_id":"7fdce70b-910b-4590-bed9-31d0297648d6","local_time":"20210202195301","is_ascension_mode":false,"campfire_choices":[{"data":"AT_FamilyPortrait","floor":8.0,"key":"SMITH"},{"data":"PlaceholderMod:Activation","floor":15.0,"key":"SMITH"},{"data":"PlaceholderMod:DiffusionChemical","floor":29.0,"key":"SMITH"},{"data":"PlaceholderMod:DiffusionPoison","floor":32.0,"key":"SMITH"},{"data":"PlaceholderMod:SubstitutionNucleophilic1","floor":40,"key":"SMITH"},{"data":"PlaceholderMod:QualitativeChange","floor":49,"key":"SMITH"}],"circlet_count":0,"master_deck":["PlaceholderMod:BaseStrike","PlaceholderMod:BaseDefend","PlaceholderMod:BaseDefend","PlaceholderMod:BaseDefend","PlaceholderMod:BaseDefend","PlaceholderMod:Crystal","PlaceholderMod:PoisonWhip","MostiFishMod:#F4004+1","AT_FamilyPortrait+1","PlaceholderMod:HighConcentration","PlaceholderMod:SubstitutionNucleophilic1+1","PlaceholderMod:Activation+1","PlaceholderMod:FastReaction+1","PlaceholderMod:DiffusionChemical+1","PlaceholderMod:HornyCollision","PlaceholderMod:DiffusionPoison+1","PlaceholderMod:HealingAttack+1","PlaceholderMod:TriggerStrike+1","PlaceholderMod:QualitativeChange+1"],"relics":["PlaceholderMod:Tancle","DaveBox","ice","REME_ComplimentaryCards","AT_ATBox","DianPoetry","SynthV:TestCard","Ancient Tea Set","infinitespire:CheckeredPen","Toy Ornithopter","Omamori","Coffee Dripper","jedi:zontanonomicon","hubris:ToyBattleship","Boot","Strange Spoon","infinitespire:Lucky Rock","GodSword3","LastBattle","Busted Crown","AT_BellowingDragoncrestRing","hubris:Potato","infinitespire:Lychee Nut","hubris:Icosahedron","Toolbox"],"acts_visited":["Exordium","TheCity","TheBeyond"],"potions_floor_usage":[42],"damage_taken":[{"damage":0.0,"enemies":"Cultist","floor":1.0,"turns":3.0},{"damage":2.0,"enemies":"2 Louse","floor":2.0,"turns":2.0},{"damage":8.0,"enemies":"Jaw Worm","floor":5.0,"turns":2.0},{"damage":5.0,"enemies":"Lagavulin","floor":6.0,"turns":4.0},{"damage":10.0,"enemies":"Lagavulin Event","floor":7.0,"turns":5.0},{"damage":2.0,"enemies":"Looter","floor":10.0,"turns":2.0},{"damage":0.0,"enemies":"Large Slime","floor":12.0,"turns":3.0},{"damage":0.0,"enemies":"Red Slaver","floor":13.0,"turns":2.0},{"damage":0.0,"enemies":"3 Sentries","floor":14.0,"turns":4.0},{"damage":0.0,"enemies":"The Guardian","floor":16.0,"turns":5.0},{"damage":0.0,"enemies":"Shell Parasite","floor":18.0,"turns":3.0},{"damage":5.0,"enemies":"3 Byrds","floor":22.0,"turns":2.0},{"damage":0.0,"enemies":"Cultist and Chosen","floor":23.0,"turns":3.0},{"damage":0.0,"enemies":"Slavers","floor":28.0,"turns":2.0},{"damage":0.0,"enemies":"Snecko","floor":30.0,"turns":3.0},{"damage":0.0,"enemies":"Chosen and Byrds","floor":31.0,"turns":3.0},{"damage":9.0,"enemies":"Automaton","floor":33.0,"turns":4.0},{"damage":0,"enemies":"3 Darklings","floor":35,"turns":3},{"damage":0,"enemies":"Orb Walker","floor":36,"turns":3},{"damage":0,"enemies":"Writhing Mass","floor":38,"turns":4},{"damage":0,"enemies":"Jaw Worm Horde","floor":41,"turns":2},{"damage":13,"enemies":"2 Orb Walkers","floor":42,"turns":3},{"damage":0,"enemies":"Sphere and 2 Shapes","floor":47,"turns":3},{"damage":0,"enemies":"Maw","floor":48,"turns":4},{"damage":0,"enemies":"Awakened One","floor":50,"turns":4}],"seed_played":"192259316151206762","potions_obtained":[{"floor":1.0,"key":"jedi:wingpotion"},{"floor":2.0,"key":"SpeedPotion"},{"floor":7.0,"key":"jedi:holywater"},{"floor":22.0,"key":"FearPotion"},{"floor":23.0,"key":"SkillPotion"},{"floor":47,"key":"BlessingOfTheForge"}],"is_trial":false,"path_per_floor":["M","M","?","$","M","E","?","R","T","M","?","M","M","E","R","B",null,"M","?","?","AVR","M","M","?","$","T","T","E","R","M","M","R","B",null,"M","M","?","M","AVR","R","M","?","T","?","R","?","M","M","R","B",null],"character_chosen":"THE_PLACEHOLDER","items_purchased":["Strange Spoon","Toolbox"],"campfire_rested":0,"item_purchase_floors":[25,45],"current_hp_per_floor":[85,83,88,88,80,75,65,65,65,64,64,64,64,64,64,64,90,90,74,74,74,69,74,74,74,74,74,74,74,79,88,88,79,90,90,90,90,90,90,90,90,83,67,67,67,61,67,67,67,67],"gold":110,"neow_bonus":"TEN_PERCENT_HP_BONUS","is_daily":false,"chose_seed":false,"campfire_upgraded":6,"win_rate":0.0,"timestamp":1612266781,"path_taken":["M","?","?","?","M","E","?","R","T","?","?","M","?","E","R","BOSS","M","?","?","AVR","?","M","?","?","T","?","E","R","?","M","R","BOSS","M","M","?","M","AVR","R","?","?","T","?","R","?","M","?","R","BOSS"],"items_purchased_type":["Relic","Relic"],"build_version":"2020-12-22","purchased_purges":5,"victory":true,"max_hp_per_floor":[85,85,90,90,90,90,90,90,90,90,90,90,90,90,90,90,90,90,90,90,90,90,90,90,90,90,90,90,90,90,90,90,90,90,90,90,90,90,90,90,90,90,67,67,67,67,67,67,67,67],"relic_stats":{"Strange Spoon":[51],"Busted Crown":18,"counters":[25,77],"Boot":[11],"obtain_stats":[{"PlaceholderMod:Tancle":0,"AT_ATBox":0,"DaveBox":0,"DianPoetry":0,"jedi:zontanonomicon":19,"ice":0,"Ancient Tea Set":6,"Boot":21,"hubris:Icosahedron":44,"Toolbox":45,"Omamori":14,"infinitespire:CheckeredPen":7,"infinitespire:Lucky Rock":26,"LastBattle":28,"Strange Spoon":25,"SynthV:TestCard":1,"Busted Crown":34,"AT_BellowingDragoncrestRing":39,"infinitespire:Lychee Nut":43,"Coffee Dripper":17,"hubris:ToyBattleship":20,"GodSword3":27,"Toy Ornithopter":9,"hubris:Potato":42,"REME_ComplimentaryCards":0},{"PlaceholderMod:Tancle":0,"AT_ATBox":0,"DaveBox":0,"DianPoetry":0,"jedi:zontanonomicon":11,"ice":0,"Ancient Tea Set":4,"Boot":11,"hubris:Icosahedron":22,"Toolbox":22,"Omamori":9,"infinitespire:CheckeredPen":5,"infinitespire:Lucky Rock":13,"LastBattle":14,"Strange Spoon":13,"SynthV:TestCard":1,"Busted Crown":17,"AT_BellowingDragoncrestRing":20,"infinitespire:Lychee Nut":22,"Coffee Dripper":10,"hubris:ToyBattleship":11,"GodSword3":13,"Toy Ornithopter":5,"hubris:Potato":22,"REME_ComplimentaryCards":0},{"PlaceholderMod:Tancle":0,"AT_ATBox":0,"DaveBox":0,"DianPoetry":0,"jedi:zontanonomicon":35,"ice":0,"Ancient Tea Set":11,"Boot":35,"hubris:Icosahedron":67,"Toolbox":67,"Omamori":27,"infinitespire:CheckeredPen":16,"infinitespire:Lucky Rock":40,"LastBattle":42,"Strange Spoon":40,"SynthV:TestCard":3,"Busted Crown":52,"AT_BellowingDragoncrestRing":62,"infinitespire:Lychee Nut":67,"Coffee Dripper":32,"hubris:ToyBattleship":35,"GodSword3":40,"Toy Ornithopter":16,"hubris:Potato":67,"REME_ComplimentaryCards":0}],"Toy Ornithopter":0},"card_choices":[{"not_picked":["PlaceholderMod:HornyBlast","PlaceholderMod:ParasiteChange"],"picked":"PlaceholderMod:HighConcentration","floor":1.0},{"not_picked":["PlaceholderMod:SpinBlade","PlaceholderMod:SprayAttack","PlaceholderMod:NutritionAbsorb","PlaceholderMod:SelectReaction"],"picked":"PlaceholderMod:SubstitutionNucleophilic1","floor":2.0},{"not_picked":["PlaceholderMod:TriggerStrike","PlaceholderMod:HardStrike","PlaceholderMod:SeverePoisonStrike","PlaceholderMod:AngryAttack"],"picked":"PlaceholderMod:Activation","floor":5.0},{"not_picked":["PlaceholderMod:ContinueSpray","PlaceholderMod:Polyp","PlaceholderMod:EvolutionSpray","PlaceholderMod:Hyperplasia"],"picked":"PlaceholderMod:FastReaction","floor":6.0},{"not_picked":["PlaceholderMod:ContinueSpray","PlaceholderMod:Turn","PlaceholderMod:DissolvingSpikes","PlaceholderMod:Stratification","PlaceholderMod:DiffusionChemical"],"picked":"SKIP","floor":10.0},{"not_picked":["PlaceholderMod:RadicalHit","PlaceholderMod:OHStrongAttack","PlaceholderMod:SpinBlade","PlaceholderMod:UnpureUse","PlaceholderMod:NearChange"],"picked":"SKIP","floor":12.0},{"not_picked":["PlaceholderMod:StrongAcid","PlaceholderMod:InnerStable","PlaceholderMod:SeverePoisonStrike","PlaceholderMod:ComplexForm","PlaceholderMod:DissolvingSpikes"],"picked":"SKIP","floor":13.0},{"not_picked":["PlaceholderMod:PericyclicReaction","PlaceholderMod:HardStinger","PlaceholderMod:SpinBlade","PlaceholderMod:SelectReaction"],"picked":"PlaceholderMod:HornyCollision","floor":14.0},{"not_picked":["PlaceholderMod:PericyclicReaction","PlaceholderMod:InnerSoften","PlaceholderMod:SelfCoupling","PlaceholderMod:FinalSpray"],"picked":"PlaceholderMod:DiffusionPoison","floor":16.0},{"not_picked":["PlaceholderMod:CrystallizationStrike","PlaceholderMod:HardStrike","PlaceholderMod:ContinueSpray","PlaceholderMod:HornyBlast","PlaceholderMod:Sweep+1"],"picked":"SKIP","floor":18.0},{"not_picked":["PlaceholderMod:HornyBlast","PlaceholderMod:AttackAsDefend","PlaceholderMod:RadicalHit","PlaceholderMod:EvolutionSpray+1"],"picked":"PlaceholderMod:HealingAttack+1","floor":22.0},{"not_picked":["PlaceholderMod:ParasiteChange+1","PlaceholderMod:SelectReaction","PlaceholderMod:SprayAttack","PlaceholderMod:Stratification+1","PlaceholderMod:PoisonAbsorb+1"],"picked":"SKIP","floor":23.0},{"not_picked":["PlaceholderMod:StressReaction","PlaceholderMod:DiffusionChemical","PlaceholderMod:ProliferateStrike","PlaceholderMod:Break+1","PlaceholderMod:Internalization"],"picked":"SKIP","floor":28.0},{"not_picked":["PlaceholderMod:PoisonExcitation","PlaceholderMod:DissolvingSpikes","PlaceholderMod:ComplexForm","PlaceholderMod:ContinueSpray","PlaceholderMod:AngryAttack"],"picked":"SKIP","floor":30.0},{"not_picked":["PlaceholderMod:Eat","PlaceholderMod:Stratification","PlaceholderMod:HornyBlast","PlaceholderMod:OHStrongAttack+1","PlaceholderMod:InnerStable"],"picked":"SKIP","floor":31.0},{"not_picked":["PlaceholderMod:Polyp+1","PlaceholderMod:Turn+1","PlaceholderMod:UnpureUse+1"],"picked":"SKIP","floor":35},{"not_picked":["PlaceholderMod:MultipleOxi","PlaceholderMod:OHStrongAttack"],"picked":"PlaceholderMod:ProliferateStrike+1","floor":36},{"not_picked":["PlaceholderMod:Crystallization","PlaceholderMod:NutritionAbsorb","PlaceholderMod:ProliferateStrike"],"picked":"SKIP","floor":38},{"not_picked":["PlaceholderMod:AttackAsDefend","PlaceholderMod:ComplexForm","PlaceholderMod:UnpureUse+1"],"picked":"SKIP","floor":41},{"not_picked":["PlaceholderMod:Sweep+1","PlaceholderMod:HornyBlast+1"],"picked":"PlaceholderMod:TriggerStrike+1","floor":42},{"not_picked":["PlaceholderMod:DirectingGroup","PlaceholderMod:SprayAttack+1"],"picked":"PlaceholderMod:QualitativeChange","floor":47},{"not_picked":["PlaceholderMod:DirectingGroup+1","PlaceholderMod:UnpureUse","PlaceholderMod:PoisonAbsorb"],"picked":"SKIP","floor":48}],"player_experience":248218,"relics_obtained":[{"floor":1.0,"key":"SynthV:TestCard"},{"floor":6.0,"key":"Ancient Tea Set"},{"floor":7.0,"key":"infinitespire:CheckeredPen"},{"floor":9.0,"key":"Toy Ornithopter"},{"floor":14.0,"key":"Omamori"},{"floor":19.0,"key":"jedi:zontanonomicon"},{"floor":20.0,"key":"hubris:ToyBattleship"},{"floor":26.0,"key":"infinitespire:Lucky Rock"},{"floor":27.0,"key":"GodSword3"},{"floor":28.0,"key":"LastBattle"},{"floor":42,"key":"hubris:Potato"},{"floor":43,"key":"infinitespire:Lychee Nut"}],"event_choices":[{"damage_healed":0.0,"max_hp_gain":5.0,"max_hp_loss":0.0,"gold_gain":0.0,"event_name":"Big Fish","player_choice":"Donut","floor":3.0,"gold_loss":0.0,"damage_taken":0.0},{"damage_healed":0.0,"max_hp_gain":0.0,"max_hp_loss":0.0,"gold_gain":30.0,"event_name":"Dead Adventurer","player_choice":"Searched \u00273\u0027 times","floor":7.0,"gold_loss":0.0,"damage_taken":0.0},{"damage_healed":0.0,"max_hp_gain":0.0,"max_hp_loss":0.0,"gold_gain":0.0,"cards_transformed":["PlaceholderMod:BaseStrike"],"event_name":"Transmorgrifier","player_choice":"Transformed","floor":11.0,"gold_loss":0.0,"damage_taken":0.0,"cards_obtained":["PlaceholderMod:DiffusionChemical"]},{"damage_healed":0.0,"max_hp_gain":0.0,"max_hp_loss":0.0,"gold_gain":0.0,"event_name":"Cursed Tome","player_choice":"Obtained Book","floor":19.0,"gold_loss":0.0,"damage_taken":16.0},{"damage_healed":0,"gold_gain":0,"player_choice":"Upgraded","damage_taken":0,"max_hp_gain":0,"max_hp_loss":0,"event_name":"Upgrade Shrine","floor":37,"gold_loss":0,"cards_upgraded":["PlaceholderMod:FastReaction"]},{"damage_healed":0,"gold_gain":0,"player_choice":"Fight","damage_taken":0,"max_hp_gain":0,"max_hp_loss":0,"event_name":"Mysterious Sphere","floor":42,"gold_loss":0},{"damage_healed":0,"gold_gain":0,"player_choice":"Damaged","damage_taken":6,"max_hp_gain":0,"max_hp_loss":0,"event_name":"Wheel of Change","floor":46,"gold_loss":0}],"is_beta":false,"boss_relics":[{"not_picked":["infinitespire:Cupcake","Philosopher\u0027s Stone"],"picked":"Coffee Dripper"},{"not_picked":["RhineFirstAidKit","REME_LowDesire"],"picked":"Busted Crown"}],"items_purged_floors":[4,21,25,39,45],"is_endless":false,"potions_floor_spawned":[1,2,7,12,13,14,22,23,36,41,47,48],"ascension_level":0}}