{"host":"gttgmv2wah99hzdm","time":1612300776,"event":{"mods":["AchievementEnabler","BaseMod","Bestiary","Block Reminder","Filter the Spire","Minty Spire (QoL Compilation)","Relic Stats","Weighted Paths","ojb\u0027s Info Mod"],"gold_per_floor":[114,114,127,143,157,187,206,206,230,230,256,271,27,102,102,176,176,190,190,202,212,262,262,262,262],"floor_reached":24,"language":"ENG","playtime":2255,"items_purged":["Strike_R"],"score":416,"play_id":"6e881c91-e328-474d-990a-e1a3f35501e8","local_time":"20210202151936","is_ascension_mode":true,"campfire_choices":[{"data":"Rampage","floor":8.0,"key":"SMITH"},{"floor":10.0,"key":"REST"},{"floor":15.0,"key":"REST"},{"data":"True Grit","floor":23.0,"key":"SMITH"}],"circlet_count":0,"master_deck":["AscendersBane","Strike_R","Strike_R","Strike_R","Strike_R","Defend_R","Defend_R","Defend_R","Defend_R","Bash","Battle Trance","Rampage+1","Pommel Strike","Shockwave","Clothesline","True Grit+1","Dual Wield+1"],"relics":["Sozu","Tiny Chest","Anchor","Oddly Smooth Stone","TheAbacus","Runic Pyramid"],"acts_visited":["Exordium","TheCity"],"potions_floor_usage":[],"damage_taken":[{"damage":11.0,"enemies":"Jaw Worm","floor":1.0,"turns":5.0},{"damage":7.0,"enemies":"2 Louse","floor":3.0,"turns":3.0},{"damage":1.0,"enemies":"Cultist","floor":4.0,"turns":3.0},{"damage":12.0,"enemies":"Looter","floor":5.0,"turns":3.0},{"damage":20.0,"enemies":"Lagavulin","floor":6.0,"turns":6.0},{"damage":6.0,"enemies":"3 Louse","floor":7.0,"turns":3.0},{"damage":20.0,"enemies":"3 Sentries","floor":11.0,"turns":6.0},{"damage":0.0,"enemies":"Red Slaver","floor":12.0,"turns":3.0},{"damage":26.0,"enemies":"The Guardian","floor":16.0,"turns":10.0},{"damage":0.0,"enemies":"3 Byrds","floor":18.0,"turns":7.0},{"damage":0.0,"enemies":"Spheric Guardian","floor":20.0,"turns":5.0},{"damage":3.0,"enemies":"Centurion and Healer","floor":21.0,"turns":7.0},{"damage":64,"enemies":"Slavers","floor":24,"turns":10}],"seed_played":"-8745664328952173658","potions_obtained":[],"is_trial":false,"path_per_floor":["M","?","M","M","M","E","M","R","T","R","E","M","$","?","R","B",null,"M","?","M","M","?","R","E"],"character_chosen":"IRONCLAD","items_purchased":["TheAbacus"],"campfire_rested":2,"item_purchase_floors":[13],"current_hp_per_floor":[57,62,55,54,42,22,16,16,16,40,20,20,20,9,33,7,62,62,62,62,59,59,59,0,0],"gold":262,"neow_bonus":"BOSS_RELIC","is_daily":false,"chose_seed":false,"campfire_upgraded":2,"win_rate":0.0,"timestamp":1612300776,"path_taken":["M","?","M","M","M","E","M","R","T","R","E","M","$","?","R","BOSS","M","?","M","M","?","R","E"],"items_purchased_type":["Relic"],"build_version":"2020-12-22","purchased_purges":1,"victory":false,"max_hp_per_floor":[75,80,80,80,80,80,80,80,80,80,80,80,80,80,80,80,80,80,80,80,80,80,80,80,80],"relic_stats":{"Sozu":5,"TheAbacus":[114],"counters":[13,71],"Tiny Chest":0,"obtain_stats":[{"Sozu":0,"Anchor":9,"TheAbacus":13,"Oddly Smooth Stone":11,"Tiny Chest":6,"Burning Blood":0,"Runic Pyramid":17},{"Sozu":0,"Anchor":6,"TheAbacus":8,"Oddly Smooth Stone":7,"Tiny Chest":5,"Burning Blood":0,"Runic Pyramid":9},{"Sozu":0,"Anchor":23,"TheAbacus":32,"Oddly Smooth Stone":29,"Tiny Chest":20,"Burning Blood":0,"Runic Pyramid":42}]},"card_choices":[{"not_picked":["Warcry","Shrug It Off","Clash"],"picked":"SKIP","floor":1.0},{"not_picked":["Bloodletting","Rage"],"picked":"Battle Trance","floor":3.0},{"not_picked":["Evolve","Iron Wave"],"picked":"Rampage","floor":4.0},{"not_picked":["Clothesline","Feel No Pain"],"picked":"Pommel Strike","floor":5.0},{"not_picked":["Fire Breathing","Thunderclap"],"picked":"Shockwave","floor":6.0},{"not_picked":["Seeing Red","Perfected Strike","Sentinel"],"picked":"SKIP","floor":7.0},{"not_picked":["Dual Wield","Rage"],"picked":"Clothesline","floor":11.0},{"not_picked":["Wild Strike","Flex","Twin Strike"],"picked":"SKIP","floor":12.0},{"not_picked":["Thunderclap","Flex"],"picked":"True Grit","floor":18.0},{"not_picked":["Headbutt","Intimidate","Iron Wave"],"picked":"SKIP","floor":20.0},{"not_picked":["Seeing Red","Heavy Blade"],"picked":"Dual Wield+1","floor":21.0}],"player_experience":1094399,"relics_obtained":[{"floor":6.0,"key":"Tiny Chest"},{"floor":9.0,"key":"Anchor"},{"floor":11.0,"key":"Oddly Smooth Stone"}],"event_choices":[{"damage_healed":0.0,"max_hp_gain":5.0,"max_hp_loss":0.0,"gold_gain":0.0,"event_name":"Big Fish","player_choice":"Donut","floor":2.0,"gold_loss":0.0,"damage_taken":0.0},{"damage_healed":0.0,"max_hp_gain":0.0,"max_hp_loss":0.0,"gold_gain":75.0,"event_name":"World of Goop","player_choice":"Gather Gold","floor":14.0,"gold_loss":0.0,"damage_taken":11.0},{"damage_healed":0.0,"max_hp_gain":0.0,"max_hp_loss":0.0,"gold_gain":0.0,"event_name":"The Mausoleum","player_choice":"Ignored","floor":19.0,"gold_loss":0.0,"damage_taken":0.0},{"damage_healed":0.0,"max_hp_gain":0.0,"max_hp_loss":0.0,"gold_gain":50.0,"event_name":"Golden Shrine","player_choice":"Pray","floor":22.0,"gold_loss":0.0,"damage_taken":0.0}],"is_beta":false,"boss_relics":[{"not_picked":["Empty Cage","Runic Dome"],"picked":"Runic Pyramid"}],"items_purged_floors":[13],"is_endless":false,"potions_floor_spawned":[3,4,7,11,16],"killed_by":"Slavers","ascension_level":20}}