{"host":"alk2ftu785mujiir","time":1612227516,"event":{"mods":["BaseMod","Colored Map","Downfall","Minty Spire (QoL Compilation)","StSLib"],"gold_per_floor":[99,116,133,0,12,12,12,46,16,16,28,28,61,54,73,175,175,175,191,191,216,238,138,138,138,150,50,43,43,43,43],"floor_reached":30,"language":"ENG","playtime":1319,"items_purged":[],"score":276,"play_id":"aea21924-830f-40e2-afce-444cadf073a0","local_time":"20210201195836","is_ascension_mode":true,"campfire_choices":[{"data":"hexamod:FastForward","floor":1.0,"key":"SMITH"},{"data":"hexamod:BurningTouch","floor":6.0,"key":"SMITH"},{"data":"hexamod:FastForward","floor":12.0,"key":"SMITH"},{"floor":18,"key":"RECALL"},{"floor":23,"key":"REST"},{"floor":27,"key":"REST"},{"floor":29,"key":"REST"}],"circlet_count":0,"master_deck":["hexamod:Strike+1","hexamod:Strike","hexamod:Strike+1","hexamod:Defend","hexamod:Defend","hexamod:Defend","hexamod:Sear","hexamod:Float","hexamod:FastForward+1","hexamod:ThermalTransfer","hexamod:Hexaguard","hexamod:EtherealExpedition","hexamod:BurningTouch+1","hexamod:ThirdSeal","hexamod:TimeWarp","hexamod:ChargedBarrage+1","hexamod:Incineration","hexamod:SecondSeal","hexamod:EmpoweredFlame","hexamod:FastForward+1","hexamod:GhostShield+1","hexamod:HeatMetal","hexamod:SixthSeal","hexamod:ExtraCrispy","hexamod:EmpoweredFlame+1","hexamod:GhostflameBarrier","hexamod:SearingWound","hexamod:EmpoweredFlame+1","hexamod:FourthSeal","hexamod:SoulSteal"],"relics":["hexamod:SpiritBrand","Bottled Lightning","MawBank","Bronze Scales","Tiny Chest","Empty Cage","downfall:HeartBlessingRed","downfall:HeartBlessingBlue"],"acts_visited":["Exordium","TheCity"],"potions_floor_usage":[15,16,16,22,26,30],"damage_taken":[{"damage":1.0,"enemies":"Cultist","floor":2.0,"turns":4.0},{"damage":2.0,"enemies":"Small Slimes","floor":3.0,"turns":3.0},{"damage":0.0,"enemies":"downfall:FleeingMerchant","floor":4.0,"turns":4.0},{"damage":0.0,"enemies":"2 Louse","floor":5.0,"turns":3.0},{"damage":2.0,"enemies":"Gremlin Nob","floor":8.0,"turns":3.0},{"damage":3.0,"enemies":"downfall:FleeingMerchant","floor":9.0,"turns":4.0},{"damage":10.0,"enemies":"2 Fungi Beasts","floor":11.0,"turns":3.0},{"damage":8.0,"enemies":"3 Sentries","floor":13.0,"turns":5.0},{"damage":0.0,"enemies":"downfall:FleeingMerchant","floor":14.0,"turns":4.0},{"damage":21,"enemies":"Gremlin Gang","floor":15,"turns":5},{"damage":12,"enemies":"IC_STATUS_ARCHETYPE","floor":16,"turns":6},{"damage":5,"enemies":"Chosen","floor":19,"turns":3},{"damage":19,"enemies":"Shell Parasite","floor":21,"turns":6},{"damage":33,"enemies":"Snecko","floor":22,"turns":7},{"damage":31,"enemies":"Sentry and Sphere","floor":26,"turns":7},{"damage":7,"enemies":"downfall:FleeingMerchant","floor":28,"turns":4},{"damage":61,"enemies":"Slavers","floor":30,"turns":5}],"seed_played":"8694499621867262224","potions_obtained":[{"floor":3.0,"key":"Guardian:BlockOnCardUsePotion"},{"floor":5.0,"key":"Strength Potion"},{"floor":8.0,"key":"SpeedPotion"},{"floor":15,"key":"Regen Potion"},{"floor":21,"key":"SpeedPotion"},{"floor":21,"key":"ColorlessPotion"},{"floor":22,"key":"Energy Potion"},{"floor":26,"key":"GamblersBrew"}],"is_trial":false,"path_per_floor":["R","M","M","$","M","R","T","E","$","?","M","R","E","$","M","B",null,"R","M","?","M","M","R","T","?","M","R","$","R","E"],"character_chosen":"THE_SPIRIT","items_purchased":["hexamod:BurningTouch","hexamod:ThirdSeal","hexamod:FastForward"],"campfire_rested":3,"item_purchase_floors":[4,4,9],"current_hp_per_floor":[70,69,67,67,67,67,67,65,62,62,52,52,44,44,23,26,70,70,65,65,46,13,34,34,34,3,37,30,54,0,0],"gold":43,"neow_bonus":"THREE_CARDS","is_daily":false,"chose_seed":false,"campfire_upgraded":3,"win_rate":0.0,"timestamp":1612227516,"path_taken":["R","M","M","?","M","R","T","E","$","?","?","R","E","$","M","BOSS","R","M","?","M","M","R","T","?","M","R","$","R","E"],"items_purchased_type":["Card","Card","Card"],"build_version":"2020-12-22","purchased_purges":0,"victory":false,"max_hp_per_floor":[70,70,70,70,70,70,70,70,70,70,70,70,70,70,70,70,70,70,70,70,70,70,70,70,70,70,80,80,80,80,80],"card_choices":[{"not_picked":["hexamod:FirstSeal","hexamod:Firestarter"],"picked":"hexamod:FastForward","floor":0.0},{"not_picked":["hexamod:Hexaguard","hexamod:ShieldOfDarkness"],"picked":"hexamod:ThermalTransfer","floor":2.0},{"not_picked":["hexamod:RetreatToShadows","hexamod:RecurringNightmare"],"picked":"hexamod:Hexaguard","floor":3.0},{"not_picked":["hexamod:ExtraCrispy","hexamod:GhostLash"],"picked":"hexamod:EtherealExpedition","floor":4.0},{"not_picked":["hexamod:ShieldOfDarkness","hexamod:GhostOfSpirePast"],"picked":"hexamod:TimeWarp","floor":5.0},{"not_picked":["hexamod:FlamesFromBeyond","hexamod:PhantomFireball"],"picked":"hexamod:ChargedBarrage","floor":5.0},{"not_picked":["hexamod:Firestarter","hexamod:FlamesFromBeyond"],"picked":"hexamod:Incineration","floor":8.0},{"not_picked":["hexamod:Hexaguard","hexamod:ThermalTransfer"],"picked":"hexamod:SecondSeal","floor":8.0},{"not_picked":["hexamod:BurningTouch","hexamod:FastForward"],"picked":"hexamod:EmpoweredFlame","floor":9.0},{"not_picked":["hexamod:Firestarter","hexamod:AdvancingGuard"],"picked":"hexamod:GhostShield","floor":11.0},{"not_picked":["hexamod:Firestarter","hexamod:FastForward"],"picked":"hexamod:HeatMetal","floor":11.0},{"not_picked":["hexamod:ExtraCrispy","hexamod:GhostflameBarrier"],"picked":"hexamod:SixthSeal","floor":13.0},{"not_picked":["hexamod:GhostLash","hexamod:SecondSeal"],"picked":"hexamod:ExtraCrispy","floor":14.0},{"not_picked":["hexamod:FlamesFromBeyond","hexamod:PhantomFireball"],"picked":"hexamod:EmpoweredFlame","floor":15},{"not_picked":["hexamod:NightmareStrike","hexamod:SwordOfDarkness"],"picked":"hexamod:GhostflameBarrier","floor":15},{"not_picked":["hexamod:UnlimitedPower","hexamod:VolcanoVisage"],"picked":"hexamod:SearingWound","floor":16},{"not_picked":["hexamod:RetreatToShadows","hexamod:FlamesFromBeyond+1"],"picked":"hexamod:EmpoweredFlame","floor":19},{"not_picked":["hexamod:EtherealExpedition+1","hexamod:FlamesFromBeyond"],"picked":"hexamod:SoulSteal","floor":21},{"not_picked":["hexamod:FlamesFromBeyond","hexamod:AdvancingGuard","hexamod:ShieldOfDarkness"],"picked":"SKIP","floor":21},{"not_picked":["hexamod:EmpoweredFlame","hexamod:SkipABeat","hexamod:GhostflameBarrier"],"picked":"SKIP","floor":22},{"not_picked":["hexamod:SuperheatedStrike","hexamod:BacktrackSmack","hexamod:HeatCrush"],"picked":"SKIP","floor":22},{"not_picked":["hexamod:Haunt+1","hexamod:PowerFromBeyond+1","hexamod:HauntingEcho"],"picked":"SKIP","floor":26},{"not_picked":["hexamod:InspiringFlames","hexamod:ChargedBarrage","hexamod:SpectersWail"],"picked":"SKIP","floor":28}],"player_experience":1788799,"relics_obtained":[{"floor":7.0,"key":"Bottled Lightning"},{"floor":8.0,"key":"MawBank"},{"floor":10.0,"key":"Bronze Scales"},{"floor":13.0,"key":"Tiny Chest"}],"event_choices":[{"damage_healed":0.0,"max_hp_gain":0.0,"max_hp_loss":0.0,"gold_gain":0.0,"event_name":"Wheel of Change","player_choice":"Relic","floor":10.0,"gold_loss":0.0,"damage_taken":0.0},{"damage_healed":0,"gold_gain":0,"player_choice":"Read","damage_taken":0,"max_hp_gain":0,"max_hp_loss":0,"event_name":"The Library","floor":20,"gold_loss":0,"cards_obtained":["hexamod:FourthSeal"]}],"is_beta":false,"boss_relics":[{"not_picked":["Runic Pyramid","Fusion Hammer"],"picked":"Empty Cage"}],"items_purged_floors":[],"is_endless":false,"potions_floor_spawned":[3,5,8,15,21,22],"killed_by":"Slavers","ascension_level":1}}