{"host":"o1umn66c6cmsknp2","time":1612266522,"event":{"mods":["BaseMod","Colored Map","DeckTracker","Highlight Path","Keyboard Shortcuts","Minty Spire (QoL Compilation)","Permanent Neow","SuperFastMode","Unceasing Turn Reminder","everything is the same but u backflip on backflip"],"gold_per_floor":[110,110,35,35,1,41,18,39,39,58,58,73,73,154,154,154,154],"floor_reached":16,"language":"KOR","playtime":437,"items_purged":["Regret"],"score":191,"play_id":"cd914516-8b3f-490c-80f3-9295aa699f74","local_time":"20210202204842","is_ascension_mode":true,"campfire_choices":[{"data":"Neutralize","floor":11.0,"key":"SMITH"},{"data":"Poisoned Stab","floor":13.0,"key":"SMITH"},{"data":"Dagger Throw","floor":15.0,"key":"SMITH"}],"circlet_count":0,"master_deck":["AscendersBane","Strike_G","Strike_G","Strike_G","Strike_G","Strike_G","Defend_G","Defend_G","Defend_G","Defend_G","Defend_G","Survivor","Neutralize+1","Blur","Reflex","Dagger Throw+1","Acrobatics","Poisoned Stab+1"],"relics":["Ring of the Snake","NeowsBlessing","Meat on the Bone","Golden Idol","Eternal Feather","White Beast Statue","Letter Opener"],"acts_visited":[],"potions_floor_usage":[16],"damage_taken":[{"damage":0.0,"enemies":"2 Louse","floor":1.0,"turns":1.0},{"damage":0.0,"enemies":"Gremlin Nob","floor":6.0,"turns":1.0},{"damage":0.0,"enemies":"Jaw Worm","floor":8.0,"turns":2.0},{"damage":6.0,"enemies":"Small Slimes","floor":10.0,"turns":4.0},{"damage":2.0,"enemies":"2 Fungi Beasts","floor":12.0,"turns":5.0},{"damage":66,"enemies":"Slime Boss","floor":16,"turns":9}],"seed_played":"-5472734900663541954","potions_obtained":[{"floor":1.0,"key":"BlessingOfTheForge"},{"floor":10.0,"key":"Block Potion"}],"is_trial":false,"path_per_floor":["M","?","$","?","$","E","$","M","T","M","R","M","R","T","R","B"],"character_chosen":"THE_SILENT","items_purchased":["Reflex","Acrobatics"],"campfire_rested":0,"item_purchase_floors":[5,7],"current_hp_per_floor":[63,63,63,46,46,46,46,46,46,40,49,47,56,56,65,0,0],"gold":154,"neow_bonus":"THREE_ENEMY_KILL","is_daily":false,"chose_seed":false,"campfire_upgraded":3,"win_rate":0.0,"timestamp":1612266522,"path_taken":["M","?","$","?","?","E","?","M","T","M","R","M","R","?","R","BOSS"],"items_purchased_type":["Card","Card"],"build_version":"2020-12-22","purchased_purges":1,"victory":false,"max_hp_per_floor":[70,70,70,70,70,70,70,70,70,70,70,70,70,70,70,70,70],"card_choices":[{"not_picked":["Setup","Sucker Punch"],"picked":"Blur","floor":1.0},{"not_picked":["Escape Plan","Underhanded Strike"],"picked":"Dagger Throw","floor":6.0},{"not_picked":["Distraction","Noxious Fumes"],"picked":"Poisoned Stab","floor":8.0},{"not_picked":["Deflect","Caltrops","Dagger Throw"],"picked":"SKIP","floor":10.0},{"not_picked":["Skewer","Sucker Punch","Quick Slash"],"picked":"SKIP","floor":12.0}],"player_experience":380828,"relics_obtained":[{"floor":6.0,"key":"Eternal Feather"},{"floor":9.0,"key":"White Beast Statue"},{"floor":14.0,"key":"Letter Opener"}],"event_choices":[{"damage_healed":0.0,"max_hp_gain":0.0,"max_hp_loss":0.0,"gold_gain":0.0,"event_name":"Big Fish","player_choice":"Box","floor":2.0,"gold_loss":0.0,"damage_taken":0.0,"relics_obtained":["Meat on the Bone"],"cards_obtained":["Regret"]},{"damage_healed":0.0,"max_hp_gain":0.0,"max_hp_loss":0.0,"gold_gain":0.0,"event_name":"Golden Idol","player_choice":"Take Damage","floor":4.0,"gold_loss":0.0,"damage_taken":17.0,"relics_obtained":["Golden Idol"]}],"is_beta":false,"boss_relics":[],"items_purged_floors":[3],"is_endless":false,"potions_floor_spawned":[1,10,12],"killed_by":"Slime Boss","ascension_level":11}}