{"host":"skr63qsdfgeey3it","time":1612256064,"event":{"mods":["BaseMod","Colored Map","Hubris","Minty Spire (QoL Compilation)","Monster B Gone","Reliquary","Replay The Spire","Spicy Shops","StSLib"],"gold_per_floor":[14,33,33,108,124,124,124,124,124,124,147,181,436,470,588,707,707,726,739,739,27,42,78,78,118,118,131,145,145,185,198,198,327,327,350,44,58,58,83,83,124,55,55,0,0,15,31,31,31,31],"floor_reached":51,"language":"ENG","playtime":1638,"items_purged":[],"score":1117,"play_id":"0ebf3add-c147-4cb0-a5d3-ece8bd512f53","local_time":"20210202025424","is_ascension_mode":true,"campfire_choices":[{"floor":6,"key":"REST"},{"data":"White Noise","floor":8,"key":"SMITH"},{"data":"hubris:Ukulele","floor":10,"key":"SMITH"},{"data":"Specialist","floor":24,"key":"SMITH"},{"floor":29,"key":"REST"},{"floor":32,"key":"REST"},{"data":"White Noise","floor":40,"key":"SMITH"}],"circlet_count":0,"master_deck":["AscendersBane","Zap+1","Dualcast+1","Conserve Battery+1","hubris:Ukulele+1","White Noise+1","Self Repair+1","Ball Lightning+1","Undo+1","Loop+1","Darkness+1","Coolheaded+1","Barrage+1","Barrage+1","Reinforced Body+1","hubris:Ukulele+1","Fusion+1","Static Discharge+1","Hologram+1","Defragment+1","Specialist+1","Loop+1","Lockon+1","ReplaySolidLightProjector+1","ReplaySolidLightProjector+1","Rip and Tear+1","Defragment+1","White Noise+1","ReplayTheSpireMod:Omega Cannon+1","Leap+1","hubris:PowerSurge+1","Stack+1","Capacitor+1","Storm+1","Defragment+1"],"relics":["Cracked Core","hubris:GlazedTorus","Golden Idol","hubris:Icosahedron","Quantum Egg","FossilizedHelix","reliquary:Stiletto","Pandora\u0027s Box","DataDisk","Omamori","Replay:Bottled Snecko","Solar Panel","Mummified Hand","reliquary:ExpiredCoupon","ReplayTheSpireMod:Lightbulb","Busted Crown","Mercury Hourglass","WarpedTongs","reliquary:RoseTintedGlasses","ReplayTheSpireMod:CursedCoin","Eternal Feather","Red Mask","Mark of the Bloom"],"acts_visited":["Exordium","TheCity","TheBeyond"],"potions_floor_usage":[16,18,25,28,28,31,37,39,46,50,50],"damage_taken":[{"damage":9,"enemies":"2 Louse","floor":1,"turns":2},{"damage":1,"enemies":"Small Slimes","floor":2,"turns":3},{"damage":0,"enemies":"Cultist","floor":5,"turns":3},{"damage":5,"enemies":"Looter","floor":11,"turns":3},{"damage":44,"enemies":"3 Sentries","floor":12,"turns":7},{"damage":0,"enemies":"Gremlin Nob","floor":14,"turns":3},{"damage":0,"enemies":"Slime Boss","floor":16,"turns":7},{"damage":0,"enemies":"Spheric Guardian","floor":18,"turns":2},{"damage":22,"enemies":"2 Thieves","floor":19,"turns":3},{"damage":2,"enemies":"Snecko","floor":22,"turns":4},{"damage":25,"enemies":"Replay:Snechameleon","floor":23,"turns":4},{"damage":28,"enemies":"Book of Stabbing","floor":25,"turns":5},{"damage":16,"enemies":"Snake Plant","floor":27,"turns":3},{"damage":12,"enemies":"3 Cultists","floor":28,"turns":3},{"damage":24,"enemies":"Slavers","floor":30,"turns":3},{"damage":0,"enemies":"Snecko","floor":31,"turns":3},{"damage":18,"enemies":"Champ","floor":33,"turns":5},{"damage":0,"enemies":"Orb Walker","floor":35,"turns":2},{"damage":0,"enemies":"3 Darklings","floor":37,"turns":2},{"damage":0,"enemies":"Maw","floor":39,"turns":5},{"damage":9,"enemies":"Reptomancer","floor":41,"turns":6},{"damage":0,"enemies":"Sphere and 2 Shapes","floor":46,"turns":2},{"damage":0,"enemies":"Writhing Mass","floor":47,"turns":2},{"damage":0,"enemies":"Replay:Hell Engine","floor":50,"turns":3}],"seed_played":"-7338467664144142278","potions_obtained":[{"floor":2,"key":"FearPotion"},{"floor":18,"key":"Fruit Juice"},{"floor":22,"key":"Explosive Potion"},{"floor":25,"key":"Fruit Juice"},{"floor":27,"key":"PotionOfCapacity"},{"floor":30,"key":"Death Potion"},{"floor":33,"key":"Fire Potion"},{"floor":35,"key":"AttackPotion"},{"floor":37,"key":"Strength Potion"},{"floor":46,"key":"Elixir"},{"floor":49,"key":"Ancient Potion"}],"is_trial":false,"path_per_floor":["M","M","?","?","M","R","?","R","T","R","M","E","?","E","R_BF","B",null,"M","M","?","$","M","E","R","E","T","M","M","R","E","M","R","B",null,"M","$","M","?","M","R","E","$","T","?","?","M","M","?","R_BF","B",null],"character_chosen":"DEFECT","items_purchased":["DataDisk","Specialist","Loop","Omamori","Lockon","ReplaySolidLightProjector","Replay:Bottled Snecko","hubris:PowerSurge","Mercury Hourglass","ReplayTheSpireMod:CursedCoin","Storm"],"campfire_rested":3,"item_purchase_floors":[21,21,21,21,21,21,21,36,36,42,42],"current_hp_per_floor":[59,58,40,29,29,51,51,51,51,51,70,33,33,33,33,40,66,78,63,90,90,88,70,70,51,51,44,36,64,46,48,76,69,89,93,93,95,95,95,95,95,95,95,95,95,95,95,95,95,95],"gold":31,"neow_bonus":"ONE_RARE_RELIC","is_daily":false,"chose_seed":false,"campfire_upgraded":4,"win_rate":0.0,"timestamp":1612256064,"path_taken":["M","M","?","?","M","R","?","R","T","R","M","E","?","E","R_BF","BOSS","M","?","?","$","M","E","R","E","T","M","?","R","E","M","R","BOSS","M","$","M","?","?","R","E","$","T","?","?","M","M","?","R_BF","BOSS"],"items_purchased_type":["Relic","Card","Card","Relic","Card","Card","Relic","Card","Relic","Relic","Card"],"build_version":"2020-12-22","purchased_purges":0,"victory":true,"max_hp_per_floor":[75,75,75,75,75,75,75,75,75,75,75,75,75,75,75,75,75,80,80,90,90,90,90,90,95,95,95,95,95,95,95,95,95,95,95,95,95,95,95,95,95,95,95,95,95,95,95,95,95,95],"card_choices":[{"not_picked":["Steam","Barrage"],"picked":"Conserve Battery","floor":1},{"not_picked":["Stack","Steam Power"],"picked":"hubris:Ukulele","floor":2},{"not_picked":["Panic Button","Redo"],"picked":"White Noise","floor":5},{"not_picked":["Steam Power","Compile Driver"],"picked":"Self Repair","floor":11},{"not_picked":["Auto Shields","Barrage"],"picked":"Ball Lightning","floor":12},{"not_picked":["Steam","Darkness"],"picked":"Undo","floor":13},{"not_picked":["Compile Driver","Beam Cell"],"picked":"Loop","floor":14},{"not_picked":["Seek","hubris:Prefetch"],"picked":"hubris:SpecializedCircuitry","floor":16},{"not_picked":["Barrage+1","Ball Lightning"],"picked":"Hologram+1","floor":18},{"not_picked":["Stack","Coolheaded"],"picked":"Defragment","floor":19},{"not_picked":["Sweeping Beam","Streamline","ReplayGash"],"picked":"SKIP","floor":22},{"not_picked":["BasicCrystalCard","Turbo"],"picked":"ReplaySolidLightProjector","floor":23},{"not_picked":["Beam Cell","Steam"],"picked":"Rip and Tear","floor":25},{"not_picked":["hubris:Ukulele","Heatsinks","Chaos+1"],"picked":"SKIP","floor":27},{"not_picked":["Streamline","Compile Driver"],"picked":"Defragment","floor":28},{"not_picked":["hubris:SpecializedCircuitry","Static Discharge"],"picked":"White Noise","floor":30},{"not_picked":["Turbo","Cold Snap","Chaos+1"],"picked":"SKIP","floor":31},{"not_picked":["Core Surge","Reboot"],"picked":"ReplayTheSpireMod:Omega Cannon","floor":33},{"not_picked":[],"picked":"Leap","floor":35},{"not_picked":[],"picked":"Stack","floor":37},{"not_picked":["Cold Snap"],"picked":"SKIP","floor":39},{"not_picked":[],"picked":"Capacitor+1","floor":41},{"not_picked":["Rebound"],"picked":"SKIP","floor":46},{"not_picked":[],"picked":"Defragment+1","floor":47}],"player_experience":857006,"relics_obtained":[{"floor":9,"key":"Quantum Egg"},{"floor":12,"key":"FossilizedHelix"},{"floor":14,"key":"reliquary:Stiletto"},{"floor":23,"key":"Solar Panel"},{"floor":25,"key":"Mummified Hand"},{"floor":26,"key":"reliquary:ExpiredCoupon"},{"floor":30,"key":"ReplayTheSpireMod:Lightbulb"},{"floor":41,"key":"reliquary:RoseTintedGlasses"},{"floor":43,"key":"Eternal Feather"}],"event_choices":[{"damage_healed":0,"gold_gain":0,"player_choice":"Take Damage","damage_taken":18,"relics_obtained":["Golden Idol"],"max_hp_gain":0,"max_hp_loss":0,"event_name":"Golden Idol","floor":3,"gold_loss":0},{"damage_healed":0,"gold_gain":75,"player_choice":"Gather Gold","damage_taken":11,"max_hp_gain":0,"max_hp_loss":0,"event_name":"World of Goop","floor":4,"gold_loss":0},{"cards_removed":["hubris:SpecializedCircuitry"],"damage_healed":17,"gold_gain":0,"player_choice":"Offered Rare","damage_taken":0,"max_hp_gain":10,"max_hp_loss":0,"event_name":"Bonfire Elementals","floor":20,"gold_loss":0},{"damage_healed":0,"gold_gain":0,"player_choice":"Rummage","damage_taken":0,"relics_obtained":["WarpedTongs"],"max_hp_gain":0,"max_hp_loss":0,"event_name":"Accursed Blacksmith","floor":38,"gold_loss":0,"cards_obtained":["Pain"]},{"damage_healed":0,"gold_gain":0,"player_choice":"Paid","damage_taken":0,"relics_obtained":["Red Mask"],"max_hp_gain":0,"max_hp_loss":0,"event_name":"Tomb of Lord Red Mask","floor":44,"gold_loss":55},{"damage_healed":0,"gold_gain":0,"player_choice":"Upgrade","damage_taken":0,"relics_obtained":["Mark of the Bloom"],"max_hp_gain":0,"max_hp_loss":0,"event_name":"MindBloom","floor":45,"gold_loss":0,"cards_upgraded":["Zap","Dualcast","Conserve Battery","Self Repair","Ball Lightning","Undo","Loop","Darkness","Coolheaded","Barrage","Barrage","Reinforced Body","hubris:Ukulele","Fusion","Static Discharge","Defragment","Loop","Lockon","ReplaySolidLightProjector","ReplaySolidLightProjector","Rip and Tear","Defragment","ReplayTheSpireMod:Omega Cannon","Leap","hubris:PowerSurge","Stack","Storm"]}],"is_beta":false,"boss_relics":[{"not_picked":["hubris:VirtuousBlindfold","Replay:Drink Me"],"picked":"Pandora\u0027s Box"},{"not_picked":["reliquary:RedPaperclip","ReplayTheSpireMod:DimensionalGlitch"],"picked":"Busted Crown"}],"items_purged_floors":[],"is_endless":false,"potions_floor_spawned":[2,18,22,25,27,30,33,35,37,46],"ascension_level":12}}