{"host":"Sylvester","time":1612286262,"event":{"mods":["BaseMod","Filter the Spire","Lobotomy","Minty Spire (QoL Compilation)","Replay The Spire","StSLib"],"gold_per_floor":[112,27,27,37,79,79,109,109,109,109,135,135,165,165,182,182,256,256,274,288,298,298,309,344,344,344,344,373,422,450,494,524,536,405,405,477,477,493,393,404,417,432,466,485,516,539,574,574,574,404,420,420,420,420,420,420,420,141,170,170],"floor_reached":61,"language":"ENG","playtime":3267,"items_purged":["Strike_B","Strike_B","Strike_B"],"score":3191,"play_id":"862ddf83-bc02-4d12-8ec3-015eaba9a258","local_time":"20210202091742","is_ascension_mode":true,"campfire_choices":[{"data":"Sunder","floor":6.0,"key":"SMITH"},{"data":"CommonCold","floor":16.0,"key":"PURGE"},{"data":"Multi-Cast","floor":25.0,"key":"SMITH"},{"data":"1","floor":33.0,"key":"LIFT"},{"data":"2","floor":35.0,"key":"LIFT"},{"floor":48.0,"key":"RECALL"},{"floor":52,"key":"DIG"},{"floor":57,"key":"DIG"}],"circlet_count":0,"master_deck":["AscendersBane","Defend_B","Defend_B","Defend_B","Defend_B","Zap","Dualcast","Sunder+1","Recycle","Doom and Gloom","Biased Cognition+1","Glacier","Multi-Cast+1","Undo","Redo","Sunder","Beam Cell","Doom and Gloom","Electrodynamics","Hologram","Replay:Sssssssssshield+1","Meteor Strike","Undo","Hologram","Defragment+1","BasicCrystalCard+1","Reboot","Time Bomb+1","Core Surge"],"relics":["Snecko Eye","Ring of Fury","Replay:Multitool","PreservedInsect","WingedGreaves","Divine Protection","Singing Bowl","Black Star","Blue Doll","Bag of Marbles","Girya","Replay:Ringing Soul","MawBank","StoneCalendar","Replay:Antivirus Software","ReplayTheSpireMod:Ninjato","Coffee Dripper","Mirror","ReplayTheSpireMod:Lightbulb","Unceasing Top","HornCleat","Anchor","Counterbalance","ReplayTheSpireMod:TigerMarble","Incense Burner","Bottled Flame","Mummified Hand","Carrot","ReplayTheSpireMod:Shallot"],"acts_visited":["Exordium","TheCity","TheBeyond","TheEnding"],"potions_floor_usage":[60,60],"damage_taken":[{"damage":4.0,"enemies":"2 Louse","floor":1.0,"turns":3.0},{"damage":8.0,"enemies":"Jaw Worm","floor":4.0,"turns":2.0},{"damage":22.0,"enemies":"Lagavulin","floor":7.0,"turns":4.0},{"damage":18.0,"enemies":"3 Sentries","floor":11.0,"turns":5.0},{"damage":3.0,"enemies":"Replay:BlueRogue","floor":13.0,"turns":3.0},{"damage":0.0,"enemies":"Small Slimes","floor":15.0,"turns":2.0},{"damage":30.0,"enemies":"Slime Boss","floor":17.0,"turns":7.0},{"damage":0.0,"enemies":"Spheric Guardian","floor":19.0,"turns":5.0},{"damage":0.0,"enemies":"3 Byrds","floor":20.0,"turns":6.0},{"damage":0.0,"enemies":"Centurion and Healer","floor":21.0,"turns":7.0},{"damage":1.0,"enemies":"Sentry and Sphere","floor":23.0,"turns":7.0},{"damage":3.0,"enemies":"Book of Stabbing","floor":24.0,"turns":4.0},{"damage":1.0,"enemies":"Replay:Snechameleon","floor":28.0,"turns":3.0},{"damage":2.0,"enemies":"Book of Stabbing","floor":30.0,"turns":3.0},{"damage":0.0,"enemies":"Gremlin Leader","floor":31.0,"turns":2.0},{"damage":0.0,"enemies":"3 Cultists","floor":32.0,"turns":2.0},{"damage":50.0,"enemies":"Pondfish","floor":36.0,"turns":10.0},{"damage":0.0,"enemies":"3 Darklings","floor":38.0,"turns":2.0},{"damage":0.0,"enemies":"Orb Walker","floor":40.0,"turns":2.0},{"damage":0.0,"enemies":"Transient","floor":41.0,"turns":6.0},{"damage":0.0,"enemies":"Writhing Mass","floor":42.0,"turns":7.0},{"damage":14.0,"enemies":"Giant Head","floor":43.0,"turns":6.0},{"damage":0.0,"enemies":"Jaw Worm Horde","floor":44.0,"turns":2.0},{"damage":0.0,"enemies":"R_Hoarder","floor":45.0,"turns":4.0},{"damage":0.0,"enemies":"Reptomancer","floor":47.0,"turns":4.0},{"damage":0.0,"enemies":"Transient","floor":51.0,"turns":6.0},{"damage":8,"enemies":"Time Eater","floor":53,"turns":7},{"damage":17,"enemies":"Donu and Deca","floor":54,"turns":7},{"damage":0,"enemies":"Shield and Spear","floor":59,"turns":3},{"damage":31,"enemies":"The Heart","floor":60,"turns":7}],"seed_played":"4296899351787236255","potions_obtained":[{"floor":5.0,"key":"Regen Potion"},{"floor":5.0,"key":"Flashbang"},{"floor":5.0,"key":"BlessingOfTheForge"},{"floor":13.0,"key":"SmokeBomb"},{"floor":14.0,"key":"CultistPotion"}],"is_trial":false,"path_per_floor":["M","$","?","M","?","R","E","R","T","T","E","?","E","?","M","R","B",null,"M","M","M","?","M","E","R","PTL","PTL","E","T","E","E","M","R","$","R","B",null,"M","$","M","M","M","E","M","E","T","E","R","?","$","M","R","B","B",null,null,"R","$","E","B",null],"character_chosen":"DEFECT","items_purchased":["Sunder","Replay:Sssssssssshield+1","Time Bomb+1","Mummified Hand"],"campfire_rested":0,"item_purchase_floors":[2,34,50,58],"current_hp_per_floor":[60,60,60,52,52,52,30,51,51,51,33,38,37,37,37,37,7,60,62,64,64,64,63,62,62,62,62,64,64,65,68,71,71,74,74,27,83,85,85,87,89,92,81,84,91,91,94,94,94,97,99,99,91,74,74,115,115,115,118,87],"gold":170,"neow_bonus":"BOSS_RELIC","is_daily":false,"chose_seed":false,"campfire_upgraded":2,"win_rate":0.0,"timestamp":1612286262,"path_taken":["M","$","?","M","?","R","E","R","T","T","E","?","E","?","M","R","BOSS","M","M","?","?","M","E","R","PTL","PTL","E","T","E","E","M","R","$","R","BOSS","M","$","M","?","M","E","M","E","T","E","R","?","$","?","R","BOSS","BOSS","R","$","E","BOSS"],"items_purchased_type":["Card","Card","Card","Relic"],"build_version":"2020-11-17","purchased_purges":3,"victory":true,"max_hp_per_floor":[71,71,71,71,71,71,71,71,71,71,71,76,78,78,78,78,78,78,80,82,82,82,82,84,84,84,84,87,87,90,93,96,96,99,99,102,102,104,104,106,108,111,114,117,120,120,123,123,123,126,128,128,128,128,128,128,128,128,131,131],"card_choices":[{"not_picked":["Barrage","Coolheaded","Redo"],"picked":"SKIP","floor":1.0},{"not_picked":["Redo","Beam Cell"],"picked":"Recycle","floor":4.0},{"not_picked":["Streamline","FTL"],"picked":"Doom and Gloom","floor":5.0},{"not_picked":["Barrage","ReplayTheSpireMod:Repulse"],"picked":"Biased Cognition","floor":7.0},{"not_picked":["Steam","Go for the Eyes","ReplaySort"],"picked":"SKIP","floor":11.0},{"not_picked":["Barrage","Stack","Tempest"],"picked":"Singing Bowl","floor":13.0},{"not_picked":["Redo","Reinforced Body"],"picked":"Glacier","floor":15.0},{"not_picked":["Biased Cognition","Fission"],"picked":"Multi-Cast","floor":17.0},{"not_picked":["Aggregate","Ball Lightning","Steam"],"picked":"Singing Bowl","floor":19.0},{"not_picked":["Gash","Heatsinks","Leap+1"],"picked":"Singing Bowl","floor":20.0},{"not_picked":["Blizzard","Leap"],"picked":"Undo","floor":21.0},{"not_picked":["Streamline","Sweeping Beam"],"picked":"Sunder","floor":23.0},{"not_picked":["ReplayGash","Amplify","Self Repair"],"picked":"Singing Bowl","floor":24.0},{"not_picked":["Hello World","Streamline"],"picked":"Beam Cell","floor":28.0},{"not_picked":["Compile Driver","Barrage"],"picked":"Doom and Gloom","floor":30.0},{"not_picked":["BasicCrystalCard","Ball Lightning"],"picked":"Electrodynamics","floor":31.0},{"not_picked":["Lockon","Ball Lightning"],"picked":"Hologram","floor":32.0},{"not_picked":["Creative AI","Amplify"],"picked":"Meteor Strike","floor":36.0},{"not_picked":["Double Energy","Gash+1","Barrage"],"picked":"Singing Bowl","floor":38.0},{"not_picked":["Conserve Battery","Reprogram","Melter"],"picked":"Singing Bowl","floor":40.0},{"not_picked":["Gash","Darkness","Storm"],"picked":"Singing Bowl","floor":41.0},{"not_picked":["Beam Cell+1","Skim"],"picked":"Undo","floor":42.0},{"not_picked":["Stack","Streamline"],"picked":"Hologram","floor":43.0},{"not_picked":["Coolheaded","Streamline"],"picked":"Defragment+1","floor":44.0},{"not_picked":["Beam Cell","Go for the Eyes"],"picked":"BasicCrystalCard+1","floor":45.0},{"not_picked":["Darkness","Steam"],"picked":"Reboot","floor":47.0},{"not_picked":["Recycle","Conserve Battery+1","Cold Snap+1"],"picked":"Singing Bowl","floor":51.0},{"not_picked":["Cold Snap","Panic Button"],"picked":"Core Surge","floor":59}],"player_experience":192950,"relics_obtained":[{"floor":3.0,"key":"Ring of Fury"},{"floor":7.0,"key":"Replay:Multitool"},{"floor":9.0,"key":"PreservedInsect"},{"floor":10.0,"key":"WingedGreaves"},{"floor":11.0,"key":"Divine Protection"},{"floor":13.0,"key":"Singing Bowl"},{"floor":24.0,"key":"Blue Doll"},{"floor":24.0,"key":"Bag of Marbles"},{"floor":28.0,"key":"Girya"},{"floor":28.0,"key":"Replay:Ringing Soul"},{"floor":30.0,"key":"MawBank"},{"floor":30.0,"key":"StoneCalendar"},{"floor":31.0,"key":"Replay:Antivirus Software"},{"floor":31.0,"key":"ReplayTheSpireMod:Ninjato"},{"floor":43.0,"key":"Mirror"},{"floor":43.0,"key":"ReplayTheSpireMod:Lightbulb"},{"floor":45.0,"key":"Unceasing Top"},{"floor":45.0,"key":"HornCleat"},{"floor":46.0,"key":"Anchor"},{"floor":47.0,"key":"Counterbalance"},{"floor":47.0,"key":"ReplayTheSpireMod:TigerMarble"},{"floor":52,"key":"Incense Burner"},{"floor":57,"key":"Bottled Flame"},{"floor":59,"key":"Carrot"},{"floor":59,"key":"ReplayTheSpireMod:Shallot"}],"event_choices":[{"damage_healed":0.0,"max_hp_gain":5.0,"max_hp_loss":0.0,"gold_gain":0.0,"event_name":"Big Fish","player_choice":"Donut","floor":12.0,"gold_loss":0.0,"damage_taken":0.0},{"damage_healed":0.0,"max_hp_gain":0.0,"max_hp_loss":0.0,"gold_gain":0.0,"event_name":"Lab","player_choice":"Got Potions","floor":14.0,"gold_loss":0.0,"damage_taken":0.0},{"damage_healed":0.0,"max_hp_gain":0.0,"max_hp_loss":0.0,"gold_gain":0.0,"cards_transformed":["Strike_B"],"event_name":"Transmorgrifier","player_choice":"Transformed","floor":22.0,"gold_loss":0.0,"damage_taken":0.0,"cards_obtained":["Redo"]},{"damage_healed":0.0,"max_hp_gain":0.0,"max_hp_loss":0.0,"gold_gain":0.0,"event_name":"Match and Keep!","player_choice":"0 cards matched","floor":49.0,"gold_loss":0.0,"damage_taken":0.0,"cards_obtained":[]}],"is_beta":true,"boss_relics":[{"not_picked":["Kintsugi","Fusion Hammer"],"picked":"Black Star"},{"not_picked":["Astrolabe","Cursed Key"],"picked":"Coffee Dripper"}],"items_purged_floors":[34,39,50],"is_endless":false,"potions_floor_spawned":[13,15,17,21,23,24,32,41,43,44,51,59],"ascension_level":20}}