{"host":"takgv9cv6xf64vhq","time":1612257102,"event":{"mods":["BaseMod","Colored Powertips","Conspire","Decade(王小明)","Downfall","Energized Spire","Hermit","Hubris","LagranYue(拉格朗・月)","Marisa（F雨　魔理沙）","Minty Spire (QoL Compilation)","Replay The Spire","StSLib","The Cursed","The Hierophant","The Jungle","The Servant 0.9.4","TheHeartMod"],"gold_per_floor":[111,36,211,211,224,259,269,295,322,322,322,334,43,87,87,87,87],"floor_reached":16,"language":"ZHS","playtime":544,"items_purged":["Strike_G"],"score":206,"play_id":"360d3007-ca7d-4893-9c05-90a64149a80d","local_time":"20210202171142","is_ascension_mode":true,"campfire_choices":[{"data":"Backflip","floor":11,"key":"SMITH"},{"data":"ReplayTheSpireMod:Tripwire","floor":15,"key":"SMITH"}],"circlet_count":0,"master_deck":["AscendersBane","Strike_G","Strike_G","Strike_G","Strike_G","Defend_G","Defend_G","Defend_G","Defend_G","Defend_G","Survivor","Neutralize+1","ReplayTheSpireMod:Tripwire+1","Doubt","Backflip+1","Flying Knee","Slice","Delirium","Underhanded Strike","Outmaneuver"],"relics":["Ring of the Snake","NeowsBlessing","ReplayTheSpireMod:TigerMarble","sneckomod:BlankCard","Ring of Peace","Ring of Fury","TungstenRod","CeramicFish"],"acts_visited":["Exordium"],"potions_floor_usage":[14],"damage_taken":[{"damage":0,"enemies":"Cultist","floor":1,"turns":1},{"damage":0,"enemies":"Jaw Worm","floor":5,"turns":1},{"damage":0,"enemies":"Lagavulin","floor":6,"turns":1},{"damage":0,"enemies":"Small Slimes","floor":7,"turns":5},{"damage":1,"enemies":"Blue Slaver","floor":12,"turns":5},{"damage":28,"enemies":"Gremlin Nob","floor":14,"turns":6},{"damage":35,"enemies":"Slime Boss","floor":16,"turns":11}],"seed_played":"-1773756991229693354","potions_obtained":[{"floor":7,"key":"BlessingOfTheForge"}],"is_trial":false,"path_per_floor":["M","$","?","?","M","E","M","T","T","?","R","M","$","E","R","B"],"character_chosen":"THE_SILENT","items_purchased":["TungstenRod"],"campfire_rested":0,"item_purchase_floors":[13],"current_hp_per_floor":[63,63,63,63,63,63,63,63,63,63,63,62,62,34,34,0,0],"gold":87,"neow_bonus":"THREE_ENEMY_KILL","is_daily":false,"chose_seed":false,"campfire_upgraded":2,"win_rate":0.0,"timestamp":1612257102,"path_taken":["M","$","?","?","M","E","?","?","T","?","R","M","?","E","R","BOSS"],"items_purchased_type":["Relic"],"build_version":"2020-12-22","purchased_purges":1,"victory":false,"max_hp_per_floor":[70,70,70,70,70,70,70,70,70,70,70,70,70,70,70,70,70],"card_choices":[{"not_picked":["Prepared","Eviscerate"],"picked":"ReplayTheSpireMod:Tripwire","floor":1},{"not_picked":["Hidden Blade","Backstab"],"picked":"Backflip","floor":5},{"not_picked":["Acrobatics","Finisher"],"picked":"Flying Knee","floor":6},{"not_picked":["hubris:SlightOfHand","Quick Slash"],"picked":"Slice","floor":7},{"not_picked":["Quick Slash","Sucker Punch"],"picked":"Underhanded Strike","floor":12},{"not_picked":["Accuracy","Grand Finale"],"picked":"Outmaneuver","floor":14}],"player_experience":324917,"relics_obtained":[{"floor":6,"key":"ReplayTheSpireMod:TigerMarble"},{"floor":9,"key":"sneckomod:BlankCard"},{"floor":10,"key":"Ring of Peace"},{"floor":10,"key":"Ring of Fury"},{"floor":14,"key":"CeramicFish"}],"event_choices":[{"damage_healed":0,"gold_gain":175,"player_choice":"AGREE","damage_taken":0,"max_hp_gain":0,"max_hp_loss":0,"event_name":"Liars Game","floor":3,"gold_loss":0,"cards_obtained":["Doubt"]},{"damage_healed":0,"gold_gain":0,"player_choice":"Upgraded","damage_taken":0,"max_hp_gain":0,"max_hp_loss":0,"event_name":"Upgrade Shrine","floor":4,"gold_loss":0,"cards_upgraded":["Neutralize"]}],"is_beta":false,"boss_relics":[],"items_purged_floors":[2],"is_endless":false,"potions_floor_spawned":[7],"killed_by":"Slime Boss","ascension_level":11}}