{"host":"cxvb37eaaiijvrl4","time":1612308976,"event":{"mods":["ATMod(°¢èªMod)","BaseMod","Better Third Choice","Minty Spire (QoL Compilation)","MostiFishMod","Quick Restart","Rare Cards Sparkle","Shop Mod","Spicy Shops","StSLib","TestMod","Uncapped","²ÐÁôÖ®Îï"],"gold_per_floor":[19,19,19,32,32,32,32,32],"floor_reached":7,"language":"ZHS","playtime":164,"items_purged":[],"score":78,"play_id":"6f0c4953-4145-40b8-9893-8bf6487c1f08","local_time":"20210202153616","is_ascension_mode":true,"campfire_choices":[{"data":"Coolheaded","floor":6.0,"key":"SMITH"}],"circlet_count":0,"master_deck":["AscendersBane","Strike_B","Strike_B","Strike_B","Defend_B","Defend_B","Defend_B","Zap","Coolheaded+1","Skim"],"relics":["Cracked Core","testmod-TestBox","DaveBox","AT_ATBox","GuanYuAspect","testmod-InjuryResistance","SynthV:TestCard","Golden Idol","ImprovedEquipment"],"acts_visited":["Exordium"],"potions_floor_usage":[],"damage_taken":[{"damage":3.0,"enemies":"Jaw Worm","floor":1.0,"turns":4.0},{"damage":0.0,"enemies":"2 Louse","floor":4.0,"turns":3.0},{"damage":8,"enemies":"Gremlin Nob","floor":7,"turns":3}],"seed_played":"373899849029504593","potions_obtained":[],"is_trial":false,"path_per_floor":["M","?","?","M","T","R","E"],"character_chosen":"DEFECT","items_purchased":[],"campfire_rested":0,"item_purchase_floors":[],"current_hp_per_floor":[36,26,22,29,29,29,31,31],"gold":32,"neow_bonus":"REMOVE_TWO","is_daily":false,"chose_seed":false,"campfire_upgraded":1,"win_rate":0.0,"timestamp":1612308976,"path_taken":["M","?","?","M","?","R","E"],"items_purchased_type":[],"build_version":"2020-12-22","purchased_purges":0,"victory":false,"max_hp_per_floor":[36,36,36,36,36,36,36,36],"card_choices":[{"not_picked":["Conserve Battery","Hologram"],"picked":"Coolheaded","floor":1.0},{"not_picked":["Static Discharge","Hologram","BootSequence","MostiFishMod:PushDownKick"],"picked":"Skim","floor":4.0}],"player_experience":731173,"relics_obtained":[{"floor":1.0,"key":"SynthV:TestCard"},{"floor":5.0,"key":"ImprovedEquipment"}],"event_choices":[{"damage_healed":0.0,"max_hp_gain":0.0,"max_hp_loss":0.0,"gold_gain":0.0,"event_name":"Golden Idol","player_choice":"Take Damage","floor":2.0,"gold_loss":0.0,"damage_taken":12.0,"relics_obtained":["Golden Idol"]},{"cards_removed":["Defend_B"],"damage_healed":0.0,"max_hp_gain":0.0,"max_hp_loss":0.0,"gold_gain":0.0,"event_name":"Golden Wing","player_choice":"Card Removal","floor":3.0,"gold_loss":0.0,"damage_taken":7.0}],"is_beta":false,"boss_relics":[],"items_purged_floors":[],"is_endless":false,"potions_floor_spawned":[],"killed_by":"Gremlin Nob","ascension_level":20}}