{"host":"rlwsj8oje50c4na7","time":1612301630,"event":{"mods":["2.2 Compatiblity","Act Like it!","Arknights","Aspiration","BaseMod","Beaked The Cultist","Bestiary","Better Altar","Better Skull","Better Third Choice","Better Vampires","BetterRewards","Colored Map","Colored Powertips","Conspire","Defuse TimeMaze Blight","Energized Spire","Friendly Minions","Gensokyo","GifTheSpireLib","GungeonMod","Halation","Hallownest","Hermit","Highlight Path","Hubris","Infinite Spire","Ironclad Rager","Jedi Mod","JesterMod","Jorbs\u0027s Wanderer Trilogy","Mad Scientist","Minty Spire (QoL Compilation)","Pale of the Ancients","Quick Restart","Random Character Button","Relic Filter","Relic Stats","Reliquary","Reorder Act Four","Replay The Spire","Retaliation","Shade Mod","Shop Mod","Spicy Shops","StSLib","Stuff the Spire","The Administrix","The Blackbeard","The Bladedancer","The Blue Laboratory","The Bug Knight","The Clintock","The Construct","The Cursed","The Disciple","The Exalted","The Forsaken","The Hierophant","The IronCluck","The Judge","The Kombatant","The Marked","The Mystic","The Necromancer","The Runesmith","The Servant 0.9.4","TheSwordswoman","Waifu the Spire","everything is the same but u backflip on backflip","slay the spire mod where everything is the same but ironclad has a cowboy hat"],"gold_per_floor":[117,117,130,146,159,159,172,172,172,38,166,2,21,21,21,124,124,134,134,150,161,161,161,265,265,292,317,42,77,108,108,108,231,231,270,309,309,584,622,742,742,874,874,874,905,390,430,466,466,466,466,21,21,146,146],"floor_reached":56,"language":"ENG","playtime":28512,"items_purged":["WordoMod:StrikeCard","WordoMod:DefendCard","WordoMod:Cleanse","WordoMod:DefendCard"],"score":1406,"play_id":"a3b87696-b57f-4ca1-8885-3218f5585660","local_time":"20210202233350","is_ascension_mode":false,"campfire_choices":[{"floor":6.0,"key":"RECALL"},{"data":"WordoMod:ShackleGuard","floor":8.0,"key":"SMITH"},{"data":"WordoMod:BoundlessGreed","floor":15.0,"key":"SMITH"},{"data":"WordoMod:Unchained","floor":23.0,"key":"SMITH"},{"floor":25.0,"key":"REST"},{"data":"infinitespire:TheBestDefense","floor":32.0,"key":"SMITH"},{"data":"WordoMod:DefendCard","floor":41,"key":"SMITH"},{"data":"WordoMod:MonkeysPaw","floor":44,"key":"SMITH"},{"data":"Regret","floor":49,"key":"PURGE"},{"data":"WordoMod:Combo","floor":53,"key":"SMITH"}],"circlet_count":0,"master_deck":["WordoMod:StrikeCard","WordoMod:StrikeCard","WordoMod:StrikeCard","WordoMod:DefendCard+1","WordoMod:Accursed","WordoMod:IllWill","WordoMod:Repent+1","WordoMod:Unchained+1","ReplayTheSpireMod:Faulty Equipment","WordoMod:ShackleGuard+1","WordoMod:Unchained+1","Parasite","ReplayTheSpireMod:Splinters","WordoMod:BoundlessGreed+1","WordoMod:Repent","WordoMod:MonkeysPaw+1","StuffTheSpire:GnomedCurse","WordoMod:Combo+1","hubris:Greed","hubris:Greed","hubris:Greed","WordoMod:BreakChains+1","hubris:Greed","WordoMod:PurgeDisease+1","infinitespire:TheBestDefense+1","WordoMod:Vulgarity+1","ReplayTheSpireMod:Splinters","WordoMod:LanternFlame","WordoMod:LanternFlame+1","WordoMod:Vulgarity+1","WordoMod:WillOWisp+1","WordoMod:CurseBuckler+1","hubris:Greed","WordoMod:Repent+1","WordoMod:Sacrilege+1","WordoMod:BreakChains+1"],"relics":["WordoMod:Obsidian","WordoMod:Effigy","StuffTheSpire:TintedRock","InkBottle","StuffTheSpire:RunicHypercube","StuffTheSpire:EmeraldSignet","reliquary:RosewoodLute","jedi:fakemustache","DemoMod:MemoryAlloy","Replay:Bronze Core","halation:PromiseList","The Courier","StrikeDummy","halation:WeightlessCrab","HollowMod:PaleOreRelic","Toxic Egg 2","hubris:MedicalManual","StuffTheSpire:GrapeVine"],"acts_visited":["Exordium","TheCity","TheBeyond","TheEnding"],"potions_floor_usage":[39,39,42,42,55,55],"damage_taken":[{"damage":1.0,"enemies":"2 Louse","floor":1.0,"turns":2.0},{"damage":0.0,"enemies":"Jaw Worm","floor":3.0,"turns":3.0},{"damage":0.0,"enemies":"Cultist","floor":4.0,"turns":3.0},{"damage":4.0,"enemies":"Looter","floor":5.0,"turns":3.0},{"damage":0.0,"enemies":"2 Fungi Beasts","floor":7.0,"turns":2.0},{"damage":1.0,"enemies":"Lagavulin","floor":11.0,"turns":7.0},{"damage":12.0,"enemies":"Exordium Thugs","floor":13.0,"turns":3.0},{"damage":22.0,"enemies":"Slime Boss","floor":16.0,"turns":7.0},{"damage":2.0,"enemies":"Spheric Guardian","floor":18.0,"turns":2.0},{"damage":13.0,"enemies":"conspire:FuzzyDice","floor":20.0,"turns":4.0},{"damage":41.0,"enemies":"Centurion and Healer","floor":21.0,"turns":7.0},{"damage":0.0,"enemies":"Gremlin Leader","floor":24.0,"turns":5.0},{"damage":9.0,"enemies":"Snake Plant","floor":27.0,"turns":3.0},{"damage":21.0,"enemies":"Snecko","floor":29.0,"turns":6.0},{"damage":0.0,"enemies":"Centurion and Healer","floor":30.0,"turns":3.0},{"damage":2.0,"enemies":"conspire:MysteriousRune","floor":33.0,"turns":5.0},{"damage":0.0,"enemies":"Orb Walker","floor":35.0,"turns":1.0},{"damage":0.0,"enemies":"3 Darklings","floor":36.0,"turns":2.0},{"damage":6,"enemies":"Writhing Mass","floor":39,"turns":2},{"damage":33,"enemies":"Nemesis","floor":40,"turns":3},{"damage":6,"enemies":"beaked:SuperParasite","floor":42,"turns":3},{"damage":2,"enemies":"Spire Growth","floor":45,"turns":4},{"damage":0,"enemies":"3 Darklings","floor":47,"turns":2},{"damage":1,"enemies":"Sphere and 2 Shapes","floor":48,"turns":2},{"damage":0,"enemies":"conspire:OrnateMirror","floor":50,"turns":5},{"damage":1,"enemies":"Shield and Spear","floor":54,"turns":3},{"damage":37,"enemies":"The Heart","floor":55,"turns":7}],"seed_played":"-760935661875586819","potions_obtained":[{"floor":4.0,"key":"blueLaboratory:FrostheartPotion"},{"floor":5.0,"key":"LifebloodPotion"},{"floor":11.0,"key":"blueLaboratory:LouseDecoction"},{"floor":16.0,"key":"Dexterity Potion"},{"floor":19.0,"key":"blueLaboratory:EmptyBottle"},{"floor":27.0,"key":"Toxic Potion"},{"floor":30.0,"key":"Reflective Coating"},{"floor":35.0,"key":"ColorlessPotion"},{"floor":36.0,"key":"Block Potion"},{"floor":39,"key":"blueLaboratory:TrueEctoplasm"},{"floor":40,"key":"jedi:StrikingPotion"},{"floor":54,"key":"ColorlessPotion"}],"is_trial":false,"path_per_floor":["M","?","M","M","M","R","M","R","T","$","E","$","M","?","R","B",null,"M","?","M","M","?","R","E","R","T","M","$","M","M","AVR","R","B",null,"M","M","?","?","M","E","R","E","T","R","M","$","M","M","R_BF","B",null,"$","R","E","B",null],"character_chosen":"JUDGE_CLASS","items_purchased":["StuffTheSpire:TintedRock","WordoMod:Repent","jedi:fakemustache","halation:WeightlessCrab","HollowMod:PaleOreRelic","Toxic Egg 2","hubris:MedicalManual","WordoMod:Repent+1","WordoMod:Sacrilege+1","WordoMod:BreakChains+1","Toxic Potion","blueLaboratory:BottleOfVodka"],"campfire_rested":1,"item_purchase_floors":[10,12,28,46,46,46,52,52,52,52,52,52],"current_hp_per_floor":[81,81,81,81,77,77,77,77,77,77,76,76,64,48,48,26,82,80,80,67,26,26,26,26,50,50,43,58,37,37,37,37,35,82,82,82,82,82,76,73,73,67,67,67,65,80,80,79,79,79,82,82,82,81,45],"gold":146,"neow_bonus":"TEN_PERCENT_HP_BONUS","is_daily":false,"chose_seed":false,"campfire_upgraded":7,"win_rate":0.0,"timestamp":1612301630,"path_taken":["M","?","M","M","M","R","M","R","T","$","E","$","M","?","R","BOSS","M","?","?","M","?","R","E","R","T","M","$","M","M","AVR","R","BOSS","M","M","?","?","M","E","R","E","T","R","?","$","M","M","R_BF","BOSS","$","R","E","BOSS"],"items_purchased_type":["Relic","Card","Relic","Relic","Relic","Relic","Relic","Card","Card","Card","Potion","Potion"],"build_version":"2020-12-22","purchased_purges":4,"victory":true,"max_hp_per_floor":[82,82,82,82,82,82,82,82,82,82,82,82,82,82,82,82,82,82,82,82,82,82,82,82,82,82,82,82,82,82,82,82,82,82,82,82,82,82,82,82,82,82,82,82,82,82,82,82,82,82,82,82,82,82,82],"relic_stats":{"counters":[27,99],"obtain_stats":[{"StuffTheSpire:TintedRock":10,"WordoMod:Effigy":0,"StuffTheSpire:RunicHypercube":17,"DemoMod:MemoryAlloy":31,"WordoMod:Obsidian":0,"DemoMod:GlassGuonStoneRelic":3,"StuffTheSpire:EmeraldSignet":24,"The Courier":42,"halation:WeightlessCrab":46,"hubris:MedicalManual":52,"StuffTheSpire:GrapeVine":54,"reliquary:RosewoodLute":26,"jedi:fakemustache":28,"Replay:Bronze Core":34,"halation:PromiseList":40,"HollowMod:PaleOreRelic":46,"Toxic Egg 2":46,"StrikeDummy":43,"InkBottle":11},{"StuffTheSpire:TintedRock":5,"WordoMod:Effigy":0,"StuffTheSpire:RunicHypercube":8,"DemoMod:MemoryAlloy":15,"WordoMod:Obsidian":0,"DemoMod:GlassGuonStoneRelic":2,"StuffTheSpire:EmeraldSignet":12,"The Courier":21,"halation:WeightlessCrab":22,"hubris:MedicalManual":25,"StuffTheSpire:GrapeVine":26,"reliquary:RosewoodLute":12,"jedi:fakemustache":13,"Replay:Bronze Core":16,"halation:PromiseList":20,"HollowMod:PaleOreRelic":22,"Toxic Egg 2":22,"StrikeDummy":21,"InkBottle":6},{"StuffTheSpire:TintedRock":13,"WordoMod:Effigy":0,"StuffTheSpire:RunicHypercube":30,"DemoMod:MemoryAlloy":60,"WordoMod:Obsidian":0,"DemoMod:GlassGuonStoneRelic":5,"StuffTheSpire:EmeraldSignet":48,"The Courier":76,"halation:WeightlessCrab":80,"hubris:MedicalManual":89,"StuffTheSpire:GrapeVine":92,"reliquary:RosewoodLute":48,"jedi:fakemustache":51,"Replay:Bronze Core":65,"halation:PromiseList":73,"HollowMod:PaleOreRelic":80,"Toxic Egg 2":80,"StrikeDummy":76,"InkBottle":20}],"InkBottle":[45]},"card_choices":[{"not_picked":["WordoMod:Sacrilege","WordoMod:Exorcism"],"picked":"WordoMod:Repent","floor":1.0},{"not_picked":["WordoMod:Cremate","WordoMod:Exorcism"],"picked":"WordoMod:Unchained","floor":3.0},{"not_picked":["theForsaken:PlagueCurse","Shame"],"picked":"ReplayTheSpireMod:Faulty Equipment","floor":4.0},{"not_picked":["WordoMod:FamousTechnique","WordoMod:GreatSeal"],"picked":"WordoMod:ShackleGuard","floor":4.0},{"not_picked":["WordoMod:BadMemories","WordoMod:GivesYouHell","WordoMod:BloodThinning"],"picked":"SKIP","floor":5.0},{"not_picked":["WordoMod:BadMemories","WordoMod:GivesYouHell","WordoMod:BloodThinning"],"picked":"SKIP","floor":5.0},{"not_picked":["WordoMod:SurgicalPrecision","WordoMod:Resurrection"],"picked":"WordoMod:Unchained","floor":7.0},{"not_picked":["Injury","conspire:NecroticWound"],"picked":"ReplayTheSpireMod:Splinters","floor":11.0},{"not_picked":["WordoMod:Retaliate","WordoMod:Resurrection"],"picked":"WordoMod:BoundlessGreed","floor":11.0},{"not_picked":["WordoMod:MaliceSoul","WordoMod:ICurseThee"],"picked":"WordoMod:MonkeysPaw","floor":13.0},{"not_picked":["Delirium","Hallownest:curseDreamersLament"],"picked":"StuffTheSpire:GnomedCurse","floor":18.0},{"not_picked":["WordoMod:Resurrection","WordoMod:BeneathTheMask"],"picked":"WordoMod:Cleanse","floor":18.0},{"not_picked":["WordoMod:ProfanedFlame+1","WordoMod:MementoMori"],"picked":"WordoMod:Combo","floor":20.0},{"not_picked":["WordoMod:Spite","WordoMod:ShackleGuard","WordoMod:Taunt"],"picked":"SKIP","floor":21.0},{"not_picked":["ReplayTheSpireMod:Compounding Headache","jedi:frostbite"],"picked":"hubris:Greed","floor":24.0},{"not_picked":["WordoMod:MementoMori","WordoMod:TheCure","WordoMod:ShackleGuard+1"],"picked":"SKIP","floor":24.0},{"not_picked":["WordoMod:ScatterAshes","WordoMod:CurseBuckler"],"picked":"WordoMod:BreakChains+1","floor":27.0},{"not_picked":["WordoMod:CloudOfDust","WordoMod:SoulSpear","WordoMod:BreakChains"],"picked":"SKIP","floor":29.0},{"not_picked":["WordoMod:BurdenOfSin","WordoMod:BreakChains"],"picked":"WordoMod:PurgeDisease+1","floor":30.0},{"not_picked":["WordoMod:Sickness","WordoMod:Unchained"],"picked":"WordoMod:Vulgarity+1","floor":35.0},{"not_picked":["hubris:Despair","SwitchConfidence"],"picked":"ReplayTheSpireMod:Splinters","floor":36.0},{"not_picked":["WordoMod:ProfanedFlame","WordoMod:SoulSpear+1"],"picked":"WordoMod:LanternFlame","floor":36.0},{"not_picked":["WordoMod:ProjectilePurge+1","WordoMod:SoulSpear"],"picked":"WordoMod:LanternFlame+1","floor":39},{"not_picked":["WordoMod:DarkBead","WordoMod:InfectiousCulture","WordoMod:MaliceSoul"],"picked":"SKIP","floor":40},{"not_picked":["WordoMod:ProjectilePurge+1","WordoMod:Sickness"],"picked":"WordoMod:Vulgarity+1","floor":42},{"not_picked":["WordoMod:BadMemories+1","WordoMod:Malice+1"],"picked":"WordoMod:WillOWisp+1","floor":45},{"not_picked":["WordoMod:RiskTaker+1","WordoMod:Unchained"],"picked":"WordoMod:CurseBuckler+1","floor":47},{"not_picked":["WordoMod:RiskTaker+1","WordoMod:FalseDiagnosis+1","WordoMod:Behead"],"picked":"SKIP","floor":48},{"not_picked":["WordoMod:LordOfTheFlies+1","WordoMod:Retaliate","WordoMod:CloudOfDust+1"],"picked":"SKIP","floor":54}],"player_experience":931263,"relics_obtained":[{"floor":11.0,"key":"InkBottle"},{"floor":24.0,"key":"StuffTheSpire:EmeraldSignet"},{"floor":26.0,"key":"reliquary:RosewoodLute"},{"floor":40,"key":"halation:PromiseList"},{"floor":42,"key":"The Courier"},{"floor":43,"key":"StrikeDummy"},{"floor":54,"key":"StuffTheSpire:GrapeVine"}],"event_choices":[{"cards_removed":["WordoMod:DefendCard"],"damage_healed":0.0,"max_hp_gain":0.0,"max_hp_loss":0.0,"gold_gain":0.0,"event_name":"Living Wall","player_choice":"Forget","floor":2.0,"gold_loss":0.0,"damage_taken":0.0},{"damage_healed":64.0,"max_hp_gain":0.0,"max_hp_loss":82.0,"gold_gain":0.0,"event_name":"betterThird:BetterShining","player_choice":"Upgrade","floor":14.0,"gold_loss":0.0,"damage_taken":16.0,"cards_upgraded":["WordoMod:Repent","WordoMod:Unchained"]},{"damage_healed":0.0,"max_hp_gain":0.0,"max_hp_loss":0.0,"gold_gain":0.0,"event_name":"Lab","player_choice":"Got Potions","floor":19.0,"gold_loss":0.0,"damage_taken":0.0},{"damage_healed":0.0,"max_hp_gain":0.0,"max_hp_loss":0.0,"gold_gain":0.0,"event_name":"conspire:Investor","player_choice":"Leave","floor":37.0,"gold_loss":0.0,"damage_taken":0.0},{"damage_healed":0.0,"max_hp_gain":0.0,"max_hp_loss":0.0,"gold_gain":275.0,"event_name":"Golden Shrine","player_choice":"Desecrate","floor":38.0,"gold_loss":0.0,"damage_taken":0.0,"cards_obtained":["Regret"]}],"is_beta":false,"boss_relics":[{"not_picked":["reliquary:Craggleroot","Pandora\u0027s Box"],"picked":"StuffTheSpire:RunicHypercube"},{"not_picked":["Astrolabe","ReplayTheSpireMod:SealedPack"],"picked":"Replay:Bronze Core"}],"items_purged_floors":[10,12,28,31],"is_endless":false,"potions_floor_spawned":[4,5,11,16,18,27,30,35,36,39,40,54],"ascension_level":0}}