{"host":"qgvpd00zvzorrg7j","time":1612228587,"event":{"mods":["BaseMod","Colored Map","Downfall","Minty Spire (QoL Compilation)","Quick Restart","StSLib"],"gold_per_floor":[99,114,130,40,40,58,112,124,143,166,51,78,91,91,107,107,107,107],"floor_reached":16,"language":"ENG","playtime":677,"items_purged":["Slimebound:Strike_Slimebound","Slimebound:Strike_Slimebound"],"score":104,"play_id":"857f0edb-c115-4cde-85ea-f9609573bb79","local_time":"20210201201627","is_ascension_mode":false,"campfire_choices":[{"data":"Slimebound:CorrosiveSpit","floor":1.0,"key":"SMITH"}],"circlet_count":0,"master_deck":["Slimebound:Strike_Slimebound","Slimebound:Tackle","Slimebound:Defend_Slimebound","Slimebound:Defend_Slimebound","Slimebound:Split","Slimebound:CorrosiveSpit+1","Slimebound:LeechEnergy","Slimebound:Chomp","Slimebound:RejuvenatingLick","Slimebound:MegaLick","Slimebound:RainOfGoop","Slimebound:SlimeSpikes","Slimebound:ComboTackle"],"relics":["Slimebound:AbsorbEndCombat","Darkstone Periapt","Odd Mushroom","Mercury Hourglass","Slimebound:ScrapOozeRelic"],"acts_visited":["Exordium"],"potions_floor_usage":[16,16,16],"damage_taken":[{"damage":6.0,"enemies":"Cultist","floor":2.0,"turns":4.0},{"damage":9.0,"enemies":"Jaw Worm","floor":3.0,"turns":2.0},{"damage":5.0,"enemies":"downfall:FleeingMerchant","floor":4.0,"turns":4.0},{"damage":0.0,"enemies":"Small Slimes","floor":6.0,"turns":3.0},{"damage":0.0,"enemies":"3 Louse","floor":8.0,"turns":2.0},{"damage":0.0,"enemies":"2 Fungi Beasts","floor":9.0,"turns":2.0},{"damage":16.0,"enemies":"The Mushroom Lair","floor":10.0,"turns":3.0},{"damage":16.0,"enemies":"downfall:FleeingMerchant","floor":11.0,"turns":4.0},{"damage":8,"enemies":"Gremlin Nob","floor":12,"turns":3},{"damage":0,"enemies":"Blue Slaver","floor":13,"turns":1},{"damage":16,"enemies":"Exordium Thugs","floor":15,"turns":2},{"damage":39,"enemies":"DF_ARCHETYPE_STREAMLINE","floor":16,"turns":6}],"seed_played":"5787747592612430805","potions_obtained":[{"floor":6.0,"key":"sneckomod:MuddlingPotion"},{"floor":9.0,"key":"EssenceOfSteel"},{"floor":10.0,"key":"SneckoOil"}],"is_trial":false,"path_per_floor":["R","M","M","$","?","M","T","M","M","?","$","E","M","?","M","B"],"character_chosen":"SLIMEBOUND","items_purchased":[],"campfire_rested":0,"item_purchase_floors":[],"current_hp_per_floor":[59,55,50,51,51,55,55,59,59,49,41,39,41,41,31,0,0,0],"gold":107,"neow_bonus":"REMOVE_TWO","is_daily":false,"chose_seed":false,"campfire_upgraded":1,"win_rate":0.0,"timestamp":1612228587,"path_taken":["R","M","M","$","?","M","T","?","M","?","$","E","M","?","M","BOSS"],"items_purchased_type":[],"build_version":"2020-12-22","purchased_purges":2,"victory":false,"max_hp_per_floor":[59,59,59,59,59,59,59,59,59,59,59,59,59,59,59,59,59,59],"card_choices":[{"not_picked":["Slimebound:SplitLeeching","Slimebound:DivideAndConquer"],"picked":"Slimebound:LeechEnergy","floor":2.0},{"not_picked":["Slimebound:Prepare","Slimebound:Replication"],"picked":"Slimebound:Chomp","floor":3.0},{"not_picked":["Slimebound:LeechEnergy","Slimebound:ViciousTackle"],"picked":"Slimebound:RejuvenatingLick","floor":4.0},{"not_picked":["Slimebound:DisruptingSlam","Slimebound:FlameTackle"],"picked":"Slimebound:MegaLick","floor":6.0},{"not_picked":["Slimebound:LeadByExample","Slimebound:LeechingTouch"],"picked":"Slimebound:RainOfGoop","floor":8.0},{"not_picked":["Slimebound:Prepare","Slimebound:SplitLeeching","Slimebound:LeadByExample"],"picked":"SKIP","floor":9.0},{"not_picked":["Slimebound:SlimeBrawl","Slimebound:ServeAndProtect"],"picked":"Slimebound:SlimeSpikes","floor":11.0},{"not_picked":["Slimebound:ViciousTackle","Slimebound:SlimeBarrage"],"picked":"Slimebound:ComboTackle","floor":12},{"not_picked":["Slimebound:RollThrough","Slimebound:GoopTackle","Slimebound:ComboTackle"],"picked":"SKIP","floor":13},{"not_picked":["Slimebound:FinishingTackle","Slimebound:Prepare","Slimebound:LeechLife"],"picked":"SKIP","floor":15}],"player_experience":596296,"relics_obtained":[{"floor":5.0,"key":"Darkstone Periapt"},{"floor":7.0,"key":"Pen Nib"},{"floor":10.0,"key":"Odd Mushroom"},{"floor":12,"key":"Mercury Hourglass"}],"event_choices":[{"damage_healed":0.0,"max_hp_gain":0.0,"max_hp_loss":0.0,"gold_gain":0.0,"event_name":"Wheel of Change","player_choice":"Relic","floor":5.0,"gold_loss":0.0,"damage_taken":0.0},{"damage_healed":0.0,"max_hp_gain":0.0,"max_hp_loss":0.0,"gold_gain":0.0,"event_name":"Mushrooms","player_choice":"Fought Mushrooms","floor":10.0,"gold_loss":0.0,"damage_taken":0.0}],"is_beta":false,"boss_relics":[],"items_purged_floors":[4,11],"is_endless":false,"potions_floor_spawned":[6,9,10],"killed_by":"DF_ARCHETYPE_STREAMLINE","ascension_level":0}}