{"host":"pnjthw6sukprvbcr","time":1612302137,"event":{"mods":["AchievementEnabler","BaseMod","Block Reminder","Highlight Path","Minty Spire (QoL Compilation)","Relic Stats"],"gold_per_floor":[99,25,25,25,25,25,25,25,25,25,25,25,25,25,25,25,25],"floor_reached":16,"language":"ENG","playtime":1559,"items_purged":[],"score":113,"play_id":"8ddcdc78-d6a8-43e7-8590-440bc8952b48","local_time":"20210202164217","is_ascension_mode":true,"campfire_choices":[{"floor":7.0,"key":"REST"},{"floor":10.0,"key":"RECALL"},{"floor":15.0,"key":"REST"}],"circlet_count":0,"master_deck":["Strike_B","Strike_B","Strike_B","Strike_B","Defend_B","Defend_B","Defend_B","Defend_B","Zap","Dualcast","Static Discharge","Conserve Battery","Hologram","Ball Lightning","Multi-Cast","Tempest","Redo"],"relics":["Ectoplasm","Potion Belt","Anchor","Odd Mushroom","Golden Idol","Pocketwatch"],"acts_visited":["Exordium"],"potions_floor_usage":[],"damage_taken":[{"damage":2.0,"enemies":"2 Louse","floor":1.0,"turns":3.0},{"damage":5.0,"enemies":"Cultist","floor":3.0,"turns":4.0},{"damage":0.0,"enemies":"Small Slimes","floor":4.0,"turns":4.0},{"damage":7.0,"enemies":"Blue Slaver","floor":5.0,"turns":4.0},{"damage":32.0,"enemies":"Gremlin Nob","floor":6.0,"turns":5.0},{"damage":17.0,"enemies":"The Mushroom Lair","floor":8.0,"turns":3.0},{"damage":21.0,"enemies":"Lagavulin","floor":14.0,"turns":5.0},{"damage":39,"enemies":"The Guardian","floor":16,"turns":6}],"seed_played":"5762007387422677266","potions_obtained":[{"floor":4.0,"key":"Regen Potion"},{"floor":5.0,"key":"Strength Potion"},{"floor":6.0,"key":"SmokeBomb"}],"is_trial":false,"path_per_floor":["M","?","M","M","M","E","R","?","T","R","?","?","?","E","R","B"],"character_chosen":"DEFECT","items_purchased":[],"campfire_rested":2,"item_purchase_floors":[],"current_hp_per_floor":[73,73,68,68,61,38,60,43,43,43,43,40,40,19,39,0,0],"gold":25,"neow_bonus":"BOSS_RELIC","is_daily":false,"chose_seed":false,"campfire_upgraded":0,"win_rate":0.0,"timestamp":1612302137,"path_taken":["M","?","M","?","M","E","R","?","T","R","?","?","?","E","R","BOSS"],"items_purchased_type":[],"build_version":"2020-12-22","purchased_purges":0,"victory":false,"max_hp_per_floor":[75,75,75,75,75,75,75,75,75,75,69,69,69,69,69,69,69],"relic_stats":{"counters":[8,34],"Golden Idol":8,"Ectoplasm":177,"obtain_stats":[{"Potion Belt":2,"Anchor":6,"Golden Idol":11,"Ectoplasm":0,"Odd Mushroom":8,"Cracked Core":0,"Pocketwatch":14},{"Potion Belt":1,"Anchor":5,"Golden Idol":6,"Ectoplasm":0,"Odd Mushroom":6,"Cracked Core":0,"Pocketwatch":7},{"Potion Belt":3,"Anchor":20,"Golden Idol":23,"Ectoplasm":0,"Odd Mushroom":23,"Cracked Core":0,"Pocketwatch":28}],"Pocketwatch":[6]},"card_choices":[{"not_picked":["Cold Snap","Streamline"],"picked":"Static Discharge","floor":1.0},{"not_picked":["Ball Lightning","Double Energy"],"picked":"Conserve Battery","floor":3.0},{"not_picked":["Gash","Rebound"],"picked":"Hologram","floor":4.0},{"not_picked":["Turbo","White Noise"],"picked":"Ball Lightning","floor":5.0},{"not_picked":["Go for the Eyes","Hologram"],"picked":"Multi-Cast","floor":6.0},{"not_picked":["Gash","Sweeping Beam"],"picked":"Tempest","floor":8.0},{"not_picked":["Hologram","Go for the Eyes"],"picked":"Redo","floor":14.0}],"player_experience":193535,"relics_obtained":[{"floor":6.0,"key":"Anchor"},{"floor":8.0,"key":"Odd Mushroom"},{"floor":14.0,"key":"Pocketwatch"}],"event_choices":[{"damage_healed":0.0,"max_hp_gain":0.0,"max_hp_loss":0.0,"gold_gain":0.0,"event_name":"WeMeetAgain","player_choice":"Paid Gold","floor":2.0,"gold_loss":74.0,"damage_taken":0.0,"relics_obtained":["Potion Belt"]},{"damage_healed":0.0,"max_hp_gain":0.0,"max_hp_loss":0.0,"gold_gain":0.0,"event_name":"Mushrooms","player_choice":"Fought Mushrooms","floor":8.0,"gold_loss":0.0,"damage_taken":0.0},{"damage_healed":0.0,"max_hp_gain":0.0,"max_hp_loss":6.0,"gold_gain":0.0,"event_name":"Golden Idol","player_choice":"Lose Max HP","floor":11.0,"gold_loss":0.0,"damage_taken":0.0,"relics_obtained":["Golden Idol"]},{"damage_healed":0.0,"max_hp_gain":0.0,"max_hp_loss":0.0,"gold_gain":0.0,"event_name":"Scrap Ooze","player_choice":"Fled","floor":12.0,"gold_loss":0.0,"damage_taken":3.0},{"damage_healed":0.0,"max_hp_gain":0.0,"max_hp_loss":0.0,"gold_gain":0.0,"event_name":"Shining Light","player_choice":"Ignored","floor":13.0,"gold_loss":0.0,"damage_taken":0.0}],"is_beta":false,"boss_relics":[],"items_purged_floors":[],"is_endless":false,"potions_floor_spawned":[4,5,6],"killed_by":"The Guardian","ascension_level":1}}