{"host":"f4xk8spljo3akohx","time":1612247948,"event":{"mods":["Act Like it!","Arknights","BaseMod","Downfall","Gensokyo","GifTheSpireLib","Hallownest","Highlight Path","Marisa£®ÏF”Í°°ƒß¿Ì…≥£©","Minty Spire (QoL Compilation)","Quick Restart","StSLib","The Bug Knight"],"gold_per_floor":[115,115,133,133,143,143,171,171,171,171,171,197,122,137,137,237,237,250,267,267,287,304,338,350,382,440,483,495,536,548,571,583,699,711,738,700,710,650,665,697,697,726,749,765,765,782,811,822,822,822,822],"floor_reached":50,"language":"ZHS","playtime":1683,"items_purged":["ats:Strike S","ats:Strike G"],"score":624,"play_id":"4f11db91-1bbf-4ff4-8df7-cb224c386469","local_time":"20210202143908","is_ascension_mode":true,"campfire_choices":[{"data":"ats:Serious Mode","floor":6.0,"key":"SMITH"},{"data":"ats:Very Hot Blade","floor":8.0,"key":"SMITH"},{"data":"ats:Ignite","floor":15.0,"key":"SMITH"},{"floor":24.0,"key":"REST"},{"floor":28.0,"key":"REST"},{"floor":30.0,"key":"REST"},{"floor":32.0,"key":"REST"},{"floor":41.0,"key":"REST"},{"floor":49,"key":"REST"}],"circlet_count":0,"master_deck":["ats:Strike C","ats:Armor Crushing Shot","ats:Defend","ats:Defend","ats:Defend","ats:Defend","ats:Emotion Absorption","ats:Mental Burst+1","ats:Serious Mode+1","ats:Very Hot Blade+1","ats:Ignite+1","ats:Durian","ats:Flexible Camouflage+1","ats:Demon Strength","ats:Burning Ground","ats:Overload+1","ats:Flame Of Heaven+1","ats:Apocalypse","ats:Calcification","ats:Burning Ground+1","Gensokyo:CustomPotion","ats:Very Hot Blade+1"],"relics":["SacredBark","Gensokyo:CelestialsFlawlessClothing","ats:Originium","TungstenRod","Question Card","Lantern","Fusion Hammer","HornCleat","MawBank","ats:Ability Aura","Smiling Mask","Bag of Preparation","Philosopher\u0027s Stone","Bottled Flame","Pocketwatch","Blood Vial","StoneCalendar"],"acts_visited":["Gensokyo:Gensokyo","Gensokyo:Gensokyoer","Gensokyo:Gensokyoest"],"potions_floor_usage":[48,48],"damage_taken":[{"damage":11.0,"enemies":"Gensokyo:Gryphon","floor":1.0,"turns":4.0},{"damage":6.0,"enemies":"Gensokyo:Python","floor":3.0,"turns":3.0},{"damage":0.0,"enemies":"Gensokyo:2_Kodama","floor":5.0,"turns":2.0},{"damage":12.0,"enemies":"Gensokyo:Aya","floor":7.0,"turns":3.0},{"damage":8.0,"enemies":"Gensokyo:Cirno","floor":12.0,"turns":5.0},{"damage":0.0,"enemies":"Gensokyo:LivingMonolith","floor":14.0,"turns":1.0},{"damage":12.0,"enemies":"Gensokyo:Kokoro","floor":16.0,"turns":4.0},{"damage":10.0,"enemies":"Gensokyo:2_Gloops","floor":18.0,"turns":3.0},{"damage":18.0,"enemies":"Gensokyo:3_Dogs","floor":19.0,"turns":3.0},{"damage":21.0,"enemies":"Gensokyo:Swordslinger","floor":21.0,"turns":3.0},{"damage":16.0,"enemies":"Gensokyo:Wraith","floor":22.0,"turns":2.0},{"damage":58.0,"enemies":"Gensokyo:Tenshi","floor":23.0,"turns":5.0},{"damage":23.0,"enemies":"Gensokyo:Monolith_and_Dog","floor":25.0,"turns":2.0},{"damage":4.0,"enemies":"Gensokyo:Reisen","floor":27.0,"turns":4.0},{"damage":33.0,"enemies":"Gensokyo:Tenshi","floor":29.0,"turns":2.0},{"damage":12.0,"enemies":"Gensokyo:Mirror_and_Dog","floor":31.0,"turns":3.0},{"damage":66.0,"enemies":"Gensokyo:Kaguya","floor":33.0,"turns":8.0},{"damage":0.0,"enemies":"Gensokyo:AncientGuardian","floor":35.0,"turns":3.0},{"damage":24.0,"enemies":"Gensokyo:3_Bats","floor":37.0,"turns":3.0},{"damage":0.0,"enemies":"Gensokyo:3_Boulders","floor":39.0,"turns":3.0},{"damage":23.0,"enemies":"Gensokyo:Marisa","floor":40.0,"turns":3.0},{"damage":29.0,"enemies":"Gensokyo:Kasen","floor":42.0,"turns":5.0},{"damage":23.0,"enemies":"Gensokyo:Rafflesia","floor":44.0,"turns":4.0},{"damage":3.0,"enemies":"Gensokyo:4_Bats","floor":46.0,"turns":3.0},{"damage":10.0,"enemies":"Gensokyo:Marisa","floor":47.0,"turns":4.0},{"damage":0,"enemies":"Gensokyo:Sharpion","floor":48,"turns":1},{"damage":22,"enemies":"Gensokyo:Yuyuko","floor":50,"turns":4}],"seed_played":"8079619683954384644","potions_obtained":[{"floor":1.0,"key":"SpeedPotion"},{"floor":5.0,"key":"Fruit Juice"},{"floor":7.0,"key":"Swift Potion"},{"floor":12.0,"key":"Swift Potion"},{"floor":16.0,"key":"BlessingOfTheForge"},{"floor":23.0,"key":"PowerPotion"},{"floor":35.0,"key":"Fire Potion"},{"floor":40.0,"key":"Fire Potion"},{"floor":44.0,"key":"FearPotion"},{"floor":46.0,"key":"SpeedPotion"},{"floor":48,"key":"SmokeBomb"}],"is_trial":false,"path_per_floor":["M","?","M","?","M","R","E","R","T","?","?","E","$","M","R","B",null,"M","M","?","M","M","E","R","M","T","E","R","E","R","M","R","B",null,"M","$","M","?","M","E","R","E","T","M","?","M","E","M","R","B"],"character_chosen":"DOCTOR_CLASS","items_purchased":[],"campfire_rested":6,"item_purchase_floors":[],"current_hp_per_floor":[61,61,55,37,37,37,25,25,25,25,25,27,27,27,27,15,82,72,54,54,33,17,43,65,42,42,38,60,27,49,37,59,5,76,76,76,56,56,57,39,61,37,37,17,17,17,9,11,33,0,0],"gold":822,"neow_bonus":"BOSS_RELIC","is_daily":false,"chose_seed":false,"campfire_upgraded":3,"win_rate":0.0,"timestamp":1612247948,"path_taken":["M","?","M","?","M","R","E","R","T","?","?","E","?","M","R","BOSS","M","M","?","M","?","E","R","M","T","E","R","E","R","M","R","BOSS","M","$","M","?","M","E","R","E","T","M","?","M","E","M","R","BOSS"],"items_purchased_type":[],"build_version":"2020-12-22","purchased_purges":2,"victory":false,"max_hp_per_floor":[72,72,72,72,72,72,72,72,72,72,72,82,82,82,82,82,82,82,82,76,76,76,76,76,76,76,76,76,76,76,76,76,76,76,76,76,76,76,76,76,76,76,76,76,76,76,76,76,76,1,1],"card_choices":[{"not_picked":["ats:Very Hot Blade","ats:Thorns"],"picked":"ats:Mental Burst","floor":1.0},{"not_picked":["ats:Red Shift","ats:Guard Mode","ats:Curse Doll"],"picked":"SKIP","floor":3.0},{"not_picked":["ats:Encircling Forest","ats:LN2 Cannon"],"picked":"ats:Serious Mode","floor":5.0},{"not_picked":["ats:Hook Shot","ats:Encircling Forest"],"picked":"ats:Very Hot Blade","floor":7.0},{"not_picked":["ats:Part Time Job","ats:Hammer On","ats:Absolute Focus"],"picked":"ats:Ignite","floor":12.0},{"not_picked":["ats:Hammer On","ats:Revitalization","ats:Defend Order","ats:Consecutive Shot Auto"],"picked":"SKIP","floor":14.0},{"not_picked":["ats:True Silver Slash","ats:Calcification","ats:Ambush"],"picked":"ats:Durian","floor":16.0},{"not_picked":["ats:Closed Bolt Burst Fire+1","ats:Poison Spread","ats:Assault Order"],"picked":"ats:Flexible Camouflage+1","floor":18.0},{"not_picked":["ats:Revitalization","ats:Part Time Job","ats:Phantom"],"picked":"ats:Demon Strength","floor":19.0},{"not_picked":["ats:Magnetic Hammer+1","ats:Very Hot Blade","ats:Ambush"],"picked":"ats:Burning Ground","floor":21.0},{"not_picked":["ats:Chain Hook","ats:Revitalization","ats:Support Order+1","ats:Curse Doll"],"picked":"SKIP","floor":22.0},{"not_picked":["ats:LN2 Cannon+1","ats:Revitalization","ats:Beaten Up+1"],"picked":"ats:Overload+1","floor":23.0},{"not_picked":["ats:Blood Oath","ats:Hook Shot+1","ats:Cat Scratch","ats:Very Hot Blade"],"picked":"SKIP","floor":25.0},{"not_picked":["ats:Ignite","ats:Explosion Area Strengthen","ats:Defend Order","ats:Shadow Raid"],"picked":"SKIP","floor":27.0},{"not_picked":["ats:Assault Order","ats:Song Of Battle","ats:Leaping Hammer+1"],"picked":"ats:Flame Of Heaven+1","floor":29.0},{"not_picked":["ats:Consecutive Shot Auto","ats:Shell Defense","ats:Poison Spread"],"picked":"ats:Apocalypse","floor":31.0},{"not_picked":["ats:Rat Pack","ats:Dogmatic Field","ats:Echo Reverb"],"picked":"ats:Calcification","floor":33.0},{"not_picked":["ats:Flexible Camouflage+1","ats:Powerful Strike+1","ats:Serious Mode+1"],"picked":"ats:Burning Ground+1","floor":35.0},{"not_picked":["ats:Spore Proliferation+1","ats:Leaping Hammer+1","ats:Chain Hook","ats:Revitalization"],"picked":"SKIP","floor":37.0},{"not_picked":["ats:Shell Defense+1","ats:Automatic Cover","ats:Magnetic Hammer+1","ats:Demon Strength"],"picked":"SKIP","floor":39.0},{"not_picked":["ats:Assault Order+1","ats:Thermite Blade+1","ats:Literary Storm","ats:Curse Doll+1"],"picked":"SKIP","floor":40.0},{"not_picked":["ats:Closed Bolt Burst Fire","ats:Neurotoxin+1","ats:Blood Oath","ats:Collapsing Strike"],"picked":"SKIP","floor":42.0},{"not_picked":["ats:Demon Strength","ats:Blood Oath","ats:Cat Scratch"],"picked":"ats:Very Hot Blade+1","floor":44.0},{"not_picked":["ats:Thorns","ats:Apocalypse","ats:Calcification","ats:Song Of Battle"],"picked":"SKIP","floor":46.0},{"not_picked":["ats:Flame Of Heaven","ats:Song Of Battle","ats:Shell Defense+1","ats:Demon Strength+1"],"picked":"SKIP","floor":47.0},{"not_picked":["ats:Assault Order+1","ats:Steam Pump+1","ats:Closed Bolt Burst Fire","ats:Curse Doll"],"picked":"SKIP","floor":48}],"player_experience":70151,"relics_obtained":[{"floor":7.0,"key":"ats:Originium"},{"floor":7.0,"key":"TungstenRod"},{"floor":9.0,"key":"Question Card"},{"floor":12.0,"key":"ats:Originium"},{"floor":12.0,"key":"Lantern"},{"floor":23.0,"key":"ats:Originium"},{"floor":23.0,"key":"MawBank"},{"floor":26.0,"key":"ats:Ability Aura"},{"floor":27.0,"key":"ats:Originium"},{"floor":27.0,"key":"Smiling Mask"},{"floor":29.0,"key":"Bag of Preparation"},{"floor":40.0,"key":"Bottled Flame"},{"floor":42.0,"key":"Pocketwatch"},{"floor":43.0,"key":"Blood Vial"},{"floor":47.0,"key":"StoneCalendar"}],"event_choices":[],"is_beta":false,"boss_relics":[{"not_picked":["bronze:MakeshiftBattery","Coffee Dripper"],"picked":"Fusion Hammer"},{"not_picked":["Runic Dome","Empty Cage"],"picked":"Philosopher\u0027s Stone"}],"items_purged_floors":[13,36],"is_endless":false,"potions_floor_spawned":[1,5,7,12,16,19,23,25,29,35,40,44,46,48],"killed_by":"Gensokyo:Yuyuko","ascension_level":1}}