{"host":"684z1xpuwaoqmmh1","time":1612255894,"event":{"mods":["A Magickal Journey","BaseMod","Dio Mod","Downfall","Hermit","Jorbs\u0027s Wanderer Trilogy","Marisa????????","Minty Spire (QoL Compilation)","Robot Space Explorer","Shade Mod","StSLib","The Elementalist","The Hayseed","The Hierophant","The Marked","The Mystic","The Runesmith","The Saiyan","The Vixen","TheFirefly"],"gold_per_floor":[109,122,122,122,147,180,195,239,239,254,101,145,227,260,260,380,380,395,413,428,428,446,480,480,480,480],"floor_reached":25,"language":"ENG","playtime":4053,"items_purged":[],"score":292,"play_id":"4d3aa534-7fe8-4810-8ac4-2e788699cc5c","local_time":"20210202105134","is_ascension_mode":true,"campfire_choices":[{"data":"Magicka:BlizzardCard","floor":15,"key":"SMITH"},{"data":"Magicka:HotKeyCard","floor":24,"key":"SMITH"}],"circlet_count":0,"master_deck":["Magicka:ReviveCard","Magicka:MeteorShowerCard","Magicka:PreciseFingerCard+1","Magicka:PreciseFingerCard","Magicka:PreciseFingerCard","Magicka:PreciseFingerCard","Magicka:PreciseFingerCard","Magicka:TheFistCard","Magicka:DefaultBladeCard","Magicka:DefaultBladeCard","Magicka:SlipperyShieldCard","Magicka:SlipperyLightningCard","Magicka:BlizzardCard+1","Magicka:CreateIceCard","Magicka:EarthquakeCard","Magicka:SisterhoodCard","Magicka:ThunderstrikeCard+1","Magicka:MeteorShowerCard","Magicka:SlipperyDeathCard","Magicka:SlipperyLifeCard","Magicka:HotKeyCard+1","Magicka:PoisonCloudCard"],"relics":["Magicka:WizardStaff","Blue Candle","Golden Idol","Eternal Feather","Kunai","Molten Egg 2","Runesmith:AutoHammer","Mercury Hourglass","Art of War","Cursed Key","Toy Ornithopter"],"acts_visited":["Exordium","TheCity"],"potions_floor_usage":[16,16,19,22,23,23,23,23,23,23,23,23,25,25],"damage_taken":[{"damage":23.0,"enemies":"Cultist","floor":1.0,"turns":4.0},{"damage":17.0,"enemies":"Small Slimes","floor":2.0,"turns":6.0},{"damage":12.0,"enemies":"2 Louse","floor":5.0,"turns":5.0},{"damage":7.0,"enemies":"Lagavulin","floor":6.0,"turns":9.0},{"damage":0.0,"enemies":"Blue Slaver","floor":7.0,"turns":5.0},{"damage":10.0,"enemies":"3 Sentries","floor":8.0,"turns":6.0},{"damage":9.0,"enemies":"Red Slaver","floor":10.0,"turns":6.0},{"damage":6,"enemies":"Lagavulin","floor":12,"turns":10},{"damage":0,"enemies":"3 Sentries","floor":14,"turns":6},{"damage":39,"enemies":"Hexaghost","floor":16,"turns":15},{"damage":0,"enemies":"3 Byrds","floor":18,"turns":3},{"damage":8,"enemies":"2 Thieves","floor":19,"turns":4},{"damage":12,"enemies":"3 Cultists","floor":20,"turns":5},{"damage":36,"enemies":"Shelled Parasite and Fungi","floor":22,"turns":13},{"damage":23,"enemies":"Book of Stabbing","floor":23,"turns":5},{"damage":38,"enemies":"Slavers","floor":25,"turns":2}],"seed_played":"-7238714856564660681","potions_obtained":[{"floor":6.0,"key":"GamblersBrew"},{"floor":8.0,"key":"Block Potion"},{"floor":12,"key":"champ:CounterPotion"},{"floor":16,"key":"Energy Potion"},{"floor":18,"key":"bronze:BurnAndBuffPotion"},{"floor":21,"key":"EntropicBrew"},{"floor":21,"key":"Guardian:BlockOnCardUsePotion"},{"floor":21,"key":"Explosive Potion"}],"is_trial":false,"path_per_floor":["M","M","?","?","M","E","M","E","T","M","$","E","T","E","R","B",null,"M","M","M","?","M","E","R","E"],"character_chosen":"MAGICKA_WIZARD","items_purchased":["Runesmith:AutoHammer"],"campfire_rested":0,"item_purchase_floors":[11],"current_hp_per_floor":[33,40,35,25,19,30,36,38,38,40,40,34,34,34,40,1,40,40,32,20,20,38,15,27,0,0],"gold":480,"neow_bonus":"UPGRADE_CARD","is_daily":false,"chose_seed":false,"campfire_upgraded":2,"win_rate":0.0,"timestamp":1612255894,"path_taken":["M","?","?","?","M","E","M","E","T","M","$","E","?","E","R","BOSS","M","M","M","?","?","E","R","E"],"items_purchased_type":["Relic"],"build_version":"2020-12-22","purchased_purges":0,"victory":false,"max_hp_per_floor":[40,40,40,40,40,40,40,40,40,40,40,40,40,40,40,40,40,40,40,40,40,40,40,40,40,40],"card_choices":[{"not_picked":["Magicka:CleaverCard","Magicka:WalkBackwardsCard"],"picked":"Magicka:SlipperyShieldCard","floor":1.0},{"not_picked":["Magicka:CheeseCard","Magicka:ExoticBladeCard"],"picked":"Magicka:SlipperyLightningCard","floor":2.0},{"not_picked":["Magicka:WalkBackwardsCard","Magicka:SlipperyLifeCard"],"picked":"Magicka:BlizzardCard","floor":5.0},{"not_picked":["Magicka:CleanseCard","Magicka:FastStoneCard"],"picked":"Magicka:CreateIceCard","floor":6.0},{"not_picked":["Magicka:SlipperyStoneCard","Magicka:CreateIceCard"],"picked":"Magicka:EarthquakeCard","floor":7.0},{"not_picked":["Magicka:RainCard","Magicka:SlipperyLightningCard"],"picked":"Magicka:SisterhoodCard","floor":8.0},{"not_picked":["Magicka:FastFireCard","Magicka:MuscleMemoryCard","Magicka:SlipperyDeathCard"],"picked":"SKIP","floor":10.0},{"not_picked":["Magicka:SlipperyStoneCard","Magicka:FrostCleaverCard+1"],"picked":"Magicka:ThunderstrikeCard+1","floor":12},{"not_picked":["Magicka:CheeseCard","Magicka:EarthquakeCard","Magicka:RainCard"],"picked":"SKIP","floor":14},{"not_picked":["Magicka:SummonPhoenixCard+1","Magicka:ThunderstormCard+1"],"picked":"Magicka:MeteorShowerCard","floor":16},{"not_picked":["Magicka:ExoticBladeCard+1","Magicka:SlipperyShieldCard"],"picked":"Magicka:SlipperyDeathCard","floor":18},{"not_picked":["Magicka:StormCrusherCard+1","Magicka:SlipperyColdCard+1","Magicka:WalkBackwardsCard"],"picked":"SKIP","floor":19},{"not_picked":["Magicka:DeepFreezeCard+1","Magicka:NullifyCard"],"picked":"Magicka:SlipperyLifeCard","floor":20},{"not_picked":["Magicka:BlizzardCard+1","Magicka:ConflagrationCard+1"],"picked":"Magicka:HotKeyCard","floor":22},{"not_picked":["Magicka:FastDeathCard","Magicka:CheeseCard"],"picked":"Magicka:PoisonCloudCard","floor":23}],"player_experience":2940094,"relics_obtained":[{"floor":6.0,"key":"Eternal Feather"},{"floor":8.0,"key":"Kunai"},{"floor":9.0,"key":"Molten Egg 2"},{"floor":12,"key":"Mercury Hourglass"},{"floor":14,"key":"Art of War"},{"floor":23,"key":"Toy Ornithopter"}],"event_choices":[{"damage_healed":0.0,"max_hp_gain":0.0,"max_hp_loss":0.0,"gold_gain":0.0,"event_name":"Golden Idol","player_choice":"Take Damage","floor":4.0,"gold_loss":0.0,"damage_taken":10.0,"relics_obtained":["Golden Idol"]},{"damage_healed":0,"gold_gain":0,"player_choice":"Got Potions","damage_taken":0,"max_hp_gain":0,"max_hp_loss":0,"event_name":"Lab","floor":21,"gold_loss":0}],"is_beta":false,"boss_relics":[{"not_picked":["Runesmith:UraniumAnvil","Sozu"],"picked":"Cursed Key"}],"items_purged_floors":[],"is_endless":false,"potions_floor_spawned":[6,8,12,14,16,18,23],"killed_by":"Slavers","ascension_level":1}}