{"host":"qwp6882a7gaon7u5","time":1612285056,"event":{"mods":["ATMod(阿瑾Mod)","Act Like it!","BaseMod","BetterRewards","CapriCore","Lobotomy","Minty Spire (QoL Compilation)","Red Circlet Mod","Relic Filter Mod","Replay The Spire","RumiaBox-露米娅的神秘盒子","Spicy Shops","StSLib","【功能Mod】混沌之环修复补丁","【遗物卡牌】REMEMod","篝火指南"],"gold_per_floor":[185,360,452,432,432,649,649,1083,1083,1144,1207,1261,1439,1011,590,834,834,894,894,809,1009,1075,1255,1255,967,994,1051,1216,1285,858,858,657,1093,1093,1148,1305,1305,1305,1362,1543,987,1154,1154,1320,1374,806,857,956,720,1006],"floor_reached":51,"language":"ZHS","playtime":2140,"items_purged":["Strike_G","Defend_G","Strike_G","Defend_G","Strike_G","Strike_G","Defend_G","Strike_G+1","Doubt","Doubt","Decay","Noxious Fumes+1","Swift Strike+1","Sucker Punch+1"],"score":1710,"play_id":"adf0ff4c-2c3c-48df-8ba0-0adbb9a1db94","local_time":"20210203005736","is_ascension_mode":true,"campfire_choices":[{"data":"Survivor","floor":7,"key":"SMITH"}],"circlet_count":0,"master_deck":["Survivor+1","Neutralize+1","Twilight+1","AT_Desolate+1","REME_SpectralBlade+1","Replay:BasicMightCard+1","REME_Flogging+1","Dagger Throw+1","Dagger Throw+1","Tactician+1","REME_ShadowStrike+1","Tools of the Trade+1","Dagger Spray+1","Reflex+1","REME_SpectralBlade+1","Twilight+1","Tactician+1","Pot Of Greed+1","Pot Of Greed+1","Flash of Steel+1","Madness+1"],"relics":["Ring of the Snake","REME_ComplimentaryCards","AT_ATBox","Replay:Wax Seal","AT_SunfireAegis","HandDrill","Molten Egg 2","Matryoshka","Tough Bandages","War Paint","Medical Kit","Ancient Tea Set","SSSystem","AT_MibuBalloonWealth","Golden Egg","Frozen Egg 2","Tingsha","Boot","AT_TheCollector","AT_RedTearstoneRing","ClockworkSouvenir","Strange Spoon","Gremlin Food","PreservedInsect","Toolbox","Vampiric Spirits","MealTicket","Divine Protection","Lee\u0027s Waffle","Whetstone","Sling","Replay:Towering Pillar of Hats","Mercury Hourglass","Membership Card","Meat on the Bone","Question Card","Anchor","Juzu Bracelet","REME_ArchaeologicalTools","ReplayTheSpireMod:TigerMarble","GodSword1","ReplayTheSpireMod:Shallot","Bag of Preparation","Guide Book","TwistedFunnel","Durian","Garlic","Snack Pack","AT_Kusabimaru","Ice Cream","Snake Skull","The Specimen","Pen Nib","Replay:Bottled Flurry","Oddly Smooth Stone","REME_HandOfSuture","REME_LimitBreaker","AT_EbonyIvory","HornCleat","MagicDraw1","Kintsugi","Omamori","GodSword7","Centennial Puzzle","Grinning Jar","GodSword6","AT_BellowingDragoncrestRing","AT_BladeRuinedKing","Potion Belt","Happy Flower","Mirror","AT_SilvercatRing","Nunchaku","Ring of Peace","InkBottle","Bag of Marbles","Gremlin Horn","Toxic Egg 2","Smiling Mask","GodSword3","Onion Ring","MagicDraw2","Strawberry","MagicDraw4","Bottled Tornado"],"acts_visited":["Exordium","TheCity","TheBeyond"],"potions_floor_usage":[6,39,45,48],"damage_taken":[{"damage":0,"enemies":"Cultist","floor":1,"turns":1},{"damage":0,"enemies":"Small Slimes","floor":3,"turns":1},{"damage":0,"enemies":"Gremlin Nob","floor":6,"turns":1},{"damage":0,"enemies":"3 Sentries","floor":8,"turns":1},{"damage":0,"enemies":"Jaw Worm","floor":10,"turns":1},{"damage":0,"enemies":"Red Slaver","floor":11,"turns":1},{"damage":0,"enemies":"Looter","floor":12,"turns":1},{"damage":0,"enemies":"Gremlin Nob","floor":13,"turns":1},{"damage":0,"enemies":"The Guardian","floor":16,"turns":1},{"damage":0,"enemies":"Shell Parasite","floor":18,"turns":1},{"damage":0,"enemies":"Chosen","floor":22,"turns":1},{"damage":0,"enemies":"Book of Stabbing","floor":23,"turns":1},{"damage":0,"enemies":"Snake Plant","floor":27,"turns":1},{"damage":0,"enemies":"Replay:Snechameleon","floor":28,"turns":1},{"damage":0,"enemies":"REME_1_Revenger","floor":29,"turns":2},{"damage":0,"enemies":"Pondfish","floor":33,"turns":2},{"damage":0,"enemies":"Orb Walker","floor":35,"turns":1},{"damage":0,"enemies":"3 Darklings","floor":36,"turns":1},{"damage":0,"enemies":"Maw","floor":39,"turns":2},{"damage":0,"enemies":"Nemesis","floor":40,"turns":3},{"damage":0,"enemies":"R_Hoarder","floor":42,"turns":1},{"damage":0,"enemies":"Nemesis","floor":44,"turns":1},{"damage":0,"enemies":"Spire Growth","floor":45,"turns":1},{"damage":0,"enemies":"Writhing Mass","floor":47,"turns":1},{"damage":0,"enemies":"Sphere and 2 Shapes","floor":48,"turns":1},{"damage":0,"enemies":"Donu and Deca","floor":50,"turns":1}],"seed_played":"2732751336878129278","potions_obtained":[{"floor":4,"key":"BlessingOfTheForge"},{"floor":5,"key":"REME_GoldPotion"},{"floor":5,"key":"Strength Potion"},{"floor":6,"key":"Block Potion"},{"floor":33,"key":"PowerPotion"},{"floor":39,"key":"REME_GoldPotion"},{"floor":40,"key":"PowerPotion"},{"floor":45,"key":"Flashbang"},{"floor":48,"key":"Elixir"}],"is_trial":false,"path_per_floor":["M","?","M","?","?","E","R","E","T","M","M","M","E","$","R","B",null,"M","?","?","?","M","E","?","R","T","M","E","E","$","?","R","B",null,"M","M","?","?","M","E","$","E","T","E","M","R","M","M","R","B",null],"character_chosen":"THE_SILENT","items_purchased":["Replay:Wax Seal","AT_SunfireAegis","HandDrill","Molten Egg 2","Matryoshka","Tough Bandages","War Paint","Medical Kit","Ancient Tea Set","SSSystem","AT_MibuBalloonWealth","Golden Egg","Frozen Egg 2","Tingsha","Boot","AT_TheCollector","AT_RedTearstoneRing","ClockworkSouvenir","Strange Spoon","Gremlin Food","PreservedInsect","Toolbox","Vampiric Spirits","MealTicket","Divine Protection","Lee\u0027s Waffle","Whetstone","REME_SpectralBlade+1","Replay:BasicMightCard+1","Sling","Replay:Towering Pillar of Hats","Mercury Hourglass","Membership Card","Meat on the Bone","Question Card","REME_Flogging+1","Anchor","Juzu Bracelet","REME_ArchaeologicalTools","Accuracy+1","ReplayTheSpireMod:TigerMarble","GodSword1","ReplayTheSpireMod:Shallot","Bag of Preparation","Guide Book","TwistedFunnel","Dagger Throw+1","Tactician","Durian","Garlic","Snack Pack","AT_Kusabimaru","Swift Strike+1","Ice Cream","Snake Skull","The Specimen","REME_LimitBreaker","AT_EbonyIvory","HornCleat","MagicDraw1","Reflex","Potion Belt","Happy Flower","Mirror","AT_SilvercatRing","Nunchaku","Bag of Marbles","Gremlin Horn","GodSword3","Onion Ring","MagicDraw2","Strawberry","Madness+1","MagicDraw4","Bottled Tornado"],"campfire_rested":0,"item_purchase_floors":[0,0,0,0,0,0,0,0,0,0,0,0,0,0,0,0,0,0,0,0,0,0,0,0,0,0,0,0,0,0,0,0,0,0,0,0,0,0,0,0,0,0,0,0,0,0,0,0,0,0,0,0,0,0,0,0,14,14,14,15,15,30,30,30,32,32,41,41,46,46,46,46,46,49,49],"current_hp_per_floor":[82,82,82,82,82,82,82,82,82,82,82,82,82,82,82,82,82,82,82,82,82,82,82,82,82,82,82,82,82,82,82,82,82,82,82,82,82,82,82,82,82,82,82,82,82,89,89,89,89,89],"gold":1006,"neow_bonus":"","is_daily":false,"chose_seed":false,"campfire_upgraded":1,"win_rate":0.0,"timestamp":1612285056,"path_taken":["M","?","M","?","?","E","R","E","T","M","M","M","E","?","R","BOSS","M","?","?","?","M","E","?","R","T","M","E","E","$","?","R","BOSS","M","M","?","?","M","E","$","E","T","E","M","R","M","M","R","BOSS"],"items_purchased_type":["Relic","Relic","Relic","Relic","Relic","Relic","Relic","Relic","Relic","Relic","Relic","Relic","Relic","Relic","Relic","Relic","Relic","Relic","Relic","Relic","Relic","Relic","Relic","Relic","Relic","Relic","Relic","Card","Card","Relic","Relic","Relic","Relic","Relic","Relic","Card","Relic","Relic","Relic","Card","Relic","Relic","Relic","Relic","Relic","Relic","Card","Card","Relic","Relic","Relic","Relic","Card","Relic","Relic","Relic","Relic","Relic","Relic","Relic","Card","Relic","Relic","Relic","Relic","Relic","Relic","Relic","Relic","Relic","Relic","Relic","Card","Relic","Relic"],"build_version":"2020-12-22","purchased_purges":14,"victory":true,"max_hp_per_floor":[82,82,82,82,82,82,82,82,82,82,82,82,82,82,82,82,82,82,82,82,82,82,82,82,82,82,82,82,82,82,82,82,82,82,82,82,82,82,82,82,82,82,82,82,82,89,89,89,89,89],"card_choices":[{"not_picked":["AT_WindFlip+1","PiercingWail","Slice+1"],"picked":"Sucker Punch+1","floor":1},{"not_picked":["Terror","Sneak Up","Acrobatics"],"picked":"Skewer+1","floor":3},{"not_picked":["Dagger Spray+1","Deadly Poison","Endless Agony+1"],"picked":"REME_ShadowStrike+1","floor":6},{"not_picked":["ReplayTheSpireMod:Speed Training","Bane+1","Acrobatics"],"picked":"Tools of the Trade+1","floor":8},{"not_picked":["Dash+1","Backflip","Deflect"],"picked":"Noxious Fumes+1","floor":10},{"not_picked":["Acrobatics","Draining Mist","Poisoned Stab+1"],"picked":"Dagger Spray+1","floor":11},{"not_picked":["Prepared","Glass Knife+1","Hidden Blade","AT_ThistleTea"],"picked":"SKIP","floor":12},{"not_picked":["Poisoned Stab+1","Setup","Distraction","Outmaneuver"],"picked":"SKIP","floor":13},{"not_picked":["Unload+1","Grand Finale+1","Venomology"],"picked":"REME_SpectralBlade+1","floor":16},{"not_picked":["Backflip+1","Bane+1","ReplayTheSpireMod:Scrap Shanks+1","Deadly Poison"],"picked":"SKIP","floor":18},{"not_picked":["AT_WindFlip+1","Malaise","Outmaneuver+1"],"picked":"Tactician+1","floor":22},{"not_picked":["Dagger Spray+1","Acrobatics","AT_WindFlip+1","Bane+1"],"picked":"SKIP","floor":23},{"not_picked":["Distraction","Deadly Poison","Flying Knee+1","Slice+1"],"picked":"SKIP","floor":27},{"not_picked":["Dagger Throw+1","Malaise","Riddle With Holes+1","Outmaneuver"],"picked":"SKIP","floor":28},{"not_picked":["Blade Dance","AT_WindFlip+1","Acrobatics+1","Poisoned Stab+1"],"picked":"SKIP","floor":29},{"not_picked":["Eviscerate+1","Deflect+1","Cloak And Dagger","Poisoned Stab+1"],"picked":"SKIP","floor":35},{"not_picked":["Bane+1","Cloak And Dagger","Slice+1","Poisoned Stab+1"],"picked":"SKIP","floor":36},{"not_picked":["Dagger Spray+1","Outmaneuver","Grand Finale+1","Bouncing Flask"],"picked":"SKIP","floor":39},{"not_picked":["Leg Sweep","AT_ShadowStep","PiercingWail+1","Prepared"],"picked":"SKIP","floor":40},{"not_picked":["Noxious Fumes+1","Toxin Wave","Tactician+1","Hidden Blade"],"picked":"SKIP","floor":42},{"not_picked":["AT_WomanClash+1","Deadly Poison+1","Fluid Movement+1","Hidden Blade+1"],"picked":"SKIP","floor":44},{"not_picked":["Eviscerate+1","Accuracy+1","AT_TwilightShroud+1","Deflect+1"],"picked":"SKIP","floor":45},{"not_picked":["Underhanded Strike+1","AT_WindRun+1","Wraith Form v2+1","Acrobatics+1"],"picked":"SKIP","floor":47},{"not_picked":["Dagger Spray+1","Hidden Blade+1","Reflex+1","Replay:Poison Smokescreen+1"],"picked":"SKIP","floor":48}],"player_experience":173837,"relics_obtained":[{"floor":6,"key":"Pen Nib"},{"floor":8,"key":"Replay:Bottled Flurry"},{"floor":9,"key":"Oddly Smooth Stone"},{"floor":13,"key":"REME_HandOfSuture"},{"floor":23,"key":"GodSword7"},{"floor":26,"key":"Grinning Jar"},{"floor":26,"key":"GodSword6"},{"floor":28,"key":"AT_BellowingDragoncrestRing"},{"floor":29,"key":"AT_BladeRuinedKing"},{"floor":38,"key":"Ring of Peace"},{"floor":40,"key":"InkBottle"},{"floor":43,"key":"Toxic Egg 2"},{"floor":44,"key":"Smiling Mask"}],"event_choices":[{"damage_healed":0,"gold_gain":175,"player_choice":"AGREE","damage_taken":0,"max_hp_gain":0,"max_hp_loss":0,"event_name":"Liars Game","floor":2,"gold_loss":0,"cards_obtained":["Doubt"]},{"damage_healed":0,"gold_gain":0,"player_choice":"Bought 1 Potion","damage_taken":0,"max_hp_gain":0,"max_hp_loss":0,"event_name":"The Woman in Blue","floor":4,"gold_loss":0},{"damage_healed":0,"gold_gain":0,"player_choice":"Got Potions","damage_taken":0,"max_hp_gain":0,"max_hp_loss":0,"event_name":"Lab","floor":5,"gold_loss":0},{"damage_healed":0,"gold_gain":0,"player_choice":"Copied","damage_taken":0,"max_hp_gain":0,"max_hp_loss":0,"event_name":"Duplicator","floor":19,"gold_loss":0,"cards_obtained":["Twilight"]},{"damage_healed":0,"gold_gain":0,"player_choice":"Obtained Relic","damage_taken":0,"relics_obtained":["Omamori"],"max_hp_gain":0,"max_hp_loss":0,"event_name":"Addict","floor":20,"gold_loss":85},{"damage_healed":0,"gold_gain":200,"player_choice":"Gold","damage_taken":0,"max_hp_gain":0,"max_hp_loss":0,"event_name":"Wheel of Change","floor":21,"gold_loss":0},{"damage_healed":0,"gold_gain":0,"player_choice":"Ignored","damage_taken":0,"max_hp_gain":0,"max_hp_loss":0,"event_name":"Transmorgrifier","floor":31,"gold_loss":0},{"damage_healed":0,"gold_gain":0,"player_choice":"1 cards matched","damage_taken":0,"max_hp_gain":0,"max_hp_loss":0,"event_name":"Match and Keep!","floor":37,"gold_loss":0,"cards_obtained":["Flash of Steel"]}],"is_beta":false,"boss_relics":[{"not_picked":["ChewingGum","AddBug"],"picked":"Kintsugi"},{"not_picked":["Abe\u0027s Treasure","Runic Dome","Runic Pyramid"]}],"items_purged_floors":[0,0,0,0,0,14,15,15,25,25,30,41,41,49],"is_endless":false,"potions_floor_spawned":[6,11,13,16,23,28,33,39,40,45,47,48],"ascension_level":1}}