{"host":"ht9iioopw3yi2xz6","time":1612261799,"event":{"mods":["AchievementEnabler","BaseMod","Colored Map","Downfall","Infinite Spire","Minty Spire (QoL Compilation)","Replay The Spire","Shop Mod","StSLib","The Jungle"],"gold_per_floor":[99,113,130,226,241,241,241,257,272,172,56,71,103,103,116,116,116,116],"floor_reached":16,"language":"ENG","playtime":1082,"items_purged":["Guardian:Defend_Guardian"],"score":104,"play_id":"624aeabc-516a-46d5-a2c0-8003f006eb5c","local_time":"20210202202959","is_ascension_mode":false,"campfire_choices":[{"floor":1,"key":"RECALL"},{"data":"Guardian:Strike_Guardian","floor":10,"key":"PURGE"}],"circlet_count":0,"master_deck":["Guardian:Strike_Guardian","Guardian:Strike_Guardian","Guardian:Strike_Guardian","Guardian:Defend_Guardian","Guardian:Defend_Guardian","Guardian:Defend_Guardian","Guardian:CurlUp","Guardian:TwinSlam","Guardian:ChargeCore","Guardian:ShieldCharger","Guardian:DecasProtection","Guardian:DonusPower","Guardian:Reroute","Guardian:PolyBeam","Guardian:TemporalShield","Guardian:Gem_Orange","Guardian:BronzeArmor"],"relics":["Guardian:ModeShifter","infinitespire:Beetle Shell","Replay:Multitool","downfall:HeartBlessingRed","infinitespire:BottledMercury","Replay:Bottled Snecko"],"acts_visited":["Exordium"],"potions_floor_usage":[8,16,16],"damage_taken":[{"damage":0,"enemies":"2 Louse","floor":2,"turns":3},{"damage":7,"enemies":"Small Slimes","floor":3,"turns":3},{"damage":10,"enemies":"Cultist","floor":5,"turns":5},{"damage":18,"enemies":"Lots of Slimes","floor":8,"turns":4},{"damage":2,"enemies":"Blue Slaver","floor":9,"turns":4},{"damage":0,"enemies":"downfall:FleeingMerchant","floor":11,"turns":4},{"damage":8,"enemies":"3 Louse","floor":12,"turns":4},{"damage":9,"enemies":"3 Sentries","floor":13,"turns":7},{"damage":6,"enemies":"Large Slime","floor":15,"turns":3},{"damage":3,"enemies":"SI_SHIV_ARCHETYPE","floor":16,"turns":7}],"seed_played":"-365626256454833497","potions_obtained":[{"floor":5,"key":"GamblersBrew"},{"floor":6,"key":"Regen Potion"},{"floor":6,"key":"Guardian:DefensiveModePotion"},{"floor":9,"key":"Dexterity Potion"}],"is_trial":false,"path_per_floor":["R","M","M","?","M","?","T","M","M","R","$","M","E","?","M","B"],"character_chosen":"GUARDIAN","items_purchased":["Guardian:TemporalShield"],"campfire_rested":0,"item_purchase_floors":[11],"current_hp_per_floor":[88,88,81,59,49,49,49,40,38,38,38,30,21,9,3,0,0,0],"gold":116,"neow_bonus":"TEN_PERCENT_HP_BONUS","is_daily":false,"chose_seed":false,"campfire_upgraded":0,"win_rate":0.0,"timestamp":1612261799,"path_taken":["R","M","M","?","M","?","T","M","?","R","?","M","E","?","M","BOSS"],"items_purchased_type":["Card"],"build_version":"2020-12-22","purchased_purges":1,"victory":false,"max_hp_per_floor":[88,88,88,88,88,88,88,88,88,88,88,88,88,88,88,88,88,88],"card_choices":[{"not_picked":["Guardian:VentSteam","Guardian:TemporalStrike"],"picked":"Guardian:ChargeCore","floor":2},{"not_picked":["Guardian:EvasiveProtocol","Guardian:PrimingBeam"],"picked":"Guardian:ShieldCharger","floor":3},{"not_picked":["Guardian:ShieldCharger","Guardian:EvasiveProtocol"],"picked":"Guardian:DecasProtection","floor":4},{"not_picked":["Guardian:WalkerClaw","Guardian:PrismaticBeam"],"picked":"Guardian:DonusPower","floor":4},{"not_picked":["Guardian:Emergency","Guardian:Preprogram"],"picked":"Guardian:Gem_Purple","floor":5},{"not_picked":["Guardian:CrystalBeam","Guardian:TimeCapacitor"],"picked":"Guardian:Reroute","floor":8},{"not_picked":["Guardian:ArmoredProtocol","Guardian:RollAttack","Guardian:Reroute"],"picked":"SKIP","floor":9},{"not_picked":["Guardian:PiercingHide","Guardian:PrismaticBeam"],"picked":"Guardian:PolyBeam","floor":11},{"not_picked":["Guardian:SpikerProtocol","Guardian:WalkerClaw"],"picked":"Guardian:Gem_Orange","floor":12},{"not_picked":["Guardian:BaubleBeam","Guardian:PolyBeam","Guardian:Reroute"],"picked":"SKIP","floor":13},{"not_picked":["Guardian:PrimingBeam","Guardian:Gem_Fragmented"],"picked":"Guardian:BronzeArmor","floor":15}],"player_experience":41651,"relics_obtained":[{"floor":4,"key":"infinitespire:Beetle Shell"},{"floor":7,"key":"Replay:Multitool"},{"floor":13,"key":"infinitespire:BottledMercury"}],"event_choices":[{"damage_healed":0,"gold_gain":0,"player_choice":"Got Potions","damage_taken":0,"max_hp_gain":0,"max_hp_loss":0,"event_name":"Lab","floor":6,"gold_loss":0},{"damage_healed":0,"gold_gain":0,"player_choice":"Success","damage_taken":12,"relics_obtained":["Replay:Bottled Snecko"],"max_hp_gain":0,"max_hp_loss":0,"event_name":"Scrap Ooze","floor":14,"gold_loss":0}],"is_beta":false,"boss_relics":[],"items_purged_floors":[11],"is_endless":false,"potions_floor_spawned":[5,9,12,15],"killed_by":"SI_SHIV_ARCHETYPE","ascension_level":0}}