{"host":"17xjy7b7ubl548g2","time":1612237328,"event":{"mods":["2.2 Compatiblity","Act Like it!","Aspiration","Astrologer","Bard","BaseMod","Challenge The Spire","ChefMod","Colored Map","Colored Powertips","Conspire","Elementarium","Energized Spire","Gensokyo","GifTheSpireLib","Halation","Hallownest","Hermit","Hubris","Infinite Spire","Jedi Mod","Jorbs\u0027s Wanderer Trilogy","Marisa（霧雨　魔理沙）","Marked Mod","Menagerie","Minty Spire (QoL Compilation)","Permanent Neow","Reliquary","Replay The Spire","Robot Space Explorer","Spicy Shops","Spire Arcade","StSLib","Stuff the Spire","The Blue Laboratory","The Bug Knight","The Construct","The Disciple","The Hayseed","The Hierophant","The Marked","The Runesmith","The Sage","TheFirefly"],"gold_per_floor":[112,112,11,11,22,22,51,66,89,89,89,50,89,115,115,225,225,247,247,247,247,247,247,283,283,354,382,414,449,18,43,43,146,146,164,164,18,18,36,36,71,71,96,133,182,233,273,306,306,316,316,316,57,101,109],"floor_reached":56,"language":"ENG","playtime":6713,"items_purged":["thefirefly:Strike","thefirefly:Strike","thefirefly:Strike","Writhe"],"score":1758,"play_id":"f680912d-baf7-46e5-ba6d-3d71d4e146cd","local_time":"20210201224208","is_ascension_mode":true,"campfire_choices":[{"data":"thefirefly:StealthMode","floor":6.0,"key":"SMITH"},{"data":"thefirefly:EMP","floor":11.0,"key":"SMITH"},{"data":"thefirefly:AutoTargeting","floor":15.0,"key":"SMITH"},{"data":"thefirefly:Dematerialize","floor":23.0,"key":"SMITH"},{"data":"thefirefly:MirrorShield","floor":25,"key":"SMITH"},{"data":"ReplayUltimateDefense","floor":32,"key":"SMITH"},{"data":"thefirefly:Kugelblitz","floor":40,"key":"SMITH"},{"floor":49,"key":"RECALL"},{"data":"thefirefly:Unburden","floor":52,"key":"SMITH"}],"circlet_count":0,"master_deck":["thefirefly:Strike","thefirefly:Defend+1","thefirefly:Defend","thefirefly:Defend","thefirefly:Defend","thefirefly:StealthMode+1","thefirefly:PhotonBlast+1","thefirefly:ReverseEngine+1","thefirefly:FlakCannon+1","thefirefly:AuroralDischarge+1","thefirefly:EMP+1","thefirefly:ErraticMotions","thefirefly:FullProjection","thefirefly:AutoTargeting+1","thefirefly:CoveringFire","thefirefly:Dematerialize+1","thefirefly:Preload","infinitespire:Starlight","thefirefly:MirrorShield+1","thefirefly:Unburden+1","thefirefly:Prominence","ReplayUltimateDefense+1","Mind Blast","thefirefly:Kugelblitz+1","thefirefly:ChargedLaser+1","thefirefly:InterceptingShot","thefirefly:IonizedBarrier+1","thefirefly:CoveringFire+1","thefirefly:DecoyShot","thefirefly:SteadyAim+1","thefirefly:DecoyShot","thefirefly:FlareScreen"],"relics":["thefirefly:StealthSystem","Tiny Chest","hubris:TenFootPole","War Paint","Replay:Bandana","hubris:DeckOfHolding","Coffee Dripper","jedi:HeartOfTheCards","thefirefly:UpgradedSystem","Oddly Smooth Stone","Ice Cream","Snack Pack","MawBank","reliquary:Bookmark","Orichalcum","hubris:Backtick","jedi:heavyjacket","Pen Nib","Replay:Accelerometer","thefirefly:PlasmaFairy","ReplayFunnel","ReplayTheSpireMod:Ninjato","Whetstone","Replay:Mystery Machine","OrangePellets","halation:BottledLove"],"acts_visited":["Exordium","Hallownest:Greenpath","Hallownest:CityofTears","TheEnding"],"potions_floor_usage":[24,39,44,55,55,55,55,55],"damage_taken":[{"damage":0.0,"enemies":"Hallownest:monsterHuskWarrior","floor":1.0,"turns":8.0},{"damage":0.0,"enemies":"Hallownest:monsterHuskGuard","floor":5.0,"turns":3.0},{"damage":21.0,"enemies":"Hallownest:eliteCrystalGuardian","floor":7.0,"turns":8.0},{"damage":0.0,"enemies":"Hallownest:2_Baldur","floor":8.0,"turns":3.0},{"damage":0.0,"enemies":"Hallownest:eliteVengeflyKing","floor":13.0,"turns":7.0},{"damage":0.0,"enemies":"Hallownest:1_Baldur_1_Crawlid_1_Warrior","floor":14.0,"turns":2.0},{"damage":11.0,"enemies":"Hallownest:BossHornet","floor":16.0,"turns":14.0},{"damage":5.0,"enemies":"Hallownest:Guard_and_Sentry","floor":18.0,"turns":6.0},{"damage":10,"enemies":"Hallownest:Nosk","floor":24,"turns":6},{"damage":6,"enemies":"Hallownest:3_Youths","floor":27,"turns":7},{"damage":4,"enemies":"Hallownest:eliteSoulWarrior","floor":28,"turns":10},{"damage":3,"enemies":"Hallownest:Master_and_Novice","floor":29,"turns":5},{"damage":14,"enemies":"Hallownest:BossMantisLord","floor":33,"turns":8},{"damage":0,"enemies":"Hallownest:Shield_Heavy","floor":35,"turns":6},{"damage":1,"enemies":"Hallownest:3_Siblings","floor":39,"turns":6},{"damage":0,"enemies":"Hallownest:eliteHiveKnight","floor":41,"turns":8},{"damage":0,"enemies":"Nightmare","floor":44,"turns":7},{"damage":10,"enemies":"Hallownest:eliteHiveKnight","floor":47,"turns":7},{"damage":5,"enemies":"Hallownest:2_Wing_and_1_Kings","floor":48,"turns":5},{"damage":0,"enemies":"Hallownest:Radiance","floor":50,"turns":9},{"damage":12,"enemies":"Shield and Spear","floor":54,"turns":5},{"damage":1,"enemies":"The Heart","floor":55,"turns":9}],"seed_played":"-9144923372565363364","potions_obtained":[{"floor":1.0,"key":"blueLaboratory:Moonshine"},{"floor":13.0,"key":"blueLaboratory:HorrorPotion"},{"floor":14.0,"key":"blueLaboratory:BottledHope"},{"floor":24,"key":"SpeedPotion"},{"floor":28,"key":"Strength Potion"},{"floor":33,"key":"blueLaboratory:FruitPunch"},{"floor":41,"key":"blueLaboratory:RememoryPotion"},{"floor":44,"key":"EntropicBrew"}],"is_trial":false,"path_per_floor":["M","?","$","?","M","R","E","M","T","T","R","$","E","M","R","B",null,"M","?","T","AVR","?","R","E","R","T","M","E","M","$","T","R","B",null,"M","T","$","?","M","R","E","?","T","NM","T","T","E","M","R","B",null,"R","$","E","B",null],"character_chosen":"THE_FIREFLY","items_purchased":["thefirefly:FlakCannon","thefirefly:FullProjection","ReplayUltimateDefense","Mind Blast","reliquary:Bookmark","thefirefly:InterceptingShot","OrangePellets","thefirefly:DecoyShot"],"campfire_rested":0,"item_purchase_floors":[3,12,30,30,30,37,53,53],"current_hp_per_floor":[50,50,50,55,55,55,34,34,34,34,34,34,34,34,34,23,47,42,48,48,48,41,41,41,41,41,51,51,52,52,52,52,45,53,55,55,55,55,57,57,57,50,50,57,57,57,47,52,52,57,57,57,57,45,57],"gold":109,"neow_bonus":"RANDOM_COMMON_RELIC","is_daily":false,"chose_seed":false,"campfire_upgraded":8,"win_rate":0.0,"timestamp":1612237328,"path_taken":["M","?","$","?","?","R","E","M","T","?","R","?","E","?","R","BOSS","M","?","?","AVR","?","R","E","R","T","?","E","M","?","?","R","BOSS","M","?","$","?","M","R","E","?","T","NM","?","?","E","?","R","BOSS","R","$","E","BOSS"],"items_purchased_type":["Card","Card","Card","Card","Relic","Card","Relic","Card"],"build_version":"2020-12-22","purchased_purges":4,"victory":true,"max_hp_per_floor":[55,55,55,55,55,55,55,55,55,55,55,55,55,55,55,55,55,55,55,55,55,55,55,55,55,55,55,55,55,55,55,55,55,55,55,55,55,55,57,57,57,57,57,57,57,57,57,57,57,57,57,57,57,57,57],"card_choices":[{"not_picked":["thefirefly:StoredPower","thefirefly:Reposition"],"picked":"thefirefly:ReverseEngine","floor":1.0},{"not_picked":["thefirefly:ShieldArray","thefirefly:FlakCannon"],"picked":"thefirefly:AuroralDischarge","floor":5.0},{"not_picked":["thefirefly:Rend","thefirefly:Exile"],"picked":"thefirefly:EMP","floor":7.0},{"not_picked":["thefirefly:QuantumTunneling","thefirefly:StoredPower"],"picked":"thefirefly:ErraticMotions","floor":8.0},{"not_picked":["thefirefly:Teleport","thefirefly:Reposition"],"picked":"thefirefly:AutoTargeting","floor":13.0},{"not_picked":["thefirefly:LaserBarrage","thefirefly:Preload"],"picked":"thefirefly:CoveringFire","floor":14.0},{"not_picked":["thefirefly:EphemeronForm","thefirefly:TachyonBeam"],"picked":"thefirefly:Dematerialize","floor":16.0},{"not_picked":["thefirefly:LaserBarrage","thefirefly:HyperFocus"],"picked":"thefirefly:Preload","floor":18.0},{"not_picked":["thefirefly:Teleport+1","thefirefly:ReverseEngine+1"],"picked":"thefirefly:MirrorShield","floor":24},{"not_picked":["thefirefly:MirrorShield","thefirefly:Distort+1","thefirefly:QuantumTunneling"],"picked":"SKIP","floor":27},{"not_picked":["thefirefly:Ruminate","thefirefly:Dematerialize"],"picked":"thefirefly:Unburden","floor":28},{"not_picked":["thefirefly:Teleport","thefirefly:Distort+1"],"picked":"thefirefly:Prominence","floor":29},{"not_picked":["thefirefly:Regeneration","thefirefly:TachyonBeam"],"picked":"thefirefly:Kugelblitz","floor":33},{"not_picked":["thefirefly:Distort+1","thefirefly:Ruminate+1"],"picked":"thefirefly:ChargedLaser+1","floor":35},{"not_picked":["thefirefly:SteadyAim","thefirefly:EvasiveManeuver"],"picked":"thefirefly:IonizedBarrier+1","floor":39},{"not_picked":["thefirefly:Teleport","thefirefly:SteadyAim","thefirefly:NebulaVeil"],"picked":"SKIP","floor":41},{"not_picked":["thefirefly:Pacify","thefirefly:RollBack"],"picked":"thefirefly:CoveringFire+1","floor":44},{"not_picked":["thefirefly:ArtillleryBeam","thefirefly:Quine"],"picked":"thefirefly:DecoyShot","floor":47},{"not_picked":["thefirefly:LaserBarrage","thefirefly:Flight+1"],"picked":"thefirefly:SteadyAim+1","floor":48},{"not_picked":["thefirefly:ErraticMotions","thefirefly:Distort"],"picked":"thefirefly:FlareScreen","floor":54}],"player_experience":2035562,"relics_obtained":[{"floor":7.0,"key":"hubris:TenFootPole"},{"floor":9.0,"key":"War Paint"},{"floor":10.0,"key":"Replay:Bandana"},{"floor":13.0,"key":"hubris:DeckOfHolding"},{"floor":20.0,"key":"jedi:HeartOfTheCards"},{"floor":24,"key":"Ice Cream"},{"floor":26,"key":"Snack Pack"},{"floor":28,"key":"MawBank"},{"floor":31,"key":"Orichalcum"},{"floor":36,"key":"Pen Nib"},{"floor":41,"key":"Replay:Accelerometer"},{"floor":43,"key":"ReplayFunnel"},{"floor":44,"key":"ReplayTheSpireMod:Ninjato"},{"floor":46,"key":"Whetstone"},{"floor":47,"key":"Replay:Mystery Machine"},{"floor":54,"key":"halation:BottledLove"}],"event_choices":[],"is_beta":false,"boss_relics":[{"not_picked":["conspire:SeveredTorchhead","energizedSpire:NeverEndingSparkler"],"picked":"Coffee Dripper"},{"not_picked":["Painkiller Herb","Calling Bell"],"picked":"hubris:Backtick"}],"items_purged_floors":[3,21,37,53],"is_endless":false,"potions_floor_spawned":[1,13,14,24,28,33,41,44,48],"ascension_level":7}}