{"host":"8u7tvcybuv0u72fd","time":1612238481,"event":{"mods":["BaseMod","BetterRewards","Colored Map","Colored Powertips","Minty Spire (QoL Compilation)","Quick Restart","Shop Mod"],"gold_per_floor":[130,190,226,401,120,120,165,216,240,279,39,39,39,75,75,223,223,290,290,5,65,129,129,210,210,210,210,274,324,46,46,46,168,168,207,225,225,225,111,162,175,175,175,234,234,584,131,131,131,131,131,131,13,69,69],"floor_reached":56,"language":"ENG","playtime":2606,"items_purged":["Strike_R","Strike_R","Madness+1"],"score":1691,"play_id":"4d69c12e-1741-4da0-b23c-e580efdc2551","local_time":"20210201230120","is_ascension_mode":false,"campfire_choices":[{"data":"Body Slam","floor":6.0,"key":"SMITH"},{"data":"Uppercut","floor":13.0,"key":"SMITH"},{"data":"HandOfGreed","floor":15.0,"key":"SMITH"},{"data":"Iron Wave","floor":23.0,"key":"SMITH"},{"data":"Defend_R","floor":25.0,"key":"SMITH"},{"data":"Defend_R","floor":32.0,"key":"SMITH"},{"floor":42.0,"key":"RECALL"},{"floor":45.0,"key":"REST"},{"data":"Metallicize","floor":49,"key":"SMITH"},{"floor":52,"key":"REST"}],"circlet_count":0,"master_deck":["Strike_R+1","Strike_R+1","Strike_R+1","Defend_R+1","Defend_R+1","Defend_R+1","Defend_R+1","Bash+1","Iron Wave+1","HandOfGreed+1","Body Slam+1","Uppercut+1","Shrug It Off+1","Seeing Red+1","Dropkick+1","Double Tap+1","Flex+1","Madness+1","Cleave+1","Metallicize+1"],"relics":["Black Blood","Omamori","Strawberry","Bag of Preparation","War Paint","Potion Belt","MerchantsRug","Juzu Bracelet","PreservedInsect","Mercury Hourglass","Calling Bell","Happy Flower","Paper Frog","Pocketwatch","Toxic Egg 2","Pen Nib","The Courier","Enchiridion","Torii","Pantograph","Bronze Scales","Vajra","Orichalcum","FossilizedHelix","Whetstone","Old Coin","Oddly Smooth Stone","Red Skull","Bag of Marbles","TheAbacus","Anchor"],"acts_visited":["TheCity","TheBeyond","TheEnding"],"potions_floor_usage":[55,55,55,55,55,55,55,55],"damage_taken":[{"damage":3.0,"enemies":"Jaw Worm","floor":1.0,"turns":3.0},{"damage":2.0,"enemies":"2 Louse","floor":2.0,"turns":6.0},{"damage":2.0,"enemies":"Cultist","floor":3.0,"turns":5.0},{"damage":24.0,"enemies":"Gremlin Nob","floor":7.0,"turns":5.0},{"damage":7.0,"enemies":"2 Fungi Beasts","floor":8.0,"turns":4.0},{"damage":18.0,"enemies":"Exordium Thugs","floor":10.0,"turns":5.0},{"damage":0.0,"enemies":"3 Louse","floor":14.0,"turns":3.0},{"damage":15.0,"enemies":"Slime Boss","floor":16.0,"turns":8.0},{"damage":15.0,"enemies":"3 Byrds","floor":18.0,"turns":4.0},{"damage":6.0,"enemies":"2 Thieves","floor":21.0,"turns":4.0},{"damage":4.0,"enemies":"Shelled Parasite and Fungi","floor":22.0,"turns":5.0},{"damage":13.0,"enemies":"Slavers","floor":24.0,"turns":6.0},{"damage":0.0,"enemies":"Centurion and Healer","floor":28.0,"turns":5.0},{"damage":5.0,"enemies":"Book of Stabbing","floor":29.0,"turns":4.0},{"damage":0.0,"enemies":"Champ","floor":33.0,"turns":8.0},{"damage":4.0,"enemies":"3 Darklings","floor":35.0,"turns":7.0},{"damage":7.0,"enemies":"Orb Walker","floor":36.0,"turns":3.0},{"damage":16.0,"enemies":"Reptomancer","floor":40.0,"turns":5.0},{"damage":1.0,"enemies":"3 Darklings","floor":41.0,"turns":3.0},{"damage":1.0,"enemies":"Giant Head","floor":44.0,"turns":4.0},{"damage":41.0,"enemies":"2 Orb Walkers","floor":46.0,"turns":6.0},{"damage":36,"enemies":"Donu and Deca","floor":50,"turns":5},{"damage":22,"enemies":"Shield and Spear","floor":54,"turns":3},{"damage":79,"enemies":"The Heart","floor":55,"turns":7}],"seed_played":"6538295291594700233","potions_obtained":[{"floor":1.0,"key":"Energy Potion"},{"floor":3.0,"key":"LiquidBronze"},{"floor":14.0,"key":"BloodPotion"},{"floor":21.0,"key":"LiquidBronze"},{"floor":22.0,"key":"Regen Potion"},{"floor":24.0,"key":"PowerPotion"},{"floor":29.0,"key":"GamblersBrew"},{"floor":35.0,"key":"SteroidPotion"}],"is_trial":false,"path_per_floor":["M","M","M","?","$","R","E","M","T","M","$","?","R","M","R","B",null,"M","?","$","M","M","R","E","R","T","?","M","E","$","?","R","B",null,"M","M","?","T","$","E","M","R","T","E","R","?","$","?","R","B",null,"R","$","E","B",null],"character_chosen":"IRONCLAD","items_purchased":["Omamori","Iron Wave","Strawberry","Bag of Preparation","HandOfGreed","War Paint","Potion Belt","EntropicBrew","BloodPotion","MerchantsRug","Juzu Bracelet","Mercury Hourglass","Toxic Egg 2","Shrug It Off+1","Pantograph","Vajra","Oddly Smooth Stone","Red Skull","Bag of Marbles","TheAbacus"],"campfire_rested":2,"item_purchase_floors":[0,0,0,0,0,0,0,0,0,5,5,11,20,20,30,39,47,47,47,53],"current_hp_per_floor":[42,46,50,50,67,67,49,48,48,36,36,19,19,42,42,33,87,78,78,78,78,80,80,73,73,73,57,63,64,64,64,64,87,87,87,87,76,76,76,72,83,83,83,87,87,58,58,58,58,59,87,87,87,77,34],"gold":69,"neow_bonus":"","is_daily":false,"chose_seed":false,"campfire_upgraded":7,"win_rate":0.0,"timestamp":1612238480,"path_taken":["M","M","M","?","$","R","E","M","T","M","$","?","R","M","R","BOSS","M","?","$","M","M","R","E","R","T","?","M","E","?","?","R","BOSS","M","M","?","?","$","E","M","R","T","E","R","?","$","?","R","BOSS","R","$","E","BOSS"],"items_purchased_type":["Relic","Card","Relic","Relic","Card","Relic","Relic","Potion","Potion","Relic","Relic","Relic","Relic","Card","Relic","Relic","Relic","Relic","Relic","Relic"],"build_version":"2020-12-22","purchased_purges":3,"victory":true,"max_hp_per_floor":[87,87,87,87,87,87,87,87,87,87,87,87,87,87,87,87,87,87,87,87,87,87,87,87,87,87,87,87,87,87,87,87,87,87,87,87,87,87,87,87,87,87,87,87,87,87,87,87,87,87,87,87,87,87,87],"card_choices":[{"not_picked":["Iron Wave","Anger","Cleave"],"picked":"SKIP","floor":1.0},{"not_picked":["Rupture","Hemokinesis"],"picked":"Body Slam","floor":2.0},{"not_picked":["Clothesline","Perfected Strike","Clash"],"picked":"SKIP","floor":3.0},{"not_picked":["Hemokinesis","Inflame"],"picked":"Uppercut","floor":7.0},{"not_picked":["Searing Blow","Entrench","Dark Embrace"],"picked":"SKIP","floor":8.0},{"not_picked":["Demon Form","Pommel Strike","Cleave"],"picked":"SKIP","floor":10.0},{"not_picked":["Flex","Warcry","Twin Strike"],"picked":"SKIP","floor":14.0},{"not_picked":["Thunderclap+1","Evolve","Flex"],"picked":"SKIP","floor":18.0},{"not_picked":["True Grit+1","Dropkick","Pummel"],"picked":"SKIP","floor":21.0},{"not_picked":["Anger+1","Dual Wield+1","Thunderclap"],"picked":"SKIP","floor":22.0},{"not_picked":["Carnage","Reaper"],"picked":"Seeing Red+1","floor":24.0},{"not_picked":["Heavy Blade+1","Sword Boomerang","Wild Strike"],"picked":"SKIP","floor":28.0},{"not_picked":["Wild Strike","Anger"],"picked":"Dropkick+1","floor":29.0},{"not_picked":["Fiend Fire","Impervious+1"],"picked":"Double Tap+1","floor":33.0},{"not_picked":["True Grit+1","Shrug It Off+1"],"picked":"Flex+1","floor":35.0},{"not_picked":["Twin Strike","Clothesline","Heavy Blade"],"picked":"SKIP","floor":36.0},{"not_picked":["Clothesline","Pommel Strike","Anger+1"],"picked":"SKIP","floor":40.0},{"not_picked":["True Grit+1","Twin Strike","Whirlwind+1"],"picked":"SKIP","floor":41.0},{"not_picked":["Bloodletting+1","Body Slam+1","True Grit+1"],"picked":"SKIP","floor":44.0},{"not_picked":["Perfected Strike+1","Wild Strike+1"],"picked":"Cleave+1","floor":46.0},{"not_picked":["Perfected Strike+1","Clothesline","Evolve+1"],"picked":"SKIP","floor":54}],"player_experience":1479230,"relics_obtained":[{"floor":7.0,"key":"PreservedInsect"},{"floor":17.0,"key":"Happy Flower"},{"floor":17.0,"key":"Paper Frog"},{"floor":17.0,"key":"Pocketwatch"},{"floor":24.0,"key":"Pen Nib"},{"floor":26.0,"key":"The Courier"},{"floor":27.0,"key":"Enchiridion"},{"floor":29.0,"key":"Torii"},{"floor":38.0,"key":"Bronze Scales"},{"floor":40.0,"key":"Orichalcum"},{"floor":43.0,"key":"FossilizedHelix"},{"floor":44.0,"key":"Whetstone"},{"floor":46.0,"key":"Old Coin"},{"floor":54,"key":"Anchor"}],"event_choices":[{"damage_healed":0.0,"max_hp_gain":0.0,"max_hp_loss":0.0,"gold_gain":175.0,"event_name":"Liars Game","player_choice":"AGREE","floor":4.0,"gold_loss":0.0,"damage_taken":0.0,"cards_obtained":["Doubt"]},{"damage_healed":0.0,"max_hp_gain":0.0,"max_hp_loss":0.0,"gold_gain":0.0,"event_name":"Shining Light","player_choice":"Entered Light","floor":12.0,"gold_loss":0.0,"damage_taken":17.0,"cards_upgraded":["Bash","Strike_R"]},{"damage_healed":0.0,"max_hp_gain":0.0,"max_hp_loss":0.0,"gold_gain":0.0,"event_name":"Vampires","player_choice":"Ignored","floor":19.0,"gold_loss":0.0,"damage_taken":0.0},{"damage_healed":0.0,"max_hp_gain":0.0,"max_hp_loss":0.0,"gold_gain":0.0,"event_name":"Cursed Tome","player_choice":"Obtained Book","floor":27.0,"gold_loss":0.0,"damage_taken":16.0},{"damage_healed":0.0,"max_hp_gain":0.0,"max_hp_loss":0.0,"gold_gain":0.0,"event_name":"Ghosts","player_choice":"Ignored","floor":31.0,"gold_loss":0.0,"damage_taken":0.0},{"damage_healed":0.0,"max_hp_gain":0.0,"max_hp_loss":0.0,"gold_gain":0.0,"event_name":"Winding Halls","player_choice":"Embrace Madness","floor":37.0,"gold_loss":0.0,"damage_taken":11.0,"cards_obtained":["Madness","Madness"]},{"damage_healed":0.0,"max_hp_gain":0.0,"max_hp_loss":0.0,"gold_gain":0.0,"event_name":"Mysterious Sphere","player_choice":"Fight","floor":46.0,"gold_loss":0.0,"damage_taken":0.0},{"damage_healed":0,"gold_gain":0,"player_choice":"1 cards matched","damage_taken":0,"max_hp_gain":0,"max_hp_loss":0,"event_name":"Match and Keep!","floor":48,"gold_loss":0,"cards_obtained":["Metallicize"]}],"is_beta":false,"boss_relics":[{"not_picked":["Astrolabe","Snecko Eye"],"picked":"Calling Bell"},{"not_picked":["Runic Cube","Runic Dome"],"picked":"Black Blood"}],"items_purged_floors":[0,30,47],"is_endless":false,"potions_floor_spawned":[1,3,14,21,22,24,29,35,44],"ascension_level":0}}