{"host":"eaiphzh066bwqdh7","time":1612226706,"event":{"mods":["BaseMod","Better Note","Halation","Hubris","Minty Spire (QoL Compilation)","Reliquary","Replay The Spire","StSLib"],"gold_per_floor":[117,117,135,60,85,85,35,35,58,58,38,60,60,80,80,229,229,251,259,259],"floor_reached":19,"language":"ENG","playtime":418,"items_purged":["Defend_B"],"score":181,"play_id":"19291f42-12d0-4e21-890d-4524861ee6f9","local_time":"20210201194506","is_ascension_mode":true,"campfire_choices":[{"floor":6,"key":"REST"},{"data":"Streamline","floor":8,"key":"SMITH"},{"floor":15,"key":"REST"}],"circlet_count":0,"master_deck":["Strike_B","Strike_B","Strike_B","Strike_B","Defend_B","Defend_B","Zap","Dualcast","Conserve Battery","Streamline+1","Defragment","Echo Form","Fusion+1"],"relics":["Cracked Core","reliquary:PartyBalloon","Golden Idol","halation:IllGainedPizza","Prayer Wheel"],"acts_visited":["Exordium","TheCity"],"potions_floor_usage":[16,16,16,19],"damage_taken":[{"damage":2,"enemies":"Jaw Worm","floor":1,"turns":3},{"damage":10,"enemies":"Small Slimes","floor":3,"turns":3},{"damage":0,"enemies":"Cultist","floor":5,"turns":3},{"damage":3,"enemies":"2 Fungi Beasts","floor":12,"turns":3},{"damage":5,"enemies":"Looter","floor":14,"turns":3},{"damage":44,"enemies":"The Guardian","floor":16,"turns":10},{"damage":18,"enemies":"Spheric Guardian","floor":18,"turns":4},{"damage":67,"enemies":"Masked Bandits","floor":19,"turns":3}],"seed_played":"1754565175623393903","potions_obtained":[{"floor":1,"key":"ColorlessPotion"},{"floor":3,"key":"SkillPotion"},{"floor":11,"key":"EssenceOfSteel"},{"floor":14,"key":"Explosive Potion"},{"floor":18,"key":"PowerPotion"}],"is_trial":false,"path_per_floor":["M","?","M","$","M","R","?","R","T","$","?","M","$","M","R","B",null,"M","?"],"character_chosen":"DEFECT","items_purchased":[],"campfire_rested":2,"item_purchase_floors":[],"current_hp_per_floor":[73,55,45,45,45,67,67,67,67,67,67,64,64,59,75,31,75,57,0,0],"gold":259,"neow_bonus":"RANDOM_COMMON_RELIC","is_daily":false,"chose_seed":false,"campfire_upgraded":1,"win_rate":0.0,"timestamp":1612226706,"path_taken":["M","?","M","$","M","R","?","R","T","?","?","M","$","?","R","BOSS","M","?"],"items_purchased_type":[],"build_version":"2020-12-22","purchased_purges":1,"victory":false,"max_hp_per_floor":[75,75,75,75,75,75,75,75,75,75,75,75,75,75,75,75,75,75,75,75],"card_choices":[{"not_picked":["ReplayTheSpireMod:Reroute Power","Sweeping Beam","Skim"],"picked":"SKIP","floor":1},{"not_picked":["Barrage","Hologram"],"picked":"Conserve Battery","floor":3},{"not_picked":["Darkness","ReplaySolidLightProjector"],"picked":"Streamline","floor":5},{"not_picked":["ReplayTheSpireMod:GoodbyeWorld","Hologram"],"picked":"Defragment","floor":12},{"not_picked":["Tempest","Reprogram","Beam Cell"],"picked":"SKIP","floor":14},{"not_picked":["Machine Learning","Creative AI"],"picked":"Echo Form","floor":16},{"not_picked":["ReplayTheSpireMod:GoodbyeWorld","Rebound+1"],"picked":"Fusion+1","floor":18},{"not_picked":["Crystallizer","Compile Driver","Time Bomb"],"picked":"SKIP","floor":18}],"player_experience":228425,"relics_obtained":[{"floor":9,"key":"halation:IllGainedPizza"}],"event_choices":[{"damage_healed":0,"gold_gain":0,"player_choice":"Take Damage","damage_taken":18,"relics_obtained":["Golden Idol"],"max_hp_gain":0,"max_hp_loss":0,"event_name":"Golden Idol","floor":2,"gold_loss":0},{"cards_removed":["Defend_B"],"damage_healed":0,"gold_gain":0,"player_choice":"Card Removal","damage_taken":0,"max_hp_gain":0,"max_hp_loss":0,"event_name":"The Cleric","floor":7,"gold_loss":50},{"damage_healed":0,"gold_gain":0,"player_choice":"Bought 1 Potion","damage_taken":0,"max_hp_gain":0,"max_hp_loss":0,"event_name":"The Woman in Blue","floor":11,"gold_loss":0},{"damage_healed":0,"gold_gain":0,"player_choice":"Fought Bandits","damage_taken":0,"max_hp_gain":0,"max_hp_loss":0,"event_name":"Masked Bandits","floor":19,"gold_loss":0}],"is_beta":false,"boss_relics":[{"not_picked":["hubris:BlackHole","halation:HeavySnake","Philosopher\u0027s Stone"]}],"items_purged_floors":[4],"is_endless":false,"potions_floor_spawned":[1,3,14,18],"killed_by":"Masked Bandits","ascension_level":3}}