{"host":"19r1ww88x2tc73i0","time":1612297788,"event":{"mods":["BaseMod","BetterRewards","Colored Map","Minty Spire (QoL Compilation)","Relic Stats","StSLib","SuperFastMode","slay the spire mod where everything is the same but ironclad has a cowboy hat"],"gold_per_floor":[112,128,141,157,175,175,188,188,188,214,214,214,247,397,397,496,496,517,249,263,286,311,352,372,372,372,397,397,397,411,427,427,522,522,540,540,873,537,537,537,537,537,591,623,256,256,275,275,275,275,275,275],"floor_reached":51,"language":"ENG","playtime":2119,"items_purged":["Strike_G","Doubt"],"score":1514,"play_id":"84c95259-d97a-43d3-a24c-8f1a0ecae838","local_time":"25640203032948","is_ascension_mode":true,"campfire_choices":[{"data":"Neutralize","floor":6.0,"key":"SMITH"},{"data":"Dagger Spray","floor":8.0,"key":"SMITH"},{"floor":12.0,"key":"REST"},{"data":"Corpse Explosion","floor":15.0,"key":"SMITH"},{"data":"Leg Sweep","floor":29.0,"key":"SMITH"},{"data":"Catalyst","floor":32.0,"key":"SMITH"},{"data":"Bullet Time","floor":40.0,"key":"SMITH"},{"data":"Leg Sweep","floor":46.0,"key":"SMITH"},{"floor":49,"key":"RECALL"}],"circlet_count":0,"master_deck":["AscendersBane","Strike_G","Strike_G","Defend_G","Defend_G","Defend_G","Defend_G","Defend_G","Survivor","Neutralize+1","Deadly Poison+1","Footwork+1","Dagger Spray+1","Poisoned Stab","Corpse Explosion+1","Well Laid Plans+1","Footwork+1","Tools of the Trade+1","Envenom+1","Backstab+1","Leg Sweep+1","Noxious Fumes+1","Dodge and Roll","Acrobatics","Catalyst+1","Deadly Poison+1","Escape Plan+1","Flying Knee","Doppelganger","Deflect+1","Blade Dance","Dodge and Roll","Bullet Time+1","Escape Plan+1","Leg Sweep+1","Cloak And Dagger+1","PiercingWail+1","Concentrate+1","Dodge and Roll+1"],"relics":["Ring of the Snake","Paper Crane","Frozen Egg 2","The Specimen","Tiny Chest","Lizard Tail","HoveringKite","Anchor","Prayer Wheel","Eternal Feather","Pantograph","Empty Cage","Pocketwatch","Orichalcum","Toxic Egg 2","Lee\u0027s Waffle","War Paint","Regal Pillow"],"acts_visited":["Exordium","TheCity","TheBeyond"],"potions_floor_usage":[50],"damage_taken":[{"damage":7.0,"enemies":"2 Louse","floor":1.0,"turns":4.0},{"damage":4.0,"enemies":"Small Slimes","floor":2.0,"turns":4.0},{"damage":2.0,"enemies":"Jaw Worm","floor":3.0,"turns":5.0},{"damage":3.0,"enemies":"Blue Slaver","floor":4.0,"turns":5.0},{"damage":9.0,"enemies":"3 Louse","floor":5.0,"turns":3.0},{"damage":4.0,"enemies":"Looter","floor":7.0,"turns":4.0},{"damage":28.0,"enemies":"Lagavulin","floor":10.0,"turns":7.0},{"damage":10.0,"enemies":"3 Sentries","floor":13.0,"turns":7.0},{"damage":22.0,"enemies":"Hexaghost","floor":16.0,"turns":9.0},{"damage":5.0,"enemies":"Chosen","floor":18.0,"turns":6.0},{"damage":0.0,"enemies":"2 Thieves","floor":20.0,"turns":3.0},{"damage":19.0,"enemies":"Shelled Parasite and Fungi","floor":21.0,"turns":6.0},{"damage":7.0,"enemies":"Centurion and Healer","floor":22.0,"turns":4.0},{"damage":24.0,"enemies":"Gremlin Leader","floor":23.0,"turns":7.0},{"damage":10.0,"enemies":"Snake Plant","floor":24.0,"turns":6.0},{"damage":0.0,"enemies":"3 Cultists","floor":27.0,"turns":2.0},{"damage":17.0,"enemies":"Snecko","floor":30.0,"turns":5.0},{"damage":19.0,"enemies":"Centurion and Healer","floor":31.0,"turns":5.0},{"damage":0.0,"enemies":"Champ","floor":33.0,"turns":12.0},{"damage":37.0,"enemies":"Orb Walker","floor":35.0,"turns":6.0},{"damage":18.0,"enemies":"Nemesis","floor":44.0,"turns":9.0},{"damage":2.0,"enemies":"3 Darklings","floor":47.0,"turns":3.0},{"damage":61,"enemies":"Donu and Deca","floor":50,"turns":11},{"damage":32,"enemies":"Awakened One","floor":51,"turns":2}],"seed_played":"-6868427975287677705","potions_obtained":[{"floor":4.0,"key":"FearPotion"},{"floor":5.0,"key":"Regen Potion"},{"floor":7.0,"key":"Dexterity Potion"},{"floor":16.0,"key":"Swift Potion"},{"floor":20.0,"key":"FearPotion"},{"floor":22.0,"key":"Explosive Potion"},{"floor":27.0,"key":"Dexterity Potion"},{"floor":30.0,"key":"GamblersBrew"},{"floor":33.0,"key":"ColorlessPotion"},{"floor":35.0,"key":"Energy Potion"}],"is_trial":false,"path_per_floor":["M","M","M","M","M","R","M","R","T","E","?","R","E","?","R","B",null,"M","$","M","M","M","E","M","?","T","M","T","R","M","M","R","B",null,"M","?","?","$","?","R","T","?","T","E","$","R","M","T","R","B","B"],"character_chosen":"THE_SILENT","items_purchased":["Paper Crane","Frozen Egg 2","Anchor","Pocketwatch","Lee\u0027s Waffle","War Paint","PiercingWail+1"],"campfire_rested":1,"item_purchase_floors":[0,0,19,38,45,45,45],"current_hp_per_floor":[52,48,46,43,34,34,30,30,30,17,17,35,25,25,25,3,46,41,41,41,22,15,23,13,25,25,25,25,43,26,7,25,50,58,21,21,21,21,21,42,42,42,42,24,67,67,65,65,67,6,0,0],"gold":275,"neow_bonus":"","is_daily":false,"chose_seed":false,"campfire_upgraded":7,"win_rate":0.0,"timestamp":1612297788,"path_taken":["M","M","M","M","M","R","M","R","T","E","?","R","E","?","R","BOSS","M","$","M","M","M","E","M","?","T","M","?","R","M","M","R","BOSS","M","?","?","$","?","R","?","?","T","E","?","R","?","?","R","BOSS","BOSS"],"items_purchased_type":["Relic","Relic","Relic","Relic","Relic","Relic","Card"],"build_version":"2020-12-22","purchased_purges":2,"victory":false,"max_hp_per_floor":[66,66,66,66,66,66,66,66,66,66,60,60,60,60,60,60,60,60,60,60,60,60,60,60,60,60,60,60,60,60,60,60,60,60,60,60,60,60,60,60,60,60,60,60,67,67,67,67,67,67,67,67],"relic_stats":{"Lee\u0027s Waffle":43,"Regal Pillow":0,"counters":[46,235],"HoveringKite":[51],"Eternal Feather":59,"Orichalcum":[12],"War Paint":["Escape Plan","Deadly Poison"],"Lizard Tail":30,"Pantograph":50,"Tiny Chest":3,"Prayer Wheel":6,"obtain_stats":[{"TwistedFunnel":0,"Regal Pillow":13,"Gremlin Horn":3,"Vajra":10,"HoveringKite":17,"Sling":0,"Smiling Mask":7,"Empty Cage":34,"Lizard Tail":13,"Pantograph":28,"Tiny Chest":10,"Prayer Wheel":23,"Kunai":0,"Toxic Egg 2":44,"Ring of the Snake":0,"Lee\u0027s Waffle":45,"The Specimen":9,"Golden Idol":11,"Eternal Feather":26,"Pen Nib":0,"Odd Mushroom":7,"Frozen Egg 2":0,"Paper Crane":0,"Orichalcum":43,"War Paint":45,"MawBank":9,"Medical Kit":0,"Strange Spoon":0,"Anchor":19,"Shuriken":0,"Bronze Scales":6,"Pandora\u0027s Box":17,"Turnip":0,"Toy Ornithopter":9,"Pocketwatch":38},{"TwistedFunnel":18,"Regal Pillow":5,"Gremlin Horn":1,"Vajra":5,"HoveringKite":31,"Sling":10,"Smiling Mask":15,"Empty Cage":41,"Lizard Tail":30,"Pantograph":38,"Tiny Chest":29,"Prayer Wheel":36,"Kunai":10,"Toxic Egg 2":43,"Ring of the Snake":0,"Lee\u0027s Waffle":43,"The Specimen":28,"Golden Idol":5,"Eternal Feather":37,"Pen Nib":22,"Odd Mushroom":4,"Frozen Egg 2":22,"Paper Crane":22,"Orichalcum":42,"War Paint":43,"MawBank":4,"Medical Kit":22,"Strange Spoon":18,"Anchor":32,"Shuriken":22,"Bronze Scales":3,"Pandora\u0027s Box":7,"Turnip":10,"Toy Ornithopter":15,"Pocketwatch":42},{"TwistedFunnel":90,"Regal Pillow":30,"Gremlin Horn":8,"Vajra":30,"HoveringKite":148,"Sling":48,"Smiling Mask":72,"Empty Cage":204,"Lizard Tail":139,"Pantograph":182,"Tiny Chest":132,"Prayer Wheel":174,"Kunai":48,"Toxic Egg 2":219,"Ring of the Snake":0,"Lee\u0027s Waffle":219,"The Specimen":125,"Golden Idol":30,"Eternal Feather":180,"Pen Nib":100,"Odd Mushroom":21,"Frozen Egg 2":100,"Paper Crane":100,"Orichalcum":210,"War Paint":219,"MawBank":21,"Medical Kit":100,"Strange Spoon":90,"Anchor":154,"Shuriken":100,"Bronze Scales":18,"Pandora\u0027s Box":41,"Turnip":48,"Toy Ornithopter":72,"Pocketwatch":210}],"Ring of the Snake":[92],"Pocketwatch":[27]},"card_choices":[{"not_picked":["Escape Plan","Underhanded Strike"],"picked":"Deadly Poison","floor":1.0},{"not_picked":["Quick Slash","Slice"],"picked":"Footwork+1","floor":2.0},{"not_picked":["Escape Plan","Flechettes"],"picked":"Dagger Spray","floor":3.0},{"not_picked":["Dodge and Roll","Riddle With Holes"],"picked":"Poisoned Stab","floor":4.0},{"not_picked":["Poisoned Stab","Caltrops+1"],"picked":"Corpse Explosion","floor":5.0},{"not_picked":["Deadly Poison","Outmaneuver"],"picked":"Well Laid Plans+1","floor":7.0},{"not_picked":["Well Laid Plans+1","Choke"],"picked":"Footwork+1","floor":10.0},{"not_picked":["Underhanded Strike","Dodge and Roll"],"picked":"Tools of the Trade+1","floor":13.0},{"not_picked":["Doppelganger","Glass Knife"],"picked":"Envenom+1","floor":16.0},{"not_picked":["Distraction","Dagger Throw"],"picked":"Backstab+1","floor":18.0},{"not_picked":["Concentrate","Blur"],"picked":"Leg Sweep","floor":20.0},{"not_picked":["Reflex","Crippling Poison"],"picked":"Noxious Fumes+1","floor":21.0},{"not_picked":["Slice","Underhanded Strike"],"picked":"Dodge and Roll","floor":22.0},{"not_picked":["Eviscerate","Sucker Punch"],"picked":"Acrobatics","floor":23.0},{"not_picked":["Dagger Spray+1","Tactician"],"picked":"Catalyst","floor":24.0},{"not_picked":["PiercingWail","Slice+1"],"picked":"Deadly Poison+1","floor":24.0},{"not_picked":["Cloak And Dagger","Riddle With Holes"],"picked":"Escape Plan","floor":27.0},{"not_picked":["Prepared","Slice"],"picked":"Flying Knee","floor":27.0},{"not_picked":["Eviscerate","Underhanded Strike"],"picked":"Doppelganger","floor":30.0},{"not_picked":["All Out Attack","Underhanded Strike"],"picked":"Deflect+1","floor":30.0},{"not_picked":["Backflip","Predator"],"picked":"Blade Dance","floor":31.0},{"not_picked":["Endless Agony","Prepared"],"picked":"Dodge and Roll","floor":31.0},{"not_picked":["Night Terror","Unload"],"picked":"Bullet Time","floor":33.0},{"not_picked":["Dagger Throw","Backflip"],"picked":"Escape Plan+1","floor":35.0},{"not_picked":["Endless Agony","Quick Slash"],"picked":"Leg Sweep","floor":35.0},{"not_picked":["Blade Dance+1","Quick Slash"],"picked":"Cloak And Dagger+1","floor":44.0},{"not_picked":["Backflip+1","Prepared+1"],"picked":"Concentrate+1","floor":47.0},{"not_picked":["Eviscerate","Deflect+1"],"picked":"Dodge and Roll+1","floor":47.0}],"player_experience":993208,"relics_obtained":[{"floor":9.0,"key":"The Specimen"},{"floor":10.0,"key":"Tiny Chest"},{"floor":13.0,"key":"Lizard Tail"},{"floor":23.0,"key":"Prayer Wheel"},{"floor":26.0,"key":"Eternal Feather"},{"floor":28.0,"key":"Pantograph"},{"floor":43.0,"key":"Orichalcum"},{"floor":44.0,"key":"Toxic Egg 2"},{"floor":48,"key":"Regal Pillow"}],"event_choices":[{"damage_healed":0.0,"max_hp_gain":0.0,"max_hp_loss":6.0,"gold_gain":0.0,"event_name":"Golden Idol","player_choice":"Lose Max HP","floor":11.0,"gold_loss":0.0,"damage_taken":0.0,"relics_obtained":["Golden Idol"]},{"damage_healed":0.0,"max_hp_gain":0.0,"max_hp_loss":0.0,"gold_gain":150.0,"event_name":"Liars Game","player_choice":"AGREE","floor":14.0,"gold_loss":0.0,"damage_taken":0.0,"cards_obtained":["Doubt"]},{"damage_healed":12.0,"max_hp_gain":0.0,"max_hp_loss":0.0,"gold_gain":0.0,"event_name":"The Library","player_choice":"Heal","floor":25.0,"gold_loss":0.0,"damage_taken":0.0},{"damage_healed":0.0,"max_hp_gain":0.0,"max_hp_loss":0.0,"gold_gain":0.0,"event_name":"Mysterious Sphere","player_choice":"Ignored","floor":36.0,"gold_loss":0.0,"damage_taken":0.0},{"damage_healed":0.0,"max_hp_gain":0.0,"max_hp_loss":0.0,"gold_gain":333.0,"event_name":"The Moai Head","player_choice":"Gave Idol","floor":37.0,"relics_lost":["Golden Idol"],"gold_loss":0.0,"damage_taken":0.0},{"damage_healed":0.0,"max_hp_gain":0.0,"max_hp_loss":0.0,"gold_gain":0.0,"event_name":"SensoryStone","player_choice":"Memory 1","floor":39.0,"gold_loss":0.0,"damage_taken":0.0},{"damage_healed":0.0,"max_hp_gain":0.0,"max_hp_loss":0.0,"gold_gain":0.0,"event_name":"Tomb of Lord Red Mask","player_choice":"Ignored","floor":42.0,"gold_loss":0.0,"damage_taken":0.0}],"is_beta":false,"boss_relics":[{"not_picked":["Philosopher\u0027s Stone","Coffee Dripper"],"picked":"HoveringKite"},{"not_picked":["Runic Pyramid","Cursed Key"],"picked":"Empty Cage"}],"items_purged_floors":[0,19],"is_endless":false,"potions_floor_spawned":[4,5,7,16,20,22,27,30,33,35],"killed_by":"Awakened One","ascension_level":20}}