{"host":"eaiphzh066bwqdh7","time":1612303201,"event":{"mods":["BaseMod","Better Note","Halation","Hubris","Minty Spire (QoL Compilation)","Reliquary","Replay The Spire","StSLib"],"gold_per_floor":[110,110,110,110,285,285,302,83,109,119,133,133,133,146,146,245,245,256,181,181,181],"floor_reached":20,"language":"ENG","playtime":503,"items_purged":["Doubt"],"score":186,"play_id":"059d0a00-c221-49e0-b0ea-b24e5f2c5d7d","local_time":"20210202170001","is_ascension_mode":true,"campfire_choices":[{"floor":6,"key":"REST"},{"floor":12,"key":"REST"},{"data":"Redo","floor":15,"key":"SMITH"}],"circlet_count":0,"master_deck":["Strike_B","Strike_B","Strike_B","Defend_B","Defend_B","Defend_B","Defend_B","Zap","Dualcast","Core Surge","Gash","Redo+1","Gash","CurseOfTheBell"],"relics":["Cracked Core","hubris:Icosahedron","Calipers","Blood Vial","hubris:TenFootPole","hubris:MedicalManual","Calling Bell","Happy Flower","reliquary:Sideboard","Replay:Multitool"],"acts_visited":["Exordium","TheCity"],"potions_floor_usage":[16,16,16],"damage_taken":[{"damage":6,"enemies":"Cultist","floor":1,"turns":3},{"damage":7,"enemies":"Small Slimes","floor":7,"turns":3},{"damage":12,"enemies":"Jaw Worm","floor":10,"turns":2},{"damage":8,"enemies":"2 Fungi Beasts","floor":11,"turns":3},{"damage":10,"enemies":"Large Slime","floor":14,"turns":4},{"damage":39,"enemies":"The Guardian","floor":16,"turns":10},{"damage":42,"enemies":"2 Thieves","floor":18,"turns":5},{"damage":35,"enemies":"3 Byrds","floor":20,"turns":3}],"seed_played":"-1167056607803251994","potions_obtained":[{"floor":1,"key":"SpeedPotion"},{"floor":7,"key":"Languid Potion"},{"floor":11,"key":"Fire Potion"}],"is_trial":false,"path_per_floor":["M","$","?","?","?","R","M","$","T","M","M","R","T","M","R","B",null,"M","?","M"],"character_chosen":"DEFECT","items_purchased":["Blood Vial"],"campfire_rested":2,"item_purchase_floors":[8],"current_hp_per_floor":[69,69,69,51,51,73,66,66,66,56,50,72,72,64,64,27,75,33,33,0,0],"gold":181,"neow_bonus":"ONE_RANDOM_RARE_CARD","is_daily":false,"chose_seed":false,"campfire_upgraded":1,"win_rate":0.0,"timestamp":1612303201,"path_taken":["M","?","?","?","?","R","M","$","T","M","?","R","?","M","R","BOSS","M","?","M"],"items_purchased_type":["Relic"],"build_version":"2020-12-22","purchased_purges":1,"victory":false,"max_hp_per_floor":[75,75,75,75,75,75,75,75,75,75,75,75,75,75,75,75,75,75,75,75,75],"card_choices":[{"not_picked":["Scrape","ReplayTheSpireMod:GoodbyeWorld","Hello World"],"picked":"SKIP","floor":1},{"not_picked":["hubris:Ukulele","Compile Driver","Turbo"],"picked":"SKIP","floor":7},{"not_picked":["Reprogram","ReplayTheSpireMod:Repulse"],"picked":"Gash","floor":10},{"not_picked":["Aggregate","ReplayTheSpireMod:Reroute Power"],"picked":"Redo","floor":11},{"not_picked":["Chill","Stack"],"picked":"Gash","floor":14},{"not_picked":["ReplayTheSpireMod:Reroute Power","Undo","Beam Cell"],"picked":"SKIP","floor":18}],"player_experience":233161,"relics_obtained":[{"floor":9,"key":"hubris:TenFootPole"},{"floor":13,"key":"hubris:MedicalManual"},{"floor":17,"key":"Happy Flower"},{"floor":17,"key":"reliquary:Sideboard"},{"floor":17,"key":"Replay:Multitool"}],"event_choices":[{"damage_healed":0,"gold_gain":0,"player_choice":"Success","damage_taken":18,"relics_obtained":["Calipers"],"max_hp_gain":0,"max_hp_loss":0,"event_name":"Scrap Ooze","floor":4,"gold_loss":0},{"damage_healed":0,"gold_gain":175,"player_choice":"AGREE","damage_taken":0,"max_hp_gain":0,"max_hp_loss":0,"event_name":"Liars Game","floor":5,"gold_loss":0,"cards_obtained":["Doubt"]},{"cards_removed":["Strike_B"],"damage_healed":0,"gold_gain":0,"player_choice":"Gave Gold","damage_taken":0,"max_hp_gain":0,"max_hp_loss":0,"event_name":"Beggar","floor":19,"gold_loss":75}],"is_beta":false,"boss_relics":[{"not_picked":["halation:Prosthetics","halation:LoveArrow"],"picked":"Calling Bell"}],"items_purged_floors":[8],"is_endless":false,"potions_floor_spawned":[1,7,11],"killed_by":"3 Byrds","ascension_level":3}}