{"host":"j3zzt5y7g79qwjgw","time":1612276380,"event":{"mods":["BaseMod","Downfall","Minty Spire (QoL Compilation)","StSLib"],"gold_per_floor":[99,110,125,144,244,244,244,276,288,288,288,288],"floor_reached":10,"language":"ENG","playtime":741,"items_purged":[],"score":78,"play_id":"baa392ab-a74c-468e-a309-2158650fd058","local_time":"20210202200300","is_ascension_mode":true,"campfire_choices":[{"floor":1.0,"key":"RECALL"}],"circlet_count":0,"master_deck":["Slimebound:Strike_Slimebound","Slimebound:Strike_Slimebound","Slimebound:Defend_Slimebound","Slimebound:Defend_Slimebound","Slimebound:Defend_Slimebound","Slimebound:Split","Slimebound:CorrosiveSpit","Slimebound:SplitBruiser+1","Slimebound:SlimeSpikes","Slimebound:SpikyOuterGoop","Slimebound:ViciousTackle","Slimebound:FinishingTackle","Slimebound:Gluttony","Slimebound:OozeBath"],"relics":["Slimebound:AbsorbEndCombat","Bag of Marbles","Matryoshka","Blood Vial"],"acts_visited":["Exordium"],"potions_floor_usage":[9],"damage_taken":[{"damage":7.0,"enemies":"Jaw Worm","floor":2.0,"turns":4.0},{"damage":0.0,"enemies":"Small Slimes","floor":3.0,"turns":3.0},{"damage":1.0,"enemies":"Cultist","floor":4.0,"turns":3.0},{"damage":48.0,"enemies":"downfall:Heads","floor":5.0,"turns":7.0},{"damage":23.0,"enemies":"Lagavulin","floor":8.0,"turns":6.0},{"damage":12,"enemies":"Large Slime","floor":9,"turns":7},{"damage":0,"enemies":"3 Sentries","floor":10,"turns":1}],"seed_played":"-7558721458477693963","potions_obtained":[{"floor":3.0,"key":"PowerPotion"},{"floor":5.0,"key":"Swift Potion"},{"floor":8.0,"key":"SpeedPotion"}],"is_trial":false,"path_per_floor":["R","M","M","M","?","?","T","E","M","E"],"character_chosen":"SLIMEBOUND","items_purchased":[],"campfire_rested":0,"item_purchase_floors":[],"current_hp_per_floor":[65,60,62,63,23,23,23,8,2,4,4,4],"gold":288,"neow_bonus":"RANDOM_COMMON_RELIC","is_daily":false,"chose_seed":false,"campfire_upgraded":0,"win_rate":0.0,"timestamp":1612276380,"path_taken":["R","M","M","M","?","?","T","E","M","E"],"items_purchased_type":[],"build_version":"2020-12-22","purchased_purges":0,"victory":false,"max_hp_per_floor":[65,65,65,65,65,65,65,65,65,65,65,65],"card_choices":[{"not_picked":["Slimebound:SamplingLick","Slimebound:MegaLick"],"picked":"Slimebound:SplitBruiser","floor":2.0},{"not_picked":["Slimebound:HauntingLick","Slimebound:Prepare"],"picked":"Slimebound:SlimeSpikes","floor":3.0},{"not_picked":["Slimebound:Dissolve","Slimebound:RejuvenatingLick"],"picked":"Slimebound:SpikyOuterGoop","floor":4.0},{"not_picked":["Slimebound:LeadByExample","Slimebound:HauntingLick"],"picked":"Slimebound:ViciousTackle","floor":5.0},{"not_picked":["Slimebound:ServeAndProtect","Slimebound:SlimeTap"],"picked":"Slimebound:OozeBath","floor":8.0},{"not_picked":["Slimebound:SplitBruiser","Slimebound:SplitAcid","Slimebound:ItLooksTasty"],"picked":"SKIP","floor":9}],"player_experience":304204,"relics_obtained":[{"floor":7.0,"key":"Matryoshka"},{"floor":8.0,"key":"Blood Vial"}],"event_choices":[],"is_beta":false,"boss_relics":[],"items_purged_floors":[],"is_endless":false,"potions_floor_spawned":[3,5,8],"killed_by":"3 Sentries","ascension_level":3}}