{"host":"sav7uxregyirlf69","time":1612251890,"event":{"mods":["AchievementEnabler","BaseMod","Colored Map","DeckTracker","Keyboard Shortcuts","Minty Spire (QoL Compilation)","READ ME - Guardian Mod","StSLib","SuperFastMode"],"gold_per_floor":[112,37,37,112,112,143,218,243,243,67,85,85,103,59,59,59,59],"floor_reached":16,"language":"KOR","playtime":169,"items_purged":["Strike_G","Strike_G"],"score":312,"play_id":"0c31d945-b1d4-48d8-af84-8ff1621be1b9","local_time":"20210202164450","is_ascension_mode":true,"campfire_choices":[{"data":"Storm of Steel","floor":12,"key":"SMITH"},{"data":"Terror","floor":15,"key":"SMITH"}],"circlet_count":0,"master_deck":["AscendersBane","Strike_G","Strike_G","Strike_G","Defend_G","Defend_G","Defend_G","Defend_G+1","Defend_G+1","Survivor","Neutralize","Dash","Dagger Throw","Storm of Steel+1","Well Laid Plans","Terror+1","Calculated Gamble"],"relics":["Ring of the Snake","NeowsBlessing","Tingsha","Pear","War Paint","Pantograph"],"acts_visited":["Exordium"],"potions_floor_usage":[],"damage_taken":[{"damage":0,"enemies":"Small Slimes","floor":1,"turns":1},{"damage":0,"enemies":"Lagavulin","floor":6,"turns":1},{"damage":0,"enemies":"3 Sentries","floor":8,"turns":1},{"damage":0,"enemies":"2 Louse","floor":11,"turns":3},{"damage":0,"enemies":"Jaw Worm","floor":13,"turns":1},{"damage":81,"enemies":"Slime Boss","floor":16,"turns":11}],"seed_played":"472899859823551298","potions_obtained":[{"floor":1,"key":"Strength Potion"},{"floor":11,"key":"Weak Potion"},{"floor":13,"key":"FearPotion"}],"is_trial":false,"path_per_floor":["M","$","?","?","?","E","T","E","T","$","M","R","M","$","R","B"],"character_chosen":"THE_SILENT","items_purchased":["Well Laid Plans","Calculated Gamble"],"campfire_rested":0,"item_purchase_floors":[10,14],"current_hp_per_floor":[59,59,59,48,53,53,63,63,63,63,63,63,63,63,63,0,0],"gold":59,"neow_bonus":"THREE_ENEMY_KILL","is_daily":false,"chose_seed":false,"campfire_upgraded":2,"win_rate":0.0,"timestamp":1612251890,"path_taken":["M","$","?","?","?","E","?","E","T","?","M","R","M","$","R","BOSS"],"items_purchased_type":["Card","Card"],"build_version":"2020-12-22","purchased_purges":2,"victory":false,"max_hp_per_floor":[66,66,66,66,71,71,81,81,81,81,81,81,81,81,81,81,81],"card_choices":[{"not_picked":["Accuracy","Acrobatics"],"picked":"Dash","floor":1},{"not_picked":["Infinite Blades","Setup"],"picked":"Dagger Throw","floor":6},{"not_picked":["Skewer","Concentrate"],"picked":"Storm of Steel","floor":8},{"not_picked":["Slice","Predator","Deflect"],"picked":"SKIP","floor":11},{"not_picked":["Leg Sweep","Acrobatics"],"picked":"Terror","floor":13}],"player_experience":1458686,"relics_obtained":[{"floor":6,"key":"Tingsha"},{"floor":7,"key":"Pear"},{"floor":8,"key":"War Paint"},{"floor":9,"key":"Pantograph"}],"event_choices":[{"damage_healed":0,"gold_gain":0,"player_choice":"Ignored","damage_taken":0,"max_hp_gain":0,"max_hp_loss":0,"event_name":"Liars Game","floor":3,"gold_loss":0},{"damage_healed":0,"gold_gain":75,"player_choice":"Gather Gold","damage_taken":11,"max_hp_gain":0,"max_hp_loss":0,"event_name":"World of Goop","floor":4,"gold_loss":0},{"damage_healed":0,"gold_gain":0,"player_choice":"Donut","damage_taken":0,"max_hp_gain":5,"max_hp_loss":0,"event_name":"Big Fish","floor":5,"gold_loss":0}],"is_beta":false,"boss_relics":[],"items_purged_floors":[2,10],"is_endless":false,"potions_floor_spawned":[1,11,13],"killed_by":"Slime Boss","ascension_level":20}}