{"host":"bplbr8uekuotory4","time":1612265953,"event":{"mods":["Act Like it!","BaseMod","GungeonMod","Hermit","KinomotoSakuraMod(木之本樱)","Marisa（F雨　魔理沙）","Minty Spire (QoL Compilation)","Prisma Mod","Quick Restart","Reimu（博丽灵梦）","SOS（斯巴达之子）","Spicy Shops","StSLib","TestMod","The Blackbeard","The Cursed","The Mystic","The Poker Player","The Saiyan","The Senshi","The Servant 0.9.4","Yuri Mod","[IsaacMod]以撒尖塔"],"gold_per_floor":[118,43,43,60,460,460,486,486,512,512,512,512,527,104,104,172,172,228,143,143],"floor_reached":19,"language":"ZHS","playtime":262,"items_purged":["DemoMod:Strike_Huntress","Poor:ReiMu","DemoMod:RustySidearm+1"],"score":476,"play_id":"828e4824-2db8-41d6-b118-51134ad8dd29","local_time":"20210202193913","is_ascension_mode":true,"campfire_choices":[{"data":"DemoMod:ManualReload","floor":6,"key":"SMITH"},{"data":"DemoMod:Roll","floor":8,"key":"SMITH"},{"floor":10,"key":"RECALL"},{"data":"DemoMod:RustySidearm","floor":12,"key":"SMITH"},{"data":"DemoMod:CrossBow","floor":15,"key":"SMITH"}],"circlet_count":0,"master_deck":["AscendersBane","DemoMod:Strike_Huntress","DemoMod:Strike_Huntress","DemoMod:Defend_Huntress","DemoMod:Defend_Huntress","DemoMod:Defend_Huntress","DemoMod:Defend_Huntress","DemoMod:Roll+1","DemoMod:ManualReload+1","DemoMod:CrossBow+1","Bomb","Bomb","DemoMod:FinishedGun","DemoMod:Behold!"],"relics":["DemoMod:Dog","testmod-TestBox","HushsDoor","DeathBook","testmod-ObsoleteBoomerang","NeowsBlessing","YidongShenshe:ReiMu","BelialBook","testmod-IndustrialRevolution","Anchor","testmod-HarvestTotem","GuppysTail","NineLifeCat","Membership Card","Membership Card"],"acts_visited":["Exordium","TheCity"],"potions_floor_usage":[16],"damage_taken":[{"damage":0,"enemies":"2 Louse","floor":1,"turns":1},{"damage":0,"enemies":"Small Slimes","floor":4,"turns":1},{"damage":0,"enemies":"Gremlin Nob","floor":7,"turns":1},{"damage":0,"enemies":"Cultist","floor":13,"turns":1},{"damage":0,"enemies":"The Guardian","floor":16,"turns":6},{"damage":0,"enemies":"Spheric Guardian","floor":18,"turns":1}],"seed_played":"4120857007591179221","potions_obtained":[{"floor":13,"key":"Explosive Potion"},{"floor":16,"key":"BlessingOfTheForge"}],"is_trial":false,"path_per_floor":["M","$","?","M","?","R","E","R","T","R","?","R","M","$","R","B",null,"M","$"],"character_chosen":"HUNTRESS","items_purchased":["Diplopia","GuppysTail","DemoMod:Behold!","DemoMod:BlankPotion","NineLifeCat","Membership Card"],"campfire_rested":0,"item_purchase_floors":[14,17,17,17,17,19],"current_hp_per_floor":[57,57,57,57,57,57,57,57,57,57,42,42,42,42,42,42,23,23,23,23],"gold":143,"neow_bonus":"THREE_ENEMY_KILL","is_daily":false,"chose_seed":false,"campfire_upgraded":4,"win_rate":0.0,"timestamp":1612265953,"path_taken":["M","$","?","?","?","R","E","R","T","R","?","R","M","$","R","BOSS","M","$"],"items_purchased_type":["Relic","Relic","Card","Undefined","Relic","Relic"],"build_version":"2020-12-22","purchased_purges":3,"victory":false,"max_hp_per_floor":[63,63,63,63,63,63,63,63,63,63,63,63,63,63,63,63,23,23,23,23],"card_choices":[{"not_picked":["DemoMod:MegaHand","DemoMod:Unmoved"],"picked":"Bomb","floor":1},{"not_picked":["DemoMod:FastSwitch","DemoMod:Unmoved","DemoMod:PracticeMakesPerfect"],"picked":"SKIP","floor":4},{"not_picked":["DemoMod:ConditionalReflex","DemoMod:TripleGun"],"picked":"Bomb","floor":7},{"not_picked":["DemoMod:Casey","DemoMod:StickyCrossBow","DemoMod:FeignSurrender"],"picked":"SKIP","floor":13},{"not_picked":["DemoMod:Behold!","DemoMod:DoubleVision"],"picked":"DemoMod:FinishedGun","floor":16},{"not_picked":["DemoMod:MachoBrace","DemoMod:Unmoved+1","DemoMod:ShadowBullets"],"picked":"SKIP","floor":18}],"player_experience":1109193,"relics_obtained":[{"floor":7,"key":"BelialBook"},{"floor":9,"key":"testmod-IndustrialRevolution"}],"event_choices":[{"damage_healed":0,"gold_gain":0,"player_choice":"带走神社","damage_taken":0,"relics_obtained":["YidongShenshe:ReiMu"],"max_hp_gain":0,"max_hp_loss":0,"event_name":"yidonshenshe","floor":3,"gold_loss":0,"cards_obtained":["Poor:ReiMu"]},{"damage_healed":0,"gold_gain":400,"player_choice":"Sell","damage_taken":0,"max_hp_gain":0,"max_hp_loss":0,"event_name":"恩洛斯的盘子","floor":5,"relics_lost":["DemoMod:GlassGuonStoneRelic"],"gold_loss":0}],"is_beta":false,"boss_relics":[{"not_picked":["Pandora\u0027s Box","theSenshi:MoonKaleidoScopeRelic"],"picked":"testmod-HarvestTotem"},{"not_picked":[]}],"items_purged_floors":[2,14,17],"is_endless":false,"potions_floor_spawned":[13,16],"ascension_level":20}}