{"host":"hjqq38hu34hu2seo","time":1612278874,"event":{"mods":["AchievementEnabler","BaseMod","Better Third Choice","BetterRewards","Card Forge","Colored Map","Colored Powertips","DeckTracker","Highlight Path","Infinite Spire","Marisa????????","Minty Spire (QoL Compilation)","Quick Restart","StSLib","SuperFastMode","The Servant 0.9.4"],"gold_per_floor":[118,130,149,149,161,161,161,161,161,190,201,220,238,250,250,351,401,413,413,413,430,430,430,455,473,541,541,569,121,138,157,157,257,257,275,275,325,344,344,344,364,412,435,124,159,159,159,159,159,159],"floor_reached":51,"language":"ENG","playtime":1634,"items_purged":["Writhe"],"score":872,"play_id":"eb30713a-5496-41c6-b495-2aa5b5dd53ab","local_time":"20210203021434","is_ascension_mode":false,"campfire_choices":[{"floor":6,"key":"REST"},{"floor":8,"key":"REST"},{"floor":15,"key":"REST"},{"data":"Loop","floor":23,"key":"SMITH"},{"floor":27,"key":"REST"},{"floor":32,"key":"REST"},{"data":"infinitespire:Menacing","floor":40,"key":"SMITH"},{"data":"Parasite","floor":47,"key":"PURGE"},{"floor":49,"key":"REST"}],"circlet_count":0,"master_deck":["Strike_B+1","Strike_B+1","Strike_B+1","Strike_B+1","Defend_B+1","Defend_B+1","Defend_B+1","Defend_B+1","Zap+1","Dualcast+1","Sweeping Beam+1","Lockon+1","Machine Learning+1","Loop+1","Creative AI+1","Turbo+1","Consume+1","Fusion+1","Heatsinks+1","Rip and Tear+1","Self Repair+1","Barrage+1","Biased Cognition+1","CurseOfTheBell","infinitespire:Starlight+1","infinitespire:Menacing+1"],"relics":["Cracked Core","Hammer of Thor","Seething Fire","Anvil of the Gods","Emotion Chip","infinitespire:Lychee Nut","Tiny House","Mango","Oddly Smooth Stone","Meat on the Bone","Red Mask","DataDisk","OrangePellets","Calling Bell","infinitespire:Satchel","Singing Bowl","Lizard Tail","Busted Crown","Letter Opener","TungstenRod","Peace Pipe","MealTicket","Regal Pillow","Medical Kit","CeramicFish","War Paint"],"acts_visited":["Exordium","TheCity","TheBeyond"],"potions_floor_usage":[10,10,10,16,16,21,28,28,31,31,33,42,50],"damage_taken":[{"damage":16,"enemies":"infinitespire:Voidling","floor":1,"turns":3},{"damage":5,"enemies":"2 Louse","floor":2,"turns":2},{"damage":1,"enemies":"Cultist","floor":3,"turns":3},{"damage":3,"enemies":"Looter","floor":5,"turns":2},{"damage":0,"enemies":"Gremlin Nob","floor":10,"turns":3},{"damage":18,"enemies":"Exordium Thugs","floor":11,"turns":3},{"damage":9,"enemies":"2 Fungi Beasts","floor":12,"turns":3},{"damage":0,"enemies":"Large Slime","floor":13,"turns":3},{"damage":5,"enemies":"Red Slaver","floor":14,"turns":3},{"damage":19,"enemies":"The Guardian","floor":16,"turns":8},{"damage":0,"enemies":"Chosen","floor":18,"turns":4},{"damage":4,"enemies":"2 Thieves","floor":21,"turns":4},{"damage":45,"enemies":"Gremlin Leader","floor":24,"turns":6},{"damage":32,"enemies":"Sentry and Sphere","floor":25,"turns":6},{"damage":26,"enemies":"Masked Bandits","floor":28,"turns":4},{"damage":22,"enemies":"3 Cultists","floor":30,"turns":4},{"damage":3,"enemies":"Snake Plant","floor":31,"turns":3},{"damage":13,"enemies":"Automaton","floor":33,"turns":8},{"damage":25,"enemies":"3 Darklings","floor":35,"turns":5},{"damage":13,"enemies":"Mind Bloom Boss Battle","floor":37,"turns":7},{"damage":3,"enemies":"3 Shapes","floor":38,"turns":4},{"damage":6,"enemies":"Writhing Mass","floor":41,"turns":6},{"damage":81,"enemies":"2 Orb Walkers","floor":42,"turns":5},{"damage":87,"enemies":"Reptomancer","floor":45,"turns":6},{"damage":25,"enemies":"infinitespire:Three Voidlings","floor":48,"turns":4},{"damage":62,"enemies":"Time Eater","floor":50,"turns":9}],"seed_played":"-8448991593814575341","potions_obtained":[{"floor":0,"key":"EntropicBrew"},{"floor":0,"key":"Explosive Potion"},{"floor":0,"key":"SneckoOil"},{"floor":10,"key":"AttackPotion"},{"floor":14,"key":"ColorlessPotion"},{"floor":16,"key":"Swift Potion"},{"floor":17,"key":"PotionOfCapacity"},{"floor":18,"key":"PowerPotion"},{"floor":24,"key":"Ancient Potion"},{"floor":28,"key":"ColorlessPotion"},{"floor":30,"key":"Block Potion"},{"floor":37,"key":"Energy Potion"},{"floor":38,"key":"FocusPotion"},{"floor":42,"key":"SmokeBomb"}],"is_trial":false,"path_per_floor":["M","M","M","?","M","R","?","R","T","E","M","M","M","M","R","B",null,"M","?","?","M","?","R","E","M","T","R","?","$","M","M","R","B",null,"M","AVR","?","M","?","R","M","?","T","$","E","T","R","?","R","B",null],"character_chosen":"DEFECT","items_purchased":["DataDisk","OrangePellets","Self Repair","Regal Pillow","Medical Kit"],"campfire_rested":6,"item_purchase_floors":[29,29,29,44,44],"current_hp_per_floor":[59,54,53,53,50,72,72,75,75,56,40,36,41,41,56,37,61,61,61,75,74,74,74,33,7,7,29,21,21,24,45,67,70,75,63,63,78,81,81,81,83,39,39,54,66,66,66,79,84,59],"gold":159,"neow_bonus":"THREE_SMALL_POTIONS","is_daily":false,"chose_seed":false,"campfire_upgraded":2,"win_rate":0.0,"timestamp":1612278874,"path_taken":["M","?","M","?","?","R","?","R","T","E","M","M","M","M","R","BOSS","M","?","?","M","?","R","E","M","T","R","?","$","M","M","R","BOSS","M","AVR","?","M","?","R","?","?","T","$","E","?","R","?","R","BOSS"],"items_purchased_type":["Relic","Relic","Card","Relic","Relic"],"build_version":"2020-12-22","purchased_purges":1,"victory":true,"max_hp_per_floor":[75,75,75,75,75,75,75,75,75,56,56,56,56,56,56,56,61,61,61,75,75,75,75,75,75,75,75,75,75,75,75,75,75,75,77,77,79,81,81,81,83,85,85,85,87,87,84,84,84,84],"card_choices":[{"not_picked":["Sweeping Beam","Ball Lightning","Stack"],"picked":"SKIP","floor":1},{"not_picked":["Auto Shields","Rebound"],"picked":"Sweeping Beam","floor":2},{"not_picked":["Streamline","Hologram"],"picked":"Lockon","floor":3},{"not_picked":["Gash","Compile Driver","Sweeping Beam"],"picked":"SKIP","floor":5},{"not_picked":["Reprogram","Chaos"],"picked":"Loop","floor":10},{"not_picked":["Rip and Tear","Turbo","Rebound"],"picked":"SKIP","floor":11},{"not_picked":["Stack","BootSequence","Beam Cell"],"picked":"SKIP","floor":12},{"not_picked":["Ball Lightning","Scrape","Redo"],"picked":"SKIP","floor":13},{"not_picked":["Turbo","Compile Driver","Sweeping Beam"],"picked":"SKIP","floor":14},{"not_picked":["Buffer","Reboot"],"picked":"Creative AI","floor":16},{"not_picked":["Force Field","Stack+1"],"picked":"Turbo+1","floor":18},{"not_picked":["Leap","Hello World","Genetic Algorithm+1"],"picked":"SKIP","floor":21},{"not_picked":["Beam Cell","Cold Snap"],"picked":"Fusion+1","floor":24},{"not_picked":["Consume","Gash"],"picked":"Heatsinks+1","floor":25},{"not_picked":["Leap","Defragment"],"picked":"Rip and Tear","floor":28},{"not_picked":["All For One","Hologram+1"],"picked":"Barrage+1","floor":30},{"not_picked":["Force Field","Lockon","Rip and Tear"],"picked":"SKIP","floor":31},{"not_picked":["Amplify","Echo Form"],"picked":"Biased Cognition","floor":33},{"not_picked":["Gash+1","Scrape+1","Tempest+1"],"picked":"Singing Bowl","floor":35},{"not_picked":["Hello World+1"],"picked":"Singing Bowl","floor":37},{"not_picked":["Beam Cell"],"picked":"Singing Bowl","floor":38},{"not_picked":["Sweeping Beam"],"picked":"Singing Bowl","floor":41},{"not_picked":["Barrage"],"picked":"Singing Bowl","floor":42},{"not_picked":["Creative AI"],"picked":"Singing Bowl","floor":45}],"player_experience":245741,"relics_obtained":[{"floor":9,"key":"Emotion Chip"},{"floor":10,"key":"infinitespire:Lychee Nut"},{"floor":24,"key":"Oddly Smooth Stone"},{"floor":26,"key":"Meat on the Bone"},{"floor":28,"key":"Red Mask"},{"floor":34,"key":"infinitespire:Satchel"},{"floor":34,"key":"Singing Bowl"},{"floor":34,"key":"Lizard Tail"},{"floor":37,"key":"TungstenRod"},{"floor":42,"key":"Peace Pipe"},{"floor":43,"key":"MealTicket"},{"floor":45,"key":"CeramicFish"},{"floor":46,"key":"War Paint"}],"event_choices":[{"damage_healed":0,"gold_gain":0,"player_choice":"2 cards matched","damage_taken":0,"max_hp_gain":0,"max_hp_loss":0,"event_name":"Match and Keep!","floor":4,"gold_loss":0,"cards_obtained":["Finesse","Machine Learning"]},{"damage_healed":0,"gold_gain":0,"player_choice":"Ignored","damage_taken":0,"max_hp_gain":0,"max_hp_loss":0,"event_name":"NoteForYourself","floor":7,"gold_loss":0},{"damage_healed":0,"gold_gain":0,"player_choice":"Read","damage_taken":0,"max_hp_gain":0,"max_hp_loss":0,"event_name":"The Library","floor":19,"gold_loss":0,"cards_obtained":["Consume"]},{"damage_healed":0,"gold_gain":0,"player_choice":"Opened","damage_taken":0,"relics_obtained":["Mango"],"max_hp_gain":0,"max_hp_loss":0,"event_name":"The Mausoleum","floor":20,"gold_loss":0,"cards_obtained":["Writhe"]},{"damage_healed":0,"gold_gain":0,"player_choice":"Ignored","damage_taken":0,"max_hp_gain":0,"max_hp_loss":0,"event_name":"Vampires","floor":22,"gold_loss":0},{"damage_healed":0,"gold_gain":0,"player_choice":"Fought Bandits","damage_taken":0,"max_hp_gain":0,"max_hp_loss":0,"event_name":"Masked Bandits","floor":28,"gold_loss":0},{"damage_healed":0,"gold_gain":0,"player_choice":"Fight","damage_taken":0,"max_hp_gain":0,"max_hp_loss":0,"event_name":"MindBloom","floor":37,"gold_loss":0},{"cards_removed":["Finesse"],"damage_healed":0,"gold_gain":0,"player_choice":"Offered Uncommon","damage_taken":0,"max_hp_gain":0,"max_hp_loss":0,"event_name":"Bonfire Elementals","floor":39,"gold_loss":0},{"damage_healed":0,"gold_gain":0,"player_choice":"Fight","damage_taken":0,"max_hp_gain":0,"max_hp_loss":0,"event_name":"Mysterious Sphere","floor":42,"gold_loss":0}],"is_beta":false,"boss_relics":[{"not_picked":["Pandora\u0027s Box","FrozenCore"],"picked":"Tiny House"},{"not_picked":["Nuclear Battery","Cursed Key"],"picked":"Calling Bell"}],"items_purged_floors":[29],"is_endless":false,"potions_floor_spawned":[10,13,14,16,18,24,28,30,37,38,42],"ascension_level":0}}