{"host":"6drv1qzpbnls60z2","time":1612281590,"event":{"mods":["ATMod(°¢èªMod)","Act Like it!","Arknights","BaseMod","Hallownest","Minty Spire (QoL Compilation)","Replay The Spire","Shop Mod","Spicy Shops","StSLib","Uncapped","¡¾ÒÅÎï¿¨ÅÆ¡¿REMEMod","óô»ðÖ¸ÄÏ"],"gold_per_floor":[110,130,148,158,158,190,224,257,257,40,72,72,98,112,112,211,211,230,241,259,18,59,59,59,59,59,59,59,87,87,116,116,188,188,200,200,200,10,28,55,80,80,80,111,111,130,458,398,196,267,267,267],"floor_reached":51,"language":"ZHS","playtime":4610,"items_purged":["ats:Counter Healing Mode"],"score":2104,"play_id":"7ea5194f-c89a-4b5c-adc1-e5fe4d40aa0f","local_time":"20210202235950","daily_mods":["SealedDeck","Flight"],"is_ascension_mode":true,"campfire_choices":[{"floor":23,"key":"DIG"},{"data":"Hallownest:curseDreamersLament","floor":28,"key":"PURGE"},{"data":"Machine Learning","floor":30,"key":"SMITH"},{"data":"Hallownest:curseDreamersLament","floor":42,"key":"PURGE"},{"data":"ats:Echo Reverb","floor":45,"key":"SMITH"}],"circlet_count":0,"master_deck":["AscendersBane","AT_RealColorLess+1","Machine Learning+1","ats:Apocalypse","ats:Apocalypse","ats:Absolute Focus","ats:Hammer On","ats:Counter Healing Mode","ats:Cat Scratch","ats:Shell Defense","ats:Spore Proliferation+1","ats:Sashimi Platter","ats:Serious Mode","ats:Support Order","ats:Defend Order+1","ats:Poison Spread","ats:Wolf Pack+1","ats:Chain Hook","ats:Hook Shot","ats:Hook Shot","ats:Hammer On+1","ats:Magnetic Hammer","ats:Guard Mode","ats:Echo Reverb+1","AT_EmpoweredMortalDraw+1","ats:Shell Defense","ats:Steam Pump+1","ats:Hook Shot","ats:Assault Order","ats:Shell Defense","ats:Soul Rend+1","ats:Cat Scratch","ats:Shadow Assault","ats:Thorns+1","ats:Hammer On","ats:Revitalization+1","ats:Directed Diagnosis","ats:Assault Order+1","ats:Song Of Battle+1","ats:Directed Diagnosis","ats:Leaping Hammer","ats:Encircling Forest","ats:Encircling Forest","ats:Wolf Pack"],"relics":["ats:Sanity","AT_ATBox","REME_ComplimentaryCards","CultistMask","ats:Originium","Replay:Multitool","Pocketwatch","ats:Lavender","FossilizedHelix","ReplayTheSpireMod:CursedCoin","MerchantsRug","AT_RabadonDeathcap","Art of War","AT_MortalBlade","Blue Doll","Frozen Egg 2","ats:Hidden Killer","TungstenRod","Boot","Kunai","ats:Omniscience","Hallownest:BeastSealRelic","ReplayFunnel","Ornamental Fan","AT_LudenTempest","Replay:Kaleidoscope","ats:Attack"],"acts_visited":["Exordium","TheCity","Hallownest:KingdomsEdge"],"potions_floor_usage":[6,8,29,33,35,51,51],"damage_taken":[{"damage":10,"enemies":"Small Slimes","floor":1,"turns":3},{"damage":23,"enemies":"Cultist","floor":2,"turns":4},{"damage":11,"enemies":"2 Louse","floor":3,"turns":4},{"damage":30,"enemies":"2 Fungi Beasts","floor":4,"turns":5},{"damage":32,"enemies":"Gremlin Nob","floor":6,"turns":5},{"damage":16,"enemies":"Lagavulin","floor":7,"turns":7},{"damage":10,"enemies":"3 Sentries","floor":8,"turns":4},{"damage":33,"enemies":"Lagavulin","floor":11,"turns":6},{"damage":37,"enemies":"3 Sentries","floor":13,"turns":6},{"damage":15,"enemies":"Exordium Wildlife","floor":14,"turns":3},{"damage":24,"enemies":"The Guardian","floor":16,"turns":8},{"damage":2,"enemies":"Spheric Guardian","floor":18,"turns":3},{"damage":33,"enemies":"Chosen","floor":19,"turns":5},{"damage":27,"enemies":"Snake Plant","floor":20,"turns":4},{"damage":21,"enemies":"Gremlin Leader","floor":29,"turns":4},{"damage":3,"enemies":"REME_1_Revenger","floor":31,"turns":3},{"damage":34,"enemies":"Automaton","floor":33,"turns":10},{"damage":0,"enemies":"Hallownest:Shield_Heavy","floor":35,"turns":3},{"damage":0,"enemies":"Hallownest:3_Siblings","floor":39,"turns":1},{"damage":12,"enemies":"Hallownest:eliteCollector","floor":40,"turns":6},{"damage":4,"enemies":"Hallownest:eliteHiveKnight","floor":41,"turns":5},{"damage":0,"enemies":"Hallownest:eliteCollector","floor":44,"turns":3},{"damage":4,"enemies":"Hallownest:2_Wandering_and_1_Horned","floor":46,"turns":5},{"damage":0,"enemies":"Hallownest:eliteHiveKnight","floor":47,"turns":3},{"damage":13,"enemies":"Hallownest:BossGreyPrinceZote","floor":50,"turns":8},{"damage":99,"enemies":"Hallownest:BossHollowKnight","floor":51,"turns":8}],"seed_played":"8094520175572807734","potions_obtained":[{"floor":3,"key":"LiquidMemories"},{"floor":7,"key":"DistilledChaos"},{"floor":8,"key":"Dexterity Potion"},{"floor":14,"key":"Regen Potion"},{"floor":16,"key":"LiquidMemories"},{"floor":29,"key":"Cursed Concoction"},{"floor":33,"key":"Death Potion"},{"floor":40,"key":"Regen Potion"},{"floor":41,"key":"Block Potion"}],"is_trial":true,"path_per_floor":["M","M","M","M","?","E","E","E","T","$","E","R","E","M","R","B",null,"M","M","M","$","?","R","R","?","T","R","R","E","R","E","R","B",null,"M","?","?","$","M","E","E","R","T","E","R","M","E","?","R","B","B"],"character_chosen":"DOCTOR_CLASS","items_purchased":["ats:Hook Shot","ats:Hammer On+1","ReplayTheSpireMod:CursedCoin","MerchantsRug","Blue Doll","ats:Hammer On","ats:Revitalization+1","ats:Directed Diagnosis","ats:Leaping Hammer","ats:Encircling Forest","ats:Attack"],"campfire_rested":0,"item_purchase_floors":[10,10,10,10,21,38,38,38,49,49,49],"current_hp_per_floor":[63,62,70,59,59,57,70,72,72,72,42,63,50,37,58,72,72,70,40,34,34,6,6,27,6,6,27,27,46,46,55,72,69,71,72,72,72,72,72,72,72,72,72,72,72,72,72,79,79,69,0,0],"gold":267,"neow_bonus":"","is_daily":false,"chose_seed":false,"campfire_upgraded":2,"win_rate":0.0,"timestamp":1612281590,"path_taken":["M","M","M","M","?","E","E","E","T","$","E","R","E","M","R","BOSS","M","M","M","$","?","R","R","?","T","R","R","E","R","E","R","BOSS","M","?","?","$","M","E","E","R","T","E","R","M","E","?","R","BOSS","BOSS"],"items_purchased_type":["Card","Card","Relic","Relic","Relic","Card","Card","Card","Card","Card","Relic"],"build_version":"2020-12-22","purchased_purges":1,"victory":false,"max_hp_per_floor":[72,72,72,72,72,72,72,72,72,72,72,72,72,72,72,72,72,72,72,72,72,72,72,72,72,72,72,72,72,72,72,72,72,72,72,72,72,72,72,72,72,72,72,72,72,72,72,79,79,79,79,79],"card_choices":[{"not_picked":["ats:Ignite","ats:Curse Doll"],"picked":"ats:Support Order","floor":1},{"not_picked":["ats:Flexible Camouflage","ats:Consecutive Shot Auto"],"picked":"ats:Defend Order","floor":2},{"not_picked":["ats:Soul Absorption","ats:Revitalization"],"picked":"ats:Poison Spread","floor":3},{"not_picked":["ats:Cat Scratch","ats:Leaping Hammer"],"picked":"ats:Wolf Pack","floor":4},{"not_picked":["ats:Flexible Camouflage","ats:Steam Pump"],"picked":"ats:Chain Hook","floor":6},{"not_picked":["ats:Explosion Area Strengthen","ats:Curse Doll"],"picked":"ats:Hook Shot","floor":7},{"not_picked":["ats:Shadow Raid","ats:Leaping Hammer"],"picked":"ats:Counter Healing Mode","floor":8},{"not_picked":["ats:Curse Doll","ats:Shell Defense"],"picked":"ats:Magnetic Hammer","floor":11},{"not_picked":["ats:Leaping Hammer","ats:Very Hot Blade"],"picked":"ats:Guard Mode","floor":13},{"not_picked":["ats:Curse Doll","ats:Guard Mode","ats:Ignite"],"picked":"SKIP","floor":14},{"not_picked":["ats:Durian","ats:Rat Pack"],"picked":"ats:Echo Reverb","floor":16},{"not_picked":["ats:Blood Oath","ats:Demon Strength"],"picked":"ats:Shell Defense","floor":18},{"not_picked":["ats:Cat Scratch","ats:Guardian Obelisk"],"picked":"ats:Steam Pump+1","floor":19},{"not_picked":["ats:Very Hot Blade","ats:Revitalization"],"picked":"ats:Hook Shot","floor":20},{"not_picked":["ats:Explosion Area Strengthen","ats:Burning Ground+1"],"picked":"ats:Assault Order","floor":22},{"not_picked":["ats:Ignite","ats:Powerful Strike"],"picked":"ats:Shell Defense","floor":22},{"not_picked":["ats:Steam Pump","ats:Burning Ground+1"],"picked":"ats:Soul Rend+1","floor":29},{"not_picked":["ats:Poison Spread","ats:Defend Order+1"],"picked":"ats:Cat Scratch","floor":31},{"not_picked":["ats:Soul Rend+1","ats:Echo Reverb"],"picked":"ats:Shadow Assault","floor":33},{"not_picked":["ats:Hammer On","ats:Guard Mode"],"picked":"ats:Thorns+1","floor":35},{"not_picked":["ats:Ignite","ats:Apocalypse"],"picked":"ats:Assault Order+1","floor":39},{"not_picked":["ats:Assault Order","ats:Powerful Strike"],"picked":"ats:Song Of Battle+1","floor":40},{"not_picked":["ats:Explosion Area Strengthen","ats:Leaping Hammer"],"picked":"ats:Directed Diagnosis","floor":41},{"not_picked":["ats:Leaping Hammer","ats:Hook Shot","ats:Neurotoxin+1"],"picked":"SKIP","floor":44},{"not_picked":["ats:Demon Strength+1","ats:Leaping Hammer","ats:Chain Hook"],"picked":"SKIP","floor":46},{"not_picked":["ats:Blood Oath","ats:Closed Bolt Burst Fire","ats:Guardian Obelisk"],"picked":"SKIP","floor":47},{"not_picked":["ats:Dogmatic Field+1","ats:Shadow Assault"],"picked":"ats:Wolf Pack","floor":50}],"player_experience":160179,"relics_obtained":[{"floor":6,"key":"ats:Originium"},{"floor":6,"key":"Replay:Multitool"},{"floor":7,"key":"ats:Originium"},{"floor":7,"key":"Pocketwatch"},{"floor":8,"key":"ats:Originium"},{"floor":8,"key":"ats:Lavender"},{"floor":9,"key":"FossilizedHelix"},{"floor":11,"key":"ats:Originium"},{"floor":11,"key":"AT_RabadonDeathcap"},{"floor":13,"key":"Art of War"},{"floor":22,"key":"Frozen Egg 2"},{"floor":23,"key":"ats:Hidden Killer"},{"floor":26,"key":"TungstenRod"},{"floor":29,"key":"Boot"},{"floor":31,"key":"Kunai"},{"floor":40,"key":"ReplayFunnel"},{"floor":41,"key":"Ornamental Fan"},{"floor":43,"key":"AT_LudenTempest"},{"floor":44,"key":"Replay:Kaleidoscope"},{"floor":47,"key":"Old Coin"}],"event_choices":[{"damage_healed":0,"gold_gain":0,"player_choice":"Trade","damage_taken":0,"relics_obtained":["CultistMask"],"max_hp_gain":0,"max_hp_loss":0,"event_name":"FaceTrader","floor":5,"gold_loss":0},{"damage_healed":0,"gold_gain":0,"player_choice":"Obtained Book","damage_taken":21,"max_hp_gain":0,"max_hp_loss":0,"event_name":"Cursed Tome","floor":25,"gold_loss":0}],"is_beta":false,"boss_relics":[{"not_picked":["Calling Bell","Runic Pyramid"],"picked":"AT_MortalBlade"},{"not_picked":["ReplayTheSpireMod:DimensionalGlitch","Astrolabe"],"picked":"ats:Omniscience"}],"items_purged_floors":[21],"is_endless":true,"potions_floor_spawned":[3,7,8,14,16,29,33,40,41,47],"killed_by":"Hallownest:BossHollowKnight","ascension_level":20}}