{"host":"kgj3hkp928synzkd","time":1612296722,"event":{"mods":["2.2 Compatiblity","A Magickal Journey","AchievementEnabler","Act Like it!","AlwaysNeverKeys","Aspiration","BaseMod","Better Altar","Better Match","Better Note","Better Sensory Stone","Better Synergies","Better Third Choice","Better Vampires","Block Reminder","Colored Map","Colored Powertips","Conspire","Curses Come First","Disable Question Mark Monsters","Downfall","GifTheSpireLib","Googly Eyes","Gremlin Skip","GungeonMod","Hallownest","Infinite Spire","Luminous","Marisa????????","Marked Mod","Minty Spire (QoL Compilation)","Permanent Neow","Quick Restart","Random Character Button","Rare Cards Sparkle","Replay The Spire","Spicy Shops","StSLib","SuperFastMode","The Bug Knight","The Exalted","Uncapped"],"gold_per_floor":[118,135,150,150,150,175,194,194,221,221,223,242,267,285,285,380,380,399,411,411,411,189,189,219,237,237,237,237],"floor_reached":27,"language":"ENG","playtime":1908,"items_purged":["Normality"],"score":281,"play_id":"3b728e18-5bfa-4065-89e7-023c519e7576","local_time":"20210202151202","is_ascension_mode":true,"campfire_choices":[{"floor":8,"key":"REST"},{"floor":15,"key":"REST"},{"floor":23,"key":"REST"}],"circlet_count":0,"master_deck":["Strike_G","Strike_G","Strike_G+1","Strike_G","Strike_G","Defend_G","Defend_G","Defend_G","Defend_G","Survivor","Neutralize","Fluid Movement+1","Hidden Blade","Backflip","Choke+1","Flying Knee","Deadly Poison","Fluid Movement","Cloak And Dagger","Prepared","Envenom+1","Quick Slash","Noxious Fumes","Footwork","Cloak And Dagger","Deflect"],"relics":["Ring of the Snake","m_SlimeRing","Thread and Needle","Lantern","Whetstone","ReplayTheSpireMod:CursedCoin","MealTicket","conspire:RoyalGoblet","Nloth\u0027s Gift","Gremlin Food","Mercury Hourglass","Pen Nib"],"acts_visited":["Exordium","TheCity"],"potions_floor_usage":[27],"damage_taken":[{"damage":7,"enemies":"Cultist","floor":1,"turns":5},{"damage":3,"enemies":"Small Slimes","floor":2,"turns":5},{"damage":9,"enemies":"2 Louse","floor":3,"turns":3},{"damage":21,"enemies":"3 Sentries","floor":6,"turns":14},{"damage":3,"enemies":"Looter","floor":7,"turns":2},{"damage":0,"enemies":"2 Fungi Beasts","floor":12,"turns":5},{"damage":0,"enemies":"Lagavulin","floor":13,"turns":9},{"damage":6,"enemies":"Exordium Wildlife","floor":14,"turns":5},{"damage":35,"enemies":"Fading Forest","floor":16,"turns":11},{"damage":22,"enemies":"3 Byrds","floor":18,"turns":7},{"damage":40,"enemies":"Sentry and Sphere","floor":19,"turns":9},{"damage":6,"enemies":"conspire:Head Lice","floor":24,"turns":6},{"damage":26,"enemies":"Snecko","floor":25,"turns":6},{"damage":20,"enemies":"Cultist and Chosen","floor":27,"turns":6}],"seed_played":"3675420146333671129","potions_obtained":[{"floor":3,"key":"SneckoOil"},{"floor":12,"key":"champ:CounterPotion"},{"floor":14,"key":"FearPotion"}],"is_trial":false,"path_per_floor":["M","M","M","?","?","E","M","R","T","?","$","M","E","M","R","B",null,"M","M","?","?","$","R","E","M","T","M"],"character_chosen":"THE_SILENT","items_purchased":["ReplayTheSpireMod:CursedCoin","Fluid Movement","Gremlin Food","Footwork"],"campfire_rested":3,"item_purchase_floors":[11,11,22,22],"current_hp_per_floor":[63,60,51,51,51,30,27,48,48,48,48,48,48,42,63,28,70,48,8,8,8,23,44,38,12,12,0,0],"gold":237,"neow_bonus":"NOSTALGIA","is_daily":false,"chose_seed":false,"campfire_upgraded":0,"win_rate":0.0,"timestamp":1612296722,"path_taken":["M","M","?","?","?","E","?","R","T","?","$","M","E","M","R","BOSS","M","M","?","?","$","R","E","M","T","M"],"items_purchased_type":["Relic","Card","Relic","Card"],"build_version":"2020-12-22","purchased_purges":1,"victory":false,"max_hp_per_floor":[70,70,70,70,70,70,70,70,70,70,70,70,70,70,70,70,70,70,70,70,70,70,70,70,70,70,70,70],"card_choices":[{"not_picked":["Deflect","Dagger Throw"],"picked":"Fluid Movement","floor":1},{"not_picked":["Slimebound:Recollect","Concentrate"],"picked":"Hidden Blade","floor":2},{"not_picked":["Dodge and Roll","Quick Slash"],"picked":"Backflip","floor":3},{"not_picked":["Distraction","Backflip"],"picked":"Flying Knee","floor":6},{"not_picked":["Prepared","Cloak And Dagger"],"picked":"Deadly Poison","floor":7},{"not_picked":["ReplayTheSpireMod:Shiv Toss","Hidden Blade"],"picked":"Cloak And Dagger","floor":12},{"not_picked":["Choke","Slimebound:Prepare","Predator"],"picked":"SKIP","floor":13},{"not_picked":["Underhanded Strike","Eviscerate"],"picked":"Prepared","floor":14},{"not_picked":["Die Die Die","Tools of the Trade"],"picked":"Envenom","floor":16},{"not_picked":["All Out Attack","Leg Sweep"],"picked":"Quick Slash","floor":18},{"not_picked":["Acrobatics","All Out Attack"],"picked":"Noxious Fumes","floor":19},{"not_picked":["Choke+1","Unload"],"picked":"Cloak And Dagger","floor":24},{"not_picked":["Finisher+1","Backflip"],"picked":"Deflect","floor":25}],"player_experience":321082,"relics_obtained":[{"floor":4,"key":"Thread and Needle"},{"floor":6,"key":"Lantern"},{"floor":9,"key":"Whetstone"},{"floor":13,"key":"MealTicket"},{"floor":24,"key":"Mercury Hourglass"},{"floor":26,"key":"Pen Nib"}],"event_choices":[{"damage_healed":0,"gold_gain":0,"cards_transformed":["Defend_G"],"player_choice":"Transformed","damage_taken":0,"max_hp_gain":0,"max_hp_loss":0,"event_name":"Transmorgrifier","floor":5,"gold_loss":0,"cards_obtained":["Choke"]},{"damage_healed":0,"gold_gain":0,"player_choice":"Upgraded","damage_taken":0,"max_hp_gain":0,"max_hp_loss":0,"event_name":"Upgrade Shrine","floor":20,"gold_loss":0,"cards_upgraded":["Envenom"]},{"damage_healed":0,"gold_gain":0,"player_choice":"Traded Relic","damage_taken":0,"relics_obtained":["Nloth\u0027s Gift"],"max_hp_gain":0,"max_hp_loss":0,"event_name":"N\u0027loth","floor":21,"relics_lost":["aspiration:Nostalgia"],"gold_loss":0}],"is_beta":false,"boss_relics":[{"not_picked":["bronze:MakeshiftBattery","Empty Cage"],"picked":"conspire:RoyalGoblet"}],"items_purged_floors":[11],"is_endless":false,"potions_floor_spawned":[3,12,14,16],"killed_by":"Cultist and Chosen","ascension_level":1}}