{"host":"y087t2reloz9bi43","time":1612225962,"event":{"mods":["2.2 Compatiblity","AchievementEnabler","Arknights","Aspiration","BaseMod","Beaked The Cultist","Bestiary","Better Note","Better Vampires","BetterRewards","ChefMod","Clockwork Mod","Colored Map","Colored Powertips","Conspire","Downfall","Ekko","Fireblade Mod","Friendly Minions","GifTheSpireLib","Gold Saver","Gremlin Mod","Halation","Hermit","Hubris","Infinite Spire","Jedi Mod","JesterMod","Jorbs\u0027s Wanderer Trilogy","Mad Scientist","Marisa????????","Mimic Mod","Minty Spire (QoL Compilation)","Permanent Neow","Potionbrewer","Rare Cards Sparkle","Relic Stats","Reliquary","Replay The Spire","Robot Space Explorer","Shade Mod","Shop Mod","StSLib","The Alterego","The Blackbeard","The Bug Knight","The Construct","The Cursed","The Disciple","The Dragon Tamer","The Elementalist","The Exalted","The Hierophant","The Jungle","The Marked","The Mystic","The Necromancer","The Runesmith","The Senshi","The Servant 0.9.4","TheBandit","TheFirefly","TheHero","TheVacant","Transform Curses","Uncapped","everything is the same but u backflip on backflip","thorton"],"gold_per_floor":[119,44,56,75,93,93,119,119,119,119,119],"floor_reached":10,"language":"ENG","playtime":1079,"items_purged":["SwitchConfidence"],"score":68,"play_id":"73e1e0e8-43dc-47db-ae23-2a0dbde18b77","local_time":"20210202003242","is_ascension_mode":false,"campfire_choices":[{"data":"hubris:TrickCloak","floor":6,"key":"SMITH"},{"floor":8,"key":"REST"}],"circlet_count":0,"master_deck":["Strike_G","Strike_G","Strike_G","Strike_G","Strike_G","Defend_G","Defend_G","Defend_G","Defend_G","Defend_G","Survivor","Neutralize","ReplayTheSpireMod:Scrap Shanks","Well Laid Plans","hubris:TrickCloak+1","Bane"],"relics":["Ring of the Snake","halation:PlatinumPhoenix","Bromod:ArcaneConsequence","Runesmith:AutoHammer"],"acts_visited":["Exordium"],"potions_floor_usage":[],"damage_taken":[{"damage":0,"enemies":"conspire:RoseBush","floor":1,"turns":4},{"damage":0,"enemies":"Cultist","floor":3,"turns":4},{"damage":2,"enemies":"2 Louse","floor":4,"turns":4},{"damage":2,"enemies":"Looter","floor":5,"turns":4},{"damage":55,"enemies":"HollowMod:MossKnight","floor":7,"turns":22},{"damage":54,"enemies":"Gremlin Nob","floor":10,"turns":5}],"seed_played":"-5879826468425147178","potions_obtained":[{"floor":4,"key":"potionbrewer:CleansingPotion"},{"floor":5,"key":"Elixir"}],"is_trial":false,"path_per_floor":["M","$","M","M","M","R","E","R","T","E"],"character_chosen":"THE_SILENT","items_purchased":[],"campfire_rested":1,"item_purchase_floors":[],"current_hp_per_floor":[70,70,70,68,66,66,11,32,32,0,0],"gold":119,"neow_bonus":"CURSED_BOSS_RELIC","is_daily":false,"chose_seed":false,"campfire_upgraded":1,"win_rate":0.0,"timestamp":1612225962,"path_taken":["M","$","M","M","M","R","E","R","T","E"],"items_purchased_type":[],"build_version":"2020-12-22","purchased_purges":1,"victory":false,"max_hp_per_floor":[70,70,70,70,70,70,70,70,70,70,70],"relic_stats":{"counters":[6,43],"obtain_stats":[{"halation:PlatinumPhoenix":0,"Runesmith:AutoHammer":9,"Bromod:ArcaneConsequence":7,"Ring of the Snake":0},{"halation:PlatinumPhoenix":0,"Runesmith:AutoHammer":5,"Bromod:ArcaneConsequence":5,"Ring of the Snake":0},{"halation:PlatinumPhoenix":0,"Runesmith:AutoHammer":38,"Bromod:ArcaneConsequence":38,"Ring of the Snake":0}],"Ring of the Snake":[12]},"card_choices":[{"not_picked":["ReplayTheSpireMod:Tripwire","Bouncing Flask"],"picked":"ReplayTheSpireMod:Scrap Shanks","floor":1},{"not_picked":["ReplayTheSpireMod:Shiv Toss","Bane"],"picked":"Well Laid Plans","floor":3},{"not_picked":["Escape Plan","Cloak And Dagger","Leg Sweep"],"picked":"SKIP","floor":4},{"not_picked":["Dodge and Roll","Bane"],"picked":"hubris:TrickCloak","floor":5},{"not_picked":["Predator","Deflect"],"picked":"Bane","floor":7}],"player_experience":465133,"relics_obtained":[{"floor":7,"key":"Bromod:ArcaneConsequence"},{"floor":9,"key":"Runesmith:AutoHammer"}],"event_choices":[],"is_beta":false,"boss_relics":[],"items_purged_floors":[2],"is_endless":false,"potions_floor_spawned":[4,5],"killed_by":"Gremlin Nob","ascension_level":0}}