{"host":"072lmn9sfokvtood","time":1612295743,"event":{"mods":["BaseMod","Colored Powertips","Curses Come First","Minty Spire (QoL Compilation)","StSLib"],"gold_per_floor":[10,10,26,101,12,44,44,61,87,87,97,97,97,130,130,227,227,243,262,70,70,80,80,95,107,161,87,87,87,87,102,102,206,206,218,318,329,345,345,345,370,370,370,405,40,54,3,23,23,23],"floor_reached":51,"language":"ENG","playtime":2895,"items_purged":["Strike_G"],"score":800,"play_id":"9d524a83-de5c-46fd-b8f2-dee3095d7e5f","local_time":"20210202135543","is_ascension_mode":true,"campfire_choices":[{"floor":10,"key":"REST"},{"floor":12,"key":"REST"},{"data":"Blade Dance","floor":15,"key":"SMITH"},{"floor":23,"key":"REST"},{"floor":32,"key":"REST"},{"floor":40,"key":"REST"},{"floor":42,"key":"REST"},{"floor":49,"key":"REST"}],"circlet_count":0,"master_deck":["Strike_G","Strike_G","Defend_G","Defend_G","Defend_G","Survivor","Neutralize","Terror","Noxious Fumes","Backflip","After Image","Burst","Finisher","Tactician","Blade Dance+1","Corpse Explosion","Skewer+1","Predator","Slice","Caltrops","Dash+1","Dagger Throw+1","Outmaneuver+1","Accuracy","Endless Agony","Quick Slash","Wraith Form v2","Slice+1","Neutralize","Die Die Die","Blade Dance","Accuracy+1","Finisher+1","Sucker Punch+1"],"relics":["Ring of the Snake","Ancient Tea Set","Nunchaku","Art of War","WristBlade","Happy Flower","HoveringKite","Anchor","Molten Egg 2","Centennial Puzzle","Pear"],"acts_visited":["Exordium","TheCity","TheBeyond"],"potions_floor_usage":[14,16,16,25,31,33,38,38,41,50,50,50],"damage_taken":[{"damage":1,"enemies":"Cultist","floor":1,"turns":5},{"damage":0,"enemies":"2 Louse","floor":3,"turns":2},{"damage":26,"enemies":"Gremlin Nob","floor":6,"turns":5},{"damage":3,"enemies":"Jaw Worm","floor":8,"turns":5},{"damage":5,"enemies":"2 Fungi Beasts","floor":11,"turns":4},{"damage":0,"enemies":"Lagavulin","floor":14,"turns":4},{"damage":15,"enemies":"Hexaghost","floor":16,"turns":8},{"damage":0,"enemies":"Spheric Guardian","floor":18,"turns":2},{"damage":15,"enemies":"Shell Parasite","floor":19,"turns":4},{"damage":15,"enemies":"Snake Plant","floor":22,"turns":3},{"damage":0,"enemies":"Chosen and Byrds","floor":24,"turns":3},{"damage":3,"enemies":"Shelled Parasite and Fungi","floor":25,"turns":2},{"damage":8,"enemies":"Centurion and Healer","floor":31,"turns":2},{"damage":56,"enemies":"Automaton","floor":33,"turns":7},{"damage":17,"enemies":"Orb Walker","floor":35,"turns":3},{"damage":0,"enemies":"3 Shapes","floor":37,"turns":1},{"damage":16,"enemies":"Jaw Worm Horde","floor":38,"turns":4},{"damage":27,"enemies":"Reptomancer","floor":41,"turns":3},{"damage":18,"enemies":"Nemesis","floor":44,"turns":7},{"damage":18,"enemies":"4 Shapes","floor":46,"turns":4},{"damage":4,"enemies":"Transient","floor":48,"turns":5},{"damage":70,"enemies":"Time Eater","floor":50,"turns":11}],"seed_played":"8223951694136041039","potions_obtained":[{"floor":1,"key":"BlessingOfTheForge"},{"floor":6,"key":"SteroidPotion"},{"floor":14,"key":"Energy Potion"},{"floor":16,"key":"DuplicationPotion"},{"floor":19,"key":"CunningPotion"},{"floor":21,"key":"EntropicBrew"},{"floor":33,"key":"Strength Potion"},{"floor":46,"key":"LiquidBronze"}],"is_trial":false,"path_per_floor":["M","?","M","?","$","E","?","M","T","R","M","R","?","E","R","B",null,"M","M","$","?","M","R","M","M","T","$","?","?","?","M","R","B",null,"M","?","M","M","?","R","E","R","T","E","$","M","$","M","R","B",null],"character_chosen":"THE_SILENT","items_purchased":["Noxious Fumes","Backflip","Slice","Caltrops","Accuracy","Pear","Finisher+1","Dexterity Potion","Strength Potion"],"campfire_rested":7,"item_purchase_floors":[5,5,20,20,27,45,45,45,47],"current_hp_per_floor":[83,84,84,73,73,47,47,44,44,69,64,84,84,84,84,69,84,84,69,69,69,54,79,79,76,76,76,76,76,76,68,84,28,84,67,67,67,51,51,76,49,74,74,56,66,48,48,44,72,2],"gold":23,"neow_bonus":"TWENTY_PERCENT_HP_BONUS","is_daily":false,"chose_seed":false,"campfire_upgraded":1,"win_rate":0.0,"timestamp":1612295743,"path_taken":["M","?","?","?","$","E","?","M","T","R","M","R","?","E","R","BOSS","M","?","$","?","?","R","M","M","T","$","?","?","?","M","R","BOSS","M","?","M","?","?","R","E","R","T","E","$","?","$","M","R","BOSS"],"items_purchased_type":["Card","Card","Card","Card","Card","Relic","Card","Potion","Potion"],"build_version":"2020-12-22","purchased_purges":1,"victory":true,"max_hp_per_floor":[84,84,84,84,84,84,84,84,84,84,84,84,84,84,84,84,84,84,84,84,84,84,84,84,84,84,84,84,84,84,84,84,84,84,84,84,84,84,84,84,84,84,84,84,94,94,94,94,94,94],"card_choices":[{"not_picked":["Footwork","Choke"],"picked":"Caltrops","floor":1},{"not_picked":["Reflex","Sucker Punch"],"picked":"Terror","floor":3},{"not_picked":["Quick Slash","Deflect"],"picked":"After Image","floor":6},{"not_picked":["Outmaneuver","Choke"],"picked":"Finisher","floor":8},{"not_picked":["Eviscerate","Predator"],"picked":"Tactician","floor":11},{"not_picked":["Cloak And Dagger","Crippling Poison"],"picked":"Blade Dance","floor":14},{"not_picked":["Grand Finale","Tools of the Trade"],"picked":"Corpse Explosion","floor":16},{"not_picked":["Deflect","Sucker Punch"],"picked":"Skewer+1","floor":18},{"not_picked":["Sucker Punch+1","Calculated Gamble"],"picked":"Predator","floor":19},{"not_picked":["Dagger Throw","Eviscerate+1"],"picked":"Dash+1","floor":22},{"not_picked":["Acrobatics","Prepared+1"],"picked":"Dagger Throw+1","floor":24},{"not_picked":["Sucker Punch+1","Skewer"],"picked":"Outmaneuver+1","floor":25},{"not_picked":["Catalyst","Sucker Punch","Prepared"],"picked":"SKIP","floor":31},{"not_picked":["Burst","Venomology"],"picked":"Wraith Form v2","floor":33},{"not_picked":["Poisoned Stab","Calculated Gamble+1","Outmaneuver"],"picked":"SKIP","floor":35},{"not_picked":["Prepared+1","Poisoned Stab+1"],"picked":"Slice+1","floor":37},{"not_picked":["Outmaneuver","Skewer+1","Bane"],"picked":"SKIP","floor":38},{"not_picked":["Dodge and Roll","Cloak And Dagger"],"picked":"Blade Dance","floor":41},{"not_picked":["Flechettes+1","Well Laid Plans+1"],"picked":"Accuracy+1","floor":44},{"not_picked":["Dagger Spray+1","Bane+1"],"picked":"Sucker Punch+1","floor":46},{"not_picked":["Backflip","Calculated Gamble","Dodge and Roll"],"picked":"SKIP","floor":48}],"player_experience":251430,"relics_obtained":[{"floor":6,"key":"Ancient Tea Set"},{"floor":9,"key":"Nunchaku"},{"floor":14,"key":"Art of War"},{"floor":26,"key":"Happy Flower"},{"floor":41,"key":"Anchor"},{"floor":43,"key":"Molten Egg 2"},{"floor":44,"key":"Centennial Puzzle"}],"event_choices":[{"cards_removed":["Caltrops"],"damage_healed":1,"gold_gain":0,"player_choice":"Offered Uncommon","damage_taken":0,"max_hp_gain":0,"max_hp_loss":0,"event_name":"Bonfire Elementals","floor":2,"gold_loss":0},{"damage_healed":0,"gold_gain":75,"player_choice":"Gather Gold","damage_taken":11,"max_hp_gain":0,"max_hp_loss":0,"event_name":"World of Goop","floor":4,"gold_loss":0},{"damage_healed":0,"gold_gain":0,"cards_transformed":["Defend_G"],"player_choice":"Change","damage_taken":0,"max_hp_gain":0,"max_hp_loss":0,"event_name":"Living Wall","floor":7,"gold_loss":0,"cards_obtained":["Burst"]},{"damage_healed":0,"gold_gain":0,"player_choice":"Bought 0 Potions","damage_taken":0,"max_hp_gain":0,"max_hp_loss":0,"event_name":"The Woman in Blue","floor":13,"gold_loss":0},{"damage_healed":0,"gold_gain":0,"player_choice":"Got Potions","damage_taken":0,"max_hp_gain":0,"max_hp_loss":0,"event_name":"Lab","floor":21,"gold_loss":0},{"cards_removed":["Strike_G"],"damage_healed":0,"gold_gain":0,"player_choice":"Elegance","damage_taken":0,"max_hp_gain":0,"max_hp_loss":0,"event_name":"Back to Basics","floor":28,"gold_loss":0},{"damage_healed":0,"gold_gain":0,"cards_transformed":["Strike_G","Defend_G"],"player_choice":"Became Test Subject","damage_taken":0,"max_hp_gain":0,"max_hp_loss":0,"event_name":"Drug Dealer","floor":29,"gold_loss":0,"cards_obtained":["Endless Agony","Quick Slash"]},{"damage_healed":0,"gold_gain":0,"player_choice":"Ignored","damage_taken":0,"max_hp_gain":0,"max_hp_loss":0,"event_name":"Ghosts","floor":30,"gold_loss":0},{"damage_healed":0,"gold_gain":100,"player_choice":"Pray","damage_taken":0,"max_hp_gain":0,"max_hp_loss":0,"event_name":"Golden Shrine","floor":36,"gold_loss":0},{"damage_healed":0,"gold_gain":0,"player_choice":"2 cards matched","damage_taken":0,"max_hp_gain":0,"max_hp_loss":0,"event_name":"Match and Keep!","floor":39,"gold_loss":0,"cards_obtained":["Neutralize","Die Die Die"]}],"is_beta":false,"boss_relics":[{"not_picked":["Fusion Hammer","Snecko Eye"],"picked":"WristBlade"},{"not_picked":["Sozu","Runic Dome"],"picked":"HoveringKite"}],"items_purged_floors":[20],"is_endless":false,"potions_floor_spawned":[1,6,14,16,19,22,24,33,37,46],"ascension_level":1}}