{"host":"mqhvlr3kpxebko0t","time":1612273441,"event":{"mods":["AchievementEnabler","BaseMod","Colored Map","Colored Powertips","KOR Keyword Fix","Keyboard Shortcuts","Minty Spire (QoL Compilation)","StSLib","SuperFastMode"],"gold_per_floor":[116,33,33,183,258,258,289,289,314,118,118,137,160,110,110,187,187,164,177,73,73,73],"floor_reached":21,"language":"KOR","playtime":252,"items_purged":["Doubt","Strike_R","Strike_R"],"score":396,"play_id":"c4222240-4020-4f75-a5b6-f525de914052","local_time":"20210202224401","is_ascension_mode":true,"campfire_choices":[{"data":"Evolve","floor":6,"key":"SMITH"},{"data":"Wild Strike","floor":8,"key":"SMITH"},{"data":"Bash","floor":11,"key":"SMITH"},{"data":"Second Wind","floor":15,"key":"SMITH"}],"circlet_count":0,"master_deck":["AscendersBane","Strike_R","Defend_R","Defend_R","Defend_R","Defend_R","Bash+1","Wild Strike+1","Evolve+1","Second Wind+1","Fiend Fire","Blood for Blood","Feel No Pain"],"relics":["Burning Blood","NeowsBlessing","Vajra","Strawberry","Membership Card","Nunchaku","Empty Cage"],"acts_visited":["Exordium","TheCity"],"potions_floor_usage":[19,19,21,21,21,21],"damage_taken":[{"damage":0,"enemies":"Cultist","floor":1,"turns":1},{"damage":0,"enemies":"Lagavulin","floor":7,"turns":1},{"damage":0,"enemies":"2 Louse","floor":12,"turns":1},{"damage":57,"enemies":"Slime Boss","floor":16,"turns":9},{"damage":14,"enemies":"2 Thieves","floor":18,"turns":4},{"damage":53,"enemies":"3 Byrds","floor":19,"turns":6},{"damage":32,"enemies":"Shelled Parasite and Fungi","floor":21,"turns":5}],"seed_played":"3557810377892699177","potions_obtained":[{"floor":1,"key":"CultistPotion"},{"floor":12,"key":"EntropicBrew"}],"is_trial":false,"path_per_floor":["M","$","$","?","?","R","E","R","T","$","R","M","T","$","R","B",null,"M","M","$","M"],"character_chosen":"IRONCLAD","items_purchased":["Evolve","Membership Card","Feel No Pain"],"campfire_rested":0,"item_purchase_floors":[2,10,20],"current_hp_per_floor":[74,74,74,74,63,63,69,69,76,76,76,82,82,82,82,31,69,61,14,14,0,0],"gold":73,"neow_bonus":"THREE_ENEMY_KILL","is_daily":false,"chose_seed":false,"campfire_upgraded":4,"win_rate":0.0,"timestamp":1612273441,"path_taken":["M","?","$","?","?","R","E","R","T","$","R","M","?","$","R","BOSS","M","M","$","M"],"items_purchased_type":["Card","Relic","Card"],"build_version":"2020-12-22","purchased_purges":3,"victory":false,"max_hp_per_floor":[75,75,75,75,75,75,75,75,82,82,82,82,82,82,82,82,82,82,82,82,82,82],"card_choices":[{"not_picked":["Sentinel","Havoc"],"picked":"Wild Strike","floor":1},{"not_picked":["Clothesline","Rupture","Bloodletting"],"picked":"SKIP","floor":7},{"not_picked":["Shockwave","True Grit"],"picked":"Second Wind","floor":12},{"not_picked":["Reaper","Berserk"],"picked":"Fiend Fire","floor":16},{"not_picked":["Cleave+1","Bloodletting"],"picked":"Blood for Blood","floor":18},{"not_picked":["Inflame","Clash","Warcry"],"picked":"SKIP","floor":19}],"player_experience":690187,"relics_obtained":[{"floor":7,"key":"Vajra"},{"floor":9,"key":"Strawberry"},{"floor":13,"key":"Nunchaku"}],"event_choices":[{"damage_healed":0,"gold_gain":150,"player_choice":"AGREE","damage_taken":0,"max_hp_gain":0,"max_hp_loss":0,"event_name":"Liars Game","floor":4,"gold_loss":0,"cards_obtained":["Doubt"]},{"damage_healed":0,"gold_gain":75,"player_choice":"Gather Gold","damage_taken":11,"max_hp_gain":0,"max_hp_loss":0,"event_name":"World of Goop","floor":5,"gold_loss":0}],"is_beta":false,"boss_relics":[{"not_picked":["Calling Bell","Coffee Dripper"],"picked":"Empty Cage"}],"items_purged_floors":[10,14,20],"is_endless":false,"potions_floor_spawned":[1,12,19],"killed_by":"Shelled Parasite and Fungi","ascension_level":20}}