{"host":"p1xsuo25udtrkbq2","time":1612247173,"event":{"mods":["BaseMod","Colored Map","Googly Eyes","Highlight Path","Minty Spire (QoL Compilation)","Quick Restart","Rare Cards Sparkle","Relic Stats","Slay the Relics Exporter","StSLib","everything is the same but u backflip on backflip"],"gold_per_floor":[116,116,128,141,141,176,176,209,279,279,33,62,80,93,93,164,164,180,180,198,198,208,243,243,243,243,28,56,67,100,130,142,228,240,264,276,300,322,334,376,388,435,447,471,514,526,550,580,592,604,616,628,36,65,65],"floor_reached":56,"language":"ENG","playtime":7854,"items_purged":["Strike_G"],"score":2266,"play_id":"7a410490-2e25-4e84-8bb3-1e898d240f5b","local_time":"20210202012613","is_ascension_mode":true,"campfire_choices":[{"data":"Cloak And Dagger","floor":7.0,"key":"SMITH"},{"floor":10.0,"key":"REST"},{"data":"Adrenaline","floor":15.0,"key":"SMITH"},{"data":"Night Terror","floor":25.0,"key":"SMITH"},{"data":"Infinite Blades","floor":32.0,"key":"SMITH"},{"data":"Finisher","floor":41.0,"key":"SMITH"},{"data":"Ghostly","floor":46.0,"key":"SMITH"},{"floor":49.0,"key":"RECALL"},{"data":"Ghostly","floor":52.0,"key":"SMITH"}],"circlet_count":0,"master_deck":["AscendersBane","Defend_G","Defend_G","Defend_G","Defend_G","Defend_G","Survivor","Neutralize","After Image","Masterful Stab","Cloak And Dagger+1","Dagger Spray","Flying Knee","Night Terror+1","Adrenaline+1","Deflect","Storm of Steel","Bite","Bite","Bite","Bite","Bite","Ghostly+1","Ghostly+1","Ghostly","Infinite Blades+1","Glass Knife","Parasite","Finisher+1","Blade Dance","Acrobatics","Calculated Gamble"],"relics":["Ring of the Snake","Dead Branch","Boot","Darkstone Periapt","Art of War","Busted Crown","Ginger","Pear","Sling","Orichalcum","MawBank","Coffee Dripper","The Courier","White Beast Statue","Lizard Tail","Ancient Tea Set","Ninja Scroll","Orrery","Tough Bandages","Bronze Scales"],"acts_visited":["Exordium","TheCity","TheBeyond","TheEnding"],"potions_floor_usage":[55],"damage_taken":[{"damage":16.0,"enemies":"Jaw Worm","floor":1.0,"turns":5.0},{"damage":0.0,"enemies":"Small Slimes","floor":3.0,"turns":3.0},{"damage":0.0,"enemies":"2 Louse","floor":4.0,"turns":2.0},{"damage":13.0,"enemies":"Gremlin Nob","floor":6.0,"turns":5.0},{"damage":14.0,"enemies":"3 Sentries","floor":8.0,"turns":4.0},{"damage":12.0,"enemies":"Lagavulin","floor":12.0,"turns":6.0},{"damage":0.0,"enemies":"Looter","floor":13.0,"turns":2.0},{"damage":0.0,"enemies":"Exordium Wildlife","floor":14.0,"turns":2.0},{"damage":28.0,"enemies":"Slime Boss","floor":16.0,"turns":8.0},{"damage":4.0,"enemies":"3 Byrds","floor":18.0,"turns":3.0},{"damage":0.0,"enemies":"Spheric Guardian","floor":20.0,"turns":1.0},{"damage":42.0,"enemies":"Snake Plant","floor":22.0,"turns":3.0},{"damage":32.0,"enemies":"Book of Stabbing","floor":23.0,"turns":5.0},{"damage":3.0,"enemies":"Slavers","floor":28.0,"turns":3.0},{"damage":0.0,"enemies":"3 Cultists","floor":29.0,"turns":4.0},{"damage":0.0,"enemies":"Gremlin Leader","floor":30.0,"turns":7.0},{"damage":0.0,"enemies":"Cultist and Chosen","floor":31.0,"turns":4.0},{"damage":9.0,"enemies":"Champ","floor":33.0,"turns":8.0},{"damage":2.0,"enemies":"Orb Walker","floor":35.0,"turns":4.0},{"damage":0.0,"enemies":"3 Shapes","floor":37.0,"turns":2.0},{"damage":2.0,"enemies":"Writhing Mass","floor":38.0,"turns":8.0},{"damage":18.0,"enemies":"Nemesis","floor":40.0,"turns":7.0},{"damage":14.0,"enemies":"Reptomancer","floor":42.0,"turns":4.0},{"damage":0.0,"enemies":"Maw","floor":44.0,"turns":6.0},{"damage":0.0,"enemies":"Giant Head","floor":45.0,"turns":4.0},{"damage":0.0,"enemies":"Sphere and 2 Shapes","floor":47.0,"turns":3.0},{"damage":0.0,"enemies":"Jaw Worm Horde","floor":48.0,"turns":4.0},{"damage":4.0,"enemies":"Awakened One","floor":50.0,"turns":15.0},{"damage":1.0,"enemies":"Shield and Spear","floor":54.0,"turns":7.0},{"damage":30,"enemies":"The Heart","floor":55,"turns":11}],"seed_played":"-3447156489683259603","potions_obtained":[{"floor":4.0,"key":"LiquidBronze"},{"floor":6.0,"key":"FairyPotion"},{"floor":8.0,"key":"FearPotion"},{"floor":13.0,"key":"SpeedPotion"},{"floor":18.0,"key":"GhostInAJar"},{"floor":22.0,"key":"Regen Potion"},{"floor":33.0,"key":"DuplicationPotion"},{"floor":42.0,"key":"PowerPotion"}],"is_trial":false,"path_per_floor":["M","?","M","M","?","E","R","E","T","R","$","E","M","M","R","B",null,"M","?","M","?","M","E","?","R","T","$","E","M","E","M","R","B",null,"M","?","M","M","?","E","R","E","T","M","E","R","M","M","R","B",null,"R","$","E","B",null],"character_chosen":"THE_SILENT","items_purchased":["Night Terror","Sling","Infinite Blades","Ninja Scroll","Orrery","Tough Bandages"],"campfire_rested":1,"item_purchase_floors":[11,27,27,53,53,53],"current_hp_per_floor":[43,38,38,38,60,47,47,33,33,52,52,40,40,40,40,12,53,49,46,46,35,15,5,5,5,15,15,16,24,32,34,34,26,33,35,35,35,41,39,27,27,23,23,31,37,37,37,39,39,35,38,38,38,39,21],"gold":65,"neow_bonus":"ONE_RANDOM_RARE_CARD","is_daily":false,"chose_seed":false,"campfire_upgraded":7,"win_rate":0.0,"timestamp":1612247173,"path_taken":["M","?","M","M","?","E","R","E","T","R","$","E","M","M","R","BOSS","M","?","M","?","M","E","?","R","T","$","E","?","E","M","R","BOSS","M","?","M","?","?","E","R","E","T","M","E","R","M","M","R","BOSS","R","$","E","BOSS"],"items_purchased_type":["Card","Relic","Card","Relic","Relic","Relic"],"build_version":"2020-12-22","purchased_purges":1,"victory":true,"max_hp_per_floor":[66,66,66,66,66,66,66,66,66,66,66,66,66,66,66,66,66,66,46,46,51,51,51,25,25,35,35,35,35,35,35,35,35,35,35,35,35,41,39,39,39,39,39,39,39,39,39,39,39,39,39,39,39,39,39],"relic_stats":{"Darkstone Periapt":6,"counters":[30,150],"Dead Branch":[531],"Ginger":[11],"Orichalcum":[90],"Boot":[395],"MawBank":276,"Lizard Tail":0,"Tough Bandages":[90],"Busted Crown":48,"Bronze Scales":[144],"Art of War":[2],"obtain_stats":[{"Darkstone Periapt":8,"Pear":26,"Dead Branch":2,"The Courier":40,"Ginger":23,"Orichalcum":28,"Boot":6,"Sling":27,"MawBank":30,"Ancient Tea Set":45,"White Beast Statue":42,"Lizard Tail":43,"Tough Bandages":53,"Busted Crown":17,"Ninja Scroll":53,"Bronze Scales":54,"Orrery":53,"Art of War":12,"Coffee Dripper":34,"Ring of the Snake":0},{"Darkstone Periapt":5,"Pear":13,"Dead Branch":1,"The Courier":22,"Ginger":13,"Orichalcum":14,"Boot":4,"Sling":13,"MawBank":16,"Ancient Tea Set":25,"White Beast Statue":23,"Lizard Tail":23,"Tough Bandages":28,"Busted Crown":9,"Ninja Scroll":28,"Bronze Scales":29,"Orrery":28,"Art of War":6,"Coffee Dripper":18,"Ring of the Snake":0},{"Darkstone Periapt":19,"Pear":49,"Dead Branch":5,"The Courier":96,"Ginger":49,"Orichalcum":52,"Boot":15,"Sling":49,"MawBank":63,"Ancient Tea Set":110,"White Beast Statue":100,"Lizard Tail":100,"Tough Bandages":132,"Busted Crown":37,"Ninja Scroll":132,"Bronze Scales":139,"Orrery":132,"Art of War":25,"Coffee Dripper":75,"Ring of the Snake":0}],"Ring of the Snake":[60]},"card_choices":[{"not_picked":["Poisoned Stab","Deadly Poison"],"picked":"Masterful Stab","floor":1.0},{"not_picked":["Distraction","Dodge and Roll"],"picked":"Cloak And Dagger","floor":3.0},{"not_picked":["Catalyst","Underhanded Strike"],"picked":"Dagger Spray","floor":4.0},{"not_picked":["Deadly Poison","Well Laid Plans"],"picked":"Flying Knee","floor":6.0},{"not_picked":["Reflex","Deadly Poison","Escape Plan"],"picked":"SKIP","floor":8.0},{"not_picked":["Bane","Infinite Blades"],"picked":"Adrenaline","floor":12.0},{"not_picked":["Dagger Spray","Bane","Sucker Punch"],"picked":"SKIP","floor":13.0},{"not_picked":["Deadly Poison","Underhanded Strike"],"picked":"Deflect","floor":14.0},{"not_picked":["Phantasmal Killer","Tools of the Trade"],"picked":"Storm of Steel","floor":16.0},{"not_picked":["Quick Slash"],"picked":"SKIP","floor":18.0},{"not_picked":["Deadly Poison"],"picked":"SKIP","floor":20.0},{"not_picked":["Bane"],"picked":"SKIP","floor":22.0},{"not_picked":["Riddle With Holes"],"picked":"SKIP","floor":23.0},{"not_picked":["Tactician"],"picked":"SKIP","floor":28.0},{"not_picked":["Dagger Throw"],"picked":"SKIP","floor":29.0},{"not_picked":["Catalyst"],"picked":"SKIP","floor":30.0},{"not_picked":["Expertise"],"picked":"SKIP","floor":31.0},{"not_picked":["Poisoned Stab+1"],"picked":"SKIP","floor":35.0},{"not_picked":["Poisoned Stab"],"picked":"SKIP","floor":37.0},{"not_picked":["Deadly Poison"],"picked":"SKIP","floor":38.0},{"not_picked":[],"picked":"Finisher","floor":40.0},{"not_picked":["Bane"],"picked":"SKIP","floor":42.0},{"not_picked":[],"picked":"Blade Dance","floor":44.0},{"not_picked":["Deadly Poison+1"],"picked":"SKIP","floor":45.0},{"not_picked":["Heel Hook"],"picked":"SKIP","floor":47.0},{"not_picked":["Dodge and Roll"],"picked":"SKIP","floor":48.0},{"not_picked":[],"picked":"Acrobatics","floor":53.0},{"not_picked":[],"picked":"Calculated Gamble","floor":53.0},{"not_picked":["Endless Agony"],"picked":"SKIP","floor":54.0}],"player_experience":970413,"relics_obtained":[{"floor":6.0,"key":"Boot"},{"floor":8.0,"key":"Darkstone Periapt"},{"floor":12.0,"key":"Art of War"},{"floor":23.0,"key":"Ginger"},{"floor":26.0,"key":"Pear"},{"floor":28.0,"key":"Orichalcum"},{"floor":30.0,"key":"MawBank"},{"floor":40.0,"key":"The Courier"},{"floor":42.0,"key":"White Beast Statue"},{"floor":43.0,"key":"Lizard Tail"},{"floor":45.0,"key":"Ancient Tea Set"},{"floor":54.0,"key":"Bronze Scales"}],"event_choices":[{"damage_healed":0.0,"max_hp_gain":0.0,"max_hp_loss":0.0,"gold_gain":0.0,"event_name":"Scrap Ooze","player_choice":"Success","floor":2.0,"gold_loss":0.0,"damage_taken":5.0,"relics_obtained":["Dead Branch"]},{"damage_healed":22.0,"max_hp_gain":0.0,"max_hp_loss":0.0,"gold_gain":0.0,"event_name":"Big Fish","player_choice":"Banana","floor":5.0,"gold_loss":0.0,"damage_taken":0.0},{"damage_healed":0.0,"max_hp_gain":0.0,"max_hp_loss":20.0,"gold_gain":0.0,"event_name":"Vampires","player_choice":"Became a vampire","floor":19.0,"gold_loss":0.0,"damage_taken":0.0,"cards_obtained":["Bite","Bite","Bite","Bite","Bite"]},{"damage_healed":0.0,"max_hp_gain":5.0,"max_hp_loss":0.0,"gold_gain":0.0,"event_name":"Forgotten Altar","player_choice":"Shed Blood","floor":21.0,"gold_loss":0.0,"damage_taken":16.0},{"damage_healed":0.0,"max_hp_gain":0.0,"max_hp_loss":26.0,"gold_gain":0.0,"event_name":"Ghosts","player_choice":"Became a Ghost","floor":24.0,"gold_loss":0.0,"damage_taken":0.0,"cards_obtained":["Ghostly","Ghostly","Ghostly"]},{"damage_healed":0.0,"max_hp_gain":0.0,"max_hp_loss":0.0,"gold_gain":0.0,"event_name":"Match and Keep!","player_choice":"1 cards matched","floor":36.0,"gold_loss":0.0,"damage_taken":0.0,"cards_obtained":["Glass Knife"]},{"damage_healed":0.0,"max_hp_gain":0.0,"max_hp_loss":2.0,"gold_gain":0.0,"event_name":"Winding Halls","player_choice":"Max HP","floor":39.0,"gold_loss":0.0,"damage_taken":0.0}],"is_beta":false,"boss_relics":[{"not_picked":["Fusion Hammer","Runic Dome"],"picked":"Busted Crown"},{"not_picked":["HoveringKite","SlaversCollar"],"picked":"Coffee Dripper"}],"items_purged_floors":[11],"is_endless":false,"potions_floor_spawned":[4,6,8,13,16,18,20,22,33,35,37,42,44,45,47,48,54],"ascension_level":16}}