{"host":"vm3f1ccwgbs4oygt","time":1612299061,"event":{"mods":["BaseMod","Bestiary","BetterRewards","Block Reminder","Colored Powertips","Highlight Path","Minty Spire (QoL Compilation)","Permanent Neow","Quick Restart","Relic Stats","Shop Mod","StSLib"],"gold_per_floor":[111,111,127,127,145,145,170,137,163,188,139,149,149,4,4,103,103,116,130,149,149,159,159,189,201,201],"floor_reached":25,"language":"ENG","playtime":1905,"items_purged":[],"score":337,"play_id":"97ab782e-c917-4bd8-98d3-6be6c069f3b9","local_time":"20210202215101","is_ascension_mode":true,"campfire_choices":[{"data":"Bash","floor":6,"key":"SMITH"},{"data":"Flame Barrier","floor":13,"key":"SMITH"},{"floor":15,"key":"REST"},{"data":"Uppercut","floor":23,"key":"SMITH"}],"circlet_count":0,"master_deck":["Strike_R","Strike_R","Strike_R","Defend_R","Defend_R","Defend_R","Bash+1","Carnage","Spot Weakness+1","Flame Barrier+1","Warcry","Blood for Blood","Shrug It Off","Anger","Uppercut+1","Inflame","Reaper","Flame Barrier+1","Headbutt+1","Sword Boomerang+1","Seeing Red","Armaments","Writhe"],"relics":["Velvet Choker","Oddly Smooth Stone","Boot","Centennial Puzzle","Astrolabe","Letter Opener","MawBank"],"acts_visited":["Exordium","TheCity"],"potions_floor_usage":[16,16,16,22,24],"damage_taken":[{"damage":7,"enemies":"Jaw Worm","floor":1,"turns":3},{"damage":9,"enemies":"Small Slimes","floor":3,"turns":3},{"damage":0,"enemies":"Cultist","floor":5,"turns":3},{"damage":10,"enemies":"3 Sentries","floor":7,"turns":6},{"damage":17,"enemies":"Gremlin Nob","floor":10,"turns":4},{"damage":2,"enemies":"3 Louse","floor":12,"turns":2},{"damage":0,"enemies":"Slime Boss","floor":16,"turns":4},{"damage":0,"enemies":"Spheric Guardian","floor":18,"turns":3},{"damage":14,"enemies":"Shell Parasite","floor":19,"turns":4},{"damage":19,"enemies":"Centurion and Healer","floor":20,"turns":5},{"damage":21,"enemies":"Cultist and Chosen","floor":22,"turns":6},{"damage":57,"enemies":"Gremlin Leader","floor":24,"turns":7},{"damage":18,"enemies":"3 Cultists","floor":25,"turns":4}],"seed_played":"-7713190964894200625","potions_obtained":[{"floor":3,"key":"HeartOfIron"},{"floor":7,"key":"FearPotion"},{"floor":10,"key":"SteroidPotion"},{"floor":16,"key":"PowerPotion"},{"floor":19,"key":"BloodPotion"}],"is_trial":false,"path_per_floor":["M","?","M","?","M","R","E","?","T","E","$","M","R","$","R","B",null,"M","M","M","?","M","R","E","M"],"character_chosen":"IRONCLAD","items_purchased":["Shrug It Off","Uppercut","Inflame"],"campfire_rested":1,"item_purchase_floors":[11,14,14],"current_hp_per_floor":[73,73,64,64,64,64,54,54,54,37,37,35,35,35,59,59,80,80,76,57,57,60,60,16,0,0],"gold":201,"neow_bonus":"BOSS_RELIC","is_daily":false,"chose_seed":false,"campfire_upgraded":3,"win_rate":0.0,"timestamp":1612299061,"path_taken":["M","?","M","?","M","R","E","?","T","E","?","M","R","$","R","BOSS","M","M","M","?","M","R","E","M"],"items_purchased_type":["Card","Card","Card"],"build_version":"2020-12-22","purchased_purges":0,"victory":false,"max_hp_per_floor":[80,80,80,80,80,80,80,80,80,80,80,80,80,80,80,80,80,80,80,80,80,80,80,80,80,80],"relic_stats":{"Centennial Puzzle":[18],"counters":[13,54],"Astrolabe":["Flame Barrier","Headbutt","Sword Boomerang"],"Letter Opener":[20],"Boot":[4],"MawBank":12,"obtain_stats":[{"Centennial Puzzle":10,"Astrolabe":17,"Velvet Choker":0,"Oddly Smooth Stone":7,"Letter Opener":21,"Boot":9,"MawBank":24,"Burning Blood":0},{"Centennial Puzzle":5,"Astrolabe":7,"Velvet Choker":0,"Oddly Smooth Stone":4,"Letter Opener":10,"Boot":4,"MawBank":12,"Burning Blood":0},{"Centennial Puzzle":19,"Astrolabe":25,"Velvet Choker":0,"Oddly Smooth Stone":15,"Letter Opener":37,"Boot":15,"MawBank":50,"Burning Blood":0}]},"card_choices":[{"not_picked":["Body Slam","Perfected Strike"],"picked":"Carnage","floor":1},{"not_picked":["Twin Strike","Iron Wave"],"picked":"Spot Weakness","floor":3},{"not_picked":["Body Slam","Infernal Blade"],"picked":"Flame Barrier","floor":5},{"not_picked":["Juggernaut","Infernal Blade"],"picked":"Warcry","floor":7},{"not_picked":["Flex","Rampage"],"picked":"Blood for Blood","floor":10},{"not_picked":["Sword Boomerang","Iron Wave"],"picked":"Anger","floor":12},{"not_picked":["Impervious","Brutality"],"picked":"Reaper","floor":16},{"not_picked":["Sword Boomerang+1","Wild Strike+1","Thunderclap"],"picked":"SKIP","floor":18},{"not_picked":["Evolve+1","Body Slam"],"picked":"Seeing Red","floor":19},{"not_picked":["Thunderclap","Anger"],"picked":"Armaments","floor":20},{"not_picked":["Twin Strike+1","Body Slam","Second Wind"],"picked":"SKIP","floor":22},{"not_picked":["Evolve","Sword Boomerang","Iron Wave"],"picked":"SKIP","floor":24}],"player_experience":1159089,"relics_obtained":[{"floor":7,"key":"Oddly Smooth Stone"},{"floor":9,"key":"Boot"},{"floor":10,"key":"Centennial Puzzle"},{"floor":24,"key":"MawBank"}],"event_choices":[{"damage_healed":0,"gold_gain":0,"player_choice":"Ignored","damage_taken":0,"max_hp_gain":0,"max_hp_loss":0,"event_name":"Shining Light","floor":2,"gold_loss":0},{"damage_healed":0,"gold_gain":0,"player_choice":"Grow","damage_taken":0,"max_hp_gain":0,"max_hp_loss":0,"event_name":"Living Wall","floor":4,"gold_loss":0,"cards_upgraded":["Spot Weakness"]},{"damage_healed":0,"gold_gain":0,"player_choice":"Left Gold","damage_taken":0,"max_hp_gain":0,"max_hp_loss":0,"event_name":"World of Goop","floor":8,"gold_loss":33},{"damage_healed":0,"gold_gain":0,"player_choice":"Opened","damage_taken":0,"relics_obtained":["Letter Opener"],"max_hp_gain":0,"max_hp_loss":0,"event_name":"The Mausoleum","floor":21,"gold_loss":0,"cards_obtained":["Writhe"]}],"is_beta":false,"boss_relics":[{"not_picked":["Sozu","SlaversCollar"],"picked":"Astrolabe"}],"items_purged_floors":[],"is_endless":false,"potions_floor_spawned":[3,7,10,16,19],"killed_by":"3 Cultists","ascension_level":4}}