{"host":"d52brwsy6af8zvaq","time":1612235325,"event":{"mods":["AchievementEnabler","BaseMod","Bestiary","Highlight Path","Minty Spire (QoL Compilation)","Quick Restart","Relic Stats","ojb\u0027s Better Paths Mod"],"gold_per_floor":[113,113,130,12,27,27,52,52,52,71,71,82,82,107,107,182,182,197,214,214,214,162,162,162],"floor_reached":23,"language":"ENG","playtime":817,"items_purged":["Strike_G"],"score":398,"play_id":"b17f623a-6f6b-411a-95fe-5d6e25287476","local_time":"20210201200845","is_ascension_mode":true,"campfire_choices":[{"data":"Crippling Poison","floor":6.0,"key":"SMITH"},{"floor":8.0,"key":"REST"},{"data":"Noxious Fumes","floor":11.0,"key":"SMITH"},{"floor":13.0,"key":"REST"},{"data":"Footwork","floor":15,"key":"SMITH"}],"circlet_count":0,"master_deck":["AscendersBane","Survivor","Neutralize","Sucker Punch+1","Noxious Fumes+1","Crippling Poison+1","PiercingWail","Prepared","Calculated Gamble","Dagger Throw","Footwork+1","Wraith Form v2","PiercingWail","Endless Agony","Venomology","Bane","Blade Dance","Sucker Punch","Finisher","Catalyst","Adrenaline","Backflip","Blade Dance"],"relics":["Ring of the Snake","Question Card","Pantograph","Whetstone","Pandora\u0027s Box"],"acts_visited":["Exordium","TheCity"],"potions_floor_usage":[18,19],"damage_taken":[{"damage":2.0,"enemies":"Small Slimes","floor":1.0,"turns":5.0},{"damage":0.0,"enemies":"Cultist","floor":3.0,"turns":3.0},{"damage":2.0,"enemies":"2 Louse","floor":5.0,"turns":3.0},{"damage":48.0,"enemies":"Gremlin Nob","floor":7.0,"turns":5.0},{"damage":10.0,"enemies":"Gremlin Gang","floor":10.0,"turns":4.0},{"damage":1.0,"enemies":"Blue Slaver","floor":12.0,"turns":5.0},{"damage":13.0,"enemies":"Lagavulin","floor":14.0,"turns":6.0},{"damage":40,"enemies":"Hexaghost","floor":16,"turns":12},{"damage":10,"enemies":"Spheric Guardian","floor":18,"turns":6},{"damage":6,"enemies":"3 Byrds","floor":19,"turns":4},{"damage":24,"enemies":"Gremlin Leader","floor":23,"turns":4}],"seed_played":"5899626663373062681","potions_obtained":[{"floor":5.0,"key":"CultistPotion"},{"floor":7.0,"key":"Dexterity Potion"},{"floor":16,"key":"AttackPotion"},{"floor":18,"key":"Swift Potion"}],"is_trial":false,"path_per_floor":["M","?","M","$","M","R","E","R","T","M","R","M","R","E","R","B",null,"M","M","?","?","$","E"],"character_chosen":"THE_SILENT","items_purchased":["Crippling Poison","Blade Dance"],"campfire_rested":2,"item_purchase_floors":[4,22],"current_hp_per_floor":[63,63,63,63,61,61,13,34,34,24,24,23,44,31,31,16,58,48,42,22,22,22,0,0],"gold":162,"neow_bonus":"TEN_PERCENT_HP_BONUS","is_daily":false,"chose_seed":false,"campfire_upgraded":3,"win_rate":0.0,"timestamp":1612235325,"path_taken":["M","?","M","$","M","R","E","R","T","M","R","M","R","E","R","BOSS","M","M","?","?","$","E"],"items_purchased_type":["Card","Card"],"build_version":"2020-12-22","purchased_purges":1,"victory":false,"max_hp_per_floor":[72,72,72,72,72,72,72,72,72,72,72,72,72,72,72,72,72,72,72,77,77,77,77,77],"relic_stats":{"counters":[11,57],"Pantograph":25,"Pandora\u0027s Box":["PiercingWail","Unload","Endless Agony","Venomology","Bane","Riddle With Holes","Blade Dance","Sucker Punch","Finisher"],"Whetstone":["Strike_G","Strike_G"],"Question Card":7,"obtain_stats":[{"Pantograph":9,"Pandora\u0027s Box":17,"Whetstone":14,"Question Card":7,"Ring of the Snake":0},{"Pantograph":4,"Pandora\u0027s Box":8,"Whetstone":7,"Question Card":4,"Ring of the Snake":0},{"Pantograph":16,"Pandora\u0027s Box":43,"Whetstone":31,"Question Card":16,"Ring of the Snake":0}],"Ring of the Snake":[22]},"card_choices":[{"not_picked":["Backflip","Quick Slash"],"picked":"Sucker Punch","floor":1.0},{"not_picked":["Outmaneuver","Deadly Poison"],"picked":"Noxious Fumes","floor":3.0},{"not_picked":["Eviscerate","Deadly Poison"],"picked":"PiercingWail","floor":5.0},{"not_picked":["Bane","Finisher"],"picked":"Prepared","floor":7.0},{"not_picked":["Bane","PiercingWail","Deadly Poison"],"picked":"Calculated Gamble","floor":10.0},{"not_picked":["Caltrops","Sucker Punch","Dodge and Roll"],"picked":"Dagger Throw","floor":12.0},{"not_picked":["Expertise","Wraith Form v2","Quick Slash"],"picked":"Footwork","floor":14},{"not_picked":["Grand Finale","Tools of the Trade","After Image"],"picked":"Wraith Form v2","floor":16},{"not_picked":["Prepared","Flying Knee","Deflect","Poisoned Stab"],"picked":"SKIP","floor":18},{"not_picked":["Prepared","Underhanded Strike","Calculated Gamble+1"],"picked":"Catalyst","floor":19}],"player_experience":2112312,"relics_obtained":[{"floor":7.0,"key":"Question Card"},{"floor":9.0,"key":"Pantograph"},{"floor":14,"key":"Whetstone"}],"event_choices":[{"damage_healed":0.0,"max_hp_gain":0.0,"max_hp_loss":0.0,"gold_gain":0.0,"event_name":"Upgrade Shrine","player_choice":"Upgraded","floor":2.0,"gold_loss":0.0,"damage_taken":0.0,"cards_upgraded":["Sucker Punch"]},{"damage_healed":0,"gold_gain":0,"player_choice":"Shed Blood","damage_taken":25,"max_hp_gain":5,"max_hp_loss":0,"event_name":"Forgotten Altar","floor":20,"gold_loss":0},{"damage_healed":0,"gold_gain":0,"cards_transformed":["Riddle With Holes","Unload"],"player_choice":"Became Test Subject","damage_taken":0,"max_hp_gain":0,"max_hp_loss":0,"event_name":"Drug Dealer","floor":21,"gold_loss":0,"cards_obtained":["Adrenaline","Backflip"]}],"is_beta":false,"boss_relics":[{"not_picked":["Philosopher\u0027s Stone","HoveringKite"],"picked":"Pandora\u0027s Box"}],"items_purged_floors":[4],"is_endless":false,"potions_floor_spawned":[5,7,10,16,18],"killed_by":"Gremlin Leader","ascension_level":20}}