{"host":"y0avvqzsetgmdwfn","time":1612286087,"event":{"mods":["AchievementEnabler","BaseMod","Better Third Choice","Downfall","Minty Spire (QoL Compilation)","Red Circlet Mod","Replay The Spire","Spicy Shops","StSLib"],"gold_per_floor":[99,112,129,229,229,257,283,301,12,28,47,59,93,193,204,304,304,304,319,319,338,338,3,3,14,14,14,42,57,89,89,105,210,310,110,120,131,131,146,173,173,273,288,306,321,351,368,41,54,54],"floor_reached":51,"language":"ENG","playtime":4345,"items_purged":["Regret","bronze:Strike"],"score":956,"play_id":"6407bf51-bed7-4483-8465-055e813de783","local_time":"20210203011447","is_ascension_mode":true,"campfire_choices":[{"data":"bronze:Replicate","floor":1.0,"key":"SMITH"},{"data":"bronze:Verify","floor":18.0,"key":"SMITH"},{"floor":35.0,"key":"RECALL"}],"circlet_count":0,"master_deck":["bronze:Strike","bronze:Strike","bronze:Strike","bronze:Defend","bronze:Defend","bronze:Defend","bronze:Defend","bronze:Replicate+1","bronze:Goto","CurseOfTheBell","bronze:Iterate","bronze:Constructor","bronze:FollowUp","bronze:NullPointer","bronze:Terminator","bronze:GetLatest","bronze:Fortify","bronze:ItsAFeature","bronze:Overheat","bronze:Refactor","bronze:Verify+1","bronze:Fortify","bronze:Verify+1","bronze:Invalidate","expansioncontent:QuickStudy","bronze:DelayedSlice+1","RitualDagger+1","bronze:Turbo+1","bronze:BitShift+1","bronze:Shield+1","Slimebound:CheckThePlaybook","downfall:Icky","bronze:BronzeArmor","bronze:Assembly","bronze:Return+1","bronze:InfiniteBeams+1","bronze:Repulsor","bronze:GetLatest+1","bronze:Deprecate+1","bronze:ChosenStrike","bronze:DarkDash","bronze:TinkerersToolbox","bronze:Philosophize","bronze:Frontload","bronze:InfiniteBeams","bronze:InfiniteBeams","Replay:SS_forest_2","Master of Strategy+1","bronze:Branch+1"],"relics":["Calling Bell","Replay:Mystery Machine","Divine Protection","Unceasing Top","Torii","Guardian:PocketSentry","Membership Card","Mummified Hand","Blue Doll","sneckomod:SneckoTalon","Nilry\u0027s Codex","Boot","champ:DuelingGlove","Mango","Vajra","Lantern","Replay:Wanted Poster","downfall:HeartBlessingGreen","downfall:HeartBlessingBlue","bronze:BottledCode","Anchor","Question Card","Potion Belt","Eternal Feather","Snack Pack","bronze:ProtectiveGoggles","BargainBundle"],"acts_visited":["Exordium","TheCity","TheBeyond"],"potions_floor_usage":[40,42,46,48,48,50,50,50,50],"damage_taken":[{"damage":0.0,"enemies":"2 Louse","floor":2.0,"turns":3.0},{"damage":0.0,"enemies":"Small Slimes","floor":3.0,"turns":3.0},{"damage":11.0,"enemies":"3 Sentries","floor":6.0,"turns":7.0},{"damage":0.0,"enemies":"Jaw Worm","floor":8.0,"turns":2.0},{"damage":0.0,"enemies":"downfall:FleeingMerchant","floor":9.0,"turns":4.0},{"damage":0.0,"enemies":"Lots of Slimes","floor":10.0,"turns":3.0},{"damage":0.0,"enemies":"Exordium Thugs","floor":11.0,"turns":4.0},{"damage":0.0,"enemies":"3 Louse","floor":12.0,"turns":1.0},{"damage":8.0,"enemies":"Replay:BlueRogue","floor":13.0,"turns":5.0},{"damage":0.0,"enemies":"Lots of Slimes","floor":15.0,"turns":5.0},{"damage":0.0,"enemies":"WA_ARCHETYPE_RETAIN","floor":16.0,"turns":5.0},{"damage":0.0,"enemies":"Chosen","floor":19.0,"turns":5.0},{"damage":8.0,"enemies":"Centurion and Healer","floor":21.0,"turns":6.0},{"damage":0.0,"enemies":"downfall:FleeingMerchant","floor":23.0,"turns":4.0},{"damage":10.0,"enemies":"Shelled Parasite and Fungi","floor":25.0,"turns":6.0},{"damage":9.0,"enemies":"Slavers","floor":28.0,"turns":4.0},{"damage":1.0,"enemies":"Chosen and Byrds","floor":29.0,"turns":5.0},{"damage":2.0,"enemies":"Gremlin Leader","floor":30.0,"turns":6.0},{"damage":0.0,"enemies":"Cultist and Chosen","floor":32.0,"turns":5.0},{"damage":27.0,"enemies":"SI_MIRROR_ARCHETYPE","floor":33.0,"turns":5.0},{"damage":2.0,"enemies":"Orb Walker","floor":36.0,"turns":2.0},{"damage":1.0,"enemies":"3 Shapes","floor":37.0,"turns":4.0},{"damage":13.0,"enemies":"Maw","floor":39.0,"turns":6.0},{"damage":44,"enemies":"Nemesis","floor":40,"turns":7},{"damage":0,"enemies":"downfall:LadyInBlue","floor":42,"turns":6},{"damage":0,"enemies":"Spire Growth","floor":43,"turns":3},{"damage":17,"enemies":"Jaw Worm Horde","floor":44,"turns":4},{"damage":0,"enemies":"Maw","floor":45,"turns":7},{"damage":16,"enemies":"Reptomancer","floor":46,"turns":7},{"damage":0,"enemies":"Sphere and 2 Shapes","floor":47,"turns":5},{"damage":0,"enemies":"downfall:FleeingMerchant","floor":48,"turns":4},{"damage":6,"enemies":"Jaw Worm Horde","floor":49,"turns":4},{"damage":0,"enemies":"IC_BLOCK_ARCHETYPE","floor":50,"turns":5}],"seed_played":"3444381879970286167","potions_obtained":[{"floor":3.0,"key":"Reflective Coating"},{"floor":6.0,"key":"Death Potion"},{"floor":10.0,"key":"Toxic Potion"},{"floor":11.0,"key":"FearPotion"},{"floor":15.0,"key":"bronze:BurnAndBuffPotion"},{"floor":25.0,"key":"FairyPotion"},{"floor":26.0,"key":"CultistPotion"},{"floor":28.0,"key":"champ:CounterPotion"},{"floor":30.0,"key":"CultistPotion"},{"floor":33.0,"key":"Dexterity Potion"},{"floor":37.0,"key":"hexamod:SoulburnPotion"},{"floor":40,"key":"PowerPotion"},{"floor":42,"key":"bronze:FreeFunctionsPotion"},{"floor":42,"key":"Reflective Coating"},{"floor":42,"key":"sneckomod:MuddlingPotion"},{"floor":45,"key":"bronze:BuildAFunctionPotion"},{"floor":46,"key":"DistilledChaos"},{"floor":47,"key":"Toxic Potion"}],"is_trial":false,"path_per_floor":["R","M","M","?","?","E","T","M","$","M","M","M","E","?","M","B",null,"R","M","?","M","?","$","T","M","?","?","E","M","E","?","M","B",null,"R","M","M","?","M","E","T","?","M","M","M","E","M","$","M","B",null],"character_chosen":"THE_AUTOMATON","items_purchased":["Membership Card","Mummified Hand","Boot","champ:DuelingGlove","expansioncontent:QuickStudy","PowerPotion","Snack Pack","FairyPotion","bronze:ProtectiveGoggles","BargainBundle","bronze:InfiniteBeams","Replay:SS_forest_2","Master of Strategy+1","Energy Potion","Guardian:BlockOnCardUsePotion"],"campfire_rested":0,"item_purchase_floors":[9,9,23,23,23,23,48,48,48,48,48,48,48,48,48],"current_hp_per_floor":[70,70,70,70,70,59,59,59,59,59,59,59,51,51,51,51,70,70,70,70,62,46,46,60,50,50,50,41,40,38,38,38,11,84,94,92,91,84,71,27,27,27,27,10,10,25,25,25,23,47],"gold":54,"neow_bonus":"BOSS_RELIC","is_daily":false,"chose_seed":false,"campfire_upgraded":2,"win_rate":0.0,"timestamp":1612286087,"path_taken":["R","M","M","?","?","E","T","M","?","?","M","M","E","?","M","BOSS","R","M","?","?","?","$","T","M","?","?","E","M","E","?","M","BOSS","R","M","M","?","M","E","T","?","M","M","M","E","?","$","M","BOSS"],"items_purchased_type":["Relic","Relic","Relic","Relic","Card","Potion","Relic","Potion","Relic","Relic","Card","Card","Card","Potion","Potion"],"build_version":"2020-12-22","purchased_purges":2,"victory":true,"max_hp_per_floor":[70,70,70,70,70,70,70,70,70,70,70,70,70,70,70,70,70,70,70,70,70,70,70,84,84,84,84,84,84,84,84,84,84,84,94,94,94,84,84,84,84,84,84,84,84,84,84,84,84,84],"card_choices":[{"not_picked":["bronze:DelayedGuard","bronze:Frontload"],"picked":"bronze:Iterate","floor":2.0},{"not_picked":["bronze:Separator","bronze:Overload"],"picked":"bronze:Constructor","floor":3.0},{"not_picked":["bronze:Shell","bronze:ShipIt"],"picked":"bronze:FollowUp","floor":6.0},{"not_picked":["bronze:Overload","bronze:FollowUp"],"picked":"bronze:NullPointer","floor":8.0},{"not_picked":["bronze:Allocate","bronze:OilSpill"],"picked":"bronze:Terminator","floor":9.0},{"not_picked":["bronze:Safeguard","bronze:BuggyMess"],"picked":"bronze:GetLatest","floor":10.0},{"not_picked":["bronze:CutThrough","bronze:BuggyMess"],"picked":"bronze:Fortify","floor":11.0},{"not_picked":["bronze:Allocate","bronze:NullPointer"],"picked":"bronze:ItsAFeature","floor":12.0},{"not_picked":["bronze:ForceShield","bronze:Terminator"],"picked":"bronze:Overheat","floor":13.0},{"not_picked":["bronze:Iterate","bronze:DelayedGuard"],"picked":"bronze:Refactor","floor":15.0},{"not_picked":["bronze:InfiniteLoop","bronze:Virus"],"picked":"bronze:Verify","floor":16.0},{"not_picked":["bronze:BitShift","bronze:DelayedSlice"],"picked":"bronze:Fortify","floor":19.0},{"not_picked":["bronze:BitShift","bronze:Overload"],"picked":"bronze:Invalidate","floor":21.0},{"not_picked":["bronze:DelayedGuard+1","bronze:Deprecate","bronze:OilSpill+1"],"picked":"SKIP","floor":23.0},{"not_picked":["bronze:BitShift","bronze:Terminator"],"picked":"bronze:DelayedSlice+1","floor":25.0},{"not_picked":["bronze:Optimize","bronze:OilSpill"],"picked":"bronze:Turbo+1","floor":28.0},{"not_picked":["bronze:Branch","bronze:ThunderWave"],"picked":"bronze:BitShift+1","floor":29.0},{"not_picked":["bronze:Iterate+1","bronze:Branch"],"picked":"bronze:Shield+1","floor":30.0},{"not_picked":["bronze:Allocate","bronze:Terminator+1"],"picked":"bronze:BronzeArmor","floor":32.0},{"not_picked":["bronze:TinkerersToolbox","bronze:AlphaBuild"],"picked":"bronze:Assembly","floor":33.0},{"not_picked":["bronze:WhirlingStrike","bronze:Refactor","bronze:CutThrough"],"picked":"SKIP","floor":36.0},{"not_picked":["bronze:DelayedGuard","bronze:Turbo"],"picked":"bronze:Return+1","floor":37.0},{"not_picked":["bronze:FollowUp","bronze:BuggyMess"],"picked":"bronze:InfiniteBeams+1","floor":39.0},{"not_picked":["bronze:Separator","bronze:BitShift"],"picked":"bronze:Repulsor","floor":40},{"not_picked":["bronze:Shield","bronze:Iterate+1","bronze:Return"],"picked":"bronze:GetLatest+1","floor":42},{"not_picked":["bronze:DelayedSlice+1","bronze:WhirlingStrike+1","bronze:Iterate"],"picked":"bronze:Deprecate+1","floor":43},{"not_picked":["bronze:Safeguard+1","bronze:NullPointer+1","bronze:ForceShield+1"],"picked":"bronze:ChosenStrike","floor":44},{"not_picked":["bronze:CutThrough","bronze:Return","bronze:DelayedGuard"],"picked":"bronze:DarkDash","floor":45},{"not_picked":["bronze:Deprecate+1","bronze:Turbo+1","bronze:Branch+1"],"picked":"bronze:TinkerersToolbox","floor":46},{"not_picked":["bronze:ForLoop+1","bronze:DelayedGuard","bronze:DarkDash"],"picked":"bronze:Philosophize","floor":47},{"not_picked":["bronze:BronzeArmor","bronze:Fortify","bronze:Repulsor+1"],"picked":"bronze:Frontload","floor":48},{"not_picked":["bronze:Philosophize+1","bronze:DelayedGuard","bronze:Overheat+1"],"picked":"bronze:Branch+1","floor":49}],"player_experience":2031038,"relics_obtained":[{"floor":0.0,"key":"Replay:Mystery Machine"},{"floor":0.0,"key":"Divine Protection"},{"floor":0.0,"key":"Unceasing Top"},{"floor":6.0,"key":"Guardian:PocketSentry"},{"floor":13.0,"key":"Blue Doll"},{"floor":22.0,"key":"Nilry\u0027s Codex"},{"floor":24.0,"key":"Mango"},{"floor":28.0,"key":"Vajra"},{"floor":30.0,"key":"Lantern"},{"floor":40,"key":"Anchor"},{"floor":41,"key":"Question Card"},{"floor":42,"key":"Potion Belt"},{"floor":46,"key":"Eternal Feather"}],"event_choices":[{"damage_healed":0.0,"max_hp_gain":0.0,"max_hp_loss":0.0,"gold_gain":0.0,"event_name":"Big Fish","player_choice":"Box","floor":5.0,"gold_loss":0.0,"damage_taken":0.0,"relics_obtained":["Torii"],"cards_obtained":["Regret"]},{"damage_healed":0.0,"max_hp_gain":0.0,"max_hp_loss":0.0,"gold_gain":0.0,"event_name":"Ghosts","player_choice":"Ignored","floor":27.0,"gold_loss":0.0,"damage_taken":0.0}],"is_beta":false,"boss_relics":[{"not_picked":["SacredBark","ChewingGum"],"picked":"sneckomod:SneckoTalon"},{"not_picked":["Velvet Choker","Ring of Chaos"],"picked":"Replay:Wanted Poster"}],"items_purged_floors":[23,48],"is_endless":false,"potions_floor_spawned":[3,6,10,11,15,25,28,30,33,37,40,45,46,47,49],"ascension_level":1}}