{"host":"mqhvlr3kpxebko0t","time":1612273636,"event":{"mods":["AchievementEnabler","BaseMod","Colored Map","Colored Powertips","KOR Keyword Fix","Keyboard Shortcuts","Minty Spire (QoL Compilation)","StSLib","SuperFastMode"],"gold_per_floor":[116,126,137,150,164,164,194,194,194,77,2,13,13,27,27,27,27],"floor_reached":16,"language":"KOR","playtime":186,"items_purged":["Strike_R"],"score":208,"play_id":"d4ac5e27-01fa-4921-bc22-78ae1471aa57","local_time":"20210202224716","is_ascension_mode":true,"campfire_choices":[{"data":"Whirlwind","floor":6,"key":"SMITH"},{"data":"Fire Breathing","floor":8,"key":"SMITH"},{"data":"Wild Strike","floor":15,"key":"SMITH"}],"circlet_count":0,"master_deck":["AscendersBane","Strike_R","Strike_R","Strike_R","Defend_R","Defend_R","Defend_R","Defend_R","Bash","Fire Breathing+1","Whirlwind+1","Second Wind","Shockwave","Wild Strike+1"],"relics":["Burning Blood","Dream Catcher","Mango","White Beast Statue"],"acts_visited":["Exordium"],"potions_floor_usage":[12,16,16],"damage_taken":[{"damage":4,"enemies":"Jaw Worm","floor":1,"turns":4},{"damage":15,"enemies":"Small Slimes","floor":2,"turns":4},{"damage":2,"enemies":"2 Louse","floor":3,"turns":4},{"damage":6,"enemies":"2 Fungi Beasts","floor":4,"turns":4},{"damage":12,"enemies":"Looter","floor":5,"turns":4},{"damage":25,"enemies":"3 Sentries","floor":7,"turns":4},{"damage":14,"enemies":"Gremlin Gang","floor":12,"turns":3},{"damage":0,"enemies":"3 Louse","floor":14,"turns":1},{"damage":59,"enemies":"The Guardian","floor":16,"turns":8}],"seed_played":"1753292324619646616","potions_obtained":[{"floor":3,"key":"Dexterity Potion"},{"floor":7,"key":"HeartOfIron"},{"floor":12,"key":"EssenceOfSteel"}],"is_trial":false,"path_per_floor":["M","M","M","M","M","R","E","R","T","$","?","M","$","M","R","B"],"character_chosen":"IRONCLAD","items_purchased":["Shockwave"],"campfire_rested":0,"item_purchase_floors":[10],"current_hp_per_floor":[70,61,65,65,59,59,54,54,54,54,54,46,46,52,52,0,0],"gold":27,"neow_bonus":"RANDOM_COMMON_RELIC","is_daily":false,"chose_seed":false,"campfire_upgraded":3,"win_rate":0.0,"timestamp":1612273636,"path_taken":["M","M","M","M","M","R","E","R","T","$","?","M","$","M","R","BOSS"],"items_purchased_type":["Card"],"build_version":"2020-12-22","purchased_purges":1,"victory":false,"max_hp_per_floor":[75,75,75,75,75,75,89,89,89,89,89,89,89,89,89,89,89],"card_choices":[{"not_picked":["Twin Strike","Spot Weakness","Reckless Charge"],"picked":"SKIP","floor":1},{"not_picked":["Metallicize","Warcry"],"picked":"Fire Breathing","floor":2},{"not_picked":["Fire Breathing","Hemokinesis"],"picked":"Whirlwind","floor":3},{"not_picked":["Combust","Flex","Infernal Blade"],"picked":"SKIP","floor":4},{"not_picked":["Body Slam","Infernal Blade"],"picked":"Second Wind","floor":5},{"not_picked":["True Grit","Headbutt","Inflame"],"picked":"SKIP","floor":7},{"not_picked":["Headbutt","Armaments","Searing Blow"],"picked":"SKIP","floor":12},{"not_picked":["Fiend Fire","Sword Boomerang"],"picked":"Wild Strike","floor":14}],"player_experience":690439,"relics_obtained":[{"floor":7,"key":"Mango"},{"floor":9,"key":"White Beast Statue"}],"event_choices":[{"cards_removed":["Strike_R"],"damage_healed":0,"gold_gain":0,"player_choice":"Card Removal","damage_taken":0,"max_hp_gain":0,"max_hp_loss":0,"event_name":"The Cleric","floor":11,"gold_loss":75}],"is_beta":false,"boss_relics":[],"items_purged_floors":[10],"is_endless":false,"potions_floor_spawned":[3,7,12,14],"killed_by":"The Guardian","ascension_level":20}}