{"host":"vpaavrwbmey593fx","time":1612304206,"event":{"mods":["AchievementEnabler","BaseMod","Bestiary","Colored Map","Colored Powertips","DeckTracker","Minty Spire (QoL Compilation)","Relic Sorter"],"gold_per_floor":[114,124,141,216,232,232,232,263,309,320,320,337,337,355,355,456,456,475,291,310,235,249,249,278,278,278,278,278,304,304,338,338,440,440,454,454,454],"floor_reached":36,"language":"ENG","playtime":2647,"items_purged":[],"score":559,"play_id":"702d0939-dd61-499d-86d7-1d5840c4c612","local_time":"20210202141646","is_ascension_mode":true,"campfire_choices":[{"data":"Loop","floor":6.0,"key":"SMITH"},{"data":"Creative AI","floor":11.0,"key":"SMITH"},{"data":"Streamline","floor":13.0,"key":"SMITH"},{"floor":15.0,"key":"REST"},{"floor":23.0,"key":"REST"},{"floor":25.0,"key":"REST"},{"floor":27.0,"key":"REST"},{"floor":30.0,"key":"REST"},{"floor":32.0,"key":"REST"}],"circlet_count":0,"master_deck":["Strike_B","Strike_B","Defend_B","Defend_B","Defend_B","Zap","Dualcast","Loop+1","Lockon","Streamline+1","Coolheaded","Reboot","Double Energy","Creative AI+1","Conserve Battery","Conserve Battery","Doom and Gloom","Leap","Defragment+1","Stack+1"],"relics":["Cracked Core","HornCleat","Akabeko","Fusion Hammer","Pen Nib","Potion Belt","Cables","Frozen Egg 2","Bag of Marbles","Runic Dome"],"acts_visited":["Exordium","TheCity","TheBeyond"],"potions_floor_usage":[],"damage_taken":[{"damage":12.0,"enemies":"Small Slimes","floor":1.0,"turns":4.0},{"damage":3.0,"enemies":"Jaw Worm","floor":2.0,"turns":4.0},{"damage":1.0,"enemies":"Cultist","floor":3.0,"turns":3.0},{"damage":7.0,"enemies":"3 Louse","floor":5.0,"turns":3.0},{"damage":14.0,"enemies":"Lagavulin","floor":8.0,"turns":6.0},{"damage":1.0,"enemies":"2 Fungi Beasts","floor":10.0,"turns":3.0},{"damage":9.0,"enemies":"Exordium Thugs","floor":12.0,"turns":3.0},{"damage":10.0,"enemies":"Gremlin Gang","floor":14.0,"turns":3.0},{"damage":17.0,"enemies":"The Guardian","floor":16.0,"turns":10.0},{"damage":20.0,"enemies":"Shell Parasite","floor":18.0,"turns":5.0},{"damage":8.0,"enemies":"2 Thieves","floor":20.0,"turns":4.0},{"damage":17.0,"enemies":"Sentry and Sphere","floor":22.0,"turns":4.0},{"damage":30.0,"enemies":"Gremlin Leader","floor":24.0,"turns":5.0},{"damage":33.0,"enemies":"Book of Stabbing","floor":29.0,"turns":6.0},{"damage":5.0,"enemies":"Gremlin Leader","floor":31.0,"turns":6.0},{"damage":33.0,"enemies":"Automaton","floor":33.0,"turns":9.0},{"damage":53,"enemies":"3 Darklings","floor":35,"turns":6}],"seed_played":"-3906495127208714682","potions_obtained":[{"floor":1.0,"key":"FairyPotion"},{"floor":3.0,"key":"EntropicBrew"},{"floor":12.0,"key":"Dexterity Potion"},{"floor":35,"key":"PotionOfCapacity"}],"is_trial":false,"path_per_floor":["M","M","M","?","M","R","?","E","T","M","R","M","R","M","R","B",null,"M","$","M","?","M","R","E","R","T","R","?","E","R","E","R","B",null,"M","$"],"character_chosen":"DEFECT","items_purchased":["Pen Nib","Doom and Gloom"],"campfire_rested":6,"item_purchase_floors":[19,19],"current_hp_per_floor":[63,60,59,48,41,41,41,27,27,26,26,17,17,7,29,12,59,39,39,31,31,14,36,6,28,28,50,50,17,39,34,56,23,62,9,9,9],"gold":454,"neow_bonus":"TRANSFORM_CARD","is_daily":false,"chose_seed":false,"campfire_upgraded":3,"win_rate":0.0,"timestamp":1612304206,"path_taken":["M","M","M","?","M","R","?","E","T","M","R","M","R","?","R","BOSS","M","$","M","?","M","R","E","R","T","R","?","E","R","E","R","BOSS","M","$"],"items_purchased_type":["Relic","Card"],"build_version":"2020-12-22","purchased_purges":0,"victory":false,"max_hp_per_floor":[75,75,75,75,75,75,75,75,75,75,75,75,75,75,75,75,75,75,75,75,75,75,75,75,75,75,75,75,75,75,75,75,75,75,75,75,75],"card_choices":[{"not_picked":["Genetic Algorithm","Gash","Compile Driver"],"picked":"SKIP","floor":1.0},{"not_picked":["FTL","Melter"],"picked":"Lockon","floor":2.0},{"not_picked":["Cold Snap","Chaos"],"picked":"Streamline","floor":3.0},{"not_picked":["Undo","Compile Driver"],"picked":"Coolheaded","floor":5.0},{"not_picked":["Fusion","Undo"],"picked":"Double Energy","floor":8.0},{"not_picked":["Recycle","Rebound"],"picked":"Creative AI","floor":10.0},{"not_picked":["BootSequence","Undo"],"picked":"Conserve Battery","floor":12.0},{"not_picked":["Barrage","Gash","Redo"],"picked":"SKIP","floor":14.0},{"not_picked":["Gash","Hologram"],"picked":"Conserve Battery","floor":18.0},{"not_picked":["Sweeping Beam","Genetic Algorithm","Core Surge"],"picked":"SKIP","floor":20.0},{"not_picked":["Sweeping Beam+1","Cold Snap+1"],"picked":"Leap","floor":22.0},{"not_picked":["Steam","Double Energy","Compile Driver"],"picked":"SKIP","floor":24.0},{"not_picked":["Electrodynamics+1","Hyperbeam"],"picked":"Defragment+1","floor":29.0},{"not_picked":["Gash","Cold Snap","Sweeping Beam"],"picked":"SKIP","floor":31.0},{"not_picked":["Coolheaded+1","Rebound"],"picked":"Stack+1","floor":35}],"player_experience":306523,"relics_obtained":[{"floor":8.0,"key":"HornCleat"},{"floor":9.0,"key":"Akabeko"},{"floor":24.0,"key":"Potion Belt"},{"floor":26.0,"key":"Cables"},{"floor":29.0,"key":"Frozen Egg 2"},{"floor":31.0,"key":"Bag of Marbles"}],"event_choices":[{"damage_healed":0.0,"max_hp_gain":0.0,"max_hp_loss":0.0,"gold_gain":75.0,"event_name":"World of Goop","player_choice":"Gather Gold","floor":4.0,"gold_loss":0.0,"damage_taken":11.0},{"damage_healed":0.0,"max_hp_gain":0.0,"max_hp_loss":0.0,"gold_gain":0.0,"cards_transformed":["Defend_B"],"event_name":"Transmorgrifier","player_choice":"Transformed","floor":7.0,"gold_loss":0.0,"damage_taken":0.0,"cards_obtained":["Reboot"]},{"cards_removed":["Strike_B"],"damage_healed":0.0,"max_hp_gain":0.0,"max_hp_loss":0.0,"gold_gain":0.0,"event_name":"Beggar","player_choice":"Gave Gold","floor":21.0,"gold_loss":75.0,"damage_taken":0.0},{"damage_healed":0.0,"max_hp_gain":0.0,"max_hp_loss":0.0,"gold_gain":0.0,"event_name":"The Mausoleum","player_choice":"Ignored","floor":28.0,"gold_loss":0.0,"damage_taken":0.0}],"is_beta":false,"boss_relics":[{"not_picked":["SlaversCollar","Philosopher\u0027s Stone"],"picked":"Fusion Hammer"},{"not_picked":["Astrolabe","Sozu"],"picked":"Runic Dome"}],"items_purged_floors":[],"is_endless":false,"potions_floor_spawned":[1,3,12,16,18,31,35],"ascension_level":5}}