{"host":"Kitsune","time":1612234906,"event":{"mods":["AchievementEnabler","BaseMod","Bestiary","Better Altar","Better Match","Better Note","Better Sensory Stone","Better Skull","Better Third Choice","BetterRewards","Block Reminder","Colored Map","Colored Powertips","Downfall","Highlight Path","Marisa????????","Minty Spire (QoL Compilation)","Permanent Neow","Remilia??????","Shop Mod","StSLib","The Cursed","The Necromancer","The Servant 0.9.4","Waifu the Spire"],"gold_per_floor":[119,44,44,58,72,126,26,26,52,52,52,104,143,182,182,302,302,312,312,344,156,156,168,121,158,213,213,251,251,288,288,288,288,288],"floor_reached":33,"language":"ENG","playtime":1440,"items_purged":["Strike_MRS","Defend_MRS"],"score":357,"play_id":"cd979593-2262-4e93-bada-bfe68eb4da99","local_time":"20210201220146","is_ascension_mode":false,"campfire_choices":[{"data":"Apotheosis","floor":8,"key":"SMITH"},{"floor":11,"key":"REST"},{"data":"SprinkleStarSeal","floor":15,"key":"SMITH"},{"floor":27,"key":"REST"},{"floor":29,"key":"REST"},{"floor":32,"key":"REST"}],"circlet_count":0,"master_deck":["Strike_MRS","Strike_MRS","Defend_MRS","Defend_MRS","MasterSpark","UpSweep","Apotheosis+1","ShootingEcho+1","SprinkleStarSeal+1","WitchOfGreed","MagicAbsorber","BinaryStars","PowerUp+1","PowerUp","WitchLeyline","PowerUp","WitchLeyline+1","OrrerysSun"],"relics":["MiniHakkero","CultistMask","Orichalcum","Blood Vial","Ginger","SlaversCollar","MerchantsRug","Whetstone"],"acts_visited":["Exordium","TheCity"],"potions_floor_usage":[16,33],"damage_taken":[{"damage":0,"enemies":"2 Louse","floor":1,"turns":3},{"damage":1,"enemies":"Cultist","floor":4,"turns":4},{"damage":3,"enemies":"Jaw Worm","floor":5,"turns":3},{"damage":12,"enemies":"Gremlin Nob","floor":6,"turns":5},{"damage":5,"enemies":"Lagavulin","floor":12,"turns":7},{"damage":3,"enemies":"Exordium Wildlife","floor":13,"turns":4},{"damage":0,"enemies":"2 Fungi Beasts","floor":14,"turns":3},{"damage":30,"enemies":"The Guardian","floor":16,"turns":10},{"damage":16,"enemies":"Spheric Guardian","floor":18,"turns":4},{"damage":0,"enemies":"Chosen","floor":20,"turns":5},{"damage":15,"enemies":"Snake Plant","floor":23,"turns":3},{"damage":13,"enemies":"Chosen and Byrds","floor":25,"turns":6},{"damage":21,"enemies":"Cultist and Chosen","floor":28,"turns":6},{"damage":5,"enemies":"Centurion and Healer","floor":30,"turns":5},{"damage":78,"enemies":"Automaton","floor":33,"turns":6}],"seed_played":"-6951517689188815592","potions_obtained":[{"floor":5,"key":"SpeedPotion"},{"floor":12,"key":"CultistPotion"},{"floor":13,"key":"Explosive Potion"},{"floor":14,"key":"Energy Potion"},{"floor":14,"key":"ColorlessPotion"},{"floor":16,"key":"ShroomBrew"},{"floor":20,"key":"Energy Potion"}],"is_trial":false,"path_per_floor":["M","$","?","M","M","E","$","R","T","?","R","E","M","M","R","B",null,"M","?","M","$","?","M","$","M","T","R","M","R","M","?","R","B"],"character_chosen":"MARISA","items_purchased":["Apotheosis","WitchLeyline","MerchantsRug","WitchLeyline"],"campfire_rested":4,"item_purchase_floors":[0,21,21,24],"current_hp_per_floor":[75,75,75,74,71,59,59,59,59,59,75,70,69,71,71,43,75,59,59,61,61,61,48,48,37,37,59,40,62,59,59,75,0,0],"gold":288,"neow_bonus":"","is_daily":false,"chose_seed":false,"campfire_upgraded":2,"win_rate":0.0,"timestamp":1612234906,"path_taken":["M","$","?","M","M","E","?","R","T","?","R","E","M","?","R","BOSS","M","?","M","$","?","M","$","M","T","R","M","R","M","?","R","BOSS"],"items_purchased_type":["Card","Card","Relic","Card"],"build_version":"2020-12-18","purchased_purges":2,"victory":false,"max_hp_per_floor":[75,75,75,75,75,75,75,75,75,75,75,75,75,75,75,75,75,75,75,75,75,75,75,75,75,75,75,75,75,75,75,75,75,75],"card_choices":[{"not_picked":["6A","AsteroidBelt"],"picked":"ShootingEcho","floor":1},{"not_picked":["RefractionSpark","DragonMeteor"],"picked":"SprinkleStarSeal","floor":4},{"not_picked":["AsteroidBelt","Robbery"],"picked":"WitchOfGreed","floor":5},{"not_picked":["GrandCross","Orbital"],"picked":"MagicAbsorber","floor":6},{"not_picked":["StarlightTyphoon","SporeBomb","RefractionSpark"],"picked":"SKIP","floor":12},{"not_picked":["StarlightTyphoon","SporeBomb","RefractionSpark"],"picked":"SKIP","floor":12},{"not_picked":["DragonMeteor","GrandCross","Robbery"],"picked":"SKIP","floor":13},{"not_picked":["MysteriousBeam","MagicChant","GrandCross"],"picked":"SKIP","floor":14},{"not_picked":["CollectingQuirk","AbsoluteMagnitude"],"picked":"BinaryStars","floor":16},{"not_picked":["6A+1","GrandCross"],"picked":"PowerUp","floor":18},{"not_picked":["PulseMagic","AsteroidBelt"],"picked":"PowerUp","floor":20},{"not_picked":["WitchOfGreed","StarlightTyphoon"],"picked":"PowerUp","floor":23},{"not_picked":["AsteroidBelt","PropBag","6A"],"picked":"SKIP","floor":25},{"not_picked":["MilkyWay+1","DarkSpark","LuminesStrike+1"],"picked":"SKIP","floor":28},{"not_picked":["GalacticHalo","LuminesStrike+1","SporeBomb"],"picked":"SKIP","floor":30}],"player_experience":138856,"relics_obtained":[{"floor":6,"key":"Orichalcum"},{"floor":9,"key":"Blood Vial"},{"floor":12,"key":"Ginger"},{"floor":26,"key":"Whetstone"}],"event_choices":[{"damage_healed":0,"gold_gain":0,"player_choice":"Trade","damage_taken":0,"relics_obtained":["CultistMask"],"max_hp_gain":0,"max_hp_loss":0,"event_name":"FaceTrader","floor":3,"gold_loss":0},{"cards_removed":["Strike_MRS"],"damage_healed":0,"gold_gain":0,"player_choice":"Forget","damage_taken":0,"max_hp_gain":0,"max_hp_loss":0,"event_name":"Living Wall","floor":10,"gold_loss":0},{"damage_healed":0,"gold_gain":0,"player_choice":"Forge","damage_taken":0,"max_hp_gain":0,"max_hp_loss":0,"event_name":"Accursed Blacksmith","floor":19,"gold_loss":0,"cards_upgraded":["PowerUp"]},{"damage_healed":0,"gold_gain":0,"player_choice":"Got Potions","damage_taken":0,"max_hp_gain":0,"max_hp_loss":0,"event_name":"Lab","floor":22,"gold_loss":0},{"damage_healed":0,"gold_gain":0,"cards_transformed":["Defend_MRS"],"player_choice":"Transformed","damage_taken":0,"max_hp_gain":0,"max_hp_loss":0,"event_name":"Transmorgrifier","floor":31,"gold_loss":0,"cards_obtained":["OrrerysSun"]}],"is_beta":true,"boss_relics":[{"not_picked":["Astrolabe","Runic Dome"],"picked":"SlaversCollar"}],"items_purged_floors":[2,7],"is_endless":false,"potions_floor_spawned":[5,13,14,20,23,30],"killed_by":"Automaton","ascension_level":0}}