{"host":"qdfumeom6htv8yxl","time":1612304356,"event":{"mods":["AchievementEnabler","BaseMod","Bestiary","Block Reminder","Colored Powertips","Highlight Path","Minty Spire (QoL Compilation)","Quick Restart","Relic Stats"],"gold_per_floor":[364,414,430,505,336,336,356,356,356,389,389,424,424,453,453,453,453],"floor_reached":16,"language":"ENG","playtime":817,"items_purged":[],"score":232,"play_id":"8120dc8c-19bf-4f87-8023-0d9d9e3d4038","local_time":"20210202161916","is_ascension_mode":true,"campfire_choices":[{"data":"Beam Cell","floor":6.0,"key":"SMITH"},{"data":"Seek","floor":8.0,"key":"SMITH"},{"floor":13.0,"key":"REST"},{"floor":15.0,"key":"REST"}],"circlet_count":0,"master_deck":["AscendersBane","Strike_B","Strike_B","Strike_B","Strike_B","Defend_B","Defend_B","Defend_B","Defend_B","Zap","Dualcast","FTL+1","Beam Cell+1","Gash","Seek+1","Steam","Leap","Gash","Gash"],"relics":["Cracked Core","Orrery","Vajra","Pen Nib","Blue Candle","Art of War"],"acts_visited":["Exordium"],"potions_floor_usage":[],"damage_taken":[{"damage":9.0,"enemies":"Jaw Worm","floor":1.0,"turns":3.0},{"damage":0.0,"enemies":"Cultist","floor":3.0,"turns":3.0},{"damage":0.0,"enemies":"2 Louse","floor":7.0,"turns":2.0},{"damage":8.0,"enemies":"Gremlin Nob","floor":10.0,"turns":3.0},{"damage":20.0,"enemies":"Lagavulin","floor":12.0,"turns":5.0},{"damage":10.0,"enemies":"3 Sentries","floor":14.0,"turns":6.0},{"damage":37,"enemies":"Slime Boss","floor":16,"turns":7}],"seed_played":"-6305731268273441422","potions_obtained":[{"floor":3.0,"key":"Weak Potion"},{"floor":10.0,"key":"PowerPotion"}],"is_trial":false,"path_per_floor":["M","?","M","?","$","R","M","R","T","E","?","E","R","E","R","B"],"character_chosen":"DEFECT","items_purchased":["Orrery"],"campfire_rested":2,"item_purchase_floors":[5],"current_hp_per_floor":[55,49,49,38,38,38,38,38,38,30,30,10,29,19,38,1,1],"gold":453,"neow_bonus":"TWO_FIFTY_GOLD","is_daily":false,"chose_seed":false,"campfire_upgraded":2,"win_rate":0.0,"timestamp":1612304356,"path_taken":["M","?","?","?","$","R","M","R","T","E","?","E","R","E","R","BOSS"],"items_purchased_type":["Relic"],"build_version":"2020-12-22","purchased_purges":0,"victory":false,"max_hp_per_floor":[64,64,64,64,64,64,64,64,64,64,64,64,64,64,64,64,64],"relic_stats":{"counters":[7,29],"Blue Candle":[0],"Pen Nib":[3],"Art of War":[0],"obtain_stats":[{"Blue Candle":12,"Orrery":5,"Vajra":9,"Pen Nib":10,"Art of War":14,"Cracked Core":0},{"Blue Candle":5,"Orrery":2,"Vajra":3,"Pen Nib":4,"Art of War":6,"Cracked Core":0},{"Blue Candle":16,"Orrery":6,"Vajra":8,"Pen Nib":11,"Art of War":22,"Cracked Core":0}]},"card_choices":[{"not_picked":["Compile Driver","Hologram"],"picked":"FTL","floor":1.0},{"not_picked":["Heatsinks","Stack","Blizzard"],"picked":"SKIP","floor":3.0},{"not_picked":["Barrage","Capacitor"],"picked":"Beam Cell","floor":5.0},{"not_picked":["Steam","Compile Driver"],"picked":"Gash","floor":5.0},{"not_picked":["Steam","Leap"],"picked":"Seek","floor":5.0},{"not_picked":["Coolheaded","Loop"],"picked":"Steam","floor":5.0},{"not_picked":["Barrage","Static Discharge"],"picked":"Leap","floor":5.0},{"not_picked":["Coolheaded","Barrage","Turbo"],"picked":"SKIP","floor":7.0},{"not_picked":["Conserve Battery","Glacier"],"picked":"Gash","floor":10.0},{"not_picked":["Conserve Battery","Multi-Cast"],"picked":"Gash","floor":12.0},{"not_picked":["Turbo","White Noise","Lockon"],"picked":"SKIP","floor":14.0}],"player_experience":1974181,"relics_obtained":[{"floor":9.0,"key":"Vajra"},{"floor":10.0,"key":"Pen Nib"},{"floor":12.0,"key":"Blue Candle"},{"floor":14.0,"key":"Art of War"}],"event_choices":[{"damage_healed":0.0,"max_hp_gain":0.0,"max_hp_loss":0.0,"gold_gain":50.0,"event_name":"FaceTrader","player_choice":"Touch","floor":2.0,"gold_loss":0.0,"damage_taken":6.0},{"damage_healed":0.0,"max_hp_gain":0.0,"max_hp_loss":0.0,"gold_gain":75.0,"event_name":"World of Goop","player_choice":"Gather Gold","floor":4.0,"gold_loss":0.0,"damage_taken":11.0},{"damage_healed":0.0,"max_hp_gain":0.0,"max_hp_loss":0.0,"gold_gain":0.0,"event_name":"Living Wall","player_choice":"Grow","floor":11.0,"gold_loss":0.0,"damage_taken":0.0,"cards_upgraded":["FTL"]}],"is_beta":false,"boss_relics":[],"items_purged_floors":[],"is_endless":false,"potions_floor_spawned":[3,10],"killed_by":"Slime Boss","ascension_level":20}}