{"host":"yb2vosf5gpvgythe","time":1612296499,"event":{"mods":["BaseMod","Downfall","Minty Spire (QoL Compilation)","StSLib","The Saiyan","egg"],"gold_per_floor":[90,108,108,108,128,128,140,140,165,165,213,223,223,10,10,108,108,128,36,35,35,51,51,79,79,79,93,93,93,93,110,110,213,213,228,228,275,73,93,93,93,125,125,125,144,0,27,27,27,27],"floor_reached":51,"language":"ENG","playtime":2700,"items_purged":[],"score":874,"play_id":"490af964-211a-4730-a97c-3b4027216f18","local_time":"20210202150819","is_ascension_mode":true,"campfire_choices":[{"data":"Saiyan:Kienzan","floor":6.0,"key":"SMITH"},{"data":"Saiyan:TheBomb","floor":8.0,"key":"SMITH"},{"data":"Saiyan:KaioKen","floor":10.0,"key":"SMITH"},{"data":"Saiyan:SaiyanHubris","floor":13.0,"key":"SMITH"},{"data":"Saiyan:UltraInstinct","floor":15.0,"key":"SMITH"},{"data":"Saiyan:GhostAttack","floor":23.0,"key":"SMITH"},{"data":"Saiyan:MajinSeal","floor":25.0,"key":"SMITH"},{"data":"Saiyan:Overexert","floor":28.0,"key":"SMITH"},{"data":"Saiyan:KaioKen","floor":30.0,"key":"SMITH"},{"data":"Saiyan:Furor","floor":32.0,"key":"SMITH"},{"data":"Saiyan:WarmUp","floor":40.0,"key":"SMITH"},{"data":"Saiyan:MonkeyTail","floor":41.0,"key":"SMITH"},{"data":"Saiyan:TurtleShell","floor":44.0,"key":"SMITH"},{"floor":49,"key":"REST"}],"circlet_count":0,"master_deck":["Saiyan:EnergyBlast","Saiyan:KaioKen+1","Saiyan:RuthlessBlow","Saiyan:TurtleShell+1","Saiyan:Kienzan+1","Saiyan:FingerParry","Saiyan:TheBomb+1","Saiyan:SaiyanHubris+1","Saiyan:UltraInstinct+1","Saiyan:GhostAttack+1","Saiyan:MeteorDash","Saiyan:Afterimage","Saiyan:KiStrike","Saiyan:MajinSeal+1","Saiyan:PlotArmor","Saiyan:Expend","Saiyan:Furor+1","Saiyan:Overexert+1","Saiyan:FingerParry+1","Saiyan:Scouter","Saiyan:TurtleShell","Saiyan:KameHameHa+1","Saiyan:PlotArmor","Saiyan:SaiyanHubris+1","Saiyan:KaioKen+1","Saiyan:KiExplosion","Saiyan:TransfigurationBeam","CurseOfTheBell","Jack Of All Trades+1","Saiyan:MonkeyTail+1","Saiyan:WarmUp+1","Saiyan:Afterimage","Saiyan:PowerUp+1","Saiyan:TurtleShell","Saiyan:TransfigurationBeam","Saiyan:FinalFlash"],"relics":["SaiyanSoul","SaiyanHeart","HornCleat","Ancient Tea Set","Whetstone","OrangePellets","Nloth\u0027s Gift","Calipers","Tiny Chest","Calling Bell","Pen Nib","Ornamental Fan","WingedGreaves","War Paint","Pear","Red Mask","PreservedInsect"],"acts_visited":["Exordium","TheCity","TheBeyond"],"potions_floor_usage":[45,47,47,50],"damage_taken":[{"damage":0.0,"enemies":"Jaw Worm","floor":1.0,"turns":4.0},{"damage":2.0,"enemies":"Cultist","floor":2.0,"turns":3.0},{"damage":0.0,"enemies":"2 Louse","floor":5.0,"turns":2.0},{"damage":6.0,"enemies":"Lots of Slimes","floor":7.0,"turns":3.0},{"damage":0.0,"enemies":"Exordium Wildlife","floor":12.0,"turns":4.0},{"damage":43.0,"enemies":"The Guardian","floor":16.0,"turns":23.0},{"damage":0.0,"enemies":"Spheric Guardian","floor":18.0,"turns":2.0},{"damage":0.0,"enemies":"2 Thieves","floor":20.0,"turns":5.0},{"damage":8.0,"enemies":"Snake Plant","floor":22.0,"turns":8.0},{"damage":6.0,"enemies":"Slavers","floor":24.0,"turns":5.0},{"damage":7.0,"enemies":"Sentry and Sphere","floor":27.0,"turns":4.0},{"damage":0.0,"enemies":"Centurion and Healer","floor":31.0,"turns":7.0},{"damage":30.0,"enemies":"Collector","floor":33.0,"turns":7.0},{"damage":6.0,"enemies":"3 Shapes","floor":35.0,"turns":2.0},{"damage":0.0,"enemies":"Orb Walker","floor":39.0,"turns":2.0},{"damage":0.0,"enemies":"Sphere and 2 Shapes","floor":42.0,"turns":7.0},{"damage":27,"enemies":"Jaw Worm Horde","floor":45,"turns":9},{"damage":23,"enemies":"Giant Head","floor":47,"turns":7},{"damage":12,"enemies":"Donu and Deca","floor":50,"turns":6}],"seed_played":"-3690806917406148161","potions_obtained":[{"floor":12.0,"key":"CultistPotion"},{"floor":16.0,"key":"Block Potion"},{"floor":24.0,"key":"Ancient Potion"},{"floor":33.0,"key":"bronze:BurnAndBuffPotion"},{"floor":42.0,"key":"DuplicationPotion"}],"is_trial":false,"path_per_floor":["M","M","?","T","M","R","M","R","T","R","T","M","R","$","R","B",null,"M","$","M","?","M","R","E","R","T","M","R","?","R","M","R","B",null,"M","?","T","$","M","R","R","M","T","R","M","?","E","?","R","B",null],"character_chosen":"SAIYAJIN","items_purchased":["Saiyan:UltraInstinct","OrangePellets","Saiyan:Scouter","Saiyan:TurtleShell","Saiyan:WarmUp","SteroidPotion","Saiyan:Afterimage"],"campfire_rested":1,"item_purchase_floors":[14,14,19,19,38,38,38],"current_hp_per_floor":[67,66,71,71,72,72,69,69,69,69,69,73,73,73,73,31,82,83,83,86,86,82,82,79,79,79,75,75,75,75,79,79,53,104,100,100,100,100,101,101,101,104,114,114,89,89,69,69,106,96],"gold":27,"neow_bonus":"TEN_PERCENT_HP_BONUS","is_daily":false,"chose_seed":false,"campfire_upgraded":13,"win_rate":0.0,"timestamp":1612296499,"path_taken":["M","M","?","?","M","R","?","R","T","R","?","?","R","$","R","BOSS","M","?","M","?","?","R","E","R","T","M","R","?","R","?","R","BOSS","M","?","?","$","M","R","R","M","T","R","?","?","E","?","R","BOSS"],"items_purchased_type":["Card","Relic","Card","Card","Card","Potion","Card"],"build_version":"2020-12-22","purchased_purges":0,"victory":true,"max_hp_per_floor":[67,68,73,73,74,74,77,77,77,77,77,81,81,81,81,82,82,83,83,86,86,90,90,93,93,93,96,96,96,96,100,100,104,104,106,106,106,106,107,107,107,110,120,120,122,122,125,125,125,127],"card_choices":[{"not_picked":["Saiyan:BackAttack","Saiyan:Taunt"],"picked":"Saiyan:TurtleShell","floor":1.0},{"not_picked":["Saiyan:Medicine","Saiyan:Planning"],"picked":"Saiyan:Kienzan","floor":2.0},{"not_picked":["Saiyan:MeteorDash","Saiyan:RemoveWeights"],"picked":"Saiyan:FingerParry","floor":5.0},{"not_picked":["Saiyan:SaiyanHubris","Saiyan:DragonFist"],"picked":"Saiyan:TheBomb","floor":7.0},{"not_picked":["Saiyan:Quickening","Saiyan:BackAttack"],"picked":"Saiyan:SaiyanHubris","floor":12.0},{"not_picked":["Saiyan:HyperTimeChamber","Saiyan:Rekindle"],"picked":"Saiyan:GhostAttack","floor":16.0},{"not_picked":["Saiyan:KameHameHa","Saiyan:BigBangAttack+1"],"picked":"Saiyan:FingerParry","floor":18.0},{"not_picked":["Saiyan:BackAttack","Saiyan:Taunt"],"picked":"Saiyan:DragonRadar+1","floor":20.0},{"not_picked":["Saiyan:BigBangAttack","Saiyan:Flurry"],"picked":"Saiyan:KameHameHa+1","floor":22.0},{"not_picked":["Saiyan:Furor","Saiyan:SenzuBean"],"picked":"Saiyan:PlotArmor","floor":24.0},{"not_picked":["Saiyan:BackAttack+1","Saiyan:ExtremeSpeed"],"picked":"Saiyan:SaiyanHubris+1","floor":27.0},{"not_picked":["Saiyan:BackAttack+1","Saiyan:MeteorDash"],"picked":"Saiyan:KiExplosion","floor":31.0},{"not_picked":["Saiyan:SenzuBean","Saiyan:TheBomb"],"picked":"Saiyan:TransfigurationBeam","floor":33.0},{"not_picked":["Saiyan:DoubleMasenko+1","Saiyan:MeteorDash","Saiyan:Makankosappo+1"],"picked":"SKIP","floor":35.0},{"not_picked":["Saiyan:KiExplosion","Saiyan:Furor"],"picked":"Saiyan:PowerUp+1","floor":39.0},{"not_picked":["Saiyan:KiExplosion+1","Saiyan:MeteorDash"],"picked":"Saiyan:TurtleShell","floor":42.0},{"not_picked":["Saiyan:MeteorDash+1","Saiyan:Flurry"],"picked":"Saiyan:TransfigurationBeam","floor":45},{"not_picked":["Saiyan:Quickening","Saiyan:GenkiDama"],"picked":"Saiyan:FinalFlash","floor":47}],"player_experience":507269,"relics_obtained":[{"floor":4.0,"key":"HornCleat"},{"floor":9.0,"key":"Ancient Tea Set"},{"floor":11.0,"key":"Whetstone"},{"floor":24.0,"key":"Calipers"},{"floor":26.0,"key":"Tiny Chest"},{"floor":34.0,"key":"Pen Nib"},{"floor":34.0,"key":"Ornamental Fan"},{"floor":34.0,"key":"WingedGreaves"},{"floor":37.0,"key":"War Paint"},{"floor":43.0,"key":"Pear"},{"floor":47,"key":"PreservedInsect"}],"event_choices":[{"damage_healed":0.0,"max_hp_gain":5.0,"max_hp_loss":0.0,"gold_gain":0.0,"event_name":"Big Fish","player_choice":"Donut","floor":3.0,"gold_loss":0.0,"damage_taken":0.0},{"damage_healed":0.0,"max_hp_gain":0.0,"max_hp_loss":0.0,"gold_gain":0.0,"event_name":"N\u0027loth","player_choice":"Traded Relic","floor":21.0,"relics_lost":["Pandora\u0027s Box"],"gold_loss":0.0,"damage_taken":0.0,"relics_obtained":["Nloth\u0027s Gift"]},{"damage_healed":0.0,"max_hp_gain":0.0,"max_hp_loss":0.0,"gold_gain":0.0,"event_name":"Match and Keep!","player_choice":"1 cards matched","floor":29.0,"gold_loss":0.0,"damage_taken":0.0,"cards_obtained":["Saiyan:KaioKen"]},{"damage_healed":0.0,"max_hp_gain":0.0,"max_hp_loss":0.0,"gold_gain":0.0,"event_name":"Match and Keep!","player_choice":"2 cards matched","floor":36.0,"gold_loss":0.0,"damage_taken":0.0,"cards_obtained":["Jack Of All Trades","Saiyan:MonkeyTail"]},{"damage_healed":0,"gold_gain":0,"player_choice":"Paid","damage_taken":0,"relics_obtained":["Red Mask"],"max_hp_gain":0,"max_hp_loss":0,"event_name":"Tomb of Lord Red Mask","floor":46,"gold_loss":144},{"cards_removed":["Saiyan:DragonRadar"],"damage_healed":0,"gold_gain":0,"player_choice":"Purged","damage_taken":0,"max_hp_gain":0,"max_hp_loss":0,"event_name":"Purifier","floor":48,"gold_loss":0}],"is_beta":false,"boss_relics":[{"not_picked":["Philosopher\u0027s Stone","SlaversCollar"],"picked":"Pandora\u0027s Box"},{"not_picked":["Tiny House","Empty Cage"],"picked":"Calling Bell"}],"items_purged_floors":[],"is_endless":false,"potions_floor_spawned":[12,16,24,33,39,42,45],"ascension_level":2}}