{"host":"9s5idxnifkij0gda","time":1612277049,"event":{"mods":["BaseMod","Colored Map","Downfall","Hubris","Infinite Spire","Ironclad Rager","Minty Spire (QoL Compilation)","Replay The Spire","StSLib","The Jungle","UnlockEverythingMod"],"gold_per_floor":[99,117,117,137,156,156,156,156,173,231,250,269,294,55,76,176,176,176,190,207,207,207,309,309,346,96,130,230,244,256,275,291,395,395,295,314,330,330,336,348,374,274,274,312,326,341,241,259,279,383,383,383,395,395,395],"floor_reached":53,"language":"ENG","playtime":4370,"items_purged":["Slimebound:Tackle","Slimebound:Strike_Slimebound+1","Slimebound:Strike_Slimebound+1"],"score":825,"play_id":"b5b88928-dabb-4df1-b20c-cb81486d3c9e","local_time":"20210202144409","is_ascension_mode":false,"campfire_choices":[{"data":"Slimebound:Split","floor":1,"key":"SMITH"},{"data":"Slimebound:CorrosiveSpit","floor":8,"key":"SMITH"},{"data":"Slimebound:DouseInSlime","floor":18,"key":"SMITH"},{"data":"Slimebound:RainOfGoop","floor":35,"key":"SMITH"},{"floor":42,"key":"RECALL"},{"data":"Slimebound:AcidTongue","floor":47,"key":"SMITH"},{"data":"infinitespire:Starlight","floor":52,"key":"SMITH"}],"circlet_count":0,"master_deck":["Slimebound:Defend_Slimebound+1","Slimebound:Defend_Slimebound+1","Slimebound:Defend_Slimebound+1","Slimebound:Defend_Slimebound+1","Slimebound:Split+1","Slimebound:CorrosiveSpit+1","Slimebound:ItLooksTasty+1","Slimebound:LivingWall","Slimebound:AcidTongue+1","Slimebound:LeechEnergy","Slimebound:RejuvenatingLick+1","Slimebound:SplitLeeching","Slimebound:SamplingLick","Slimebound:Prepare","Slimebound:Equalize","Slimebound:RainOfGoop+1","Slimebound:DouseInSlime+1","Slimebound:GoopSpray","Slimebound:SlimeSlap","Slimebound:RainOfGoop+1","Slimebound:Gluttony","infinitespire:SevenWalls","infinitespire:Starlight+1","Slimebound:SlimeSpikes","Slimebound:GrowthPunch+1","Slimebound:GoopSpray","Slimebound:HauntingLick+1","Slimebound:SlimeSlap","Slimebound:LeechEnergy","Slimebound:RejuvenatingLick","Slimebound:GoopSpray","Slimebound:SplitMire+1","Slimebound:AcidTongue+1","Slimebound:GrowthPunch+1","Slimebound:SpikyOuterGoop","Slimebound:LeechingTouch","Slimebound:ItLooksTasty+1","Slimebound:HauntingLick+1","Slimebound:AcidTongue+1","Slimebound:LeechEnergy+1"],"relics":["Slimebound:AbsorbEndCombat","Slimebound:MaxSlimesRelic","infinitespire:Midas Blood","Odd Mushroom","hubris:RunicObelisk","Dream Catcher","ReplayTheSpireMod:Ninjato","Mummified Hand","War Paint","Slimebound:TarBlob","downfall:HeartBlessingGreen","Pen Nib","downfall:HeartBlessingBlue","Replay:Bottled Snecko","downfall:HeartBlessingRed","Busted Crown"],"acts_visited":["Exordium","TheCity","TheBeyond","Exordium"],"potions_floor_usage":[10,16,27,33,44,44,50],"damage_taken":[{"damage":3,"enemies":"Small Slimes","floor":2,"turns":3},{"damage":3,"enemies":"Cultist","floor":4,"turns":3},{"damage":0,"enemies":"2 Louse","floor":5,"turns":3},{"damage":0,"enemies":"Blue Slaver","floor":9,"turns":3},{"damage":10,"enemies":"3 Sentries","floor":10,"turns":6},{"damage":10,"enemies":"3 Louse","floor":11,"turns":3},{"damage":3,"enemies":"Large Slime","floor":12,"turns":4},{"damage":3,"enemies":"The Mushroom Lair","floor":13,"turns":4},{"damage":0,"enemies":"downfall:FleeingMerchant","floor":14,"turns":4},{"damage":6,"enemies":"Exordium Wildlife","floor":15,"turns":3},{"damage":0,"enemies":"IC_STATUS_ARCHETYPE","floor":16,"turns":5},{"damage":7,"enemies":"3 Byrds","floor":19,"turns":5},{"damage":0,"enemies":"Spheric Guardian","floor":20,"turns":3},{"damage":44,"enemies":"Gremlin Leader","floor":25,"turns":9},{"damage":0,"enemies":"downfall:FleeingMerchant","floor":26,"turns":4},{"damage":26,"enemies":"Nightmare","floor":27,"turns":6},{"damage":0,"enemies":"Snake Plant","floor":29,"turns":3},{"damage":0,"enemies":"3 Cultists","floor":30,"turns":4},{"damage":4,"enemies":"Shelled Parasite and Fungi","floor":31,"turns":4},{"damage":0,"enemies":"Snecko","floor":32,"turns":5},{"damage":19,"enemies":"DF_ARCHETYPE_CLAW","floor":33,"turns":7},{"damage":4,"enemies":"3 Shapes","floor":36,"turns":4},{"damage":2,"enemies":"Orb Walker","floor":37,"turns":3},{"damage":5,"enemies":"downfall:FleeingMerchant","floor":39,"turns":3},{"damage":4,"enemies":"Maw","floor":40,"turns":6},{"damage":46,"enemies":"Reptomancer","floor":44,"turns":6},{"damage":0,"enemies":"Transient","floor":45,"turns":5},{"damage":0,"enemies":"Jaw Worm Horde","floor":46,"turns":5},{"damage":3,"enemies":"4 Shapes","floor":48,"turns":6},{"damage":22,"enemies":"3 Darklings","floor":49,"turns":4},{"damage":55,"enemies":"WA_ARCHETYPE_DIVINITY","floor":50,"turns":7},{"damage":99,"enemies":"Cultist","floor":53,"turns":7}],"seed_played":"2795982064475187184","potions_obtained":[{"floor":9,"key":"LiquidBronze"},{"floor":10,"key":"Swift Potion"},{"floor":13,"key":"Weak Potion"},{"floor":15,"key":"Dexterity Potion"},{"floor":16,"key":"Slimebound:SlimedPotion"},{"floor":29,"key":"Strength Potion"},{"floor":36,"key":"Adrenaline Potion"},{"floor":45,"key":"Death Potion"},{"floor":48,"key":"Regen Potion"},{"floor":49,"key":"Elixir"}],"is_trial":false,"path_per_floor":["R","M","?","M","M","?","T","R","M","?","M","M","?","$","M","B",null,"R_BF","M","M","AVR","?","?","T","E","$","NM","?","M","M","M","M","B",null,"R_BF","M","M","?","$","M","T","R","?","E","M","M","R","M","M","B",null,"R","M"],"character_chosen":"SLIMEBOUND","items_purchased":["Slimebound:RainOfGoop","Slimebound:DouseInSlime","Slimebound:SlimeSlap","Slimebound:SpikyOuterGoop","Pen Nib"],"campfire_rested":0,"item_purchase_floors":[14,14,26,39,39],"current_hp_per_floor":[71,71,71,70,71,71,71,71,71,65,59,62,65,71,65,71,71,71,64,71,71,71,54,54,36,52,48,48,52,70,71,71,58,71,71,69,71,71,68,71,71,81,81,49,57,79,79,78,69,35,81,81,0,0,0],"gold":395,"neow_bonus":"TEN_PERCENT_HP_BONUS","is_daily":false,"chose_seed":false,"campfire_upgraded":6,"win_rate":0.0,"timestamp":1612277049,"path_taken":["R","M","?","?","M","?","T","R","M","?","M","M","?","$","M","BOSS","R_BF","M","M","AVR","?","?","T","E","?","NM","?","?","M","M","M","BOSS","R_BF","M","M","?","$","M","T","R","?","E","M","M","R","M","M","BOSS","R","M"],"items_purchased_type":["Card","Card","Card","Card","Relic"],"build_version":"2020-12-22","purchased_purges":3,"victory":false,"max_hp_per_floor":[71,71,71,71,71,71,71,71,71,71,71,71,71,71,71,71,71,71,71,71,71,71,71,71,71,71,71,71,71,71,71,71,71,71,71,71,71,71,71,71,71,81,81,81,81,81,81,81,81,81,81,81,81,81,81],"card_choices":[{"not_picked":["Slimebound:SamplingLick","Slimebound:SplitAcid"],"picked":"Slimebound:ItLooksTasty","floor":2},{"not_picked":["Slimebound:SplitLeeching","Slimebound:LeadByExample"],"picked":"Slimebound:LivingWall","floor":4},{"not_picked":["Slimebound:ComboTackle","Slimebound:SplitBruiser"],"picked":"Slimebound:AcidTongue","floor":5},{"not_picked":["Slimebound:GoopTackle","Slimebound:Nibble"],"picked":"Slimebound:LeechEnergy","floor":9},{"not_picked":["Slimebound:LevelUp","Slimebound:LeechEnergy"],"picked":"Slimebound:RejuvenatingLick","floor":10},{"not_picked":["Slimebound:RollThrough","Slimebound:LevelUp"],"picked":"Slimebound:SplitLeeching","floor":11},{"not_picked":["Slimebound:SlimeSpikes","Slimebound:FlameTackle"],"picked":"Slimebound:SamplingLick","floor":12},{"not_picked":["Slimebound:RollThrough","Slimebound:BestDefense"],"picked":"Slimebound:Prepare","floor":13},{"not_picked":["Slimebound:RejuvenatingLick","Slimebound:RollThrough"],"picked":"Slimebound:Equalize","floor":14},{"not_picked":["Slimebound:DouseInSlime","Slimebound:LivingWall"],"picked":"Slimebound:GoopSpray","floor":15},{"not_picked":["Slimebound:MassRepurpose","Slimebound:MinionMaster"],"picked":"Slimebound:SlimeSlap","floor":16},{"not_picked":["Slimebound:SplitLeeching","Slimebound:SlimeBarrage+1"],"picked":"Slimebound:RainOfGoop","floor":19},{"not_picked":["Slimebound:PressTheAttack","Slimebound:GoopTackle"],"picked":"Slimebound:Gluttony","floor":20},{"not_picked":["Slimebound:Dissolve+1","Slimebound:ProtectTheBoss"],"picked":"Slimebound:SlimeSpikes","floor":23},{"not_picked":["Slimebound:ItLooksTasty","Slimebound:HauntingLick"],"picked":"Slimebound:GrowthPunch+1","floor":23},{"not_picked":["Slimebound:GoopTackle","Slimebound:RollThrough"],"picked":"Slimebound:GoopSpray","floor":25},{"not_picked":["Slimebound:FlameTackle","Slimebound:RejuvenatingLick"],"picked":"Slimebound:HauntingLick+1","floor":26},{"not_picked":["Slimebound:Nibble","Slimebound:GoopTackle","Slimebound:WasteNot"],"picked":"SKIP","floor":27},{"not_picked":["Slimebound:SplitLeeching+1","Slimebound:ViciousTackle"],"picked":"Slimebound:LeechEnergy","floor":29},{"not_picked":["Slimebound:ForwardTackle","Slimebound:SamplingLick+1"],"picked":"Slimebound:RejuvenatingLick","floor":30},{"not_picked":["Slimebound:SamplingLick+1","Slimebound:SlimeTap"],"picked":"Slimebound:GoopSpray","floor":31},{"not_picked":["Slimebound:Repurpose","Slimebound:FinishingTackle"],"picked":"Slimebound:SplitMire+1","floor":32},{"not_picked":["Slimebound:Schlurp+1","Slimebound:HauntingLick+1"],"picked":"Slimebound:AcidTongue","floor":36},{"not_picked":["Slimebound:SlimeSpikes","Slimebound:SlimeTap"],"picked":"Slimebound:GrowthPunch+1","floor":37},{"not_picked":["Slimebound:SplitAcid+1","Slimebound:Dissolve+1","Slimebound:OneTwoCombo"],"picked":"SKIP","floor":39},{"not_picked":["Slimebound:Prepare+1","Slimebound:RollThrough+1"],"picked":"Slimebound:LeechingTouch","floor":40},{"not_picked":["Slimebound:SamplingLick+1","Slimebound:MassRepurpose"],"picked":"Slimebound:ItLooksTasty+1","floor":44},{"not_picked":["Slimebound:SlimeBarrage","Slimebound:SplitAcid+1"],"picked":"Slimebound:HauntingLick+1","floor":45},{"not_picked":["Slimebound:Chomp","Slimebound:SplitBruiser+1","Slimebound:SplitMire"],"picked":"SKIP","floor":46},{"not_picked":["Slimebound:Grow","Slimebound:PressTheAttack"],"picked":"Slimebound:AcidTongue+1","floor":48},{"not_picked":["Slimebound:SlimeSpikes","Slimebound:SplitLeeching+1"],"picked":"Slimebound:LeechEnergy+1","floor":49}],"player_experience":63553,"relics_obtained":[{"floor":7,"key":"Slimebound:MaxSlimesRelic"},{"floor":10,"key":"infinitespire:Midas Blood"},{"floor":13,"key":"Odd Mushroom"},{"floor":23,"key":"Dream Catcher"},{"floor":24,"key":"ReplayTheSpireMod:Ninjato"},{"floor":25,"key":"Mummified Hand"},{"floor":27,"key":"War Paint"},{"floor":44,"key":"Replay:Bottled Snecko"}],"event_choices":[{"cards_removed":["Slimebound:Strike_Slimebound"],"damage_healed":0,"gold_gain":0,"player_choice":"Offered Basic","damage_taken":0,"max_hp_gain":0,"max_hp_loss":0,"event_name":"Bonfire Elementals","floor":3,"gold_loss":0},{"damage_healed":0,"gold_gain":0,"player_choice":"Grow","damage_taken":0,"max_hp_gain":0,"max_hp_loss":0,"event_name":"Living Wall","floor":6,"gold_loss":0,"cards_upgraded":["Slimebound:ItLooksTasty"]},{"damage_healed":0,"gold_gain":0,"player_choice":"Fought Mushrooms","damage_taken":0,"max_hp_gain":0,"max_hp_loss":0,"event_name":"Mushrooms","floor":13,"gold_loss":0}],"is_beta":false,"boss_relics":[{"not_picked":["hubris:GrandSneckoEye","Empty Cage"],"picked":"hubris:RunicObelisk"},{"not_picked":["Replay:Wanted Poster","Fusion Hammer"],"picked":"Slimebound:TarBlob"},{"not_picked":["Coffee Dripper","Replay:Ancient Bell"],"picked":"Busted Crown"}],"items_purged_floors":[21,26,39],"is_endless":true,"potions_floor_spawned":[9,10,13,15,16,25,29,30,36,40,45,48,49],"killed_by":"Cultist","ascension_level":0}}