{"host":"d4km6p8r92tm3vpl","time":1612305556,"event":{"mods":["AchievementEnabler","BaseMod","Colored Map","Colored Powertips","DeckTracker","Minty Spire (QoL Compilation)","Relic Stats","StSLib"],"gold_per_floor":[117,131,150,41,141,141,175,186,212,227,261,261,286,297,297,375,375,385,403,328,88,102,102,136,136,159,192,206,222,222,236,236,314,314,330,344,344,356,356,356,356,356],"floor_reached":41,"language":"ENG","playtime":1863,"items_purged":["Strike_G","Strike_G"],"score":792,"play_id":"01ce6cad-d14c-4c7d-908b-9c0715f6edb7","local_time":"20210202173916","is_ascension_mode":true,"campfire_choices":[{"data":"Neutralize","floor":6,"key":"SMITH"},{"floor":15,"key":"REST"},{"data":"After Image","floor":23,"key":"SMITH"},{"floor":32,"key":"REST"},{"data":"Envenom","floor":40,"key":"SMITH"}],"circlet_count":0,"master_deck":["AscendersBane","Strike_G","Strike_G+1","Defend_G","Defend_G","Defend_G+1","Defend_G","Defend_G","Survivor","Neutralize+1","Endless Agony","Poisoned Stab","Poisoned Stab","Quick Slash","Dagger Spray","Crippling Poison","PiercingWail","Escape Plan","Deadly Poison","Bane","After Image+1","Caltrops","Leg Sweep","Envenom+1","Acrobatics","Riddle With Holes","PiercingWail","Writhe","Malaise","Blur"],"relics":["Ring of the Snake","NeowsBlessing","Oddly Smooth Stone","Art of War","Dream Catcher","Kunai","Busted Crown","Membership Card","Singing Bowl","Strawberry","Turnip","Paper Crane","Runic Pyramid"],"acts_visited":["Exordium","TheCity","TheBeyond"],"potions_floor_usage":[7,24,33,33,41,41],"damage_taken":[{"damage":0,"enemies":"Cultist","floor":1,"turns":1},{"damage":0,"enemies":"Jaw Worm","floor":2,"turns":1},{"damage":0,"enemies":"2 Louse","floor":3,"turns":1},{"damage":7,"enemies":"3 Sentries","floor":7,"turns":10},{"damage":0,"enemies":"Exordium Wildlife","floor":8,"turns":3},{"damage":0,"enemies":"3 Louse","floor":10,"turns":2},{"damage":14,"enemies":"Lagavulin","floor":11,"turns":6},{"damage":23,"enemies":"Gremlin Nob","floor":13,"turns":4},{"damage":4,"enemies":"Exordium Thugs","floor":14,"turns":4},{"damage":12,"enemies":"Hexaghost","floor":16,"turns":11},{"damage":0,"enemies":"Shell Parasite","floor":18,"turns":5},{"damage":0,"enemies":"3 Byrds","floor":19,"turns":4},{"damage":8,"enemies":"Shelled Parasite and Fungi","floor":22,"turns":6},{"damage":0,"enemies":"Gremlin Leader","floor":24,"turns":10},{"damage":24,"enemies":"Slavers","floor":27,"turns":8},{"damage":3,"enemies":"Centurion and Healer","floor":28,"turns":6},{"damage":4,"enemies":"Sentry and Sphere","floor":29,"turns":9},{"damage":6,"enemies":"Snake Plant","floor":31,"turns":5},{"damage":25,"enemies":"Champ","floor":33,"turns":20},{"damage":3,"enemies":"Orb Walker","floor":35,"turns":5},{"damage":12,"enemies":"3 Darklings","floor":36,"turns":7},{"damage":0,"enemies":"Maw","floor":38,"turns":9},{"damage":59,"enemies":"Giant Head","floor":41,"turns":11}],"seed_played":"8561666467679080497","potions_obtained":[{"floor":1,"key":"CunningPotion"},{"floor":3,"key":"LiquidMemories"},{"floor":11,"key":"BlessingOfTheForge"},{"floor":22,"key":"GhostInAJar"},{"floor":24,"key":"Dexterity Potion"},{"floor":33,"key":"Block Potion"},{"floor":38,"key":"SkillPotion"}],"is_trial":false,"path_per_floor":["M","M","M","$","?","R","E","M","T","M","E","?","E","M","R","B",null,"M","M","?","$","M","R","E","?","T","E","M","M","?","M","R","B",null,"M","M","?","M","?","R","E"],"character_chosen":"THE_SILENT","items_purchased":["Backstab","Membership Card","Leg Sweep"],"campfire_rested":2,"item_purchase_floors":[4,21,21],"current_hp_per_floor":[63,63,63,63,63,63,56,56,56,56,42,28,5,1,22,10,55,55,55,55,55,47,47,47,47,54,30,27,23,23,19,44,19,66,65,55,55,55,55,55,0,0],"gold":356,"neow_bonus":"THREE_ENEMY_KILL","is_daily":false,"chose_seed":false,"campfire_upgraded":3,"win_rate":0.0,"timestamp":1612305556,"path_taken":["M","M","?","?","?","R","E","M","T","?","E","?","E","M","R","BOSS","M","M","?","$","M","R","E","?","T","E","M","M","?","M","R","BOSS","M","M","?","M","?","R","E"],"items_purchased_type":["Card","Relic","Card"],"build_version":"2020-12-22","purchased_purges":2,"victory":false,"max_hp_per_floor":[70,70,70,70,70,70,70,70,70,70,70,70,70,70,70,70,70,70,70,70,70,70,70,70,70,77,77,77,77,77,79,81,81,81,83,85,85,85,81,81,81,81],"relic_stats":{"Dream Catcher":2,"Busted Crown":26,"Singing Bowl":8,"counters":[23,148],"Turnip":[22],"Art of War":[19],"Kunai":[50],"obtain_stats":[{"NeowsBlessing":0,"Singing Bowl":24,"Oddly Smooth Stone":7,"Paper Crane":30,"Dream Catcher":11,"Busted Crown":17,"Strawberry":26,"Turnip":27,"Art of War":9,"Kunai":13,"Membership Card":21,"Ring of the Snake":0,"Runic Pyramid":34},{"NeowsBlessing":0,"Singing Bowl":14,"Oddly Smooth Stone":4,"Paper Crane":17,"Dream Catcher":7,"Busted Crown":10,"Strawberry":14,"Turnip":15,"Art of War":5,"Kunai":8,"Membership Card":12,"Ring of the Snake":0,"Runic Pyramid":19},{"NeowsBlessing":0,"Singing Bowl":68,"Oddly Smooth Stone":13,"Paper Crane":91,"Dream Catcher":24,"Busted Crown":43,"Strawberry":68,"Turnip":76,"Art of War":16,"Kunai":28,"Membership Card":52,"Ring of the Snake":0,"Runic Pyramid":116}],"Ring of the Snake":[52]},"card_choices":[{"not_picked":["Expertise","Acrobatics"],"picked":"Endless Agony","floor":1},{"not_picked":["Flying Knee","Well Laid Plans"],"picked":"Poisoned Stab","floor":2},{"not_picked":["Outmaneuver","Slice"],"picked":"Poisoned Stab","floor":3},{"not_picked":["Skewer","Underhanded Strike"],"picked":"Quick Slash","floor":7},{"not_picked":["Deadly Poison","Acrobatics"],"picked":"Dagger Spray","floor":8},{"not_picked":["Concentrate","Dodge and Roll"],"picked":"Crippling Poison","floor":10},{"not_picked":["Prepared","Night Terror"],"picked":"PiercingWail","floor":11},{"not_picked":["Concentrate","Accuracy"],"picked":"Escape Plan","floor":13},{"not_picked":["Eviscerate","Reflex"],"picked":"Deadly Poison","floor":14},{"not_picked":["Choke","Skewer"],"picked":"Bane","floor":15},{"not_picked":["Burst","Storm of Steel"],"picked":"After Image","floor":16},{"not_picked":["PiercingWail"],"picked":"SKIP","floor":18},{"not_picked":[],"picked":"Caltrops","floor":19},{"not_picked":["Underhanded Strike"],"picked":"SKIP","floor":22},{"not_picked":[],"picked":"Envenom","floor":24},{"not_picked":[],"picked":"Acrobatics","floor":27},{"not_picked":[],"picked":"Riddle With Holes","floor":28},{"not_picked":[],"picked":"PiercingWail","floor":29},{"not_picked":["Riddle With Holes"],"picked":"Singing Bowl","floor":31},{"not_picked":["Backstab"],"picked":"Singing Bowl","floor":32},{"not_picked":[],"picked":"Malaise","floor":33},{"not_picked":["Riddle With Holes"],"picked":"Singing Bowl","floor":35},{"not_picked":["Dagger Throw"],"picked":"Singing Bowl","floor":36},{"not_picked":[],"picked":"Blur","floor":38}],"player_experience":838418,"relics_obtained":[{"floor":7,"key":"Oddly Smooth Stone"},{"floor":9,"key":"Art of War"},{"floor":11,"key":"Dream Catcher"},{"floor":13,"key":"Kunai"},{"floor":24,"key":"Singing Bowl"},{"floor":26,"key":"Strawberry"},{"floor":27,"key":"Turnip"}],"event_choices":[{"damage_healed":0,"gold_gain":100,"player_choice":"Pray","damage_taken":0,"max_hp_gain":0,"max_hp_loss":0,"event_name":"Golden Shrine","floor":5,"gold_loss":0},{"damage_healed":0,"gold_gain":0,"player_choice":"Entered Light","damage_taken":14,"max_hp_gain":0,"max_hp_loss":0,"event_name":"Shining Light","floor":12,"gold_loss":0,"cards_upgraded":["Strike_G","Defend_G"]},{"cards_removed":["Strike_G"],"damage_healed":0,"gold_gain":0,"player_choice":"Gave Gold","damage_taken":0,"max_hp_gain":0,"max_hp_loss":0,"event_name":"Beggar","floor":20,"gold_loss":75},{"damage_healed":0,"gold_gain":0,"player_choice":"Ignored","damage_taken":0,"max_hp_gain":0,"max_hp_loss":0,"event_name":"Ghosts","floor":25,"gold_loss":0},{"damage_healed":0,"gold_gain":0,"player_choice":"Opened","damage_taken":0,"relics_obtained":["Paper Crane"],"max_hp_gain":0,"max_hp_loss":0,"event_name":"The Mausoleum","floor":30,"gold_loss":0,"cards_obtained":["Writhe"]},{"cards_removed":["Backstab"],"damage_healed":0,"gold_gain":0,"player_choice":"Removed Attack","damage_taken":0,"max_hp_gain":0,"max_hp_loss":0,"event_name":"Falling","floor":37,"gold_loss":0},{"damage_healed":0,"gold_gain":0,"player_choice":"Max HP","damage_taken":0,"max_hp_gain":0,"max_hp_loss":4,"event_name":"Winding Halls","floor":39,"gold_loss":0}],"is_beta":false,"boss_relics":[{"not_picked":["Runic Dome","Calling Bell"],"picked":"Busted Crown"},{"not_picked":["WristBlade","Black Star"],"picked":"Runic Pyramid"}],"items_purged_floors":[4,21],"is_endless":false,"potions_floor_spawned":[1,3,11,14,16,18,22,24,28,29,33,38],"killed_by":"Giant Head","ascension_level":13}}