{"host":"pgm1p3lvdjflie30","time":1612278523,"event":{"mods":["ATMod(阿瑾Mod)","AchievementEnabler","Aspiration","BaseMod","Challenge The Spire","Colored Map","Colored Powertips","Conspire","Dark Map","Dota2Spire","Energized Spire","Highlight Path","Minty Spire (QoL Compilation)","MostiFishMod","Quarter Circle Forward PUNCH!","Quick Restart","Replay The Spire","Spicy Shops","StSLib","TestMod","The IronCluck","The Jungle","The Mystic","Waifu the Spire","【?物卡牌】REMEMod","篝火指南"],"gold_per_floor":[110,110,110,285,304,332,332,343,343,69,69,83,83,103,103,202,202,222,222,222,232,243,243,254,254,254,254,254,269,294,310,310,413,413,430,527,497,497,279,279,295,295,295,295,309,309,326,326,326,326,326,326,28,59,59],"floor_reached":56,"language":"ZHS","playtime":2322,"items_purged":["Doubt","mysticmod:Defend_Mystic"],"score":1295,"play_id":"85d6d149-946c-46a5-9d5a-b1b09379e36b","local_time":"20210202230843","is_ascension_mode":false,"campfire_choices":[{"floor":15.0,"key":"RECALL"},{"data":"Whirlwind","floor":23.0,"key":"SMITH"},{"data":"RitualDagger","floor":25.0,"key":"SMITH"},{"data":"mysticmod:Disintegrate","floor":28.0,"key":"SMITH"},{"data":"mysticmod:Disintegrate","floor":32.0,"key":"SMITH"},{"data":"mysticmod:AllIn","floor":40.0,"key":"SMITH"},{"data":"mysticmod:PowerSlash","floor":42.0,"key":"SMITH"},{"data":"mysticmod:CorrosiveTouch","floor":44.0,"key":"SMITH"},{"data":"mysticmod:PowerSlash","floor":46.0,"key":"SMITH"},{"data":"mysticmod:Snowball","floor":49.0,"key":"SMITH"},{"data":"mysticmod:PowerSlash","floor":52.0,"key":"SMITH"}],"circlet_count":0,"master_deck":["mysticmod:Strike_Mystic","mysticmod:Strike_Mystic","mysticmod:Strike_Mystic","mysticmod:Strike_Mystic","mysticmod:Defend_Mystic","mysticmod:Defend_Mystic","mysticmod:ArcaneDodge","mysticmod:ShockingGrasp","Whirlwind+1","AT_FamilyPortrait","mysticmod:CorrosiveTouch","mysticmod:Probe","mysticmod:PowerSlash+1","mysticmod:PowerAttack","mysticmod:PowerSlash","mysticmod:Disintegrate+1","mysticmod:PowerSlash+1","RitualDagger+1","mysticmod:PowerSlash+1","mysticmod:Snowball+1","mysticmod:Snowball+1","mysticmod:Disintegrate+1","mysticmod:CorrosiveTouch+1","mysticmod:Flurry","mysticmod:Feint+1","mysticmod:Probe+1","mysticmod:AllIn+1","mysticmod:Sideswipe+1","mysticmod:FiveFootStep+1","mysticmod:HeavyStrike+1","mysticmod:ComponentsPouch+1","Good Instincts","mysticmod:Feint+1"],"relics":["mysticmod:SpellBook","AT_ATBox","REME_ComplimentaryCards","DaveBox","testmod-TestBox","PatriotShield","testmod-HeartOfStrike","NeowsBlessing","SynthV:TestCard","AT_SunfireAegis","ReplayTheSpireMod:Ring of Exchange","ReplayTheSpireMod:Ring of Addiction","Potion Belt","Toy Ornithopter","Replay:Wax Seal","Pantograph","mysticmod:RunicPrism","testmod-IncinerationGenerator","Blood Vial","Du-Vu Doll","Juzu Bracelet","testmod-NegativeEmotionEnhancer","Orichalcum","Gremlin Horn","AT_RedTearstoneRing"],"acts_visited":["Exordium","TheCity","TheBeyond","TheEnding"],"potions_floor_usage":[55,55,55,55,55],"damage_taken":[{"damage":0.0,"enemies":"Jaw Worm","floor":1.0,"turns":1.0},{"damage":0.0,"enemies":"Small Slimes","floor":5.0,"turns":1.0},{"damage":0.0,"enemies":"Lagavulin","floor":6.0,"turns":1.0},{"damage":0.0,"enemies":"Cultist","floor":8.0,"turns":1.0},{"damage":0.0,"enemies":"Exordium Wildlife","floor":12.0,"turns":1.0},{"damage":0.0,"enemies":"3 Louse","floor":14.0,"turns":2.0},{"damage":0.0,"enemies":"Slime Boss","floor":16.0,"turns":2.0},{"damage":0.0,"enemies":"2 Thieves","floor":18.0,"turns":1.0},{"damage":0.0,"enemies":"conspire:FuzzyDice","floor":21.0,"turns":1.0},{"damage":0.0,"enemies":"Snecko","floor":22.0,"turns":1.0},{"damage":0.0,"enemies":"Snake Plant","floor":24.0,"turns":2.0},{"damage":0.0,"enemies":"Shelled Parasite and Fungi","floor":29.0,"turns":1.0},{"damage":0.0,"enemies":"conspire:MimicChest","floor":30.0,"turns":2.0},{"damage":0.0,"enemies":"Chosen and Byrds","floor":31.0,"turns":1.0},{"damage":2.0,"enemies":"conspire:MysteriousRune","floor":33.0,"turns":3.0},{"damage":0.0,"enemies":"3 Darklings","floor":35.0,"turns":2.0},{"damage":12.0,"enemies":"3 Shapes","floor":41.0,"turns":1.0},{"damage":0.0,"enemies":"3 Darklings","floor":45.0,"turns":1.0},{"damage":0.0,"enemies":"Transient","floor":47.0,"turns":5.0},{"damage":39.0,"enemies":"Time Eater","floor":50.0,"turns":5.0},{"damage":12.0,"enemies":"Shield and Spear","floor":54.0,"turns":2.0},{"damage":88,"enemies":"The Heart","floor":55,"turns":4}],"seed_played":"-2181708757817970429","potions_obtained":[{"floor":1.0,"key":"Venom Potion"},{"floor":7.0,"key":"Elixir"},{"floor":7.0,"key":"Swift Potion"},{"floor":7.0,"key":"FearPotion"},{"floor":14.0,"key":"Fire Potion"},{"floor":21.0,"key":"GamblersBrew"},{"floor":24.0,"key":"SpeedPotion"},{"floor":31.0,"key":"PowerPotion"},{"floor":33.0,"key":"Dexterity Potion"},{"floor":37.0,"key":"Death Potion"},{"floor":37.0,"key":"SneckoOil"},{"floor":45.0,"key":"Adrenaline Potion"}],"is_trial":false,"path_per_floor":["M","$","?","?","M","E","?","M","T","$","?","M","T","M","R","B",null,"M","?","?","M","M","R","M","R","T","?","R","M","?","M","R","B",null,"M","?","?","?","$","R","M","R","T","R","M","R","M","?","R","B",null,"R","$","E","B",null],"character_chosen":"MYSTIC_CLASS","items_purchased":["Replay:Wax Seal","Pantograph","Orichalcum","Adrenaline Potion","Energy Potion","Good Instincts"],"campfire_rested":0,"item_purchase_floors":[10,10,39,53,53,53],"current_hp_per_floor":[77,77,70,70,70,70,70,70,70,70,70,70,70,70,70,73,71,71,65,65,71,71,71,71,71,71,71,69,69,69,69,69,67,69,70,70,70,70,68,68,65,65,65,65,68,68,69,79,79,42,80,80,80,69,7],"gold":59,"neow_bonus":"THREE_ENEMY_KILL","is_daily":false,"chose_seed":false,"campfire_upgraded":10,"win_rate":0.0,"timestamp":1612278523,"path_taken":["M","$","?","?","M","E","?","M","T","$","?","?","?","M","R","BOSS","M","?","?","?","M","R","M","R","T","?","R","M","?","M","R","BOSS","M","?","?","?","$","R","M","R","T","R","M","R","M","?","R","BOSS","R","$","E","BOSS"],"items_purchased_type":["Relic","Relic","Relic","Potion","Potion","Card"],"build_version":"2020-12-22","purchased_purges":2,"victory":true,"max_hp_per_floor":[77,77,77,77,77,77,77,77,77,77,75,75,75,73,73,73,71,71,71,71,71,71,71,71,71,71,71,69,69,69,69,69,69,69,70,70,70,70,68,68,69,69,69,69,68,68,69,79,79,80,80,80,80,79,80],"card_choices":[{"not_picked":["mysticmod:EnergizedRift","mysticmod:TomeOfSpells"],"picked":"mysticmod:CorrosiveTouch","floor":1.0},{"not_picked":["mysticmod:StyleChange","mysticmod:Dedication","mysticmod:Fly","mysticmod:FloatingDisk"],"picked":"mysticmod:Snowball","floor":5.0},{"not_picked":["mysticmod:Daze","mysticmod:BulkUp","mysticmod:Discipline","mysticmod:TomeOfSpells"],"picked":"mysticmod:Probe","floor":6.0},{"not_picked":["mysticmod:DiviningBlow","mysticmod:Snowball","mysticmod:LightningBolt","mysticmod:StyleChange"],"picked":"mysticmod:PowerSlash","floor":8.0},{"not_picked":["mysticmod:PunishingArmor","mysticmod:ChargedParry","mysticmod:ComponentsPouch","mysticmod:Disengage"],"picked":"mysticmod:PowerAttack","floor":12.0},{"not_picked":["mysticmod:RapidCaster","mysticmod:ComponentsPouch","mysticmod:Lunge","mysticmod:Shield"],"picked":"mysticmod:PowerSlash","floor":14.0},{"not_picked":["mysticmod:GreaterInvisibility","mysticmod:SpontaneousCaster","mysticmod:GeminiForm","mysticmod:Haste"],"picked":"mysticmod:Disintegrate","floor":16.0},{"not_picked":["mysticmod:PunishingArmor","mysticmod:PreparedCaster","mysticmod:BladedDash","mysticmod:Shield"],"picked":"mysticmod:PowerSlash","floor":18.0},{"not_picked":["mysticmod:Grease","mysticmod:PowerAttack","mysticmod:CorrosiveTouch","mysticmod:RapidCaster"],"picked":"mysticmod:PowerSlash","floor":21.0},{"not_picked":["mysticmod:AllIn","mysticmod:SpellCombat","mysticmod:MirrorEntity","mysticmod:ArcaneAccuracy"],"picked":"mysticmod:Snowball","floor":22.0},{"not_picked":["mysticmod:Shield","mysticmod:DiviningBlow","mysticmod:PureInstinct","mysticmod:ComponentsPouch"],"picked":"mysticmod:Snowball+1","floor":24.0},{"not_picked":["mysticmod:Sideswipe","mysticmod:Alacrity","mysticmod:Disengage","mysticmod:Flurry"],"picked":"mysticmod:Disintegrate","floor":29.0},{"not_picked":["mysticmod:LightningBolt","mysticmod:Fly","mysticmod:Stoneskin+1","mysticmod:TomeOfSpells+1"],"picked":"mysticmod:CorrosiveTouch","floor":30.0},{"not_picked":["mysticmod:Daze","mysticmod:Stoneskin+1","mysticmod:BulkUp+1","mysticmod:Probe+1"],"picked":"mysticmod:Flurry","floor":31.0},{"not_picked":["mysticmod:KnowledgePool","mysticmod:Discipline","mysticmod:Momentum","mysticmod:SpontaneousCaster"],"picked":"mysticmod:Disintegrate","floor":33.0},{"not_picked":["mysticmod:TomeOfSpells","mysticmod:RapidCaster+1","mysticmod:EbbAndFlow+1","mysticmod:BladedDash+1"],"picked":"mysticmod:Feint+1","floor":35.0},{"not_picked":["mysticmod:Disengage","mysticmod:BladeMaster","mysticmod:MirrorStrike","mysticmod:DiviningBlow"],"picked":"mysticmod:Probe+1","floor":36.0},{"not_picked":["mysticmod:MagicWeapon","mysticmod:EnergizedRift+1","mysticmod:MirrorStrike","mysticmod:ArcaneAccuracy"],"picked":"mysticmod:AllIn","floor":36.0},{"not_picked":["mysticmod:MagicWeapon+1","mysticmod:PowerSlash","mysticmod:HeavyStrike+1","mysticmod:Alacrity"],"picked":"mysticmod:Sideswipe+1","floor":36.0},{"not_picked":["mysticmod:Stoneskin","mysticmod:CorrosiveTouch","mysticmod:HunkerDown","mysticmod:Shield"],"picked":"mysticmod:FiveFootStep+1","floor":41.0},{"not_picked":["mysticmod:Riposte","mysticmod:MirrorStrike+1","mysticmod:MirrorEntity","mysticmod:LightningBolt"],"picked":"mysticmod:HeavyStrike+1","floor":45.0},{"not_picked":["mysticmod:Shield","mysticmod:Grease","mysticmod:LightningBolt","mysticmod:BladeMaster"],"picked":"mysticmod:ComponentsPouch+1","floor":47.0},{"not_picked":["mysticmod:Snowball","mysticmod:Doublecast","mysticmod:Sideswipe","mysticmod:Shield"],"picked":"mysticmod:Feint+1","floor":54.0}],"player_experience":238884,"relics_obtained":[{"floor":1.0,"key":"SynthV:TestCard"},{"floor":6.0,"key":"AT_SunfireAegis"},{"floor":7.0,"key":"ReplayTheSpireMod:Ring of Exchange"},{"floor":7.0,"key":"ReplayTheSpireMod:Ring of Addiction"},{"floor":7.0,"key":"Potion Belt"},{"floor":7.0,"key":"Toy Ornithopter"},{"floor":13.0,"key":"mysticmod:RunicPrism"},{"floor":26.0,"key":"Du-Vu Doll"},{"floor":30.0,"key":"Juzu Bracelet"},{"floor":43.0,"key":"Gremlin Horn"},{"floor":54.0,"key":"AT_RedTearstoneRing"}],"event_choices":[{"cards_removed":["mysticmod:Defend_Mystic"],"damage_healed":0.0,"max_hp_gain":0.0,"max_hp_loss":0.0,"gold_gain":0.0,"event_name":"Golden Wing","player_choice":"Card Removal","floor":3.0,"gold_loss":0.0,"damage_taken":7.0},{"damage_healed":0.0,"max_hp_gain":0.0,"max_hp_loss":0.0,"gold_gain":175.0,"event_name":"Liars Game","player_choice":"AGREE","floor":4.0,"gold_loss":0.0,"damage_taken":0.0,"cards_obtained":["Doubt"]},{"cards_removed":["Doubt"],"damage_healed":0.0,"max_hp_gain":0.0,"max_hp_loss":0.0,"gold_gain":0.0,"event_name":"Purifier","player_choice":"Purged","floor":11.0,"gold_loss":0.0,"damage_taken":0.0},{"damage_healed":0.0,"max_hp_gain":0.0,"max_hp_loss":0.0,"gold_gain":0.0,"event_name":"Nest","player_choice":"Joined the Cult","floor":19.0,"gold_loss":0.0,"damage_taken":6.0,"cards_obtained":["RitualDagger"]},{"cards_removed":["mysticmod:Snowball"],"damage_healed":0.0,"max_hp_gain":0.0,"max_hp_loss":0.0,"gold_gain":0.0,"event_name":"WeMeetAgain","player_choice":"Gave Card","floor":20.0,"gold_loss":0.0,"damage_taken":0.0,"relics_obtained":["Blood Vial"]},{"damage_healed":0.0,"max_hp_gain":0.0,"max_hp_loss":0.0,"gold_gain":0.0,"event_name":"Ghosts","player_choice":"Ignored","floor":27.0,"gold_loss":0.0,"damage_taken":0.0},{"damage_healed":0.0,"max_hp_gain":0.0,"max_hp_loss":0.0,"gold_gain":0.0,"event_name":"The Woman in Blue","player_choice":"Bought 2 Potions","floor":37.0,"gold_loss":0.0,"damage_taken":0.0},{"damage_healed":0.0,"max_hp_gain":0.0,"max_hp_loss":0.0,"gold_gain":0.0,"event_name":"Tomb of Lord Red Mask","player_choice":"Ignored","floor":38.0,"gold_loss":0.0,"damage_taken":0.0},{"cards_removed":["mysticmod:Disintegrate"],"damage_healed":0.0,"max_hp_gain":10.0,"max_hp_loss":0.0,"gold_gain":0.0,"event_name":"Bonfire Elementals","player_choice":"Offered Rare","floor":48.0,"gold_loss":0.0,"damage_taken":0.0}],"is_beta":false,"boss_relics":[{"not_picked":["testmod-Recursion","testmod-Charity"],"picked":"testmod-IncinerationGenerator"},{"not_picked":["DollysMirror","Replay:Fungal Core"],"picked":"testmod-NegativeEmotionEnhancer"}],"items_purged_floors":[39,53],"is_endless":false,"potions_floor_spawned":[1,14,16,21,24,31,33,45],"ascension_level":0}}