{"host":"9rexl4trwadr43zo","time":1612276052,"event":{"mods":["BaseMod","Colored Map","Minty Spire (QoL Compilation)"],"gold_per_floor":[114,127,127,48,48,48,76,140,189,208,208,242,242,15,15,110,110,124,24,24,24,38,64,64,93,93,93,105,105,105,125,125,224,224,237,112,0,0,12,12,30,30,57,86,86,97,109,121,121,121],"floor_reached":51,"language":"ENG","playtime":2296,"items_purged":["Strike_R","Strike_R","Strike_R"],"score":781,"play_id":"4c889b85-b2ec-410c-bfb0-1cd7a29ba1ac","local_time":"20210202142732","is_ascension_mode":true,"campfire_choices":[{"data":"Inflame","floor":6,"key":"SMITH"},{"data":"Heavy Blade","floor":11,"key":"SMITH"},{"data":"Defend_R","floor":13,"key":"SMITH"},{"floor":15,"key":"REST"},{"data":"Limit Break","floor":24,"key":"SMITH"},{"data":"Battle Trance","floor":27,"key":"SMITH"},{"data":"Defend_R","floor":30,"key":"SMITH"},{"data":"Defend_R","floor":32,"key":"SMITH"},{"data":"Demon Form","floor":40,"key":"SMITH"},{"data":"Shrug It Off","floor":42,"key":"SMITH"},{"data":"Defend_R","floor":45,"key":"SMITH"},{"data":"Iron Wave","floor":49,"key":"SMITH"}],"circlet_count":0,"master_deck":["Strike_R","Defend_R+1","Defend_R+1","Defend_R+1","Defend_R+1","Cleave","Cleave","Inflame+1","Iron Wave+1","Heavy Blade+1","Pommel Strike","Limit Break+1","Battle Trance+1","Evolve+1","Demon Form+1","Shrug It Off+1","Heavy Blade+1","Shrug It Off+1"],"relics":["Burning Blood","Red Skull","Torii","Blood Vial","Vajra","Mango","Anchor","Velvet Choker","Omamori","Pen Nib","Oddly Smooth Stone","Sozu","Red Mask","Lantern","PreservedInsect"],"acts_visited":["Exordium","TheCity","TheBeyond"],"potions_floor_usage":[16,25,33,50],"damage_taken":[{"damage":0,"enemies":"2 Louse","floor":1,"turns":3},{"damage":6,"enemies":"Jaw Worm","floor":2,"turns":3},{"damage":20,"enemies":"3 Sentries","floor":7,"turns":6},{"damage":11,"enemies":"3 Sentries","floor":8,"turns":5},{"damage":0,"enemies":"Small Slimes","floor":10,"turns":3},{"damage":22,"enemies":"Gremlin Nob","floor":12,"turns":4},{"damage":32,"enemies":"Slime Boss","floor":16,"turns":9},{"damage":18,"enemies":"Shell Parasite","floor":18,"turns":4},{"damage":1,"enemies":"Spheric Guardian","floor":22,"turns":3},{"damage":28,"enemies":"Slavers","floor":23,"turns":4},{"damage":19,"enemies":"Gremlin Leader","floor":25,"turns":4},{"damage":0,"enemies":"Centurion and Healer","floor":28,"turns":3},{"damage":12,"enemies":"Shelled Parasite and Fungi","floor":31,"turns":3},{"damage":40,"enemies":"Collector","floor":33,"turns":7},{"damage":14,"enemies":"3 Darklings","floor":35,"turns":3},{"damage":0,"enemies":"Orb Walker","floor":39,"turns":2},{"damage":1,"enemies":"Jaw Worm Horde","floor":41,"turns":4},{"damage":7,"enemies":"Giant Head","floor":44,"turns":6},{"damage":0,"enemies":"Spire Growth","floor":46,"turns":4},{"damage":9,"enemies":"4 Shapes","floor":47,"turns":3},{"damage":0,"enemies":"Jaw Worm Horde","floor":48,"turns":2},{"damage":50,"enemies":"Awakened One","floor":50,"turns":5}],"seed_played":"-6118558996472869874","potions_obtained":[{"floor":1,"key":"Explosive Potion"},{"floor":7,"key":"ElixirPotion"},{"floor":8,"key":"DistilledChaos"},{"floor":10,"key":"BloodPotion"},{"floor":28,"key":"Strength Potion"},{"floor":31,"key":"PowerPotion"}],"is_trial":false,"path_per_floor":["M","M","?","$","?","R","E","?","T","M","R","E","R","$","R","B",null,"M","$","?","$","M","E","R","E","T","R","M","?","R","M","R","B",null,"M","$","?","?","M","R","M","R","T","E","R","M","M","M","R","B",null],"character_chosen":"IRONCLAD","items_purchased":["Inflame","Anchor"],"campfire_rested":1,"item_purchase_floors":[4,14],"current_hp_per_floor":[80,80,73,73,66,66,52,47,47,55,55,55,55,55,83,59,94,82,82,82,82,89,69,69,58,58,58,66,94,94,88,88,56,94,86,86,86,86,94,94,94,94,94,93,93,94,91,94,94,68],"gold":121,"neow_bonus":"THREE_CARDS","is_daily":false,"chose_seed":false,"campfire_upgraded":11,"win_rate":0.0,"timestamp":1612276052,"path_taken":["M","M","?","$","?","R","E","?","T","M","R","E","R","?","R","BOSS","M","$","?","$","M","E","R","E","T","R","M","?","R","M","R","BOSS","M","$","?","?","M","R","M","R","T","E","R","M","M","M","R","BOSS"],"items_purchased_type":["Card","Relic"],"build_version":"2020-12-22","purchased_purges":3,"victory":true,"max_hp_per_floor":[80,80,80,80,80,80,80,80,80,80,80,94,94,94,94,94,94,94,94,94,94,94,94,94,94,94,94,94,94,94,94,94,94,94,94,94,94,94,94,94,94,94,94,94,94,94,94,94,94,94],"card_choices":[{"not_picked":["Armaments","Clothesline"],"picked":"Cleave","floor":0},{"not_picked":["Blood for Blood","Sword Boomerang","Ghostly Armor"],"picked":"SKIP","floor":1},{"not_picked":["Entrench","Anger"],"picked":"Cleave","floor":2},{"not_picked":["Sword Boomerang","Headbutt"],"picked":"Iron Wave","floor":7},{"not_picked":["Entrench","Rupture"],"picked":"Heavy Blade","floor":10},{"not_picked":["Flex","Intimidate"],"picked":"Pommel Strike","floor":12},{"not_picked":["Exhume","Barricade"],"picked":"Limit Break","floor":16},{"not_picked":["Sword Boomerang","Hemokinesis"],"picked":"Battle Trance","floor":18},{"not_picked":["Iron Wave","Anger"],"picked":"Evolve+1","floor":22},{"not_picked":["Dual Wield","Thunderclap","Combust"],"picked":"SKIP","floor":23},{"not_picked":["Feed","Spot Weakness","Wild Strike"],"picked":"SKIP","floor":25},{"not_picked":["Dropkick+1","Dual Wield+1","Flame Barrier"],"picked":"SKIP","floor":28},{"not_picked":["Armaments+1","Sword Boomerang","Searing Blow"],"picked":"SKIP","floor":31},{"not_picked":["Double Tap","Corruption"],"picked":"Demon Form","floor":33},{"not_picked":["Reckless Charge+1","Power Through+1"],"picked":"Shrug It Off","floor":35},{"not_picked":["Clothesline","Cleave+1","Flex"],"picked":"SKIP","floor":39},{"not_picked":["Havoc","Reckless Charge+1","Anger"],"picked":"SKIP","floor":41},{"not_picked":["Havoc","Hemokinesis+1"],"picked":"Heavy Blade+1","floor":44},{"not_picked":["Heavy Blade","Sword Boomerang","Shockwave+1"],"picked":"SKIP","floor":46},{"not_picked":["Sword Boomerang","Pommel Strike"],"picked":"Shrug It Off+1","floor":47},{"not_picked":["Warcry+1","Dual Wield","Body Slam+1"],"picked":"SKIP","floor":48}],"player_experience":279439,"relics_obtained":[{"floor":7,"key":"Torii"},{"floor":8,"key":"Blood Vial"},{"floor":9,"key":"Vajra"},{"floor":12,"key":"Mango"},{"floor":23,"key":"Omamori"},{"floor":25,"key":"Pen Nib"},{"floor":26,"key":"Oddly Smooth Stone"},{"floor":43,"key":"Lantern"},{"floor":44,"key":"PreservedInsect"}],"event_choices":[{"damage_healed":0,"gold_gain":0,"player_choice":"Success","damage_taken":7,"relics_obtained":["Red Skull"],"max_hp_gain":0,"max_hp_loss":0,"event_name":"Scrap Ooze","floor":3,"gold_loss":0},{"cards_removed":["Strike_R"],"damage_healed":0,"gold_gain":0,"player_choice":"Card Removal","damage_taken":7,"max_hp_gain":0,"max_hp_loss":0,"event_name":"Golden Wing","floor":5,"gold_loss":0},{"damage_healed":0,"gold_gain":0,"player_choice":"Searched \u00272\u0027 times","damage_taken":0,"max_hp_gain":0,"max_hp_loss":0,"event_name":"Dead Adventurer","floor":8,"gold_loss":0},{"damage_healed":0,"gold_gain":0,"player_choice":"Ignored","damage_taken":0,"max_hp_gain":0,"max_hp_loss":0,"event_name":"The Mausoleum","floor":20,"gold_loss":0},{"damage_healed":31,"gold_gain":0,"player_choice":"Heal","damage_taken":0,"max_hp_gain":0,"max_hp_loss":0,"event_name":"The Library","floor":29,"gold_loss":0},{"damage_healed":0,"gold_gain":0,"player_choice":"Paid","damage_taken":0,"relics_obtained":["Red Mask"],"max_hp_gain":0,"max_hp_loss":0,"event_name":"Tomb of Lord Red Mask","floor":37,"gold_loss":112},{"cards_removed":["Bash"],"damage_healed":0,"gold_gain":0,"player_choice":"Removed Attack","damage_taken":0,"max_hp_gain":0,"max_hp_loss":0,"event_name":"Falling","floor":38,"gold_loss":0}],"is_beta":false,"boss_relics":[{"not_picked":["Calling Bell","Empty Cage"],"picked":"Velvet Choker"},{"not_picked":["SlaversCollar","Fusion Hammer"],"picked":"Sozu"}],"items_purged_floors":[14,19,36],"is_endless":false,"potions_floor_spawned":[1,7,8,10,28,31,35,39,41,47],"ascension_level":1}}