{"host":"j9610sde00vfp93k","time":1612283753,"event":{"mods":["AchievementEnabler","BaseMod","Minty Spire (QoL Compilation)","StSLib","SuperFastMode"],"gold_per_floor":[111,111,36,55,55,55,75,75,99,116,68,243,243,62,62,160,160,174,174,190,210,210,210],"floor_reached":22,"language":"ENG","playtime":860,"items_purged":["Clumsy","Doubt"],"score":174,"play_id":"c0983285-113c-4e26-9a35-0350ec4c02b5","local_time":"20210203003553","is_ascension_mode":false,"campfire_choices":[{"data":"JustLucky","floor":6,"key":"SMITH"},{"data":"Perseverance","floor":8,"key":"SMITH"},{"data":"SashWhip","floor":13,"key":"SMITH"},{"data":"Eruption","floor":15,"key":"SMITH"}],"circlet_count":0,"master_deck":["Strike_P+1","Strike_P+1","Strike_P","Strike_P","Defend_P","Defend_P","Defend_P","Defend_P","Eruption+1","Vigilance","DeceiveReality","JustLucky+1","Perseverance+1","SashWhip+1","Dramatic Entrance","DevaForm","CurseOfTheBell","Protect+1","Decay","MentalFortress","LikeWater"],"relics":["PureWater","Turnip","Regal Pillow","Tiny Chest","Calling Bell","MealTicket","The Courier","Shovel"],"acts_visited":["Exordium","TheCity"],"potions_floor_usage":[],"damage_taken":[{"damage":4,"enemies":"2 Louse","floor":1,"turns":2},{"damage":0,"enemies":"Jaw Worm","floor":4,"turns":3},{"damage":0,"enemies":"Small Slimes","floor":7,"turns":1},{"damage":0,"enemies":"Exordium Wildlife","floor":10,"turns":4},{"damage":12,"enemies":"Slime Boss","floor":16,"turns":13},{"damage":30,"enemies":"Spheric Guardian","floor":18,"turns":4},{"damage":12,"enemies":"Chosen","floor":20,"turns":6},{"damage":0,"enemies":"Snecko","floor":21,"turns":7},{"damage":42,"enemies":"Cultist and Chosen","floor":22,"turns":4}],"seed_played":"-2498314608802394750","potions_obtained":[{"floor":10,"key":"Energy Potion"},{"floor":16,"key":"LiquidMemories"}],"is_trial":false,"path_per_floor":["M","?","$","M","?","R","M","R","T","M","$","?","R","$","R","B",null,"M","?","M","M","M"],"character_chosen":"WATCHER","items_purchased":["SashWhip","Dramatic Entrance"],"campfire_rested":0,"item_purchase_floors":[11,14],"current_hp_per_floor":[68,54,54,54,42,42,42,42,42,42,42,42,42,42,42,30,72,42,42,30,30,0,0],"gold":210,"neow_bonus":"ONE_RARE_RELIC","is_daily":false,"chose_seed":false,"campfire_upgraded":4,"win_rate":0.0,"timestamp":1612283753,"path_taken":["M","?","$","M","?","R","M","R","T","M","$","?","R","?","R","BOSS","M","?","M","M","M"],"items_purchased_type":["Card","Card"],"build_version":"2020-12-22","purchased_purges":2,"victory":false,"max_hp_per_floor":[72,72,72,72,72,72,72,72,72,72,72,72,72,72,72,72,72,72,72,72,72,72,72],"card_choices":[{"not_picked":["Swivel","TalkToTheHand"],"picked":"DeceiveReality","floor":1},{"not_picked":["FlurryOfBlows","Crescendo"],"picked":"JustLucky","floor":4},{"not_picked":["BowlingBash","CrushJoints"],"picked":"Perseverance","floor":7},{"not_picked":["Crescendo","InnerPeace","Swivel"],"picked":"SKIP","floor":10},{"not_picked":["DeusExMachina","Judgement"],"picked":"DevaForm","floor":16},{"not_picked":["PathToVictory","DeceiveReality"],"picked":"Protect+1","floor":18},{"not_picked":["ThirdEye+1","FlurryOfBlows"],"picked":"MentalFortress","floor":20},{"not_picked":["CutThroughFate","Halt"],"picked":"LikeWater","floor":21}],"player_experience":187307,"relics_obtained":[{"floor":9,"key":"Tiny Chest"},{"floor":17,"key":"MealTicket"},{"floor":17,"key":"The Courier"},{"floor":17,"key":"Shovel"}],"event_choices":[{"damage_healed":0,"gold_gain":0,"player_choice":"Entered Light","damage_taken":14,"max_hp_gain":0,"max_hp_loss":0,"event_name":"Shining Light","floor":2,"gold_loss":0,"cards_upgraded":["Strike_P","Strike_P"]},{"damage_healed":0,"gold_gain":0,"player_choice":"Success","damage_taken":12,"relics_obtained":["Regal Pillow"],"max_hp_gain":0,"max_hp_loss":0,"event_name":"Scrap Ooze","floor":5,"gold_loss":0},{"damage_healed":0,"gold_gain":175,"player_choice":"AGREE","damage_taken":0,"max_hp_gain":0,"max_hp_loss":0,"event_name":"Liars Game","floor":12,"gold_loss":0,"cards_obtained":["Doubt"]},{"damage_healed":0,"gold_gain":0,"player_choice":"Smashed Altar","damage_taken":0,"max_hp_gain":0,"max_hp_loss":0,"event_name":"Forgotten Altar","floor":19,"gold_loss":0,"cards_obtained":["Decay"]}],"is_beta":false,"boss_relics":[{"not_picked":["Velvet Choker","Sozu"],"picked":"Calling Bell"}],"items_purged_floors":[3,14],"is_endless":false,"potions_floor_spawned":[10,16],"killed_by":"Cultist and Chosen","ascension_level":0}}