{"host":"yq2wmfr0u0wuvxc0","time":1612243502,"event":{"mods":["Act Like it!","Aspiration","BaseMod","Colored Powertips","Curses Come First","Defuse TimeMaze Blight","Downfall","Friendly Minions","Gensokyo","Gremlin Mod","Hubris","Infinite Spire","Koishi","Marisa????????","Minty Spire (QoL Compilation)","Pale of the Ancients","Quick Restart","Rare Cards Sparkle","Remilia??????","Shop Mod","Smile Girya","Spicy Shops","StSLib","The Jungle","The Servant 0.9.4","Wide Potions","Youmu??????"],"gold_per_floor":[99,99,99,99,99,128,128,128,128,158,171,197,197,212,230,331,331,231,244,329,329,185,185,233,233,261,278,293,103,128,128,178,280,280,180,235,235,288,288,363,363,363,390,290,302,327,412,195,205,205,205,232,37,37,37,37],"floor_reached":57,"language":"ZHS","playtime":3015,"items_purged":["Regret","hexamod:Strike","hexamod:Strike","downfall:Haunted","hexamod:FirstSeal"],"score":1629,"play_id":"a4b86b57-dafb-4063-a56f-baa6199f8199","local_time":"20210201212502","is_ascension_mode":true,"campfire_choices":[{"data":"hexamod:Sear","floor":1.0,"key":"SMITH"},{"data":"hexamod:RainOfEmbers","floor":9.0,"key":"SMITH"},{"data":"hexamod:VolcanoVisage","floor":18.0,"key":"SMITH"},{"floor":25.0,"key":"RECALL"},{"data":"Buffer","floor":35.0,"key":"SMITH"},{"data":"infinitespire:Execution","floor":44.0,"key":"SMITH"},{"data":"Double Energy","floor":54,"key":"SMITH"}],"circlet_count":0,"master_deck":["hexamod:Defend+1","hexamod:Defend+1","hexamod:Defend+1","hexamod:Sear+1","hexamod:Float+1","hexamod:FlamesFromBeyond+1","hexamod:GhostOfSpireFuture","hexamod:RainOfEmbers+1","hexamod:SoulSteal+1","hexamod:FastForward+1","hexamod:RainOfEmbers+1","hexamod:AdvancingGuard","hexamod:VolcanoVisage+1","Undo+1","hexamod:GhostflameBarrier","Conserve Battery","hexamod:PowerFromBeyond","Double Energy+1","hexamod:HeatCrush","Turbo","Turbo+1","hexamod:GhostflameBarrier","Buffer+1","Hologram+1","infinitespire:Execution+1","Loop+1","Parasite","Recycle+1","hexamod:RecurringNightmare+1","Master of Strategy","expansioncontent:PrepareCrush","Heatsinks","White Noise+1","hexamod:Incineration","Thinking Ahead","hexamod:RainOfEmbers+1"],"relics":["hexamod:SpiritBrand","downfall:HeartsMalice","Eternal Feather","aspiration:DefectSkillbook","downfall:HeartBlessingBlue","hubris:BundleOfHerbs","hubris:Towel","Slimebound:StickyStick","hubris:ToyBattleship","downfall:KnowingSkull","bronze:MakeshiftBattery","downfall:HeartBlessingRed","Cursed Key","FossilizedHelix","InkBottle","Toy Ornithopter","downfall:HeartBlessingGreen","hubris:CuriousFeather","StoneCalendar","Membership Card","Bottled Lightning","hubris:SlimyHat","MerchantsRug","Bag of Preparation","DollysMirror"],"acts_visited":["Exordium","TheCity","TheBeyond","TheEnding"],"potions_floor_usage":[56,56],"damage_taken":[{"damage":0.0,"enemies":"Small Slimes","floor":2.0,"turns":1.0},{"damage":0.0,"enemies":"Cultist","floor":4.0,"turns":1.0},{"damage":0.0,"enemies":"Jaw Worm","floor":5.0,"turns":1.0},{"damage":12.0,"enemies":"Lagavulin","floor":6.0,"turns":5.0},{"damage":2.0,"enemies":"Gremlin Nob","floor":10.0,"turns":3.0},{"damage":10.0,"enemies":"Exordium Thugs","floor":11.0,"turns":3.0},{"damage":12.0,"enemies":"3 Sentries","floor":12.0,"turns":4.0},{"damage":10.0,"enemies":"2 Fungi Beasts","floor":14.0,"turns":3.0},{"damage":14.0,"enemies":"3 Louse","floor":15.0,"turns":3.0},{"damage":8.0,"enemies":"IC_STATUS_ARCHETYPE","floor":16.0,"turns":6.0},{"damage":3.0,"enemies":"Shell Parasite","floor":19.0,"turns":3.0},{"damage":4.0,"enemies":"downfall:FleeingMerchant","floor":22.0,"turns":4.0},{"damage":9.0,"enemies":"Nightmare","floor":26.0,"turns":8.0},{"damage":0.0,"enemies":"Chosen","floor":27.0,"turns":3.0},{"damage":5.0,"enemies":"Centurion and Healer","floor":28.0,"turns":3.0},{"damage":0.0,"enemies":"downfall:FleeingMerchant","floor":29.0,"turns":4.0},{"damage":8.0,"enemies":"Gremlin Leader","floor":30.0,"turns":4.0},{"damage":4.0,"enemies":"Snecko","floor":32.0,"turns":3.0},{"damage":5.0,"enemies":"WA_ARCHETYPE_CALM","floor":33.0,"turns":7.0},{"damage":0.0,"enemies":"Orb Walker","floor":36.0,"turns":3.0},{"damage":3.0,"enemies":"3 Darklings","floor":38.0,"turns":5.0},{"damage":3.0,"enemies":"Nemesis","floor":40.0,"turns":7.0},{"damage":26.0,"enemies":"Reptomancer","floor":43.0,"turns":4.0},{"damage":0.0,"enemies":"Maw","floor":45.0,"turns":3.0},{"damage":0.0,"enemies":"Nemesis","floor":46.0,"turns":3.0},{"damage":3.0,"enemies":"2 Orb Walkers","floor":47.0,"turns":3.0},{"damage":3.0,"enemies":"downfall:FleeingMerchant","floor":48.0,"turns":3.0},{"damage":0.0,"enemies":"4 Shapes","floor":49.0,"turns":3.0},{"damage":16.0,"enemies":"DF_ARCHETYPE_ORBS","floor":50.0,"turns":4.0},{"damage":27,"enemies":"downfall:CharBossMerchant","floor":52,"turns":5},{"damage":0,"enemies":"downfall:NeowBoss","floor":55,"turns":10},{"damage":28,"enemies":"downfall:NeowBossFinal","floor":56,"turns":5}],"seed_played":"5142092417810272400","potions_obtained":[{"floor":10.0,"key":"Fire Potion"},{"floor":11.0,"key":"EssenceOfSteel"},{"floor":14.0,"key":"Energy Potion"},{"floor":16.0,"key":"DuplicationPotion"},{"floor":26.0,"key":"Energy Potion"},{"floor":30.0,"key":"Dexterity Potion"},{"floor":43.0,"key":"LiquidBronze"},{"floor":46.0,"key":"SkillPotion"},{"floor":47.0,"key":"Regen Potion"}],"is_trial":false,"path_per_floor":["R","M","?","M","M","E","T","?","R","E","M","E","?","M","M","B",null,"R","M","?","T","$","?","T","R","NM","M","M","$","E","?","M","B",null,"R","M","?","M","AVR","E","T","T","E","R","M","E","?","$","M","B",null,"E","$","R","B","B",null],"character_chosen":"THE_SPIRIT","items_purchased":["Conserve Battery","hubris:ToyBattleship","Membership Card","War Paint","Bottled Lightning","Master of Strategy","expansioncontent:PrepareCrush","Heatsinks","hexamod:Incineration","MerchantsRug","Thinking Ahead","Bag of Preparation","DollysMirror"],"campfire_rested":0,"item_purchase_floors":[22,29,48,48,48,48,48,48,53,53,53,53,53],"current_hp_per_floor":[70,70,70,70,70,65,65,65,65,70,67,55,55,52,45,44,70,80,80,66,66,80,80,80,80,78,80,75,80,89,82,85,87,90,90,90,90,90,90,90,90,90,71,89,89,90,90,90,90,81,90,63,63,84,90,85],"gold":37,"neow_bonus":"THREE_ENEMY_KILL","is_daily":false,"chose_seed":false,"campfire_upgraded":6,"win_rate":0.0,"timestamp":1612243502,"path_taken":["R","M","?","?","M","E","T","?","R","E","M","E","?","?","M","BOSS","R","M","?","?","$","?","T","R","NM","M","M","$","E","?","M","BOSS","R","M","?","M","AVR","E","T","?","E","R","?","E","?","$","M","BOSS","E","$","R","BOSS","BOSS"],"items_purchased_type":["Card","Relic","Relic","Relic","Relic","Card","Card","Card","Card","Relic","Card","Relic","Relic"],"build_version":"2020-12-22","purchased_purges":5,"victory":true,"max_hp_per_floor":[70,70,70,70,70,70,70,70,70,70,70,70,70,70,70,70,70,80,80,80,80,80,80,80,80,80,80,80,80,90,90,90,90,90,90,90,90,90,90,90,90,90,90,90,90,90,90,90,90,90,90,90,90,90,90,90],"card_choices":[{"not_picked":["hexamod:SecondSeal","hexamod:Firestarter"],"picked":"hexamod:FlamesFromBeyond","floor":2.0},{"not_picked":["hexamod:HauntingEcho","hexamod:NightmareGuise","hexamod:Hexaguard"],"picked":"SKIP","floor":4.0},{"not_picked":["hexamod:SwordOfDarkness","hexamod:SpectersWail"],"picked":"hexamod:SoulSteal","floor":5.0},{"not_picked":["hexamod:FlamesFromBeyond","hexamod:TurnItUp"],"picked":"hexamod:FastForward","floor":6.0},{"not_picked":["hexamod:FirstSeal","hexamod:SkipABeat"],"picked":"hexamod:RainOfEmbers","floor":10.0},{"not_picked":["hexamod:Firestarter","hexamod:GhostShield"],"picked":"hexamod:AdvancingGuard","floor":11.0},{"not_picked":["hexamod:Hexaguard","hexamod:SecondSeal","hexamod:HeatMetal"],"picked":"SKIP","floor":12.0},{"not_picked":["hexamod:RadiantFlame","hexamod:NightmareStrike","hexamod:AdvancingGuard"],"picked":"SKIP","floor":14.0},{"not_picked":["hexamod:GhostShield","hexamod:RecurringNightmare","hexamod:Rewind"],"picked":"SKIP","floor":15.0},{"not_picked":["hexamod:GhostflameInferno","hexamod:FifthSeal"],"picked":"hexamod:VolcanoVisage","floor":16.0},{"not_picked":["Beam Cell+1","Turbo","Go for the Eyes+1"],"picked":"Undo","floor":19.0},{"not_picked":["hexamod:SwordOfDarkness","Scrape","Auto Shields"],"picked":"hexamod:GhostflameBarrier","floor":22.0},{"not_picked":["Compile Driver","Blizzard","Coolheaded"],"picked":"hexamod:PowerFromBeyond","floor":26.0},{"not_picked":["All For One","hexamod:AdvancingGuard","hexamod:HauntingEcho"],"picked":"Double Energy","floor":27.0},{"not_picked":["Turbo","hexamod:BurningTouch+1","Steam Power"],"picked":"hexamod:HeatCrush","floor":28.0},{"not_picked":["Rebound+1","Go for the Eyes","hexamod:SpectersWail+1"],"picked":"Turbo","floor":29.0},{"not_picked":["hexamod:BacktrackSmack","hexamod:ShieldOfDarkness","hexamod:GhostOfSpirePast"],"picked":"Turbo+1","floor":30.0},{"not_picked":["hexamod:SpectralAdrenaline+1","hexamod:BacktrackSmack+1","Leap"],"picked":"hexamod:GhostflameBarrier","floor":32.0},{"not_picked":["All For One","hexamod:ApocalypticArmor","hexamod:UnleashSpirits"],"picked":"Buffer","floor":33.0},{"not_picked":["hexamod:PhantomCloak+1","Rip and Tear+1","hexamod:BurningTouch"],"picked":"Hologram","floor":36.0},{"not_picked":["Tempest","hexamod:SkipABeat+1","Doom and Gloom","hexamod:NightmareStrike+1"],"picked":"SKIP","floor":38.0},{"not_picked":["hexamod:SpectersWail","hubris:Ukulele","hexamod:RadiantFlame"],"picked":"Loop+1","floor":40.0},{"not_picked":["hexamod:SpectersWail+1","Steam","Leap+1"],"picked":"Recycle","floor":43.0},{"not_picked":["Barrage","hexamod:FastForward","hexamod:Again+1"],"picked":"hexamod:RecurringNightmare+1","floor":45.0},{"not_picked":["Compile Driver","hexamod:InspiringFlames","hexamod:HeatMetal+1","Gash"],"picked":"SKIP","floor":45.0},{"not_picked":["hexamod:HauntingEcho+1","hexamod:Incineration+1","hexamod:GhostLash","hexamod:HeatMetal"],"picked":"SKIP","floor":46.0},{"not_picked":["hexamod:Hexaguard","Leap","Stack+1","hexamod:PhantomCloak+1"],"picked":"SKIP","floor":48.0},{"not_picked":["hexamod:ShieldOfDarkness","Stack+1","hexamod:Firestarter","hexamod:AdvancingGuard+1"],"picked":"SKIP","floor":49.0},{"not_picked":["hexamod:SuperheatedStrike+1","hexamod:FlamesFromBeyond","hexamod:FastForward+1","Compile Driver+1"],"picked":"SKIP","floor":49.0},{"not_picked":["hexamod:BacktrackSmack+1","aspiration:Polymerization+1","hexamod:NightmareGuise"],"picked":"White Noise+1","floor":52}],"player_experience":310351,"relics_obtained":[{"floor":6.0,"key":"Centennial Puzzle"},{"floor":10.0,"key":"Eternal Feather"},{"floor":12.0,"key":"Tiny Chest"},{"floor":21.0,"key":"hubris:BundleOfHerbs"},{"floor":24.0,"key":"Slimebound:StickyStick"},{"floor":26.0,"key":"hubris:CrystalStatue"},{"floor":30.0,"key":"Pear"},{"floor":40.0,"key":"FossilizedHelix"},{"floor":41.0,"key":"InkBottle"},{"floor":42.0,"key":"Toy Ornithopter"},{"floor":43.0,"key":"Prayer Wheel"},{"floor":46.0,"key":"hubris:CuriousFeather"},{"floor":47.0,"key":"StoneCalendar"},{"floor":52,"key":"hubris:SlimyHat"}],"event_choices":[{"damage_healed":0.0,"max_hp_gain":0.0,"max_hp_loss":0.0,"gold_gain":0.0,"event_name":"Mysterious Sphere","player_choice":"Fight","floor":47.0,"gold_loss":0.0,"damage_taken":0.0}],"is_beta":false,"boss_relics":[{"not_picked":["Philosopher\u0027s Stone","Tiny House"],"picked":"aspiration:DefectSkillbook"},{"not_picked":["Runic Dome","hubris:Stopwatch"],"picked":"bronze:MakeshiftBattery"}],"items_purged_floors":[22,29,39,48,53],"is_endless":false,"potions_floor_spawned":[10,11,14,16,26,30,32,43,46,47],"ascension_level":2}}