{"host":"jumrmhf584hajrnz","time":1612270833,"event":{"mods":["BaseMod","Duelist Mod","GifTheSpireLib","Minty Spire (QoL Compilation)","Quick Restart","StSLib"],"gold_per_floor":[145,145,145,145,164,164,198,198,221,221,235,255,323,343,343,421,421,435,350,350,399,416,416,416],"floor_reached":23,"language":"ENG","playtime":922,"items_purged":[],"score":382,"play_id":"7bdefa05-4d39-47ec-a2eb-6dd8be40a4d9","local_time":"20210202140033","is_ascension_mode":true,"campfire_choices":[{"floor":6,"key":"RECALL"},{"floor":8,"key":"REST"},{"data":"theDuelist:Raigeki","floor":15,"key":"SMITH"}],"circlet_count":0,"master_deck":["theDuelist:AngelTrumpeter","AscendersBane","theDuelist:CactusBouncer","theDuelist:CastleWalls","theDuelist:CastleWalls","theDuelist:DarkworldThorns","theDuelist:Inmato","theDuelist:JerryBeansMan","theDuelist:JerryBeansMan","theDuelist:Sparks","theDuelist:Sparks","theDuelist:BotanicalLion+1","theDuelist:DeltaMagnet","theDuelist:RainbowKuriboh","theDuelist:MirrorForce","theDuelist:Inmato","theDuelist:Raigeki+1","theDuelist:Inmato","theDuelist:PredaplantChimerafflesia","theDuelist:BottomlessTrapHole","theDuelist:KamionTimelord","theDuelist:PlantFoodChain"],"relics":["theDuelist:MillenniumPuzzle","theDuelist:CardPoolRelic","theDuelist:CardPoolBasicRelic","theDuelist:BoosterPackPoolRelic","theDuelist:CardPoolAddRelic","theDuelist:CardPoolMinusRelic","theDuelist:CardPoolSaveRelic","theDuelist:CardPoolOptionsRelic","Toy Ornithopter","theDuelist:DuelistUrn","White Beast Statue","Mark of Pain","theDuelist:KaibaToken","theDuelist:SummonAnchor"],"acts_visited":["Exordium","TheCity"],"potions_floor_usage":[14,16,18,18,22,23],"damage_taken":[{"damage":10,"enemies":"2 Louse","floor":1,"turns":3},{"damage":0,"enemies":"Small Slimes","floor":5,"turns":2},{"damage":28,"enemies":"Gremlin Nob","floor":7,"turns":4},{"damage":2,"enemies":"Jaw Worm","floor":11,"turns":3},{"damage":6,"enemies":"3 Louse","floor":12,"turns":3},{"damage":15,"enemies":"Exordium Thugs","floor":14,"turns":5},{"damage":50,"enemies":"Hexaghost","floor":16,"turns":9},{"damage":17,"enemies":"3 Byrds","floor":18,"turns":4},{"damage":10,"enemies":"Chosen","floor":21,"turns":5},{"damage":24,"enemies":"Shelled Parasite and Fungi","floor":22,"turns":4},{"damage":48,"enemies":"Book of Stabbing","floor":23,"turns":5}],"seed_played":"-6612490821684131212","potions_obtained":[{"floor":11,"key":"FearPotion"},{"floor":12,"key":"Regen Potion"},{"floor":14,"key":"Weak Potion"},{"floor":16,"key":"theDuelist:SteelBrew"},{"floor":18,"key":"CultistPotion"},{"floor":21,"key":"CultistPotion"},{"floor":22,"key":"theDuelist:WaterBottle"}],"is_trial":false,"path_per_floor":["M","?","?","?","M","R","E","R","T","?","M","M","T","M","R","B",null,"M","?","?","M","M","E"],"character_chosen":"THE_DUELIST","items_purchased":[],"campfire_rested":1,"item_purchase_floors":[],"current_hp_per_floor":[53,53,53,53,53,53,25,46,46,46,46,44,44,56,56,13,56,56,56,48,48,35,0,0],"gold":416,"neow_bonus":"RANDOM_COMMON_RELIC","is_daily":false,"chose_seed":false,"campfire_upgraded":1,"win_rate":0.0,"timestamp":1612270833,"path_taken":["M","?","?","?","?","R","E","R","T","?","?","?","?","M","R","BOSS","M","?","?","?","M","E"],"items_purchased_type":[],"build_version":"2020-12-22","purchased_purges":0,"victory":false,"max_hp_per_floor":[70,70,70,70,70,70,70,70,70,70,70,70,70,70,70,70,70,73,73,73,73,73,73,73],"card_choices":[{"not_picked":["theDuelist:LonefireBlossom","theDuelist:Firegrass","theDuelist:PredaplantPterapenthes","theDuelist:WitchBlackRose"],"picked":"theDuelist:BotanicalLion","floor":1},{"not_picked":["theDuelist:BlueBloodedOni","theDuelist:GreyGreedOni","theDuelist:PurplePainOni","theDuelist:RainbowOverdragon"],"picked":"theDuelist:RainbowKuriboh","floor":5},{"not_picked":["theDuelist:MillenniumGolem","theDuelist:WeepingIdol","theDuelist:LabyrinthWall","theDuelist:ReleaseFromStone"],"picked":"theDuelist:MirrorForce","floor":7},{"not_picked":["theDuelist:BotanicalLion","theDuelist:LonefireBlossom","theDuelist:JerryBeansMan","theDuelist:CheerfulCoffin"],"picked":"theDuelist:Inmato","floor":11},{"not_picked":["theDuelist:ClearKuriboh","theDuelist:DestroyerGolem","theDuelist:FuryFire","theDuelist:Mathematician"],"picked":"theDuelist:Raigeki","floor":12},{"not_picked":["theDuelist:JerryBeansMan","theDuelist:CheerfulCoffin","theDuelist:SilverApples","theDuelist:RagingMadPlants"],"picked":"theDuelist:Inmato","floor":14},{"not_picked":["theDuelist:SeedCannon","theDuelist:BlossomBombardment","theDuelist:QueenAngelRoses","theDuelist:Gigaplant"],"picked":"theDuelist:PredaplantChimerafflesia","floor":16},{"not_picked":["theDuelist:MudGolem","theDuelist:DarkworldThorns","theDuelist:PotDuality","theDuelist:ThornMalice"],"picked":"theDuelist:BottomlessTrapHole","floor":18},{"not_picked":["theDuelist:RosePaladin","theDuelist:RagingMadPlants","theDuelist:SplendidRose","theDuelist:PredaplantSarraceniant"],"picked":"theDuelist:KamionTimelord","floor":21},{"not_picked":["theDuelist:BlossomBombardment","theDuelist:BloomingDarkestRose","theDuelist:Reinforcements","theDuelist:AcidTrapHole"],"picked":"theDuelist:PlantFoodChain","floor":22}],"player_experience":1680371,"relics_obtained":[{"floor":7,"key":"theDuelist:DuelistUrn"},{"floor":13,"key":"White Beast Statue"}],"event_choices":[{"damage_healed":0,"gold_gain":0,"player_choice":"Grow","damage_taken":0,"max_hp_gain":0,"max_hp_loss":0,"event_name":"Living Wall","floor":2,"gold_loss":0,"cards_upgraded":["theDuelist:BotanicalLion"]},{"damage_healed":0,"gold_gain":0,"player_choice":"Delta Electro","duelist":true,"damage_taken":0,"max_hp_gain":0,"max_hp_loss":0,"event_name":"Egyptian Village","floor":3,"gold_loss":0,"cards_obtained":["Delta Electromagnet Warrior"]},{"damage_healed":0,"gold_gain":0,"player_choice":"Leave","duelist":true,"damage_taken":0,"max_hp_gain":0,"max_hp_loss":0,"event_name":"Relic Duplicator","floor":4,"gold_loss":0},{"damage_healed":0,"gold_gain":0,"player_choice":"Leave","duelist":true,"damage_taken":0,"max_hp_gain":0,"max_hp_loss":0,"event_name":"Battle City","floor":10,"gold_loss":0},{"damage_healed":0,"gold_gain":0,"player_choice":"Obtained Relic","damage_taken":0,"relics_obtained":["theDuelist:KaibaToken"],"max_hp_gain":0,"max_hp_loss":0,"event_name":"Addict","floor":19,"gold_loss":85},{"damage_healed":0,"gold_gain":0,"player_choice":"Dig - random Duelist relic","duelist":true,"damage_taken":0,"max_hp_gain":0,"max_hp_loss":0,"event_name":"Aknamkanon\u0027s Tomb","floor":20,"gold_loss":0}],"is_beta":false,"boss_relics":[{"not_picked":["Ectoplasm","theDuelist:MillenniumKey"],"picked":"Mark of Pain"}],"items_purged_floors":[],"is_endless":false,"potions_floor_spawned":[11,12,14,16,18,21,22],"killed_by":"Book of Stabbing","ascension_level":20}}