{"host":"rolltorest","time":1612250208,"event":{"mods":["BaseMod","Minty Spire (QoL Compilation)","Relic Stats","Slay the Relics Exporter","StSLib"],"gold_per_floor":[113,113,113,130,130,169,190,190,190,190,230,251,292,37,37,136,136,136,136],"floor_reached":18,"language":"ENG","playtime":7408,"items_purged":[],"score":356,"play_id":"3790476f-4dc7-41a2-9538-9db620e26c9b","local_time":"20210201231648","is_ascension_mode":true,"campfire_choices":[{"floor":8,"key":"REST"},{"data":"Barricade","floor":15,"key":"SMITH"}],"circlet_count":0,"master_deck":["AscendersBane","Strike_R","Strike_R","Strike_R","Strike_R","Defend_R","Defend_R","Defend_R","Defend_R","Bash","Armaments","Clothesline","Seeing Red","Flex","Double Tap","Blood for Blood","Dual Wield","Impervious","Barricade+1","Feed"],"relics":["Runic Pyramid","Golden Idol","Ice Cream","Unceasing Top","Meat on the Bone","Letter Opener","Turnip","Snecko Eye"],"acts_visited":["Exordium","TheCity"],"potions_floor_usage":[],"damage_taken":[{"damage":4,"enemies":"Jaw Worm","floor":1,"turns":4},{"damage":1,"enemies":"2 Louse","floor":4,"turns":4},{"damage":39,"enemies":"Lagavulin","floor":6,"turns":11},{"damage":1,"enemies":"Small Slimes","floor":7,"turns":5},{"damage":22,"enemies":"Gremlin Nob","floor":11,"turns":4},{"damage":9,"enemies":"Exordium Wildlife","floor":12,"turns":3},{"damage":15,"enemies":"3 Sentries","floor":13,"turns":7},{"damage":21,"enemies":"The Guardian","floor":16,"turns":17},{"damage":3,"enemies":"Chosen","floor":18,"turns":4}],"seed_played":"8092560462852727081","potions_obtained":[{"floor":1,"key":"Ancient Potion"},{"floor":12,"key":"BlessingOfTheForge"}],"is_trial":false,"path_per_floor":["M","?","?","M","?","E","M","R","T","?","E","M","E","$","R","B",null,"M"],"character_chosen":"IRONCLAD","items_purchased":["Impervious","Barricade"],"campfire_rested":1,"item_purchase_floors":[14,14],"current_hp_per_floor":[64,57,57,56,56,17,16,36,36,36,26,29,26,26,26,17,55,52,52],"gold":136,"neow_bonus":"BOSS_RELIC","is_daily":false,"chose_seed":false,"campfire_upgraded":1,"win_rate":0.0,"timestamp":1612250208,"path_taken":["M","?","?","M","?","E","M","R","T","?","E","M","E","$","R","BOSS","M"],"items_purchased_type":["Card","Card"],"build_version":"2020-12-18","purchased_purges":0,"victory":false,"max_hp_per_floor":[75,75,75,75,68,68,68,68,68,68,68,68,68,68,68,68,68,68,68],"relic_stats":{"counters":[9,59],"Golden Idol":52,"Snecko Eye":[5,2,4,8],"Turnip":[0],"Letter Opener":[35],"obtain_stats":[{"Ice Cream":6,"Golden Idol":5,"Snecko Eye":17,"Turnip":13,"Letter Opener":11,"Burning Blood":0,"Unceasing Top":9,"Runic Pyramid":0,"Meat on the Bone":10},{"Ice Cream":3,"Golden Idol":2,"Snecko Eye":8,"Turnip":7,"Letter Opener":5,"Burning Blood":0,"Unceasing Top":4,"Runic Pyramid":0,"Meat on the Bone":4},{"Ice Cream":19,"Golden Idol":8,"Snecko Eye":55,"Turnip":38,"Letter Opener":28,"Burning Blood":0,"Unceasing Top":24,"Runic Pyramid":0,"Meat on the Bone":24}],"Unceasing Top":[0],"Meat on the Bone":48},"card_choices":[{"not_picked":["Ghostly Armor","Feel No Pain"],"picked":"Armaments","floor":1},{"not_picked":["Rampage","Entrench"],"picked":"Clothesline","floor":4},{"not_picked":["Shrug It Off","Rampage"],"picked":"Seeing Red","floor":6},{"not_picked":["Cleave","Havoc"],"picked":"Flex","floor":7},{"not_picked":["Cleave","Wild Strike"],"picked":"Double Tap","floor":11},{"not_picked":["Havoc","Perfected Strike"],"picked":"Blood for Blood","floor":12},{"not_picked":["Iron Wave","Rampage"],"picked":"Dual Wield","floor":13},{"not_picked":["Brutality","Barricade"],"picked":"Feed","floor":16}],"player_experience":1803207,"relics_obtained":[{"floor":6,"key":"Ice Cream"},{"floor":9,"key":"Unceasing Top"},{"floor":11,"key":"Letter Opener"},{"floor":13,"key":"Turnip"}],"event_choices":[{"cards_removed":["Strike_R"],"damage_healed":0,"gold_gain":0,"player_choice":"Card Removal","damage_taken":7,"max_hp_gain":0,"max_hp_loss":0,"event_name":"Golden Wing","floor":2,"gold_loss":0},{"damage_healed":0,"gold_gain":0,"player_choice":"Leave","damage_taken":0,"max_hp_gain":0,"max_hp_loss":0,"event_name":"The Cleric","floor":3,"gold_loss":0},{"damage_healed":0,"gold_gain":0,"player_choice":"Lose Max HP","damage_taken":0,"relics_obtained":["Golden Idol"],"max_hp_gain":0,"max_hp_loss":7,"event_name":"Golden Idol","floor":5,"gold_loss":0},{"damage_healed":0,"gold_gain":0,"player_choice":"Searched \u00271\u0027 times","damage_taken":0,"relics_obtained":["Meat on the Bone"],"max_hp_gain":0,"max_hp_loss":0,"event_name":"Dead Adventurer","floor":10,"gold_loss":0}],"is_beta":true,"boss_relics":[{"not_picked":["Astrolabe","Mark of Pain"],"picked":"Snecko Eye"}],"items_purged_floors":[],"is_endless":false,"potions_floor_spawned":[1,12,16],"killed_by":"Chosen","ascension_level":20}}