{"host":"xi8yg1ddhptuxb9d","time":1612289923,"event":{"mods":["AchievementEnabler","BaseMod","Block Reminder","Minty Spire (QoL Compilation)","Relic Sorter","StSLib"],"gold_per_floor":[366,366,382,403,160,204,204,204,227,227,241,241,241,241],"floor_reached":13,"language":"ENG","playtime":445,"items_purged":[],"score":158,"play_id":"ccb0cf8d-13b1-43a7-90d4-8c20f7df7ba5","local_time":"20210202131843","is_ascension_mode":true,"campfire_choices":[{"floor":8.0,"key":"REST"},{"floor":10.0,"key":"REST"},{"data":"Infinite Blades","floor":12.0,"key":"SMITH"}],"circlet_count":0,"master_deck":["AscendersBane","Strike_G","Strike_G","Strike_G","Strike_G","Strike_G","Defend_G","Defend_G","Defend_G","Defend_G","Defend_G","Survivor","Neutralize","Backflip","Injury","Infinite Blades+1","Dodge and Roll","Accuracy","Cloak And Dagger","Footwork"],"relics":["Ring of the Snake","Golden Idol","Omamori","Boot","InkBottle","Smiling Mask"],"acts_visited":["Exordium"],"potions_floor_usage":[],"damage_taken":[{"damage":1.0,"enemies":"2 Louse","floor":1.0,"turns":3.0},{"damage":9.0,"enemies":"Jaw Worm","floor":3.0,"turns":8.0},{"damage":6.0,"enemies":"Cultist","floor":4.0,"turns":4.0},{"damage":32.0,"enemies":"Lagavulin","floor":6.0,"turns":9.0},{"damage":5.0,"enemies":"3 Louse","floor":11.0,"turns":4.0},{"damage":45,"enemies":"Gremlin Nob","floor":13,"turns":4}],"seed_played":"8518574056684633762","potions_obtained":[{"floor":3.0,"key":"LiquidBronze"},{"floor":4.0,"key":"BlessingOfTheForge"},{"floor":11.0,"key":"Explosive Potion"}],"is_trial":false,"path_per_floor":["M","?","M","M","$","E","T","R","T","R","M","R","E"],"character_chosen":"THE_SILENT","items_purchased":["Omamori","Accuracy"],"campfire_rested":2,"item_purchase_floors":[5,5],"current_hp_per_floor":[58,58,49,43,43,11,11,29,29,47,42,42,0,0],"gold":241,"neow_bonus":"TWO_FIFTY_GOLD","is_daily":false,"chose_seed":false,"campfire_upgraded":1,"win_rate":0.0,"timestamp":1612289923,"path_taken":["M","?","M","M","$","E","?","R","T","R","M","R","E"],"items_purchased_type":["Relic","Card"],"build_version":"2020-12-22","purchased_purges":0,"victory":false,"max_hp_per_floor":[60,60,60,60,60,60,60,60,60,60,60,60,60,60],"card_choices":[{"not_picked":["PiercingWail","Deadly Poison"],"picked":"Backflip","floor":1.0},{"not_picked":["Deflect","Backflip"],"picked":"Infinite Blades","floor":3.0},{"not_picked":["Underhanded Strike","Endless Agony"],"picked":"Dodge and Roll","floor":4.0},{"not_picked":["Quick Slash","Choke"],"picked":"Cloak And Dagger","floor":6.0},{"not_picked":["Blur","Terror"],"picked":"Footwork","floor":11.0}],"player_experience":700165,"relics_obtained":[{"floor":6.0,"key":"Boot"},{"floor":7.0,"key":"InkBottle"},{"floor":9.0,"key":"Smiling Mask"}],"event_choices":[{"damage_healed":0.0,"max_hp_gain":0.0,"max_hp_loss":0.0,"gold_gain":0.0,"event_name":"Golden Idol","player_choice":"Take Wound","floor":2.0,"gold_loss":0.0,"damage_taken":0.0,"relics_obtained":["Golden Idol"],"cards_obtained":["Injury"]}],"is_beta":false,"boss_relics":[],"items_purged_floors":[],"is_endless":false,"potions_floor_spawned":[3,4,11],"killed_by":"Gremlin Nob","ascension_level":18}}