{"host":"e3jr8cs0hrgde9ri","time":1612286893,"event":{"mods":["2.2 Compatiblity","BaseMod","Highlight Path","Minty Spire (QoL Compilation)","Permanent Neow","Quick Restart","SuperFastMode"],"gold_per_floor":[116,116,116,133,143,184,207,246,270,310,330,357,389,410,410,495,495,518,537,462,462,484,484,523,523,595,658,425,477,502,547,547,630,630,695,738,738,757,778,778,778],"floor_reached":40,"language":"ENG","playtime":1543,"items_purged":["Strike_P"],"score":1014,"play_id":"2dc6fd63-ca21-4246-a1b3-a173751e86bb","local_time":"20210202092813","is_ascension_mode":true,"campfire_choices":[{"data":"Wish","floor":15.0,"key":"SMITH"},{"floor":23.0,"key":"REST"},{"floor":25.0,"key":"REST"},{"floor":32.0,"key":"REST"}],"circlet_count":0,"master_deck":["AscendersBane","Strike_P","Strike_P","Defend_P+1","Defend_P+1","Defend_P+1","Defend_P+1","Eruption+1","Vigilance+1","FearNoEvil","Vengeance+1","EmptyFist+1","Blasphemy+1","Tantrum+1","Protect","CarveReality+1","BowlingBash+1","Wish+1","LessonLearned+1","Sanctity+1","Meditate+1","FearNoEvil+1","Wish+1","Brilliance+1","TalkToTheHand+1"],"relics":["Black Star","Molten Egg 2","CeramicFish","Dream Catcher","Blood Vial","Anchor","Ancient Tea Set","Akabeko","Lantern","Damaru","MealTicket","Fusion Hammer","CaptainsWheel","Thread and Needle","Matryoshka","Oddly Smooth Stone","TeardropLocket","Centennial Puzzle","Calipers","War Paint","Philosopher\u0027s Stone","Pen Nib"],"acts_visited":["Exordium","TheCity","TheBeyond"],"potions_floor_usage":[],"damage_taken":[{"damage":2.0,"enemies":"Jaw Worm","floor":1.0,"turns":6.0},{"damage":4.0,"enemies":"2 Louse","floor":4.0,"turns":4.0},{"damage":13.0,"enemies":"Small Slimes","floor":5.0,"turns":3.0},{"damage":8.0,"enemies":"Gremlin Nob","floor":6.0,"turns":3.0},{"damage":5.0,"enemies":"Red Slaver","floor":7.0,"turns":4.0},{"damage":20.0,"enemies":"3 Sentries","floor":8.0,"turns":6.0},{"damage":3.0,"enemies":"Gremlin Nob","floor":10.0,"turns":3.0},{"damage":0.0,"enemies":"Large Slime","floor":11.0,"turns":1.0},{"damage":0.0,"enemies":"Exordium Thugs","floor":12.0,"turns":1.0},{"damage":0.0,"enemies":"3 Sentries","floor":13.0,"turns":2.0},{"damage":0.0,"enemies":"Blue Slaver","floor":14.0,"turns":2.0},{"damage":2.0,"enemies":"The Guardian","floor":16.0,"turns":10.0},{"damage":14.0,"enemies":"3 Byrds","floor":18.0,"turns":5.0},{"damage":0.0,"enemies":"Chosen","floor":19.0,"turns":1.0},{"damage":0.0,"enemies":"Shelled Parasite and Fungi","floor":22.0,"turns":2.0},{"damage":48.0,"enemies":"Book of Stabbing","floor":24.0,"turns":4.0},{"damage":25.0,"enemies":"Slavers","floor":27.0,"turns":5.0},{"damage":0.0,"enemies":"Centurion and Healer","floor":29.0,"turns":4.0},{"damage":16.0,"enemies":"Gremlin Leader","floor":30.0,"turns":6.0},{"damage":0.0,"enemies":"Snecko","floor":31.0,"turns":5.0},{"damage":19.0,"enemies":"Champ","floor":33.0,"turns":12.0},{"damage":1.0,"enemies":"3 Shapes","floor":35.0,"turns":9.0},{"damage":0.0,"enemies":"Orb Walker","floor":36.0,"turns":3.0},{"damage":0.0,"enemies":"Spire Growth","floor":38.0,"turns":2.0},{"damage":43,"enemies":"Maw","floor":39,"turns":7},{"damage":2,"enemies":"Giant Head","floor":40,"turns":6}],"seed_played":"3009870435826598794","potions_obtained":[{"floor":1.0,"key":"BlessingOfTheForge"},{"floor":4.0,"key":"FearPotion"},{"floor":7.0,"key":"Fire Potion"},{"floor":8.0,"key":"GamblersBrew"},{"floor":10.0,"key":"Strength Potion"},{"floor":13.0,"key":"Ambrosia"},{"floor":39,"key":"SkillPotion"}],"is_trial":false,"path_per_floor":["M","?","?","M","M","E","M","E","T","E","M","M","E","M","R","B",null,"M","M","?","?","M","R","E","R","T","E","$","M","E","M","R","B",null,"M","M","?","M","M","E"],"character_chosen":"WATCHER","items_purchased":["Centennial Puzzle"],"campfire_rested":3,"item_purchase_floors":[28],"current_hp_per_floor":[59,33,55,51,38,30,25,5,5,4,6,8,10,12,12,12,54,42,44,44,44,46,66,20,40,40,17,32,34,20,22,42,25,57,58,60,60,62,21,21,21],"gold":778,"neow_bonus":"BOSS_RELIC","is_daily":false,"chose_seed":false,"campfire_upgraded":1,"win_rate":0.0,"timestamp":1612286893,"path_taken":["M","?","?","M","M","E","M","E","T","E","M","M","E","M","R","BOSS","M","M","?","?","M","R","E","R","T","E","$","M","E","?","R","BOSS","M","M","?","?","M","E"],"items_purchased_type":["Relic"],"build_version":"2020-12-22","purchased_purges":1,"victory":false,"max_hp_per_floor":[68,68,68,68,68,68,68,68,68,68,68,68,68,68,68,68,68,68,68,68,68,68,68,68,68,68,68,68,68,68,68,68,68,68,68,68,68,68,68,68,68],"card_choices":[{"not_picked":["Nirvana","Consecrate"],"picked":"FearNoEvil","floor":1.0},{"not_picked":["Worship","Perseverance"],"picked":"Vengeance","floor":4.0},{"not_picked":["WreathOfFlame","BowlingBash+1"],"picked":"EmptyFist+1","floor":5.0},{"not_picked":["FlurryOfBlows+1","Halt"],"picked":"Blasphemy","floor":6.0},{"not_picked":["EmptyMind","EmptyFist+1"],"picked":"Tantrum+1","floor":7.0},{"not_picked":["Collect","EmptyMind"],"picked":"Protect","floor":8.0},{"not_picked":["Evaluate","Consecrate+1"],"picked":"CarveReality+1","floor":10.0},{"not_picked":["FlurryOfBlows+1","Prostrate","PathToVictory"],"picked":"SKIP","floor":11.0},{"not_picked":["ThirdEye","SashWhip+1"],"picked":"BowlingBash+1","floor":12.0},{"not_picked":["Wireheading","WindmillStrike+1","BowlingBash+1"],"picked":"SKIP","floor":13.0},{"not_picked":["SashWhip+1","ReachHeaven+1"],"picked":"Wish","floor":14.0},{"not_picked":["DeusExMachina","Devotion"],"picked":"LessonLearned+1","floor":16.0},{"not_picked":["SandsOfTime+1","Halt"],"picked":"Sanctity+1","floor":18.0},{"not_picked":["FlurryOfBlows+1","ThirdEye","EmptyBody"],"picked":"SKIP","floor":19.0},{"not_picked":["Halt","ThirdEye"],"picked":"Meditate","floor":22.0},{"not_picked":["Crescendo","WreathOfFlame"],"picked":"FearNoEvil+1","floor":24.0},{"not_picked":["ClearTheMind","Prostrate","EmptyFist+1"],"picked":"SKIP","floor":27.0},{"not_picked":["JustLucky+1","SashWhip+1"],"picked":"Wish","floor":29.0},{"not_picked":["FollowUp+1","FlurryOfBlows+1","CutThroughFate+1"],"picked":"SKIP","floor":30.0},{"not_picked":["EmptyBody","EmptyMind+1","FlurryOfBlows+1"],"picked":"SKIP","floor":31.0},{"not_picked":["Alpha","MasterReality"],"picked":"Brilliance+1","floor":33.0},{"not_picked":["EmptyFist+1","CarveReality+1","FlurryOfBlows+1"],"picked":"SKIP","floor":35.0},{"not_picked":["Adaptation","LikeWater","Wireheading"],"picked":"SKIP","floor":36.0},{"not_picked":["CrushJoints+1","BowlingBash+1","Consecrate+1"],"picked":"SKIP","floor":38.0},{"not_picked":["ThirdEye","BowlingBash+1"],"picked":"TalkToTheHand+1","floor":39}],"player_experience":1423671,"relics_obtained":[{"floor":6.0,"key":"CeramicFish"},{"floor":6.0,"key":"Dream Catcher"},{"floor":8.0,"key":"Blood Vial"},{"floor":8.0,"key":"Anchor"},{"floor":9.0,"key":"Ancient Tea Set"},{"floor":10.0,"key":"Akabeko"},{"floor":10.0,"key":"Lantern"},{"floor":13.0,"key":"Damaru"},{"floor":13.0,"key":"MealTicket"},{"floor":24.0,"key":"CaptainsWheel"},{"floor":24.0,"key":"Thread and Needle"},{"floor":26.0,"key":"Matryoshka"},{"floor":27.0,"key":"Oddly Smooth Stone"},{"floor":27.0,"key":"TeardropLocket"},{"floor":30.0,"key":"Calipers"},{"floor":30.0,"key":"War Paint"}],"event_choices":[{"damage_healed":0.0,"max_hp_gain":0.0,"max_hp_loss":0.0,"gold_gain":0.0,"event_name":"Scrap Ooze","player_choice":"Success","floor":2.0,"gold_loss":0.0,"damage_taken":26.0,"relics_obtained":["Molten Egg 2"]},{"damage_healed":22.0,"max_hp_gain":0.0,"max_hp_loss":0.0,"gold_gain":0.0,"event_name":"Big Fish","player_choice":"Banana","floor":3.0,"gold_loss":0.0,"damage_taken":0.0},{"cards_removed":["Strike_P"],"damage_healed":0.0,"max_hp_gain":0.0,"max_hp_loss":0.0,"gold_gain":0.0,"event_name":"Beggar","player_choice":"Gave Gold","floor":20.0,"gold_loss":75.0,"damage_taken":0.0},{"damage_healed":0.0,"max_hp_gain":0.0,"max_hp_loss":0.0,"gold_gain":0.0,"event_name":"Ghosts","player_choice":"Ignored","floor":21.0,"gold_loss":0.0,"damage_taken":0.0},{"damage_healed":0.0,"max_hp_gain":0.0,"max_hp_loss":0.0,"gold_gain":0.0,"event_name":"WeMeetAgain","player_choice":"Gave Potion","floor":37.0,"gold_loss":0.0,"damage_taken":0.0,"relics_obtained":["Pen Nib"]}],"is_beta":false,"boss_relics":[{"not_picked":["Busted Crown","Ectoplasm"],"picked":"Fusion Hammer"},{"not_picked":["Runic Dome","Tiny House"],"picked":"Philosopher\u0027s Stone"}],"items_purged_floors":[28],"is_endless":false,"potions_floor_spawned":[1,4,7,8,10,13,16,22,27,29,39],"killed_by":"Giant Head","ascension_level":20}}