{"host":"ooetke516h53yqww","time":1612231630,"event":{"mods":["100% Spire Juice","2.2 Compatiblity","Abigail Mod","Act Like it!","Astrologer","Bartender","BaseMod","Beaked The Cultist","Better Match","Better Third Choice","Conspire","Elementarium","Friendly Minions","Hallownest","Hermit","HololiveMod","Hubris","Infinite Spire","Kiyohime????","Lobotomy","LobotomyExtend","Mari Mod (Legacy)","Mari\u0027s V1 Patch","Menagerie","Minty Spire (QoL Compilation)","Morshu Shopkeeper","Prisma Mod","Random Character Button","Reliquary","Replay The Spire","Robot Space Explorer","Spicy Shops","StSLib","Td1madao Mod","The Alterego","The Bug Knight","The Marked","The Poker Player","The Senshi","TheSwordswoman","Uncapped","WarShipGirlsR/????R mod","Yakumo Yukari mod","Yohane!"],"gold_per_floor":[121,133,145,170,194,235,247,259,271,311,323,335,347,376,388,498,510,540,552,578,274,199,199,199,199,199,199,229,229,240,240,240],"floor_reached":31,"language":"ENG","playtime":2091,"items_purged":["Pain"],"score":298,"play_id":"93463531-c380-411c-a7e8-a396dafada1e","local_time":"20210201210710","is_ascension_mode":true,"campfire_choices":[{"data":"astrologer:RejectReality","floor":7,"key":"SMITH"},{"floor":12,"key":"REST"},{"floor":15,"key":"REST"},{"data":"astrologer:Glimpse","floor":23,"key":"SMITH"},{"floor":27,"key":"REST"},{"floor":29,"key":"REST"}],"circlet_count":0,"master_deck":["astrologer:Strike","astrologer:Strike","astrologer:Strike","astrologer:Strike","astrologer:Defend","astrologer:Defend","astrologer:Defend","astrologer:Defend","astrologer:NorthStar+1","astrologer:TheFool","astrologer:Opposition+1","astrologer:NeutronStar+1","astrologer:ShootingStar","astrologer:RejectReality+1","astrologer:TheHighPriestess","astrologer:TheEmperor","astrologer:TheMagician","astrologer:FrozenStar","astrologer:FrozenStar+1","astrologer:Glimpse+1","Hallucinations","infinitespire:Collect","AbbyMod:Kinoko","astrologer:FrozenStar+1"],"relics":["astrologer:SkyMirror","MawBank","LetterFromLob","reliquary:Boomerang","Snack Pack","reliquary:QuartzCube","hubris:DisguiseKit","WarpedTongs","ChewingGum","hubris:AstralHammer","hubris:TinFlute","ReplayTheSpireMod:TigerMarble","ReplayTheSpireMod:Ring of Addiction","Toy Ornithopter","White Beast Statue","ReplayTheSpireMod:Ring of Exchange","reliquary:Buckler","Replay:Bottled Snecko","Pen Nib"],"acts_visited":["Exordium","TheCity"],"potions_floor_usage":[10,16,16,28,31,31,31],"damage_taken":[{"damage":0.0,"enemies":"Small Slimes","floor":1.0,"turns":3.0},{"damage":0.0,"enemies":"2 Louse","floor":4.0,"turns":3.0},{"damage":0.0,"enemies":"Jaw Worm","floor":5.0,"turns":2.0},{"damage":41,"enemies":"Lagavulin","floor":6,"turns":6},{"damage":32,"enemies":"Replay:BlueRogue","floor":10,"turns":7},{"damage":3,"enemies":"2 Fungi Beasts","floor":14,"turns":3},{"damage":49,"enemies":"The Guardian","floor":16,"turns":11},{"damage":21,"enemies":"Chosen","floor":18,"turns":5},{"damage":42,"enemies":"Shelled Parasite and Fungi","floor":20,"turns":7},{"damage":16,"enemies":"Nightmare","floor":28,"turns":10},{"damage":0,"enemies":"Snecko","floor":30,"turns":4},{"damage":62,"enemies":"Gremlin Leader","floor":31,"turns":8}],"seed_played":"-6082608706543762902","potions_obtained":[{"floor":4.0,"key":"SneckoOil"},{"floor":10,"key":"Languid Potion"},{"floor":14,"key":"Regen Potion"},{"floor":18,"key":"Venom Potion"},{"floor":24,"key":"FearPotion"},{"floor":24,"key":"AttackPotion"},{"floor":24,"key":"Reflective Coating"},{"floor":28,"key":"Block Potion"},{"floor":30,"key":"Energy Potion"}],"is_trial":false,"path_per_floor":["M","$","?","M","M","E","R","?","T","E","?","R","?","M","R","B",null,"M","AVR","M","$","?","R","?","$","T","R","NM","R","M","E"],"character_chosen":"ASTROLOGER","items_purchased":["astrologer:Glimpse","hubris:TinFlute","ReplayTheSpireMod:TigerMarble","reliquary:Buckler"],"campfire_rested":4,"item_purchase_floors":[21,21,21,25],"current_hp_per_floor":[70,70,70,70,70,29,29,34,34,2,2,24,24,21,43,9,75,54,54,16,16,16,16,16,6,6,28,17,38,40,0,0],"gold":240,"neow_bonus":"RANDOM_COMMON_RELIC","is_daily":false,"chose_seed":false,"campfire_upgraded":2,"win_rate":0.0,"timestamp":1612231630,"path_taken":["M","$","?","M","M","E","R","?","T","E","?","R","?","M","R","BOSS","M","AVR","M","$","?","R","?","?","T","R","NM","R","M","E"],"items_purchased_type":["Card","Relic","Relic","Relic"],"build_version":"2020-12-22","purchased_purges":1,"victory":false,"max_hp_per_floor":[70,70,70,70,70,70,70,75,75,75,75,75,75,75,75,75,75,75,75,75,75,75,75,75,75,75,75,73,73,73,73,73],"card_choices":[{"not_picked":["astrologer:CrystalBall","astrologer:Sunrise"],"picked":"astrologer:Opposition","floor":1.0},{"not_picked":["astrologer:SolarFlare","astrologer:MeteorShower"],"picked":"astrologer:NeutronStar","floor":4.0},{"not_picked":["astrologer:Judgement","astrologer:Stardust"],"picked":"astrologer:ShootingStar","floor":5},{"not_picked":["astrologer:SolarFlare","astrologer:CosmicExpanse"],"picked":"astrologer:RejectReality","floor":6},{"not_picked":["astrologer:SolarFlare","astrologer:Observe"],"picked":"astrologer:TheHighPriestess","floor":10},{"not_picked":["astrologer:CometStrike","astrologer:Radiance","AbbyMod:WitchTrial"],"picked":"astrologer:TheEmperor","floor":14},{"not_picked":["astrologer:WheelofFortune","astrologer:BlackHole","AbbyMod:AbsoluteCorruption"],"picked":"astrologer:TheMagician","floor":16},{"not_picked":["astrologer:Shine","astrologer:Opposition","AbbyMod:PowerGamer"],"picked":"astrologer:FrozenStar","floor":18},{"not_picked":["astrologer:Still","astrologer:Conjunction","AbbyMod:Ab_SwirlOfMadness"],"picked":"astrologer:FrozenStar+1","floor":20},{"not_picked":["ReplayTheSpireMod:Black Plague","ReplayTheSpireMod:Chaos Vortex"],"picked":"infinitespire:Collect","floor":28},{"not_picked":["astrologer:MeteorShower+1","astrologer:Premonition","astrologer:Opposition"],"picked":"AbbyMod:Kinoko","floor":28},{"not_picked":["astrologer:Stardust","astrologer:TheHierophant","AbbyMod:CloneArmy"],"picked":"astrologer:FrozenStar+1","floor":30}],"player_experience":1534709,"relics_obtained":[{"floor":1.0,"key":"LetterFromLob"},{"floor":6,"key":"reliquary:Boomerang"},{"floor":9,"key":"Snack Pack"},{"floor":10,"key":"reliquary:QuartzCube"},{"floor":11,"key":"hubris:DisguiseKit"},{"floor":24,"key":"ReplayTheSpireMod:Ring of Addiction"},{"floor":24,"key":"Toy Ornithopter"},{"floor":24,"key":"White Beast Statue"},{"floor":24,"key":"ReplayTheSpireMod:Ring of Exchange"},{"floor":26,"key":"Replay:Bottled Snecko"},{"floor":28,"key":"Pen Nib"}],"event_choices":[{"damage_healed":0,"gold_gain":0,"player_choice":"Donut","damage_taken":0,"max_hp_gain":5,"max_hp_loss":0,"event_name":"Big Fish","floor":8,"gold_loss":0},{"damage_healed":0,"gold_gain":0,"player_choice":"Rummage","damage_taken":0,"relics_obtained":["WarpedTongs"],"max_hp_gain":0,"max_hp_loss":0,"event_name":"Accursed Blacksmith","floor":13,"gold_loss":0,"cards_obtained":["Pain"]},{"cards_removed":["Decay"],"damage_healed":0,"gold_gain":0,"player_choice":"Gave Gold","damage_taken":0,"max_hp_gain":0,"max_hp_loss":0,"event_name":"Beggar","floor":22,"gold_loss":75}],"is_beta":false,"boss_relics":[{"not_picked":["SacredBark","Runic Dome"],"picked":"ChewingGum"}],"items_purged_floors":[21],"is_endless":false,"potions_floor_spawned":[4,10,14,18,28,30],"killed_by":"Gremlin Leader","ascension_level":3}}