{"host":"6bsan6hkua32tfq7","time":1612242966,"event":{"mods":["BaseMod","Better Third Choice","Colored Map","Highlight Path","Minty Spire (QoL Compilation)","StSLib"],"gold_per_floor":[116,133,88,13,13,13,45,45,45,45,55,90,90,102,102,174,174,190,90,109,122,134,134,134,134],"floor_reached":24,"language":"ENG","playtime":655,"items_purged":["Strike_B","Strike_B"],"score":462,"play_id":"14924b8e-b6d3-4e12-a8c1-d38e7da1e76b","local_time":"20210202061606","is_ascension_mode":true,"campfire_choices":[{"data":"Zap","floor":6,"key":"SMITH"},{"floor":10,"key":"REST"},{"data":"Electrodynamics","floor":13,"key":"SMITH"},{"data":"Sweeping Beam","floor":15,"key":"SMITH"},{"floor":23,"key":"REST"}],"circlet_count":0,"master_deck":["AscendersBane","Strike_B+1","Strike_B","Defend_B","Defend_B","Defend_B","Defend_B","Zap+1","Dualcast","Sweeping Beam+1","Streamline+1","Electrodynamics+1","Steam","Streamline","Storm","Amplify","Go for the Eyes+1","Coolheaded","Steam"],"relics":["Cracked Core","NeowsBlessing","betterThird:SlimedRelic","Bronze Scales","Cables","Emotion Chip","Black Star"],"acts_visited":["Exordium","TheCity"],"potions_floor_usage":[14,16,18,22],"damage_taken":[{"damage":0,"enemies":"Small Slimes","floor":1,"turns":1},{"damage":0,"enemies":"2 Louse","floor":2,"turns":1},{"damage":0,"enemies":"Lagavulin","floor":7,"turns":1},{"damage":2,"enemies":"Jaw Worm","floor":11,"turns":2},{"damage":32,"enemies":"Gremlin Nob","floor":12,"turns":4},{"damage":4,"enemies":"Gremlin Gang","floor":14,"turns":3},{"damage":8,"enemies":"The Guardian","floor":16,"turns":8},{"damage":1,"enemies":"3 Byrds","floor":18,"turns":2},{"damage":22,"enemies":"2 Thieves","floor":20,"turns":2},{"damage":7,"enemies":"Snake Plant","floor":21,"turns":3},{"damage":21,"enemies":"Cultist and Chosen","floor":22,"turns":4},{"damage":30,"enemies":"Gremlin Leader","floor":24,"turns":4}],"seed_played":"-1326230939236921587","potions_obtained":[{"floor":7,"key":"CultistPotion"},{"floor":11,"key":"SmokeBomb"},{"floor":12,"key":"Energy Potion"},{"floor":16,"key":"AttackPotion"},{"floor":20,"key":"DistilledChaos"},{"floor":22,"key":"PotionOfCapacity"}],"is_trial":false,"path_per_floor":["M","M","?","$","?","R","E","$","T","R","M","E","R","M","R","B",null,"M","$","M","M","M","R","E"],"character_chosen":"DEFECT","items_purchased":[],"campfire_rested":2,"item_purchase_floors":[],"current_hp_per_floor":[64,64,53,53,32,32,32,32,32,53,51,19,19,15,15,7,55,54,54,32,25,4,25,0,0],"gold":134,"neow_bonus":"THREE_ENEMY_KILL","is_daily":false,"chose_seed":false,"campfire_upgraded":3,"win_rate":0.0,"timestamp":1612242966,"path_taken":["M","M","?","$","?","R","E","?","T","R","M","E","R","M","R","BOSS","M","$","M","M","?","R","E"],"items_purchased_type":[],"build_version":"2020-12-22","purchased_purges":2,"victory":false,"max_hp_per_floor":[71,71,71,71,71,71,71,71,71,71,71,71,71,71,71,71,71,71,71,71,71,71,71,71,71],"card_choices":[{"not_picked":["Beam Cell","Conserve Battery"],"picked":"Sweeping Beam","floor":1},{"not_picked":["Hologram","Redo"],"picked":"Streamline","floor":2},{"not_picked":["Scrape","Darkness"],"picked":"Electrodynamics","floor":7},{"not_picked":["Coolheaded","Go for the Eyes"],"picked":"Steam","floor":11},{"not_picked":["Skim","Hello World"],"picked":"Streamline","floor":12},{"not_picked":["Heatsinks","Redo"],"picked":"Storm","floor":14},{"not_picked":["Reboot","Hyperbeam"],"picked":"Amplify","floor":16},{"not_picked":["Self Repair+1","Darkness"],"picked":"Go for the Eyes+1","floor":18},{"not_picked":["Go for the Eyes","Gash"],"picked":"Coolheaded","floor":20},{"not_picked":["Doom and Gloom","Conserve Battery"],"picked":"Steam","floor":21},{"not_picked":["Force Field","Hello World","Turbo+1"],"picked":"SKIP","floor":22}],"player_experience":5370271,"relics_obtained":[{"floor":7,"key":"Bronze Scales"},{"floor":9,"key":"Cables"},{"floor":12,"key":"Emotion Chip"}],"event_choices":[{"damage_healed":0,"gold_gain":0,"player_choice":"Slimed","damage_taken":11,"max_hp_gain":0,"max_hp_loss":0,"event_name":"betterThird:BetterGoop","floor":3,"gold_loss":45},{"damage_healed":53,"gold_gain":0,"player_choice":"Upgrade","damage_taken":21,"max_hp_gain":0,"max_hp_loss":71,"event_name":"betterThird:BetterShining","floor":5,"gold_loss":0,"cards_upgraded":["Streamline","Strike_B"]}],"is_beta":false,"boss_relics":[{"not_picked":["Tiny House","Busted Crown"],"picked":"Black Star"}],"items_purged_floors":[4,19],"is_endless":false,"potions_floor_spawned":[7,11,12,16,20,22],"killed_by":"Gremlin Leader","ascension_level":20}}