{"host":"0ntunplbxyg40l63","time":1612281032,"event":{"mods":["BaseMod","Colored Powertips","Downfall","Minty Spire (QoL Compilation)","StSLib"],"gold_per_floor":[0,16,26,38,38,48,48,48,63,82,82,93,10,23,37,37,37,37],"floor_reached":16,"language":"ENG","playtime":1035,"items_purged":[],"score":98,"play_id":"8eb24fcd-5112-4e4d-b325-abbf20387e5b","local_time":"20210202155032","is_ascension_mode":false,"campfire_choices":[{"floor":1,"key":"RECALL"},{"data":"Guardian:TwinSlam","floor":8,"key":"SMITH"}],"circlet_count":0,"master_deck":["Guardian:Strike_Guardian","Guardian:Strike_Guardian","Guardian:Strike_Guardian","Guardian:Strike_Guardian","Guardian:Defend_Guardian","Guardian:Defend_Guardian","Guardian:Defend_Guardian","Guardian:Defend_Guardian","Guardian:CurlUp+1","Guardian:TwinSlam+1","Guardian:ArmoredProtocol","Guardian:PiercingHide","Guardian:TimeBomb","Guardian:RollAttack","Guardian:Gem_Fragmented","Guardian:Gem_Cyan","Guardian:SpikerProtocol","Guardian:Gem_White","Guardian:TemporalShield","Guardian:ShieldSpikes"],"relics":["Guardian:ModeShifter","Gambling Chip","Calipers"],"acts_visited":["Exordium"],"potions_floor_usage":[],"damage_taken":[{"damage":4,"enemies":"Cultist","floor":2,"turns":5},{"damage":11,"enemies":"Jaw Worm","floor":3,"turns":5},{"damage":5,"enemies":"2 Louse","floor":4,"turns":4},{"damage":9,"enemies":"2 Fungi Beasts","floor":6,"turns":5},{"damage":1,"enemies":"Gremlin Gang","floor":9,"turns":5},{"damage":1,"enemies":"Large Slime","floor":10,"turns":6},{"damage":2,"enemies":"2 Fungi Beasts","floor":12,"turns":3},{"damage":0,"enemies":"downfall:FleeingMerchant","floor":13,"turns":4},{"damage":0,"enemies":"Gremlin Gang","floor":14,"turns":5},{"damage":3,"enemies":"Large Slime","floor":15,"turns":6},{"damage":91,"enemies":"DF_ARCHETYPE_STREAMLINE","floor":16,"turns":17}],"seed_played":"8632814676353865163","potions_obtained":[{"floor":10,"key":"SneckoOil"}],"is_trial":false,"path_per_floor":["R","M","M","M","T","M","T","R","M","M","?","M","$","M","M","B"],"character_chosen":"GUARDIAN","items_purchased":["Guardian:Gem_White"],"campfire_rested":0,"item_purchase_floors":[13],"current_hp_per_floor":[80,76,65,60,60,51,51,51,50,49,49,47,47,47,44,0,0,0],"gold":37,"neow_bonus":"ONE_RARE_RELIC","is_daily":false,"chose_seed":false,"campfire_upgraded":1,"win_rate":0.0,"timestamp":1612281032,"path_taken":["R","M","?","M","?","M","T","R","M","M","?","M","$","M","M","BOSS"],"items_purchased_type":["Card"],"build_version":"2020-12-22","purchased_purges":0,"victory":false,"max_hp_per_floor":[80,80,80,80,80,80,80,80,80,80,80,80,80,80,80,80,80,80],"card_choices":[{"not_picked":["Guardian:CrystalBeam","Guardian:TemporalShield"],"picked":"Guardian:ArmoredProtocol","floor":2},{"not_picked":["Guardian:WalkerClaw","Guardian:ChargeCore"],"picked":"Guardian:PiercingHide","floor":3},{"not_picked":["Guardian:Planning","Guardian:Incinerate"],"picked":"Guardian:TimeBomb","floor":4},{"not_picked":["Guardian:TemporalShield","Guardian:VentSteam"],"picked":"Guardian:Gem_Orange","floor":6},{"not_picked":["Guardian:BronzeOrb","Guardian:DecasProtection"],"picked":"Guardian:RollAttack","floor":9},{"not_picked":["Guardian:Reroute","Guardian:TimeBomb"],"picked":"Guardian:Gem_Fragmented","floor":10},{"not_picked":["Guardian:TemporalStrike","Guardian:Gem_Red"],"picked":"Guardian:Gem_Cyan","floor":12},{"not_picked":["Guardian:PrimingBeam","Guardian:BronzeArmor"],"picked":"Guardian:SpikerProtocol","floor":13},{"not_picked":["Guardian:WalkerClaw","Guardian:Repulse"],"picked":"Guardian:TemporalShield","floor":14},{"not_picked":["Guardian:Reroute","Guardian:Incinerate"],"picked":"Guardian:ShieldSpikes","floor":15}],"player_experience":39309,"relics_obtained":[{"floor":7,"key":"Calipers"}],"event_choices":[{"damage_healed":0,"gold_gain":0,"player_choice":"Grow","damage_taken":0,"max_hp_gain":0,"max_hp_loss":0,"event_name":"Living Wall","floor":11,"gold_loss":0,"cards_upgraded":["Guardian:CurlUp"]}],"is_beta":false,"boss_relics":[],"items_purged_floors":[],"is_endless":false,"potions_floor_spawned":[2,10,14],"killed_by":"DF_ARCHETYPE_STREAMLINE","ascension_level":0}}