{"host":"pesfwaef25r60kxm","time":1612254851,"event":{"mods":["ATMod(阿瑾Mod)","Act Like it!","Arknights","BaseMod","Colored Powertips","Downfall","Gensokyo","Minty Spire (QoL Compilation)","Pale of the Ancients","Replay The Spire","RumiaBox-露米娅的神秘盒子","Shop Mod","Spicy Shops","StSLib","Waifu the Spire","WarShipGirlsR/战舰少女R mod","[IsaacMod]以撒尖塔","noobMod","【功能Mod】聪明的最终Boss","【遗物卡牌】REMEMod"],"gold_per_floor":[258,265,365,42,88,151,151,185,212,296,296,41,51,51,51,191,191,204,204,211,211,44,70,89,101,140,181,204,166,191,219,325,448,460,487,519,511,542,564,601,632,677,689,228,246,256,256,284,284,536,556,575,575,55,55,105,105,173,173,222],"floor_reached":61,"language":"ZHS","playtime":3507,"items_purged":["Strike_R+1","Strike_R+1","Amnesia"],"score":1774,"play_id":"680b51bd-ceca-49c0-ba60-bdaea03f0f15","local_time":"20210202163411","is_ascension_mode":true,"campfire_choices":[{"data":"Armaments","floor":7.0,"key":"SMITH"},{"data":"Strike_R","floor":15.0,"key":"PURGE"},{"floor":25.0,"key":"RECALL"},{"floor":47,"key":"REST"},{"data":"Entrench","floor":49,"key":"SMITH"},{"data":"ReplayTheSpireMod:Brewmster","floor":55,"key":"SMITH"},{"floor":57,"key":"REST"}],"circlet_count":0,"master_deck":["Defend_R+1","Defend_R+1","Defend_R+1","Defend_R+1","Bash+1","DoctorFetus+1","hexamod:SixthSeal","AT_ArcaneSupremacy+1","Armaments+1","Body Slam+1","Shrug It Off+1","Barricade+1","Gensokyo:GapWoman+1","Juggernaut+1","Shrug It Off+1","Spot Weakness+1","Infernal Blade+1","ReplayTheSpireMod:Brewmster+1","Entrench+1","Entrench+1","Clash+1","Cleave+1","ReplayTheSpireMod:Brewmster+1","Sword Boomerang","REME_TheLastStrike","Perfected Strike"],"relics":["Black Blood","HushsDoor","ice","SalivaCoin","Strange Spoon","Ccalipers","D6","Void","AT_EbonyIvory","Replay:Rubber Ducky","REME_LimitBreaker","Black Star","Blue Candle","PreservedInsect","Replay:Kaleidoscope","MagicDraw1","SteamSale","Vajra","GodSword6","Mummified Hand","MealTicket","Bottled Lightning","REME_HandOfSuture","AT_ArcaneBoots","HowToJump","REME_IWantAll","Lee\u0027s Waffle","paleoftheancients:Timepiece","paleoftheancients:KeyRelic","Ice Cream","Bronze Scales","Ring of Searing","ReplayTheSpireMod:Ring of Collecting","BargainBundle","InkBottle","MoreBug","REME_CardOfGreed","Kunai","Ring of Fury"],"acts_visited":["Exordium","Gensokyo:Gensokyo","TheBeyond","TheBeyond"],"potions_floor_usage":[45,50,50,50,50,50,50,50,50,50,50,50,50,50,50,50,50,50,50,50,50,50,50,50,50,50,50,50,50,51,51,51,51,51,51,52,52,52,56,56,56,60,60,60,60,60,60,60,60,60,60,60,60,60,60],"damage_taken":[{"damage":46.0,"enemies":"Gensokyo:Gryphon","floor":1.0,"turns":6.0},{"damage":16.0,"enemies":"Gensokyo:2_Kodama","floor":5.0,"turns":7.0},{"damage":57.0,"enemies":"Gensokyo:Aya","floor":6.0,"turns":8.0},{"damage":20.0,"enemies":"Gensokyo:Mamizou","floor":8.0,"turns":7.0},{"damage":6.0,"enemies":"Gensokyo:Cirno","floor":10.0,"turns":6.0},{"damage":0.0,"enemies":"Gensokyo:3_Fairies","floor":13.0,"turns":4.0},{"damage":24.0,"enemies":"Gensokyo:Kokoro","floor":16.0,"turns":6.0},{"damage":0.0,"enemies":"Gensokyo:AngelMirror","floor":18.0,"turns":2.0},{"damage":0.0,"enemies":"Gensokyo:Reisen","floor":23.0,"turns":4.0},{"damage":0.0,"enemies":"Gensokyo:3_Dogs","floor":24.0,"turns":3.0},{"damage":0.0,"enemies":"Gensokyo:Tenshi","floor":27.0,"turns":2.0},{"damage":0.0,"enemies":"Gensokyo:Swordslinger","floor":28.0,"turns":2.0},{"damage":0.0,"enemies":"Gensokyo:Monolith_and_Dog","floor":30.0,"turns":3.0},{"damage":0.0,"enemies":"Gensokyo:Mirror_and_Dog","floor":31.0,"turns":3.0},{"damage":14.0,"enemies":"Gensokyo:Eternal_Rivals","floor":33.0,"turns":3.0},{"damage":0.0,"enemies":"Orb Walker","floor":35.0,"turns":1.0},{"damage":0.0,"enemies":"3 Darklings","floor":36.0,"turns":2.0},{"damage":0.0,"enemies":"Sphere and 2 Shapes","floor":38.0,"turns":2.0},{"damage":0.0,"enemies":"Maw","floor":39.0,"turns":3.0},{"damage":0.0,"enemies":"Reptomancer","floor":40.0,"turns":3.0},{"damage":0.0,"enemies":"Writhing Mass","floor":41.0,"turns":4.0},{"damage":0.0,"enemies":"R_Hoarder","floor":42.0,"turns":2.0},{"damage":2,"enemies":"Transient","floor":45,"turns":5},{"damage":0,"enemies":"4 Shapes","floor":46,"turns":3},{"damage":20,"enemies":"Maw","floor":48,"turns":4},{"damage":334,"enemies":"Donu and Deca","floor":50,"turns":34},{"damage":0,"enemies":"Donu and Deca","floor":51,"turns":10},{"damage":0,"enemies":"Donu and Deca","floor":52,"turns":3},{"damage":58,"enemies":"Donu and Deca","floor":56,"turns":4},{"damage":44,"enemies":"LittleHush","floor":60,"turns":6}],"seed_played":"-3937204034244191442","potions_obtained":[{"floor":5.0,"key":"champ:CounterPotion"},{"floor":8.0,"key":"Slimebound:ThreeZeroPotion"},{"floor":16.0,"key":"Block Potion"},{"floor":18.0,"key":"Ancient Potion"},{"floor":36.0,"key":"AttackPotion"},{"floor":46,"key":"FearPotion"},{"floor":51,"key":"ColorlessPotion"},{"floor":52,"key":"Ancient Potion"}],"is_trial":false,"path_per_floor":["M","?","?","COS","M","E","R","E","T","E","?","$","M","$","R","B",null,"M","?","?","?","COS","E","M","R","T","E","M","?","M","M","R","B",null,"M","M","?","M","M","E","M","E","T","$","M","M","R","M","R","B","M","M","?","$","R","M","R","T","?","B",null],"character_chosen":"IRONCLAD","items_purchased":["REME_LimitBreaker","ReplayTheSpireMod:Brewmster","HowToJump","REME_IWantAll","Lee\u0027s Waffle","SkillPotion","BargainBundle","BlessingOfTheForge","ReplayTheSpireMod:Brewmster","InkBottle","MoreBug","REME_CardOfGreed"],"campfire_rested":2,"item_purchase_floors":[12,44,44,44,44,44,54,54,54,54,54,54],"current_hp_per_floor":[32,16,16,16,81,30,30,16,16,16,16,16,22,22,22,107,102,104,94,89,87,87,93,99,99,99,104,105,112,115,118,118,110,118,121,122,122,125,126,129,134,134,134,141,141,141,141,141,141,165,195,197,197,197,197,748,871,871,871,1323],"gold":222,"neow_bonus":"HUNDRED_GOLD","is_daily":false,"chose_seed":false,"campfire_upgraded":3,"win_rate":0.0,"timestamp":1612254851,"path_taken":["M","?","?","COS","M","E","R","E","T","E","?","$","M","?","R","BOSS","M","?","?","?","COS","E","M","R","T","E","?","?","M","M","R","BOSS","M","M","?","?","M","E","M","E","T","$","M","M","R","M","R","BOSS","M","M","?","$","R","M","R","T","?","BOSS"],"items_purchased_type":["Relic","Card","Relic","Relic","Relic","Potion","Relic","Potion","Card","Relic","Relic","Relic"],"build_version":"2020-12-22","purchased_purges":3,"victory":true,"max_hp_per_floor":[80,80,80,80,81,88,88,89,89,99,99,99,101,101,101,107,102,104,94,94,87,87,93,101,101,101,104,105,112,115,118,118,121,121,121,122,122,125,126,129,134,134,134,141,141,141,141,141,141,177,195,197,197,197,197,871,871,871,871,1323],"card_choices":[{"not_picked":[],"picked":"DoctorFetus","floor":0.0},{"not_picked":["Abandon","Shrug It Off","Headbutt"],"picked":"SKIP","floor":1.0},{"not_picked":["Battle Trance","AT_BodySlamDance"],"picked":"Armaments","floor":3.0},{"not_picked":["Clash+1","Headbutt+1"],"picked":"Body Slam+1","floor":5.0},{"not_picked":["Berserk","ReplayTheSpireMod:Strike From Hell","Clothesline"],"picked":"SKIP","floor":5.0},{"not_picked":["REME_Fury","Hemogenesis","Bludgeon"],"picked":"SKIP","floor":6.0},{"not_picked":["Perfected Strike","Battle Trance","Sentinel"],"picked":"SKIP","floor":6.0},{"not_picked":["Dropkick","Body Slam","Feel No Pain"],"picked":"SKIP","floor":8.0},{"not_picked":["AT_GerminateFire","Brutality"],"picked":"Shrug It Off","floor":10.0},{"not_picked":["Clothesline","Fire Breathing","Replay:Undeath\u0027s Touch"],"picked":"SKIP","floor":13.0},{"not_picked":["Replay:Many Hands","Exhume"],"picked":"Barricade","floor":16.0},{"not_picked":["Anger","Twin Strike","Combust+1"],"picked":"SKIP","floor":18.0},{"not_picked":["Gensokyo:TekeTeke","Gensokyo:MissMary"],"picked":"Gensokyo:GapWoman","floor":19.0},{"not_picked":["Iron Wave+1","ReplayTheSpireMod:Limb From Limb+1","Feed+1"],"picked":"SKIP","floor":23.0},{"not_picked":["True Grit","Blood for Blood+1","AT_GerminateFire"],"picked":"SKIP","floor":23.0},{"not_picked":["Demon Form","Offering"],"picked":"Juggernaut","floor":24.0},{"not_picked":["Flex","Inflame"],"picked":"Shrug It Off","floor":24.0},{"not_picked":["Power Through","Flex","Twin Strike"],"picked":"SKIP","floor":27.0},{"not_picked":["Havoc+1","Dark Embrace+1","Rupture"],"picked":"SKIP","floor":28.0},{"not_picked":["Defy Death+1","Perfected Strike","Sever Soul"],"picked":"SKIP","floor":30.0},{"not_picked":["Cleave+1","Fiend Fire"],"picked":"Spot Weakness","floor":31.0},{"not_picked":["ReplayTheSpireMod:Corrosion Curse","Run Through+1"],"picked":"Infernal Blade+1","floor":35.0},{"not_picked":["Anger","Seeing Red","Body Slam+1"],"picked":"SKIP","floor":36.0},{"not_picked":["Pummel+1","Replay:Undeath\u0027s Touch","Havoc+1"],"picked":"SKIP","floor":38.0},{"not_picked":["Hemokinesis","Uppercut","REME_FearOfPain+1"],"picked":"SKIP","floor":39.0},{"not_picked":["Thunderclap+1","AT_IchimonjiDouble+1","Twin Strike"],"picked":"SKIP","floor":40.0},{"not_picked":["AT_DrawKnifeCut+1","AT_ManFootWork","Fire Breathing+1"],"picked":"SKIP","floor":41.0},{"not_picked":["Bloodletting+1","Shockwave+1","AT_DrawKnifeCut+1"],"picked":"SKIP","floor":42.0},{"not_picked":["Evolve","Sever Soul","Run Through"],"picked":"SKIP","floor":45},{"not_picked":["Seeing Red+1","Flex+1","AT_IchimonjiDouble+1"],"picked":"SKIP","floor":46},{"not_picked":["Clash+1","Cleave+1"],"picked":"Entrench","floor":48},{"not_picked":["AT_PowerWithin","Discovery","Metamorphosis"],"picked":"Singing Bowl","floor":50},{"not_picked":["True Grit","Twin Strike+1","Headbutt"],"picked":"SKIP","floor":51},{"not_picked":["Twin Strike","Massacre","Clothesline+1"],"picked":"SKIP","floor":52},{"not_picked":["Sword Boomerang","REME_TheLastStrike","Perfected Strike"],"picked":"SKIP","floor":56},{"not_picked":["Pommel Strike","AT_IchimonjiDouble","Whirlwind"],"picked":"Singing Bowl","floor":60}],"player_experience":140099,"relics_obtained":[{"floor":6.0,"key":"D6"},{"floor":8.0,"key":"AT_EbonyIvory"},{"floor":10.0,"key":"Replay:Rubber Ducky"},{"floor":23.0,"key":"Replay:Kaleidoscope"},{"floor":23.0,"key":"MagicDraw1"},{"floor":26.0,"key":"SteamSale"},{"floor":27.0,"key":"Vajra"},{"floor":27.0,"key":"GodSword6"},{"floor":40.0,"key":"MealTicket"},{"floor":40.0,"key":"Bottled Lightning"},{"floor":42.0,"key":"REME_HandOfSuture"},{"floor":42.0,"key":"AT_SpeedBoots"},{"floor":43.0,"key":"AnarchistCookbook"},{"floor":53,"key":"Ring of Searing"},{"floor":53,"key":"ReplayTheSpireMod:Ring of Collecting"},{"floor":58,"key":"Kunai"},{"floor":58,"key":"Ring of Fury"}],"event_choices":[],"is_beta":false,"boss_relics":[{"not_picked":["Snecko Eye","Busted Crown"],"picked":"Black Star"},{"not_picked":[]},{"not_picked":["Electric Blood","AddBug"],"picked":"Black Blood"},{"not_picked":[]}],"items_purged_floors":[17,44,54],"is_endless":false,"potions_floor_spawned":[5,8,16,18,24,31,36,38,41,46,51,52],"ascension_level":6}}