{"host":"9970e6owvjk6ctny","time":1612271150,"event":{"mods":["Act Like it!","BaseMod","Better Match","Better Third Choice","Downfall","GifTheSpireLib","GungeonMod","Jorbs\u0027s Wanderer Trilogy","Luminous","Minty Spire (QoL Compilation)","Quick Restart","Rare Cards Sparkle","StSLib","The Bug Knight","The Cursed","The Disciple","The Hierophant","The Runesmith","The Servant 0.9.4"],"gold_per_floor":[112,112,159,96,96,129,129,129,129,145,145,96,112,123,123,222,222,238,138,164,183,183,183,193,193,193,68,87,107,120,131,131,234,234,254,254,104,326,338,338,358,358,403,82,82,108,108,136,136,136],"floor_reached":51,"language":"ZHS","playtime":2474,"items_purged":["Strike_S","Strike_S","KidneyShot","Defend_S","Defend_S"],"score":903,"play_id":"83094f81-d126-4dd3-865d-cf6d9e0879fe","local_time":"20210202210550","is_ascension_mode":false,"campfire_choices":[{"data":"Potential","floor":7,"key":"SMITH"},{"data":"TimeWarp","floor":15,"key":"SMITH"},{"data":"TimeWarp","floor":23,"key":"SMITH"},{"data":"Potential","floor":25,"key":"SMITH"},{"data":"ShiftingGears","floor":32,"key":"SMITH"},{"data":"ShatteredReality","floor":40,"key":"SMITH"},{"data":"Potential","floor":42,"key":"SMITH"},{"data":"FastForward","floor":45,"key":"SMITH"},{"data":"WasteNot","floor":49,"key":"SMITH"}],"circlet_count":0,"master_deck":["Defend_S","Defend_S+1","Exchange","Potential+1","ShiftingGears+1","TimeWarp+1","TimeWarp+1","Potential+1","Potential+1","WasteNot+1","FastForward+1","Alleviate+1","ShatteredReality+1","FloweringNight","BottledTime+1"],"relics":["Uniform","NeowsBlessing","MawBank","Bag of Marbles","Unceasing Top","DemoMod:PinkGuonStone","Juzu Bracelet","SlaversCollar","Red Mask","Matryoshka","DemoMod:GlassGuonStoneRelic","Coffee Dripper","Darkstone Periapt","MealTicket","Sling","DemoMod:PoisonVial","Whetstone","TungstenRod","War Paint"],"acts_visited":["Exordium","TheCity","TheBeyond"],"potions_floor_usage":[16,33,35,41],"damage_taken":[{"damage":0,"enemies":"Jaw Worm","floor":1,"turns":1},{"damage":0,"enemies":"Lagavulin","floor":6,"turns":2},{"damage":0,"enemies":"Small Slimes","floor":10,"turns":1},{"damage":0,"enemies":"2 Louse","floor":13,"turns":2},{"damage":0,"enemies":"Red Slaver","floor":14,"turns":2},{"damage":16,"enemies":"Slime Boss","floor":16,"turns":7},{"damage":2,"enemies":"Shell Parasite","floor":18,"turns":4},{"damage":11,"enemies":"Masked Bandits","floor":20,"turns":4},{"damage":0,"enemies":"Chosen","floor":21,"turns":3},{"damage":6,"enemies":"Centurion and Healer","floor":24,"turns":6},{"damage":0,"enemies":"Chosen and Byrds","floor":28,"turns":4},{"damage":3,"enemies":"Snake Plant","floor":29,"turns":3},{"damage":0,"enemies":"Centurion and Healer","floor":30,"turns":4},{"damage":0,"enemies":"Cultist and Chosen","floor":31,"turns":4},{"damage":0,"enemies":"Automaton","floor":33,"turns":6},{"damage":0,"enemies":"Orb Walker","floor":35,"turns":1},{"damage":15,"enemies":"3 Shapes","floor":39,"turns":2},{"damage":0,"enemies":"Transient","floor":41,"turns":4},{"damage":0,"enemies":"Giant Head","floor":46,"turns":3},{"damage":0,"enemies":"Reptomancer","floor":48,"turns":2},{"damage":0,"enemies":"Donu and Deca","floor":50,"turns":3}],"seed_played":"-1897144224491621617","potions_obtained":[{"floor":6,"key":"FearPotion"},{"floor":14,"key":"Explosive Potion"},{"floor":18,"key":"Energy Potion"},{"floor":20,"key":"DemoMod:LeadSkinPotion"},{"floor":24,"key":"Energy Potion"},{"floor":35,"key":"Ancient Potion"},{"floor":48,"key":"Block Potion"}],"is_trial":false,"path_per_floor":["M","?","T","$","?","E","R","?","T","M","?","$","M","M","R","B",null,"M","$","?","M","?","R","M","R","T","$","M","M","M","M","R","B",null,"M","?","$","?","M","R","M","R","T","$","R","E","T","E","R","B",null],"character_chosen":"THE_SERVANT","items_purchased":["TimeWarp","Sling"],"campfire_rested":0,"item_purchase_floors":[12,44],"current_hp_per_floor":[65,58,58,58,63,63,63,63,70,70,70,70,70,70,70,54,77,75,75,64,64,64,64,58,58,58,58,58,55,55,55,55,55,77,77,77,77,77,62,62,62,62,62,77,77,77,77,77,77,77],"gold":136,"neow_bonus":"THREE_ENEMY_KILL","is_daily":false,"chose_seed":false,"campfire_upgraded":9,"win_rate":0.0,"timestamp":1612271150,"path_taken":["M","?","?","$","?","E","R","?","T","?","?","$","M","M","R","BOSS","M","$","?","M","?","R","M","R","T","$","M","M","M","M","R","BOSS","M","?","$","?","M","R","M","R","T","$","R","E","?","E","R","BOSS"],"items_purchased_type":["Card","Relic"],"build_version":"2020-12-22","purchased_purges":5,"victory":true,"max_hp_per_floor":[65,65,65,65,70,70,70,70,77,77,77,77,77,77,77,77,77,77,77,77,77,77,77,77,77,77,77,77,77,77,77,77,77,77,77,77,77,77,77,77,77,77,77,77,77,77,77,77,77,77],"card_choices":[{"not_picked":["Ricochet","Rearm"],"picked":"Potential","floor":1},{"not_picked":["Collapse","WasteNot"],"picked":"ShiftingGears","floor":6},{"not_picked":["Reset","StarChef"],"picked":"TimeWarp","floor":10},{"not_picked":["Gouge","BottledTime"],"picked":"Potential","floor":13},{"not_picked":["TimeWarp","SpecialFormula"],"picked":"Potential","floor":14},{"not_picked":["ReturningBlade","FastForward","Potential"],"picked":"SKIP","floor":18},{"not_picked":["FastForward","Sabotage"],"picked":"WasteNot","floor":20},{"not_picked":["Defy","Collapse"],"picked":"FastForward","floor":21},{"not_picked":["Starlight","Rearm","Spin"],"picked":"SKIP","floor":24},{"not_picked":["Rearm","Starlight+1"],"picked":"Alleviate+1","floor":28},{"not_picked":["Defy","FastForward","TheWorld"],"picked":"SKIP","floor":29},{"not_picked":["Potential+1","Read"],"picked":"ShatteredReality","floor":30},{"not_picked":["TimeWarp","Unruled+1","Misdirection"],"picked":"SKIP","floor":31},{"not_picked":["Deny","KillingDoll"],"picked":"FloweringNight","floor":33},{"not_picked":["Sabotage+1","DoubleEdge"],"picked":"BottledTime","floor":35},{"not_picked":["Misdirection+1","SpecialFormula+1","Starlight+1"],"picked":"SKIP","floor":39},{"not_picked":["Starlight","Alleviate","Ricochet"],"picked":"SKIP","floor":41},{"not_picked":["Shuttle","ReturningBlade","Ricochet+1"],"picked":"SKIP","floor":46},{"not_picked":["Starlight","Read+1","Barrier"],"picked":"SKIP","floor":48}],"player_experience":149081,"relics_obtained":[{"floor":3,"key":"MawBank"},{"floor":6,"key":"Bag of Marbles"},{"floor":9,"key":"DemoMod:PinkGuonStone"},{"floor":20,"key":"Red Mask"},{"floor":26,"key":"Matryoshka"},{"floor":43,"key":"Darkstone Periapt"},{"floor":43,"key":"MealTicket"},{"floor":46,"key":"DemoMod:PoisonVial"},{"floor":47,"key":"Whetstone"},{"floor":47,"key":"TungstenRod"},{"floor":48,"key":"War Paint"}],"event_choices":[{"cards_removed":["Strike_S"],"damage_healed":0,"gold_gain":0,"player_choice":"Card Removal","damage_taken":7,"max_hp_gain":0,"max_hp_loss":0,"event_name":"Golden Wing","floor":2,"gold_loss":0},{"damage_healed":0,"gold_gain":0,"player_choice":"Donut","damage_taken":0,"max_hp_gain":5,"max_hp_loss":0,"event_name":"Big Fish","floor":5,"gold_loss":0},{"damage_healed":0,"gold_gain":0,"player_choice":"Gave Potion","damage_taken":0,"relics_obtained":["Unceasing Top"],"max_hp_gain":0,"max_hp_loss":0,"event_name":"WeMeetAgain","floor":8,"gold_loss":0},{"damage_healed":0,"gold_gain":0,"player_choice":"Searched \u00271\u0027 times","damage_taken":0,"relics_obtained":["Juzu Bracelet"],"max_hp_gain":0,"max_hp_loss":0,"event_name":"Dead Adventurer","floor":11,"gold_loss":0},{"damage_healed":0,"gold_gain":0,"player_choice":"Fought Bandits","damage_taken":0,"max_hp_gain":0,"max_hp_loss":0,"event_name":"Masked Bandits","floor":20,"gold_loss":0},{"cards_removed":["Strike_S"],"damage_healed":0,"gold_gain":0,"player_choice":"Elegance","damage_taken":0,"max_hp_gain":0,"max_hp_loss":0,"event_name":"betterThird:BetterWriting","floor":22,"gold_loss":0},{"damage_healed":0,"gold_gain":0,"player_choice":"Ignored","damage_taken":0,"max_hp_gain":0,"max_hp_loss":0,"event_name":"NoteForYourself","floor":36,"gold_loss":0},{"damage_healed":0,"gold_gain":222,"player_choice":"Wore Mask","damage_taken":0,"max_hp_gain":0,"max_hp_loss":0,"event_name":"Tomb of Lord Red Mask","floor":38,"gold_loss":0}],"is_beta":false,"boss_relics":[{"not_picked":["Black Star","Runic Dome"],"picked":"SlaversCollar"},{"not_picked":["Runesmith:UraniumAnvil","Snecko Eye"],"picked":"Coffee Dripper"}],"items_purged_floors":[4,19,27,37,44],"is_endless":false,"potions_floor_spawned":[6,14,18,20,24,28,35,48],"ascension_level":0}}