{"host":"0k696jvpnlqjk4gh","time":1612296831,"event":{"mods":["AchievementEnabler","BaseMod","Colored Map","Colored Powertips","Minty Spire (QoL Compilation)","Quick Restart"],"gold_per_floor":[119,119,137,153,153,153,188,188,213,213,213,213,131,154,154,251,251,264,264,284,284,284,284,297,212,267,267,267],"floor_reached":27,"language":"ENG","playtime":628,"items_purged":[],"score":238,"play_id":"56765065-41f5-4f69-8da2-fac6e48f32ff","local_time":"20210202201351","is_ascension_mode":true,"campfire_choices":[{"data":"Electrodynamics","floor":6,"key":"SMITH"},{"floor":8,"key":"REST"},{"data":"Buffer","floor":10,"key":"SMITH"},{"floor":15,"key":"REST"},{"data":"Echo Form","floor":23,"key":"SMITH"}],"circlet_count":0,"master_deck":["Strike_B+1","Strike_B","Defend_B+1","Defend_B","Zap","Dualcast","Ball Lightning","Electrodynamics+1","Buffer+1","Storm","Echo Form+1","Capacitor+1","Capacitor+1","Doubt","Force Field","Leap"],"relics":["Cracked Core","NeowsBlessing","Art of War","Gremlin Horn","Odd Mushroom","Astrolabe","Darkstone Periapt","Centennial Puzzle","Anchor"],"acts_visited":["Exordium","TheCity"],"potions_floor_usage":[16,16,18,24,27],"damage_taken":[{"damage":0,"enemies":"2 Louse","floor":1,"turns":1},{"damage":0,"enemies":"Cultist","floor":3,"turns":1},{"damage":0,"enemies":"Small Slimes","floor":4,"turns":1},{"damage":30,"enemies":"Lagavulin","floor":7,"turns":5},{"damage":9,"enemies":"The Mushroom Lair","floor":14,"turns":3},{"damage":50,"enemies":"Hexaghost","floor":16,"turns":9},{"damage":22,"enemies":"2 Thieves","floor":18,"turns":4},{"damage":38,"enemies":"Shell Parasite","floor":20,"turns":7},{"damage":4,"enemies":"Snake Plant","floor":24,"turns":5},{"damage":39,"enemies":"Colosseum Slavers","floor":27,"turns":2}],"seed_played":"7417282059338842909","potions_obtained":[{"floor":7,"key":"BlessingOfTheForge"},{"floor":14,"key":"LiquidBronze"},{"floor":16,"key":"Explosive Potion"},{"floor":20,"key":"Dexterity Potion"},{"floor":24,"key":"Dexterity Potion"}],"is_trial":false,"path_per_floor":["M","?","M","M","$","R","E","R","T","R","?","?","$","?","R","B",null,"M","?","M","?","T","R","M","?","T","?"],"character_chosen":"DEFECT","items_purchased":["Storm"],"campfire_rested":2,"item_purchase_floors":[13],"current_hp_per_floor":[75,75,75,75,75,75,45,67,67,67,52,52,52,43,65,15,75,53,53,15,40,40,40,36,36,36,0,0],"gold":267,"neow_bonus":"THREE_ENEMY_KILL","is_daily":false,"chose_seed":false,"campfire_upgraded":3,"win_rate":0.0,"timestamp":1612296831,"path_taken":["M","?","M","?","$","R","E","R","T","R","?","?","?","?","R","BOSS","M","?","M","?","?","R","M","?","T","?"],"items_purchased_type":["Card"],"build_version":"2020-12-22","purchased_purges":0,"victory":false,"max_hp_per_floor":[75,75,75,75,75,75,75,75,75,75,75,75,75,75,75,75,75,75,75,75,75,75,75,75,75,75,75,75],"card_choices":[{"not_picked":["Cold Snap","Compile Driver"],"picked":"Ball Lightning","floor":1},{"not_picked":["Cold Snap","Heatsinks"],"picked":"Electrodynamics","floor":3},{"not_picked":["Steam","Force Field","Aggregate"],"picked":"SKIP","floor":4},{"not_picked":["Barrage","Steam"],"picked":"Buffer","floor":7},{"not_picked":["Rainbow","Thunder Strike"],"picked":"Echo Form","floor":16},{"not_picked":["Compile Driver","Go for the Eyes+1","Steam"],"picked":"SKIP","floor":18},{"not_picked":["Meteor Strike","Recycle","Redo"],"picked":"SKIP","floor":20},{"not_picked":["Redo","Streamline","Storm"],"picked":"SKIP","floor":24}],"player_experience":115916,"relics_obtained":[{"floor":7,"key":"Art of War"},{"floor":14,"key":"Odd Mushroom"},{"floor":22,"key":"Darkstone Periapt"},{"floor":26,"key":"Anchor"}],"event_choices":[{"damage_healed":0,"gold_gain":0,"player_choice":"Bought 0 Potions","damage_taken":0,"max_hp_gain":0,"max_hp_loss":0,"event_name":"The Woman in Blue","floor":2,"gold_loss":0},{"damage_healed":0,"gold_gain":0,"player_choice":"Entered Light","damage_taken":15,"max_hp_gain":0,"max_hp_loss":0,"event_name":"Shining Light","floor":11,"gold_loss":0,"cards_upgraded":["Defend_B","Strike_B"]},{"damage_healed":0,"gold_gain":0,"player_choice":"Box","damage_taken":0,"relics_obtained":["Gremlin Horn"],"max_hp_gain":0,"max_hp_loss":0,"event_name":"Big Fish","floor":12,"gold_loss":0,"cards_obtained":["Regret"]},{"damage_healed":0,"gold_gain":0,"player_choice":"Fought Mushrooms","damage_taken":0,"max_hp_gain":0,"max_hp_loss":0,"event_name":"Mushrooms","floor":14,"gold_loss":0},{"damage_healed":0,"gold_gain":0,"cards_transformed":["Strike_B","Defend_B"],"player_choice":"Became Test Subject","damage_taken":0,"max_hp_gain":0,"max_hp_loss":0,"event_name":"Drug Dealer","floor":19,"gold_loss":0,"cards_obtained":["Force Field","Leap"]},{"damage_healed":25,"gold_gain":0,"player_choice":"Heal","damage_taken":0,"max_hp_gain":0,"max_hp_loss":0,"event_name":"The Library","floor":21,"gold_loss":0},{"damage_healed":0,"gold_gain":0,"player_choice":"Obtained Relic","damage_taken":0,"relics_obtained":["Centennial Puzzle"],"max_hp_gain":0,"max_hp_loss":0,"event_name":"Addict","floor":25,"gold_loss":85},{"damage_healed":0,"gold_gain":0,"player_choice":"Fight","damage_taken":0,"max_hp_gain":0,"max_hp_loss":0,"event_name":"Colosseum","floor":27,"gold_loss":0}],"is_beta":false,"boss_relics":[{"not_picked":["Inserter","Cursed Key"],"picked":"Astrolabe"}],"items_purged_floors":[],"is_endless":false,"potions_floor_spawned":[7,14,16,20,24],"killed_by":"Colosseum Slavers","ascension_level":3}}