{"host":"am0cr9xwekqmrere","time":1612296343,"event":{"mods":["AchievementEnabler","Act Like it!","BaseMod","Better Altar","Better Match","Better Note","Better Sensory Stone","Better Skull","Better Third Choice","BetterRewards","Conspire","Downfall","Hubris","Infinite Spire","Minty Spire (QoL Compilation)","Rare Cards Sparkle","Spicy Shops","StSLib","Unceasing Turn Reminder"],"gold_per_floor":[99,116,16,16,50,66,66,127,162,62,82,82,82,110,145,145,145,145],"floor_reached":16,"language":"ENG","playtime":508,"items_purged":[],"score":102,"play_id":"de4166e0-bb4a-4429-aa55-08be4d4680b9","local_time":"20210202140543","is_ascension_mode":false,"campfire_choices":[{"data":"champ:Taunt","floor":1,"key":"SMITH"},{"data":"champ:StanceDance","floor":10,"key":"SMITH"},{"data":"champ:IronFortress","floor":12,"key":"SMITH"}],"circlet_count":0,"master_deck":["champ:Strike","champ:Strike","champ:Strike","champ:Strike","champ:Defend","champ:Defend","champ:Defend","champ:Defend","champ:Execute","champ:Taunt+1","champ:StanceDance+1","conspire:SpireCoStock","conspire:SpireCoStock","champ:ArenaPreparation","champ:PreciseThrust","champ:GladiatorStyle","champ:IronFortress+1","champ:FanOfKnives","infinitespire:Punishment","champ:StrikeOfGenius","champ:DeathBlow"],"relics":["champ:ChampionCrown","champ:LiftRelic","hexamod:BolsterEngine","downfall:HeartBlessingGreen"],"acts_visited":["Exordium"],"potions_floor_usage":[6,9,11,16],"damage_taken":[{"damage":10,"enemies":"2 Louse","floor":2,"turns":3},{"damage":26,"enemies":"Cultist","floor":5,"turns":3},{"damage":33,"enemies":"Jaw Worm","floor":6,"turns":3},{"damage":37,"enemies":"Exordium Wildlife","floor":8,"turns":3},{"damage":65,"enemies":"Lagavulin","floor":9,"turns":6},{"damage":35,"enemies":"downfall:FleeingMerchant","floor":11,"turns":4},{"damage":1,"enemies":"Red Slaver","floor":14,"turns":2},{"damage":19,"enemies":"3 Louse","floor":15,"turns":3},{"damage":31,"enemies":"SI_SHIV_ARCHETYPE","floor":16,"turns":5}],"seed_played":"2272261834074740591","potions_obtained":[{"floor":2,"key":"BlessingOfTheForge"},{"floor":5,"key":"Regen Potion"},{"floor":8,"key":"Slimebound:ThreeZeroPotion"},{"floor":15,"key":"champ:TechniquePotion"}],"is_trial":false,"path_per_floor":["R","M","?","?","M","M","T","M","E","R","$","R","?","M","M","B"],"character_chosen":"THE_CHAMP","items_purchased":[],"campfire_rested":0,"item_purchase_floors":[],"current_hp_per_floor":[99,99,99,99,93,97,97,90,60,60,60,60,36,35,21,0,0,0],"gold":145,"neow_bonus":"TEN_PERCENT_HP_BONUS","is_daily":false,"chose_seed":false,"campfire_upgraded":3,"win_rate":0.0,"timestamp":1612296343,"path_taken":["R","M","?","?","M","M","T","M","E","R","$","R","?","M","M","BOSS"],"items_purchased_type":[],"build_version":"2020-12-22","purchased_purges":0,"victory":false,"max_hp_per_floor":[99,99,99,99,99,99,99,99,99,99,99,99,99,99,99,99,99,99],"card_choices":[{"not_picked":["champ:Circumvent","champ:Encircle"],"picked":"champ:StanceDance","floor":2},{"not_picked":["champ:EnGarde","champ:Parry"],"picked":"champ:ArenaPreparation","floor":5},{"not_picked":["champ:Parry","champ:AdrenalArmor"],"picked":"champ:PreciseThrust","floor":6},{"not_picked":["champ:FlashCut","champ:BladeFlurry"],"picked":"champ:GladiatorStyle","floor":8},{"not_picked":["champ:Backstep","champ:BladeFlurry"],"picked":"champ:IronFortress","floor":9},{"not_picked":["champ:GutPunch","champ:EnGarde"],"picked":"champ:FanOfKnives","floor":11},{"not_picked":["infinitespire:FinalStrike","infinitespire:SealOfDarkness+"],"picked":"infinitespire:Punishment","floor":13},{"not_picked":["champ:RisingSlash","champ:ViciousMockery"],"picked":"champ:StrikeOfGenius","floor":14},{"not_picked":["champ:BladeFlurry","champ:PreciseThrust"],"picked":"champ:DeathBlow","floor":15}],"player_experience":2713586,"relics_obtained":[{"floor":9,"key":"hexamod:BolsterEngine"}],"event_choices":[{"damage_healed":0,"gold_gain":0,"player_choice":"Invest 2","damage_taken":0,"max_hp_gain":0,"max_hp_loss":0,"event_name":"conspire:Investor","floor":3,"gold_loss":0}],"is_beta":false,"boss_relics":[],"items_purged_floors":[],"is_endless":false,"potions_floor_spawned":[2,5,8,15],"killed_by":"SI_SHIV_ARCHETYPE","ascension_level":0}}