{"host":"utqe55yv0jihe4d6","time":1612302770,"event":{"mods":["2.2 Compatiblity","AchievementEnabler","BaseMod","Block Reminder","Colored Map","Colored Powertips","Minty Spire (QoL Compilation)","Quick Restart","Rare Cards Sparkle","Relic Stats","SuperFastMode"],"gold_per_floor":[114,39,54,17,35,35,60,88,113,147,165,165,184,215,215,289,289,299,43,43,58,12,47,58,58,58],"floor_reached":25,"language":"ENG","playtime":807,"items_purged":["Clash"],"score":482,"play_id":"5348d456-364a-4d5f-9ca4-b1989b94ef9f","local_time":"20210202165250","is_ascension_mode":true,"campfire_choices":[{"data":"Carnage","floor":6,"key":"SMITH"},{"data":"Armaments","floor":12,"key":"SMITH"},{"floor":15,"key":"REST"}],"circlet_count":0,"master_deck":["AscendersBane","Bash","Carnage+1","Armaments+1","Spot Weakness","Feel No Pain","Sentinel","Blood for Blood","Uppercut","Dark Embrace","Battle Trance","Barricade","Barricade","Sentinel","Brutality","Intimidate","Rage","Evolve","Battle Trance","Armaments+1","Shockwave","Sentinel+1","Havoc","Disarm"],"relics":["Runic Dome","MealTicket","The Courier","Tiny Chest","Boot","Regal Pillow","Pandora\u0027s Box","Frozen Eye","Toy Ornithopter"],"acts_visited":["Exordium","TheCity"],"potions_floor_usage":[10,10,23,23,24],"damage_taken":[{"damage":4,"enemies":"Small Slimes","floor":1,"turns":5},{"damage":2,"enemies":"Jaw Worm","floor":3,"turns":3},{"damage":0,"enemies":"Cultist","floor":5,"turns":2},{"damage":24,"enemies":"3 Sentries","floor":8,"turns":9},{"damage":8,"enemies":"Gremlin Nob","floor":10,"turns":3},{"damage":6,"enemies":"Looter","floor":11,"turns":3},{"damage":0,"enemies":"Blue Slaver","floor":13,"turns":2},{"damage":11,"enemies":"3 Sentries","floor":14,"turns":6},{"damage":37,"enemies":"The Guardian","floor":16,"turns":9},{"damage":23,"enemies":"2 Thieves","floor":18,"turns":4},{"damage":22,"enemies":"Spheric Guardian","floor":21,"turns":6},{"damage":38,"enemies":"Slavers","floor":23,"turns":6},{"damage":23,"enemies":"3 Cultists","floor":24,"turns":5},{"damage":13,"enemies":"Gremlin Leader","floor":25,"turns":2}],"seed_played":"-1052969122475508456","potions_obtained":[{"floor":1,"key":"Regen Potion"},{"floor":3,"key":"Swift Potion"},{"floor":11,"key":"AttackPotion"},{"floor":16,"key":"Regen Potion"},{"floor":23,"key":"EssenceOfSteel"}],"is_trial":false,"path_per_floor":["M","?","M","$","M","R","T","E","T","E","M","R","M","E","R","B",null,"M","$","?","M","$","E","M","E"],"character_chosen":"IRONCLAD","items_purchased":["Spot Weakness","Frozen Eye","Shockwave","Havoc"],"campfire_rested":1,"item_purchase_floors":[4,19,19,22],"current_hp_per_floor":[64,64,62,62,62,62,62,38,38,39,33,33,33,22,59,22,62,39,54,54,32,47,24,6,0,0],"gold":58,"neow_bonus":"BOSS_RELIC","is_daily":false,"chose_seed":false,"campfire_upgraded":2,"win_rate":0.0,"timestamp":1612302770,"path_taken":["M","?","M","$","M","R","?","E","T","E","M","R","M","E","R","BOSS","M","?","?","M","$","E","M","E"],"items_purchased_type":["Card","Relic","Card","Card"],"build_version":"2020-12-22","purchased_purges":1,"victory":false,"max_hp_per_floor":[75,75,75,75,75,75,75,75,75,75,75,75,75,75,75,75,75,75,75,75,75,75,75,75,75,75],"relic_stats":{"Regal Pillow":15,"counters":[14,65],"MealTicket":30,"Tiny Chest":0,"Pandora\u0027s Box":["Barricade","Clash","Sentinel","Brutality","Intimidate","Rage","Evolve","Battle Trance"],"Boot":[0],"obtain_stats":[{"Runic Dome":0,"Frozen Eye":19,"Regal Pillow":14,"MealTicket":7,"Tiny Chest":9,"Pandora\u0027s Box":17,"The Courier":8,"Boot":10,"Burning Blood":0,"Toy Ornithopter":23},{"Runic Dome":0,"Frozen Eye":10,"Regal Pillow":8,"MealTicket":3,"Tiny Chest":4,"Pandora\u0027s Box":9,"The Courier":4,"Boot":5,"Burning Blood":0,"Toy Ornithopter":12},{"Runic Dome":0,"Frozen Eye":46,"Regal Pillow":33,"MealTicket":10,"Tiny Chest":19,"Pandora\u0027s Box":42,"The Courier":19,"Boot":22,"Burning Blood":0,"Toy Ornithopter":58}],"Toy Ornithopter":5},"card_choices":[{"not_picked":["Dropkick","Iron Wave"],"picked":"Carnage","floor":1},{"not_picked":["Infernal Blade","Hemokinesis"],"picked":"Armaments","floor":3},{"not_picked":["Intimidate","Perfected Strike"],"picked":"Feel No Pain","floor":5},{"not_picked":["Sword Boomerang","Perfected Strike"],"picked":"Sentinel","floor":8},{"not_picked":["Body Slam","Berserk"],"picked":"Blood for Blood","floor":10},{"not_picked":["Iron Wave","Armaments"],"picked":"Uppercut","floor":11},{"not_picked":["Headbutt","Intimidate"],"picked":"Dark Embrace","floor":13},{"not_picked":["Twin Strike","Flex"],"picked":"Battle Trance","floor":14},{"not_picked":["Limit Break","Juggernaut"],"picked":"Barricade","floor":16},{"not_picked":["Havoc","Dropkick"],"picked":"Armaments+1","floor":18},{"not_picked":["Dropkick","Flex+1"],"picked":"Sentinel+1","floor":21},{"not_picked":["Pummel","Heavy Blade","Sword Boomerang"],"picked":"SKIP","floor":23},{"not_picked":["Sword Boomerang","Battle Trance"],"picked":"Disarm","floor":24}],"player_experience":2991525,"relics_obtained":[{"floor":7,"key":"MealTicket"},{"floor":8,"key":"The Courier"},{"floor":9,"key":"Tiny Chest"},{"floor":10,"key":"Boot"},{"floor":14,"key":"Regal Pillow"},{"floor":23,"key":"Toy Ornithopter"}],"event_choices":[{"cards_removed":["Strike_R"],"damage_healed":0,"gold_gain":0,"player_choice":"Card Removal","damage_taken":0,"max_hp_gain":0,"max_hp_loss":0,"event_name":"The Cleric","floor":2,"gold_loss":75},{"damage_healed":0,"gold_gain":0,"player_choice":"Ignored","damage_taken":0,"max_hp_gain":0,"max_hp_loss":0,"event_name":"The Mausoleum","floor":20,"gold_loss":0}],"is_beta":false,"boss_relics":[{"not_picked":["Velvet Choker","Calling Bell"],"picked":"Pandora\u0027s Box"}],"items_purged_floors":[19],"is_endless":false,"potions_floor_spawned":[1,3,8,11,16,18,23],"killed_by":"Gremlin Leader","ascension_level":20}}