{"host":"lwpvkgc6ydwupigp","time":1612300626,"event":{"mods":["AchievementEnabler","BaseMod","Bestiary","Minty Spire (QoL Compilation)","Quick Restart","Relic Stats"],"gold_per_floor":[111,124,140,140,140,174,174,193,193,206,233,253,233,243,243,340,340,350,350,366,385,114,147,147,147,147,107,119,119,129,229,229,332,332,343,343,359,63,78,106,106,106,106,124,124,124,138,148,148,148,148],"floor_reached":50,"language":"ENG","playtime":7834,"items_purged":[],"score":531,"play_id":"53de816d-6805-42ac-8201-a37fc9716553","local_time":"20210202221706","is_ascension_mode":false,"campfire_choices":[{"floor":7,"key":"REST"},{"floor":15,"key":"REST"},{"floor":25,"key":"REST"},{"data":"Blade Dance","floor":29,"key":"SMITH"},{"floor":32,"key":"REST"},{"floor":41,"key":"REST"},{"floor":46,"key":"REST"},{"data":"All Out Attack","floor":49,"key":"SMITH"}],"circlet_count":0,"master_deck":["Strike_G","Strike_G","Strike_G","Strike_G","Strike_G","Defend_G","Defend_G","Defend_G","Defend_G","Defend_G","Survivor","Neutralize","Dagger Spray","Deadly Poison+1","Terror","Outmaneuver","Leg Sweep","Dodge and Roll","Footwork","Dash","Deflect+1","Unload","Noxious Fumes","PiercingWail","Quick Slash","Riddle With Holes","Bouncing Flask","Writhe","Riddle With Holes+1","Backstab","Burst","Poisoned Stab","Predator+1","All Out Attack+1","Catalyst+1","Dagger Spray+1","Flying Knee+1","Iron Wave","Acrobatics","Night Terror"],"relics":["Ring of the Snake","Ninja Scroll","Happy Flower","Paper Crane","Gambling Chip","WristBlade","Boot","Kunai","Lantern","Bottled Flame","StoneCalendar","Ornamental Fan","SacredBark","Strawberry","Regal Pillow","Letter Opener"],"acts_visited":["Exordium","TheCity","TheBeyond"],"potions_floor_usage":[6,11,14,16,21,23,23,33,33,39,40,40,50],"damage_taken":[{"damage":0,"enemies":"2 Louse","floor":1,"turns":3},{"damage":3,"enemies":"Jaw Worm","floor":2,"turns":5},{"damage":0,"enemies":"Small Slimes","floor":3,"turns":3},{"damage":45,"enemies":"3 Sentries","floor":6,"turns":13},{"damage":5,"enemies":"3 Louse","floor":8,"turns":3},{"damage":6,"enemies":"Looter","floor":10,"turns":3},{"damage":13,"enemies":"Lagavulin","floor":11,"turns":9},{"damage":1,"enemies":"2 Fungi Beasts","floor":12,"turns":4},{"damage":2,"enemies":"Exordium Thugs","floor":14,"turns":4},{"damage":5,"enemies":"Hexaghost","floor":16,"turns":12},{"damage":0,"enemies":"Chosen","floor":18,"turns":3},{"damage":0,"enemies":"Shell Parasite","floor":20,"turns":4},{"damage":20,"enemies":"Sentry and Sphere","floor":21,"turns":6},{"damage":10,"enemies":"Book of Stabbing","floor":23,"turns":5},{"damage":0,"enemies":"Snake Plant","floor":28,"turns":3},{"damage":1,"enemies":"3 Cultists","floor":30,"turns":4},{"damage":11,"enemies":"Colosseum Slavers","floor":31,"turns":5},{"damage":2,"enemies":"Colosseum Nobs","floor":31,"turns":4},{"damage":61,"enemies":"Automaton","floor":33,"turns":13},{"damage":7,"enemies":"3 Darklings","floor":35,"turns":7},{"damage":0,"enemies":"3 Shapes","floor":37,"turns":3},{"damage":14,"enemies":"Transient","floor":39,"turns":5},{"damage":62,"enemies":"Reptomancer","floor":40,"turns":7},{"damage":0,"enemies":"Jaw Worm Horde","floor":44,"turns":4},{"damage":12,"enemies":"3 Darklings","floor":47,"turns":5},{"damage":1,"enemies":"Transient","floor":48,"turns":5},{"damage":68,"enemies":"Awakened One","floor":50,"turns":6}],"seed_played":"-2062069765916540890","potions_obtained":[{"floor":2,"key":"FairyPotion"},{"floor":3,"key":"DuplicationPotion"},{"floor":10,"key":"FearPotion"},{"floor":11,"key":"Strength Potion"},{"floor":12,"key":"DuplicationPotion"},{"floor":16,"key":"LiquidMemories"},{"floor":18,"key":"EssenceOfSteel"},{"floor":28,"key":"Swift Potion"},{"floor":31,"key":"Strength Potion"},{"floor":33,"key":"BlessingOfTheForge"},{"floor":37,"key":"Explosive Potion"},{"floor":39,"key":"SneckoOil"},{"floor":47,"key":"GamblersBrew"},{"floor":48,"key":"Block Potion"}],"is_trial":false,"path_per_floor":["M","M","M","?","T","E","R","M","T","M","E","M","?","M","R","B",null,"M","?","M","M","$","E","?","R","T","?","M","R","M","?","R","B",null,"M","?","M","$","M","E","R","?","T","M","?","R","M","M","R","B"],"character_chosen":"THE_SILENT","items_purchased":["Boot","Energy Potion","Riddle With Holes","Strawberry","Regen Potion","All Out Attack"],"campfire_rested":6,"item_purchase_floors":[22,22,22,38,38,38],"current_hp_per_floor":[70,67,67,67,67,22,43,38,38,32,19,18,18,16,37,32,70,70,61,61,41,41,31,31,52,52,52,52,52,51,38,59,21,70,63,63,63,70,56,4,42,42,42,42,42,77,65,64,64,0,0],"gold":148,"neow_bonus":"THREE_CARDS","is_daily":false,"chose_seed":false,"campfire_upgraded":2,"win_rate":0.0,"timestamp":1612300626,"path_taken":["M","M","M","?","?","E","R","M","T","M","E","M","?","M","R","BOSS","M","?","M","M","$","E","?","R","T","?","M","R","?","?","R","BOSS","M","?","M","$","M","E","R","?","T","?","?","R","M","M","R","BOSS"],"items_purchased_type":["Relic","Potion","Card","Relic","Potion","Card"],"build_version":"2020-12-22","purchased_purges":0,"victory":false,"max_hp_per_floor":[70,70,70,70,70,70,70,70,70,70,70,70,70,70,70,70,70,70,70,70,70,70,70,70,70,70,70,70,70,70,70,70,70,70,70,70,70,77,77,77,77,77,77,77,77,77,77,77,77,77,77],"relic_stats":{"Regal Pillow":27,"Happy Flower":[41],"counters":[27,148],"Ornamental Fan":[128],"Gambling Chip":[33],"StoneCalendar":[122],"Kunai":[43],"Letter Opener":[30],"Boot":[127],"obtain_stats":[{"Lantern":24,"Regal Pillow":40,"Happy Flower":6,"SacredBark":34,"StoneCalendar":31,"Letter Opener":43,"Paper Crane":9,"Boot":22,"Bottled Flame":26,"WristBlade":17,"Ninja Scroll":5,"Ornamental Fan":31,"Gambling Chip":11,"Strawberry":38,"Kunai":23,"Ring of the Snake":0},{"Lantern":14,"Regal Pillow":23,"Happy Flower":4,"SacredBark":19,"StoneCalendar":18,"Letter Opener":23,"Paper Crane":5,"Boot":13,"Bottled Flame":14,"WristBlade":10,"Ninja Scroll":3,"Ornamental Fan":18,"Gambling Chip":7,"Strawberry":21,"Kunai":14,"Ring of the Snake":0},{"Lantern":77,"Regal Pillow":128,"Happy Flower":24,"SacredBark":106,"StoneCalendar":93,"Letter Opener":128,"Paper Crane":27,"Boot":72,"Bottled Flame":77,"WristBlade":59,"Ninja Scroll":11,"Ornamental Fan":93,"Gambling Chip":39,"Strawberry":116,"Kunai":77,"Ring of the Snake":0}],"Ring of the Snake":[54]},"card_choices":[{"not_picked":["PiercingWail","Outmaneuver"],"picked":"Dagger Spray","floor":0},{"not_picked":["Dodge and Roll","Bane"],"picked":"Deadly Poison","floor":1},{"not_picked":["Well Laid Plans","Prepared"],"picked":"Terror","floor":2},{"not_picked":["Deflect","Prepared"],"picked":"Outmaneuver","floor":3},{"not_picked":["Prepared","Doppelganger"],"picked":"Leg Sweep","floor":6},{"not_picked":["Deflect","Underhanded Strike"],"picked":"Dodge and Roll","floor":8},{"not_picked":["Deflect","Crippling Poison"],"picked":"Footwork","floor":10},{"not_picked":["Expertise","Outmaneuver"],"picked":"Dash","floor":11},{"not_picked":["Prepared","Expertise"],"picked":"Blade Dance","floor":12},{"not_picked":["Dash","Bane"],"picked":"Deflect","floor":14},{"not_picked":["After Image","Malaise"],"picked":"Unload","floor":16},{"not_picked":["Backflip","Choke+1"],"picked":"Noxious Fumes","floor":18},{"not_picked":["Predator+1","Bane+1"],"picked":"PiercingWail","floor":20},{"not_picked":["Dagger Throw","Dash+1"],"picked":"Quick Slash","floor":21},{"not_picked":["Dagger Spray","Blur"],"picked":"Bouncing Flask","floor":23},{"not_picked":["Quick Slash+1","Flechettes"],"picked":"Riddle With Holes+1","floor":28},{"not_picked":["Dagger Spray","Quick Slash","Doppelganger"],"picked":"SKIP","floor":30},{"not_picked":["Calculated Gamble","Sucker Punch"],"picked":"Backstab","floor":31},{"not_picked":["Adrenaline","A Thousand Cuts"],"picked":"Burst","floor":33},{"not_picked":["Dodge and Roll","Acrobatics"],"picked":"Poisoned Stab","floor":35},{"not_picked":["Acrobatics","Bane"],"picked":"Predator+1","floor":37},{"not_picked":["Underhanded Strike+1","Finisher"],"picked":"Catalyst","floor":39},{"not_picked":["Tactician+1","Endless Agony"],"picked":"Dagger Spray+1","floor":40},{"not_picked":["Deadly Poison+1","Dagger Throw"],"picked":"Flying Knee+1","floor":44},{"not_picked":["Dodge and Roll","Leg Sweep"],"picked":"Acrobatics","floor":47},{"not_picked":["Acrobatics+1","Sucker Punch+1"],"picked":"Night Terror","floor":48}],"player_experience":19492,"relics_obtained":[{"floor":5,"key":"Ninja Scroll"},{"floor":6,"key":"Happy Flower"},{"floor":9,"key":"Paper Crane"},{"floor":11,"key":"Gambling Chip"},{"floor":23,"key":"Kunai"},{"floor":26,"key":"Bottled Flame"},{"floor":31,"key":"StoneCalendar"},{"floor":31,"key":"Ornamental Fan"},{"floor":40,"key":"Regal Pillow"},{"floor":43,"key":"Letter Opener"}],"event_choices":[{"damage_healed":0,"gold_gain":0,"player_choice":"Ignored","damage_taken":0,"max_hp_gain":0,"max_hp_loss":0,"event_name":"Golden Wing","floor":4,"gold_loss":0},{"damage_healed":0,"gold_gain":0,"player_choice":"Left Gold","damage_taken":0,"max_hp_gain":0,"max_hp_loss":0,"event_name":"World of Goop","floor":13,"gold_loss":20},{"damage_healed":0,"gold_gain":0,"player_choice":"Stopped","damage_taken":9,"max_hp_gain":0,"max_hp_loss":0,"event_name":"Cursed Tome","floor":19,"gold_loss":0},{"damage_healed":0,"gold_gain":0,"player_choice":"Opened","damage_taken":0,"relics_obtained":["Lantern"],"max_hp_gain":0,"max_hp_loss":0,"event_name":"The Mausoleum","floor":24,"gold_loss":0,"cards_obtained":["Writhe"]},{"damage_healed":0,"gold_gain":0,"player_choice":"Upgraded Two","damage_taken":0,"max_hp_gain":0,"max_hp_loss":0,"event_name":"Designer","floor":27,"gold_loss":40,"cards_upgraded":["Deadly Poison","Deflect"]},{"damage_healed":0,"gold_gain":0,"player_choice":"Fight","damage_taken":0,"max_hp_gain":0,"max_hp_loss":0,"event_name":"Colosseum","floor":31,"gold_loss":0},{"damage_healed":0,"gold_gain":0,"player_choice":"Fought Nobs","damage_taken":0,"max_hp_gain":0,"max_hp_loss":0,"event_name":"Colosseum","floor":31,"gold_loss":0},{"damage_healed":0,"gold_gain":0,"player_choice":"Ignored","damage_taken":0,"max_hp_gain":0,"max_hp_loss":0,"event_name":"Mysterious Sphere","floor":36,"gold_loss":0},{"damage_healed":0,"gold_gain":0,"player_choice":"Upgraded","damage_taken":0,"max_hp_gain":0,"max_hp_loss":0,"event_name":"Upgrade Shrine","floor":42,"gold_loss":0,"cards_upgraded":["Catalyst"]},{"cards_removed":["Blade Dance"],"damage_healed":0,"gold_gain":0,"player_choice":"Took Card","damage_taken":0,"max_hp_gain":0,"max_hp_loss":0,"event_name":"NoteForYourself","floor":45,"gold_loss":0,"cards_obtained":["Iron Wave"]}],"is_beta":false,"boss_relics":[{"not_picked":["Snecko Eye","Ectoplasm"],"picked":"WristBlade"},{"not_picked":["SlaversCollar","Runic Pyramid"],"picked":"SacredBark"}],"items_purged_floors":[],"is_endless":false,"potions_floor_spawned":[2,3,10,11,12,16,18,28,31,33,37,39,47,48],"killed_by":"Awakened One","ascension_level":0}}