{"host":"o3b7ow6d1xe49css","time":1612248072,"event":{"mods":["Act Like it!","Aspiration","BaseMod","Bestiary","Better Altar","Better Match","Better Note","Better Sensory Stone","Better Skull","Better Third Choice","Colored Powertips","Conspire","Energized Spire","Force Act Four","GifTheSpireLib","Halation","Hermit","Hubris","Infinite Spire","Lobotomy","Minty Spire (QoL Compilation)","Quick Restart","Rare Cards Sparkle","Relic Filter Mod","Reliquary","Replay The Spire","Spicy Shops","Spikes Relics","Spire Arcade","StSLib","Stuff the Spire","The Blue Laboratory","Wandering Minibosses"],"gold_per_floor":[116,128,143,160,178,178,203,234,260,288,288,319,319,352,352,454,454,474,216,226,237,237,265,265,290,315,315,348,383,383,412,412,516,516,534,547,547,220,239,239,264,299,299,315,18,49,78,94,94,196,246,246,96,131,230],"floor_reached":56,"language":"ENG","playtime":3019,"items_purged":["Strike_R","Strike_R","Defend_R"],"score":1964,"play_id":"1f5189ea-bf7f-43bf-a6e3-84172eadb5f5","local_time":"20210201214112","daily_mods":["Heirloom","Flight"],"is_ascension_mode":true,"campfire_choices":[{"data":"StuffTheSpire:Slingshot","floor":6,"key":"SMITH"},{"data":"1","floor":11,"key":"LIFT"},{"floor":15,"key":"REST"},{"data":"2","floor":15,"key":"LIFT"},{"floor":24,"key":"REST"},{"data":"3","floor":24,"key":"LIFT"},{"floor":27,"key":"REST"},{"data":"Brutality","floor":27,"key":"SMITH"},{"floor":30,"key":"REST"},{"data":"BlessedFruit","floor":30,"key":"SMITH"},{"data":"BlessedFruit","floor":32,"key":"SMITH"},{"floor":40,"key":"RECALL"},{"floor":49,"key":"REST"},{"data":"Offering","floor":49,"key":"SMITH"},{"data":"Battle Trance","floor":52,"key":"SMITH"}],"circlet_count":0,"master_deck":["Strike_R","Strike_R","Strike_R","Defend_R+1","Defend_R","Defend_R","Bash","Scorched","Shockwave","UniverseFragment","StuffTheSpire:Slingshot+1","Flame Barrier","Pommel Strike","Offering+1","Shrug It Off","Replay:Undeath\u0027s Touch","Brutality+1","Decay","Injury","Doubt","Battle Trance+1","Fire Breathing","BlessedFruit+1","BlessedFruit+1","infinitespire:Execution+1","OSAHOGD","Hemokinesis+1","Battle Trance+1","Feed","QueenOfHatred","Mercenary","Replay:Undeath\u0027s Touch","Fiend Fire"],"relics":["Burning Blood","Ring of Chaos","Replay:Multitool","CogitoBucket","infinitespire:EmpoweringShard","Girya","halation:BlackBeret","hubris:MysteriousPyramids","infinitespire:Magic Flask","halation:WeightlessCrab","Replay:Ancient Bell","Regal Pillow","Sundial","Charon\u0027s Ashes","conspire:BottledYoYo","HeavenlyBonsai","Pen Nib","halation:SelfBoilingWater","Anchor","halation:PrussianBluePaint","War Paint","Calipers","Busted Crown","SkinProphecy","wanderingMiniBosses:OtherGremlinHorn","Sling","hubris:DeckOfHolding","hubris:TenFootPole","hubris:Potato","Mercury Hourglass","LuminousBracelet","Gambling Chip","Nunchaku","conspire:GiftBox","Tiny House","Ring of Chaos","Strawberry","StuffTheSpire:GrapeVine"],"acts_visited":["Exordium","TheCity","TheBeyond","Exordium","TheEnding"],"potions_floor_usage":[8,12,14,23,25,28,31,33,47],"damage_taken":[{"damage":1,"enemies":"Cultist","floor":1,"turns":3},{"damage":1,"enemies":"infinitespire:Voidling","floor":2,"turns":3},{"damage":7,"enemies":"Jaw Worm","floor":3,"turns":3},{"damage":4,"enemies":"Exordium Thugs","floor":4,"turns":3},{"damage":0,"enemies":"2 Fungi Beasts","floor":5,"turns":2},{"damage":19,"enemies":"3 Sentries","floor":7,"turns":4},{"damage":16,"enemies":"Gremlin Nob","floor":8,"turns":3},{"damage":6,"enemies":"Replay:BlueRogue","floor":10,"turns":3},{"damage":6,"enemies":"Lagavulin","floor":12,"turns":3},{"damage":6,"enemies":"Gremlin Nob","floor":14,"turns":2},{"damage":23,"enemies":"Fading Forest","floor":16,"turns":11},{"damage":6,"enemies":"Spheric Guardian","floor":18,"turns":1},{"damage":23,"enemies":"conspire:FuzzyDice","floor":20,"turns":6},{"damage":20,"enemies":"Snecko","floor":21,"turns":3},{"damage":18,"enemies":"Book of Stabbing","floor":23,"turns":3},{"damage":44,"enemies":"Nightmare","floor":25,"turns":8},{"damage":35,"enemies":"Slavers","floor":28,"turns":3},{"damage":10,"enemies":"conspire:SneckoGhost","floor":29,"turns":3},{"damage":9,"enemies":"Gremlin Leader","floor":31,"turns":3},{"damage":22,"enemies":"Champ","floor":33,"turns":8},{"damage":30,"enemies":"3 Darklings","floor":35,"turns":2},{"damage":11,"enemies":"Orb Walker","floor":36,"turns":3},{"damage":11,"enemies":"Transient","floor":39,"turns":5},{"damage":16,"enemies":"Nightmare","floor":41,"turns":4},{"damage":13,"enemies":"Giant Head","floor":42,"turns":3},{"damage":5,"enemies":"Writhing Mass","floor":44,"turns":4},{"damage":0,"enemies":"Reptomancer","floor":46,"turns":1},{"damage":2,"enemies":"Giant Head","floor":47,"turns":3},{"damage":0,"enemies":"Maw","floor":48,"turns":1},{"damage":34,"enemies":"Awakened One","floor":50,"turns":6},{"damage":11,"enemies":"Shield and Spear","floor":54,"turns":3},{"damage":61,"enemies":"The Heart","floor":55,"turns":4}],"seed_played":"2865197954145222872","potions_obtained":[{"floor":2,"key":"BlessingOfTheForge"},{"floor":4,"key":"blueLaboratory:PhilterOfMotion"},{"floor":7,"key":"blueLaboratory:BottleOfRum"},{"floor":8,"key":"blueLaboratory:FruitPunch"},{"floor":10,"key":"blueLaboratory:TrueEctoplasm"},{"floor":18,"key":"blueLaboratory:BottleOfRum"},{"floor":21,"key":"PowerPotion"},{"floor":23,"key":"Strength Potion"},{"floor":29,"key":"SkillPotion"},{"floor":41,"key":"Elixir"},{"floor":42,"key":"blueLaboratory:PyrophylliteBrew"},{"floor":46,"key":"SkillPotion"},{"floor":48,"key":"Adrenaline Potion"},{"floor":50,"key":"EssenceOfSteel"},{"floor":51,"key":"blueLaboratory:TrueEctoplasm"}],"is_trial":true,"path_per_floor":["M","M","M","M","M","R","E","E","T","E","R","E","T","E","R","B",null,"M","$","M","M","AVR","E","R","NM","T","R","E","E","R","E","R","B",null,"M","M","AVR","$","M","R","NM","E","T","M","$","E","E","M","R","B",null,"R","$","E","B",null],"character_chosen":"IRONCLAD","items_purchased":["conspire:BottledYoYo","hubris:DeckOfHolding","Gambling Chip","Strawberry"],"campfire_rested":5,"item_purchase_floors":[19,38,45,53],"current_hp_per_floor":[80,80,79,80,80,80,67,57,57,57,57,57,57,59,82,71,79,79,79,62,48,48,36,75,38,38,77,48,44,83,80,80,68,82,63,58,58,58,71,71,73,70,70,94,94,101,117,123,169,155,179,179,186,193,151],"gold":230,"neow_bonus":"","is_daily":false,"chose_seed":false,"campfire_upgraded":6,"win_rate":0.0,"timestamp":1612248072,"path_taken":["M","M","M","M","M","R","E","E","T","E","R","E","?","E","R","BOSS","M","$","M","?","AVR","E","R","NM","T","R","E","E","R","E","R","BOSS","M","M","AVR","$","M","R","NM","E","T","M","$","E","E","M","R","BOSS","R","$","E","BOSS"],"items_purchased_type":["Relic","Relic","Relic","Relic"],"build_version":"2020-12-22","purchased_purges":3,"victory":true,"max_hp_per_floor":[80,80,80,80,80,80,80,80,80,80,80,80,80,82,82,82,82,82,82,82,82,82,82,82,83,83,83,83,83,83,83,83,87,87,87,93,93,93,99,99,105,115,115,144,144,151,163,169,169,175,180,180,187,197,203],"card_choices":[{"not_picked":["Woodsman","Yin","Bloodbath"],"picked":"Singing Bowl","floor":1},{"not_picked":["BigBird","QueenBee"],"picked":"Scorched","floor":1},{"not_picked":["Pommel Strike","Replay:Undeath\u0027s Touch"],"picked":"Shockwave","floor":1},{"not_picked":["BigBadWolf","BlackSwan"],"picked":"UniverseFragment","floor":2},{"not_picked":["hubris:ReadiedAction","Armaments"],"picked":"StuffTheSpire:Slingshot","floor":2},{"not_picked":["BigBadWolf","MeatLantern","OldLady"],"picked":"Singing Bowl","floor":3},{"not_picked":["ReplayReversal","hubris:ReadiedAction"],"picked":"Flame Barrier","floor":3},{"not_picked":["Iron Wave","Entrench"],"picked":"Pommel Strike","floor":4},{"not_picked":["OldLady","FieryBird","CherryBlossoms"],"picked":"Singing Bowl","floor":4},{"not_picked":["BeautyBeast","DespairKnight","Bloodbath"],"picked":"Singing Bowl","floor":5},{"not_picked":["Armaments","Shockwave","Clothesline"],"picked":"SKIP","floor":5},{"not_picked":["WallGazer","Bloodbath","PunishingBird"],"picked":"Singing Bowl","floor":7},{"not_picked":["Clothesline","hubris:ReadiedAction","Clash"],"picked":"SKIP","floor":7},{"not_picked":["MeatLantern","OSAHOGD","WallGazer"],"picked":"Singing Bowl","floor":8},{"not_picked":["Thunderclap","Exhume"],"picked":"Offering","floor":8},{"not_picked":["OSAHOGD","ShyLook","OldLady"],"picked":"Singing Bowl","floor":10},{"not_picked":["Replay:Undeath\u0027s Touch","Seeing Red"],"picked":"Shrug It Off","floor":10},{"not_picked":["PunishingBird","QueenOfHatred","Woodsman"],"picked":"Singing Bowl","floor":12},{"not_picked":["Infernal Blade","ReplayTheSpireMod:Corrosion Curse","Defy Death"],"picked":"SKIP","floor":12},{"not_picked":["Wellcheers","MeatLantern","CherryBlossoms"],"picked":"Singing Bowl","floor":14},{"not_picked":["ReplayTheSpireMod:Limb From Limb","Eclipse"],"picked":"Replay:Undeath\u0027s Touch","floor":14},{"not_picked":["OldLady","SpiderBud","CrumblingArmor"],"picked":"Singing Bowl","floor":16},{"not_picked":["Exhume","Barricade"],"picked":"Brutality","floor":16},{"not_picked":["StuffTheSpire:GnomedCurse","hubris:Compulsion"],"picked":"Decay","floor":17},{"not_picked":["Shame","Hatred"],"picked":"Injury","floor":17},{"not_picked":["hubris:Disease","Hallucinations"],"picked":"Doubt","floor":17},{"not_picked":["StuffTheSpire:Slingshot+1","StuffTheSpire:RockThrow"],"picked":"Battle Trance","floor":18},{"not_picked":["MHz","OldLady","BlackArmy"],"picked":"Singing Bowl","floor":18},{"not_picked":["BlackSwan","CherryBlossoms","HeroicMonk"],"picked":"Singing Bowl","floor":20},{"not_picked":["StuffTheSpire:RagingBull","Armaments+1","True Grit"],"picked":"SKIP","floor":20},{"not_picked":["SingingMachine","CrumblingArmor","DreamingCurrent"],"picked":"Singing Bowl","floor":21},{"not_picked":["Sentinel","Wild Strike"],"picked":"Fire Breathing","floor":21},{"not_picked":["MeatLantern","DreamingCurrent","Porccubus"],"picked":"Singing Bowl","floor":23},{"not_picked":["Body Slam+1","Perfected Strike+1","Sword Boomerang"],"picked":"SKIP","floor":23},{"not_picked":["infinitespire:Starlight","ReplayTheSpireMod:Chaos Vortex"],"picked":"infinitespire:Execution","floor":25},{"not_picked":["Variant","SpiderBud"],"picked":"OSAHOGD","floor":25},{"not_picked":["Dual Wield","Intimidate","Demon Form"],"picked":"SKIP","floor":25},{"not_picked":["NothingThere","SpiderBud","CherryBlossoms"],"picked":"Singing Bowl","floor":28},{"not_picked":["Thunderclap+1","Rage"],"picked":"Hemokinesis","floor":28},{"not_picked":["Woodsman","RedShoes","Variant"],"picked":"Singing Bowl","floor":29},{"not_picked":["Intimidate","Cleave"],"picked":"Battle Trance+1","floor":29},{"not_picked":["LittleHelper","BeautyBeast","Murderer"],"picked":"Singing Bowl","floor":31},{"not_picked":["Shockwave+1","Body Slam","Wild Strike+1"],"picked":"SKIP","floor":31},{"not_picked":["conspire:HitWhereItHurts","Impervious"],"picked":"Feed","floor":33},{"not_picked":["CENSORED","Bloodbath"],"picked":"QueenOfHatred","floor":33},{"not_picked":["Alriune","HappyTeddy","LongBird"],"picked":"Singing Bowl","floor":35},{"not_picked":["Thunderclap+1"],"picked":"SKIP","floor":35},{"not_picked":["BlackArmy","MeltingLove","Mercenary"],"picked":"Singing Bowl","floor":36},{"not_picked":["ReplayReversal"],"picked":"SKIP","floor":36},{"not_picked":["RedShoes","Freischutz","HappyTeddy"],"picked":"Singing Bowl","floor":39},{"not_picked":["Searing Blow+1"],"picked":"SKIP","floor":39},{"not_picked":["RedShoes","GalaxyChild"],"picked":"Mercenary","floor":41},{"not_picked":["Run Through"],"picked":"SKIP","floor":41},{"not_picked":["BeautyBeast","ShyLook","BlackSwan"],"picked":"Singing Bowl","floor":42},{"not_picked":[],"picked":"Replay:Undeath\u0027s Touch","floor":42},{"not_picked":["Scarecrow","Woodsman","NakedNest"],"picked":"Singing Bowl","floor":44},{"not_picked":["StuffTheSpire:RagingBull"],"picked":"SKIP","floor":44},{"not_picked":["FieryBird","LaLuna","ShyLook"],"picked":"Singing Bowl","floor":46},{"not_picked":["Flex+1"],"picked":"SKIP","floor":46},{"not_picked":[],"picked":"Fiend Fire","floor":47},{"not_picked":["LittleHelper","BodiesMountain","CENSORED"],"picked":"Singing Bowl","floor":47},{"not_picked":["Flex"],"picked":"SKIP","floor":47},{"not_picked":["Yin","Variant","DreamingCurrent"],"picked":"Singing Bowl","floor":48},{"not_picked":["ReplayTheSpireMod:Strike From Hell"],"picked":"SKIP","floor":48},{"not_picked":["Variant","SingingMachine","Funeral"],"picked":"Singing Bowl","floor":50},{"not_picked":["NothingThere","LongBird","CENSORED"],"picked":"Singing Bowl","floor":54},{"not_picked":["Hemokinesis+1"],"picked":"SKIP","floor":54},{"not_picked":["Hemokinesis+1"],"picked":"SKIP","floor":54}],"player_experience":1263388,"relics_obtained":[{"floor":7,"key":"infinitespire:EmpoweringShard"},{"floor":8,"key":"Girya"},{"floor":10,"key":"halation:BlackBeret"},{"floor":12,"key":"hubris:MysteriousPyramids"},{"floor":13,"key":"infinitespire:Magic Flask"},{"floor":14,"key":"halation:WeightlessCrab"},{"floor":23,"key":"Pen Nib"},{"floor":25,"key":"halation:SelfBoilingWater"},{"floor":26,"key":"Anchor"},{"floor":28,"key":"halation:PrussianBluePaint"},{"floor":29,"key":"War Paint"},{"floor":31,"key":"Calipers"},{"floor":36,"key":"wanderingMiniBosses:OtherGremlinHorn"},{"floor":41,"key":"hubris:TenFootPole"},{"floor":42,"key":"hubris:Potato"},{"floor":43,"key":"Mercury Hourglass"},{"floor":46,"key":"Nunchaku"},{"floor":47,"key":"conspire:GiftBox"},{"floor":54,"key":"StuffTheSpire:GrapeVine"}],"event_choices":[],"is_beta":false,"boss_relics":[{"not_picked":["energizedSpire:DecayingSkull","Sozu"],"picked":"Replay:Ancient Bell"},{"not_picked":["aspiration:TomeofQuesting","Orichalcum"],"picked":"Regal Pillow"},{"not_picked":["infinitespire:CheckeredPen","Replay:Bottled Steam"],"picked":"Sundial"},{"not_picked":["hubris:Spice","BlackRope"],"picked":"Charon\u0027s Ashes"},{"not_picked":["reliquary:WritOfMandamus","Philosopher\u0027s Stone"],"picked":"Busted Crown"},{"not_picked":["ReplayTheSpireMod:SealedPack","StuffTheSpire:Kangaroo"],"picked":"Tiny House"}],"items_purged_floors":[22,37,38],"is_endless":true,"potions_floor_spawned":[2,4,7,8,10,18,21,23,29,41,42,46,48,50],"ascension_level":5}}