{"host":"3uci9gpt6cwo3y1o","time":1612252877,"event":{"mods":["Aspiration","BaseMod","Energized Spire","Minty Spire (QoL Compilation)","MostiFishMod","Reliquary","RumiaBox-露米娅的神秘盒子","StSLib","TestMod"],"gold_per_floor":[111,124,143,161,176,176,209,209,209,209,226,259,275,300,300,377,377,393,408,678,689,700,726,740,773,823,851,861,861,893,501,501,575,575,595,613,313,313,338,338,364,390,415,427,459,116,130,158,158,158,158,158,158,8,33,33],"floor_reached":57,"language":"ZHS","playtime":2140,"items_purged":["Strike_G","Strike_G","Strike_G","Strike_G"],"score":3338,"play_id":"3b21d252-e770-47fe-9379-6108cf949c67","local_time":"20210202160117","is_ascension_mode":true,"campfire_choices":[{"floor":6.0,"key":"RECALL"},{"data":"Calculated Gamble","floor":8.0,"key":"SMITH"},{"data":"Neutralize","floor":10.0,"key":"SMITH"},{"data":"Footwork","floor":15.0,"key":"SMITH"},{"data":"Tactician","floor":29.0,"key":"SMITH"},{"data":"Tools of the Trade","floor":32.0,"key":"SMITH"},{"data":"MostiFishMod:LethalBlade","floor":40,"key":"SMITH"},{"data":"MostiFishMod:WinterMarkForm","floor":49,"key":"SMITH"},{"data":"Acrobatics","floor":53,"key":"SMITH"}],"circlet_count":0,"master_deck":["AscendersBane","Strike_G","Defend_G","Defend_G","Defend_G","Defend_G","Defend_G","Survivor","Neutralize+1","Dagger Spray","Backflip","Blur","Calculated Gamble+1","Riddle With Holes","Footwork+1","Crippling Poison","After Image","Flash of Steel","MostiFishMod:WinterMarkForm+1","Tactician+1","Acrobatics+1","Backstab+1","Tools of the Trade+1","MostiFishMod:LethalBlade+1","Escape Plan","testmod-SelfRegulatingSystem","Madness","Madness","Prepared+1","Blade Dance+1","Parasite"],"relics":["Ring of the Snake","DaveBox","testmod-TestBox","RhineSuit","testmod-BouquetWithThorns","SynthV:TestCard","testmod-TurbochargingSystem","Mummified Hand","reliquary:PorcupineQuills","aspiration:RitualDagger","SynthV:C4","SecretRecord","reliquary:HotPoker","Strawberry","TheAbacus","reliquary:RedPaperclip","Torii","reliquary:TatteredRug","Oddly Smooth Stone","Regal Pillow","reliquary:RadioactivePellet","aspiration:Lifesprig","Mango","Nunchaku","BionicSphere"],"acts_visited":["Exordium","TheCity","TheBeyond","TheEnding"],"potions_floor_usage":[46,56,56],"damage_taken":[{"damage":1.0,"enemies":"2 Louse","floor":1.0,"turns":2.0},{"damage":0.0,"enemies":"Cultist","floor":2.0,"turns":2.0},{"damage":0.0,"enemies":"Jaw Worm","floor":3.0,"turns":2.0},{"damage":0.0,"enemies":"2 Fungi Beasts","floor":4.0,"turns":1.0},{"damage":0.0,"enemies":"Blue Slaver","floor":5.0,"turns":3.0},{"damage":0.0,"enemies":"Gremlin Nob","floor":7.0,"turns":2.0},{"damage":0.0,"enemies":"Looter","floor":11.0,"turns":2.0},{"damage":0.0,"enemies":"3 Sentries","floor":12.0,"turns":4.0},{"damage":0.0,"enemies":"Red Slaver","floor":13.0,"turns":2.0},{"damage":8.0,"enemies":"Lagavulin","floor":14.0,"turns":4.0},{"damage":0.0,"enemies":"Slime Boss","floor":16.0,"turns":8.0},{"damage":11.0,"enemies":"Shell Parasite","floor":18.0,"turns":2.0},{"damage":17.0,"enemies":"Spheric Guardian","floor":19.0,"turns":3.0},{"damage":19.0,"enemies":"Shelled Parasite and Fungi","floor":21.0,"turns":4.0},{"damage":24.0,"enemies":"Cultist and Chosen","floor":22.0,"turns":3.0},{"damage":15.0,"enemies":"Book of Stabbing","floor":23.0,"turns":4.0},{"damage":14.0,"enemies":"Snake Plant","floor":24.0,"turns":3.0},{"damage":20.0,"enemies":"Slavers","floor":25.0,"turns":3.0},{"damage":9.0,"enemies":"Book of Stabbing","floor":27.0,"turns":3.0},{"damage":9.0,"enemies":"3 Cultists","floor":28.0,"turns":3.0},{"damage":19.0,"enemies":"Slavers","floor":30.0,"turns":3.0},{"damage":23.0,"enemies":"Champ","floor":33.0,"turns":6.0},{"damage":18.0,"enemies":"3 Shapes","floor":35.0,"turns":2.0},{"damage":6.0,"enemies":"Orb Walker","floor":36.0,"turns":2.0},{"damage":12,"enemies":"Mind Bloom Boss Battle","floor":39,"turns":4},{"damage":9,"enemies":"Reptomancer","floor":42,"turns":3},{"damage":3,"enemies":"Sphere and 2 Shapes","floor":44,"turns":1},{"damage":15,"enemies":"Giant Head","floor":45,"turns":5},{"damage":9,"enemies":"Writhing Mass","floor":47,"turns":3},{"damage":10,"enemies":"Nemesis","floor":48,"turns":3},{"damage":26,"enemies":"Donu and Deca","floor":50,"turns":6},{"damage":36,"enemies":"Awakened One","floor":51,"turns":5},{"damage":85,"enemies":"Shield and Spear","floor":55,"turns":4},{"damage":52,"enemies":"The Heart","floor":56,"turns":5}],"seed_played":"-5218990388027462920","potions_obtained":[{"floor":1.0,"key":"PowerPotion"},{"floor":5.0,"key":"Explosive Potion"},{"floor":7.0,"key":"Poison Potion"},{"floor":13.0,"key":"Block Potion"},{"floor":14.0,"key":"EntropicBrew"},{"floor":30.0,"key":"AttackPotion"},{"floor":36.0,"key":"testmod-SpacePotion"},{"floor":39,"key":"Weak Potion"},{"floor":45,"key":"SkillPotion"},{"floor":47,"key":"PowerPotion"},{"floor":55,"key":"testmod-TestPotion"}],"is_trial":false,"path_per_floor":["M","M","M","M","M","R","E","R","T","R","M","E","M","E","R","B",null,"M","M","?","M","M","E","M","E","T","E","M","R","E","$","R","B",null,"M","M","$","?","?","R","T","E","T","M","E","$","M","E","R","B","B",null,"R","$","E","B",null],"character_chosen":"THE_SILENT","items_purchased":["Strawberry","TheAbacus","testmod-SelfRegulatingSystem","aspiration:Lifesprig","Mango"],"campfire_rested":0,"item_purchase_floors":[31,31,37,46,46],"current_hp_per_floor":[64,64,64,64,64,64,64,64,64,64,64,64,64,56,56,56,68,57,40,7,71,60,64,60,55,55,61,64,64,60,67,67,78,79,70,71,71,57,66,66,66,78,78,79,79,93,93,93,93,93,93,93,93,93,31,62],"gold":33,"neow_bonus":"TEN_PERCENT_HP_BONUS","is_daily":false,"chose_seed":false,"campfire_upgraded":8,"win_rate":0.0,"timestamp":1612252877,"path_taken":["M","M","M","M","M","R","E","R","T","R","M","E","M","E","R","BOSS","M","M","?","M","M","E","M","E","T","E","?","R","E","?","R","BOSS","M","M","$","?","?","R","?","E","T","M","E","?","?","E","R","BOSS","BOSS","R","$","E","BOSS"],"items_purchased_type":["Relic","Relic","Card","Relic","Relic"],"build_version":"2020-12-22","purchased_purges":4,"victory":true,"max_hp_per_floor":[72,72,72,72,72,72,72,72,72,72,72,72,72,72,72,72,72,72,72,72,72,72,72,72,72,72,72,72,72,72,79,79,79,79,79,79,79,79,79,79,79,79,79,79,79,93,93,93,93,93,93,93,93,93,93,93],"card_choices":[{"not_picked":["Setup","Cloak And Dagger","Deflect"],"picked":"SKIP","floor":1.0},{"not_picked":["Dodge and Roll","Eviscerate","MostiFishMod:FrostNova","MostiFishMod:PerfectParry"],"picked":"Dagger Spray","floor":2.0},{"not_picked":["Blade Dance","Leg Sweep","Prepared","Setup","Dagger Throw"],"picked":"SKIP","floor":3.0},{"not_picked":["Noxious Fumes","Deflect","Underhanded Strike","Unload"],"picked":"Backflip","floor":4.0},{"not_picked":["Setup","PiercingWail","Finisher","Accuracy"],"picked":"Blur","floor":5.0},{"not_picked":["Poisoned Stab","Accuracy","Endless Agony","Dagger Spray"],"picked":"Calculated Gamble","floor":7.0},{"not_picked":["Dodge and Roll","Prepared","MostiFishMod:VineMother","Wraith Form v2","Blade Dance"],"picked":"SKIP","floor":11.0},{"not_picked":["Deadly Poison","Footwork","MostiFishMod:VineMother","Bane"],"picked":"Riddle With Holes","floor":12.0},{"not_picked":["Concentrate","MostiFishMod:FrostNova","Accuracy","MostiFishMod:PreservedThorns"],"picked":"Footwork","floor":13.0},{"not_picked":["Crippling Poison","Deadly Poison","Choke","Cloak And Dagger","A Thousand Cuts"],"picked":"SKIP","floor":14.0},{"not_picked":["Deadly Poison","Choke","Cloak And Dagger","A Thousand Cuts"],"picked":"Crippling Poison","floor":14.0},{"not_picked":["MostiFishMod:GrandStart","aspiration:Lunge","MostiFishMod:Neurotoxin","Night Terror"],"picked":"After Image","floor":16.0},{"not_picked":["Accuracy","Dagger Throw","Prepared","Flying Knee","Underhanded Strike"],"picked":"SKIP","floor":18.0},{"not_picked":["PiercingWail","Flying Knee","Finisher","Cloak And Dagger","Dagger Spray+1"],"picked":"SKIP","floor":19.0},{"not_picked":["Bane","MostiFishMod:PoisonShield","Underhanded Strike","Dagger Throw"],"picked":"MostiFishMod:WinterMarkForm","floor":21.0},{"not_picked":["Underhanded Strike+1","Dagger Spray+1","Quick Slash","Deadly Poison"],"picked":"Tactician","floor":22.0},{"not_picked":["Flying Knee","Quick Slash","Sucker Punch+1","Leg Sweep+1","Deadly Poison"],"picked":"SKIP","floor":23.0},{"not_picked":["Cloak And Dagger","Blade Dance","Underhanded Strike","Masterful Stab"],"picked":"Acrobatics","floor":24.0},{"not_picked":["MostiFishMod:PerfectParry","Catalyst","Endless Agony","Dagger Spray+1"],"picked":"Backstab+1","floor":25.0},{"not_picked":["Deflect","MostiFishMod:Neurotoxin","Crippling Poison","Flechettes"],"picked":"Tools of the Trade","floor":27.0},{"not_picked":["MostiFishMod:PerfectParry+1","Dodge and Roll","Backflip+1","Deflect","Leg Sweep"],"picked":"SKIP","floor":28.0},{"not_picked":["PiercingWail","MostiFishMod:ThornCasing","Prepared","Poisoned Stab","MostiFishMod:FrostNova"],"picked":"SKIP","floor":30.0},{"not_picked":["Unload","A Thousand Cuts","MostiFishMod:Confrontation","Malaise"],"picked":"MostiFishMod:LethalBlade","floor":33.0},{"not_picked":["Dagger Spray+1","Deflect","Deadly Poison+1","Infinite Blades+1","Expertise"],"picked":"SKIP","floor":35.0},{"not_picked":["Underhanded Strike","Sucker Punch+1","Noxious Fumes","Flying Knee"],"picked":"Escape Plan","floor":36.0},{"not_picked":["Bouncing Flask","Blade Dance","A Thousand Cuts","Flechettes"],"picked":"Prepared+1","floor":39},{"not_picked":["Backflip","MostiFishMod:ThornCasing","Flying Knee","Prepared","Blade Dance"],"picked":"SKIP","floor":42},{"not_picked":["MostiFishMod:PoisonShield","Distraction","Night Terror","Footwork"],"picked":"Blade Dance+1","floor":44},{"not_picked":["Leg Sweep","Outmaneuver","Dodge and Roll","MostiFishMod:PerfectParry+1","Riddle With Holes+1"],"picked":"SKIP","floor":45},{"not_picked":["Bane+1","Dodge and Roll","Backflip","MostiFishMod:PerfectParry","Deflect"],"picked":"SKIP","floor":47},{"not_picked":["Backflip","Slice","All Out Attack","Dash","Caltrops"],"picked":"SKIP","floor":48},{"not_picked":["Riddle With Holes","Dagger Spray","MostiFishMod:InvigoratingSolution","Flechettes+1","Endless Agony+1"],"picked":"SKIP","floor":55}],"player_experience":903215,"relics_obtained":[{"floor":1.0,"key":"SynthV:TestCard"},{"floor":7.0,"key":"testmod-TurbochargingSystem"},{"floor":12.0,"key":"Mummified Hand"},{"floor":14.0,"key":"reliquary:PorcupineQuills"},{"floor":23.0,"key":"ZombieArmy"},{"floor":25.0,"key":"SynthV:C4"},{"floor":26.0,"key":"reliquary:RosewoodLute"},{"floor":27.0,"key":"SecretRecord"},{"floor":30.0,"key":"reliquary:HotPoker"},{"floor":39,"key":"Torii"},{"floor":41,"key":"reliquary:TatteredRug"},{"floor":42,"key":"Oddly Smooth Stone"},{"floor":43,"key":"Regal Pillow"},{"floor":45,"key":"reliquary:RadioactivePellet"},{"floor":48,"key":"Nunchaku"},{"floor":55,"key":"BionicSphere"}],"event_choices":[{"damage_healed":0.0,"max_hp_gain":0.0,"max_hp_loss":0.0,"gold_gain":270.0,"event_name":"Knowing Skull","player_choice":"CARD GOLD GOLD GOLD ","floor":20.0,"potions_obtained":[],"gold_loss":0.0,"damage_taken":33.0,"cards_obtained":["Flash of Steel"]},{"damage_healed":0,"gold_gain":0,"player_choice":"Embrace Madness","damage_taken":14,"max_hp_gain":0,"max_hp_loss":0,"event_name":"Winding Halls","floor":38,"gold_loss":0,"cards_obtained":["Madness","Madness"]},{"damage_healed":0,"gold_gain":0,"player_choice":"Fight","damage_taken":0,"max_hp_gain":0,"max_hp_loss":0,"event_name":"MindBloom","floor":39,"gold_loss":0}],"is_beta":false,"boss_relics":[{"not_picked":["energizedSpire:DeadBattery","energizedSpire:SpiderWeb"],"picked":"aspiration:RitualDagger"},{"not_picked":["aspiration:PoetsPen","PatriotShield"],"picked":"reliquary:RedPaperclip"}],"items_purged_floors":[31,37,46,54],"is_endless":false,"potions_floor_spawned":[1,5,7,13,14,16,24,27,30,33,36,39,45,47,55],"ascension_level":20}}