{"host":"jhywql2x2v3ppvhm","time":1612286383,"event":{"mods":["BaseMod","Colored Map","Colored Powertips","Downfall","Googly Eyes","Hermit","Marisa????????","Minty Spire (QoL Compilation)","Rare Cards Sparkle","Shop Mod","Slay the Relics Exporter","StSLib","The Animator","The Bug Knight","The Cursed","The Disciple","The Necromancer","The Runesmith","The Servant 0.9.4","slay the spire mod where everything is the same but ironclad has a cowboy hat"],"gold_per_floor":[99,117,133,233,251,251,324,324,358,375,375,117,144,144,162,258,258,258,276,276,37,51,51,75,75,75,100,120,20,47,47,58,156,156,156,175,53,68,18,52,52,52,236,256,287,87,97,97,117,117,117,148,21,21,21,21,21],"floor_reached":55,"language":"ENG","playtime":2352,"items_purged":["Slimebound:Defend_Slimebound","Slimebound:Tackle","Slimebound:Defend_Slimebound","Slimebound:Defend_Slimebound","Slimebound:Strike_Slimebound"],"score":776,"play_id":"168a6802-ad3b-445f-8856-b1ca4760b27d","local_time":"20210202121943","is_ascension_mode":false,"campfire_choices":[{"data":"Slimebound:CorrosiveSpit","floor":1,"key":"SMITH"},{"data":"Slimebound:Gluttony","floor":6,"key":"SMITH"},{"data":"Slimebound:Schlurp","floor":11,"key":"SMITH"},{"floor":18,"key":"RECALL"},{"data":"Slimebound:TongueLash","floor":23,"key":"SMITH"},{"data":"Slimebound:DouseInSlime","floor":29,"key":"SMITH"},{"data":"Slimebound:SamplingLick","floor":35,"key":"SMITH"},{"data":"Slimebound:Schlurp","floor":42,"key":"SMITH"},{"data":"Slimebound:LeechEnergy","floor":46,"key":"SMITH"},{"floor":54,"key":"REST"}],"circlet_count":0,"master_deck":["Slimebound:Strike_Slimebound+1","Slimebound:Defend_Slimebound+1","Slimebound:Split","Slimebound:CorrosiveSpit+1","Slimebound:Gluttony+1","Slimebound:Equalize+1","Slimebound:Schlurp+1","Slimebound:HauntingLick+1","Slimebound:AcidTongue+1","Slimebound:GoopSpray+1","Slimebound:OozeBath","Slimebound:Schlurp+1","RitualDagger","Slimebound:SamplingLick+1","Slimebound:TongueLash+1","Slimebound:DouseInSlime+1","Slimebound:HauntingLick+1","Slimebound:RejuvenatingLick+1","Slimebound:Schlurp+1","Slimebound:TongueLash","Slimebound:TongueLash+1","Slimebound:RejuvenatingLick+1","Slimebound:LeechEnergy"],"relics":["Slimebound:AbsorbEndCombatUpgraded","Matryoshka","Juzu Bracelet","Mercury Hourglass","Philosopher\u0027s Stone","Membership Card","Smiling Mask","Happy Flower","sneckomod:BabySnecko","Letter Opener","HornCleat","MerchantsRug","downfall:HeartBlessingRed","Anchor","Whetstone","Lantern","Oddly Smooth Stone","downfall:HeartBlessingBlue","downfall:HeartBlessingGreen","HollowMod:PaleOreRelic","War Paint"],"acts_visited":["Exordium","TheCity","TheBeyond","TheEnding"],"potions_floor_usage":[9,9,16,28,50,50,50],"damage_taken":[{"damage":0,"enemies":"2 Louse","floor":2,"turns":2},{"damage":3,"enemies":"Cultist","floor":3,"turns":3},{"damage":2,"enemies":"Jaw Worm","floor":5,"turns":4},{"damage":16,"enemies":"Gremlin Nob","floor":9,"turns":4},{"damage":14,"enemies":"Exordium Thugs","floor":10,"turns":6},{"damage":4,"enemies":"downfall:FleeingMerchant","floor":12,"turns":4},{"damage":9,"enemies":"HollowMod:MossKnight","floor":13,"turns":7},{"damage":11,"enemies":"Exordium Wildlife","floor":15,"turns":3},{"damage":50,"enemies":"DF_ARCHETYPE_STREAMLINE","floor":16,"turns":11},{"damage":0,"enemies":"Spheric Guardian","floor":19,"turns":3},{"damage":12,"enemies":"downfall:FleeingMerchant","floor":21,"turns":4},{"damage":16,"enemies":"Shell Parasite","floor":22,"turns":4},{"damage":17,"enemies":"Gremlin Leader","floor":27,"turns":4},{"damage":10,"enemies":"downfall:FleeingMerchant","floor":28,"turns":4},{"damage":0,"enemies":"Chosen and Byrds","floor":32,"turns":2},{"damage":20,"enemies":"SI_MIRROR_ARCHETYPE","floor":33,"turns":7},{"damage":0,"enemies":"Orb Walker","floor":36,"turns":2},{"damage":0,"enemies":"3 Darklings","floor":38,"turns":2},{"damage":0,"enemies":"Giant Head","floor":40,"turns":5},{"damage":1,"enemies":"Jaw Worm Horde","floor":44,"turns":3},{"damage":33,"enemies":"Nemesis","floor":45,"turns":5},{"damage":0,"enemies":"3 Darklings","floor":47,"turns":2},{"damage":7,"enemies":"Spire Growth","floor":49,"turns":3},{"damage":26,"enemies":"IC_BLOCK_ARCHETYPE","floor":50,"turns":5},{"damage":78,"enemies":"downfall:CharBossMerchant","floor":52,"turns":6},{"damage":56,"enemies":"downfall:NeowBoss","floor":55,"turns":4}],"seed_played":"4399524535623164202","potions_obtained":[{"floor":2,"key":"EssenceOfSteel"},{"floor":5,"key":"Fire Potion"},{"floor":9,"key":"Swift Potion"},{"floor":15,"key":"sneckomod:MuddlingPotion"},{"floor":19,"key":"LiquidBronze"},{"floor":25,"key":"Fire Potion"},{"floor":25,"key":"Weak Potion"},{"floor":33,"key":"FearPotion"},{"floor":45,"key":"SteroidPotion"},{"floor":47,"key":"GamblersBrew"},{"floor":49,"key":"champ:CounterPotion"}],"is_trial":false,"path_per_floor":["R","M","M","?","M","R","T","?","E","M","R","$","E","?","M","B",null,"R","M","?","$","M","R","T","?","?","E","$","R","T","?","M","B",null,"R","M","$","M","$","E","T","R","$","M","E","R","M","?","M","B",null,"E","$","R","B"],"character_chosen":"SLIMEBOUND","items_purchased":["Slimebound:HauntingLick","Juzu Bracelet","Slimebound:TongueLash","Membership Card","Slimebound:Schlurp","HornCleat","Slimebound:PreparedRelic","MerchantsRug","Lantern","War Paint"],"campfire_rested":1,"item_purchase_floors":[12,12,21,21,28,28,28,28,37,53],"current_hp_per_floor":[65,65,65,65,65,65,65,65,53,55,55,65,57,57,48,14,65,65,65,59,62,51,51,51,51,51,50,56,56,56,56,65,61,65,65,65,65,65,65,65,65,65,65,65,41,51,72,72,74,70,75,15,15,37,0,0,0],"gold":21,"neow_bonus":"RANDOM_COMMON_RELIC","is_daily":false,"chose_seed":false,"campfire_upgraded":8,"win_rate":0.0,"timestamp":1612286383,"path_taken":["R","M","M","?","M","R","T","?","E","?","R","$","E","?","M","BOSS","R","M","?","$","M","R","T","?","?","E","$","R","?","?","M","BOSS","R","M","$","M","$","E","T","R","?","M","E","R","M","?","M","BOSS","E","$","R","BOSS"],"items_purchased_type":["Card","Relic","Card","Relic","Card","Relic","Relic","Relic","Relic","Relic"],"build_version":"2020-12-22","purchased_purges":5,"victory":false,"max_hp_per_floor":[65,65,65,65,65,65,65,65,65,65,65,65,65,65,65,65,65,65,65,65,65,65,65,65,65,65,65,65,65,65,65,65,65,65,65,65,65,65,65,65,65,65,65,65,65,75,75,75,75,75,75,75,75,75,75,75,75],"card_choices":[{"not_picked":["Slimebound:ProtectTheBoss","Slimebound:SplitMire"],"picked":"Slimebound:Gluttony","floor":2},{"not_picked":["Slimebound:FlameTackle","Slimebound:Replication","Slimebound:Recollect"],"picked":"SKIP","floor":3},{"not_picked":["Slimebound:ComboTackle","Slimebound:FlameTackle"],"picked":"Slimebound:Equalize","floor":5},{"not_picked":["Slimebound:TagTeam","Slimebound:ProtectTheBoss","Slimebound:Prepare"],"picked":"SKIP","floor":9},{"not_picked":["Slimebound:HauntingLick","Slimebound:RollThrough"],"picked":"Slimebound:Schlurp","floor":10},{"not_picked":["Slimebound:LivingWall","Slimebound:RollThrough"],"picked":"Slimebound:LeechEnergy","floor":12},{"not_picked":["Slimebound:Dissolve","Slimebound:SplitBruiser"],"picked":"Slimebound:AcidTongue","floor":13},{"not_picked":["Slimebound:Chomp","Slimebound:BestDefense"],"picked":"Slimebound:GoopSpray","floor":15},{"not_picked":["Slimebound:SlimeSlap","Slimebound:DouseInSlime"],"picked":"Slimebound:OozeBath","floor":16},{"not_picked":["Slimebound:RollThrough","Slimebound:ComboTackle+1"],"picked":"Slimebound:Schlurp","floor":19},{"not_picked":["Slimebound:ItLooksTasty","Slimebound:SplitAcid"],"picked":"Slimebound:SamplingLick","floor":21},{"not_picked":["Slimebound:SplitBruiser","Slimebound:RollThrough"],"picked":"Slimebound:DouseInSlime","floor":22},{"not_picked":["Slimebound:Prepare","Slimebound:GrowthPunch"],"picked":"Slimebound:HauntingLick+1","floor":27},{"not_picked":["Slimebound:SplitMire","Slimebound:FinishingTackle"],"picked":"Slimebound:RejuvenatingLick+1","floor":28},{"not_picked":["Slimebound:FinishingTackle","Slimebound:OneTwoCombo"],"picked":"Slimebound:TongueLash","floor":32},{"not_picked":["Slimebound:SplitSpecialist","Slimebound:SplitLeeching+1","Slimebound:Replication"],"picked":"SKIP","floor":36},{"not_picked":["Slimebound:LeechEnergy","Slimebound:GoopTackle+1","Slimebound:ProtectTheBoss+1"],"picked":"SKIP","floor":38},{"not_picked":["Slimebound:CheckThePlaybook","Slimebound:ViciousTackle","Slimebound:GoopTackle+1"],"picked":"SKIP","floor":40},{"not_picked":["Slimebound:LeechingTouch+1","Slimebound:FlameTackle"],"picked":"Slimebound:TongueLash+1","floor":44},{"not_picked":["Slimebound:AcidTongue+1","Slimebound:SlimeSpikes+1"],"picked":"Slimebound:RejuvenatingLick+1","floor":45},{"not_picked":["Slimebound:SlimeSpikes","Slimebound:Prepare","Slimebound:FinishingTackle"],"picked":"SKIP","floor":47},{"not_picked":["Slimebound:SplitLeeching+1","Slimebound:GoopSpray"],"picked":"Slimebound:LeechEnergy","floor":49},{"not_picked":["Slimebound:RollThrough","Slimebound:RallyTheTroops","Slimebound:RejuvenatingLick"],"picked":"SKIP","floor":52}],"player_experience":203357,"relics_obtained":[{"floor":7,"key":"Matryoshka"},{"floor":9,"key":"Omamori"},{"floor":13,"key":"Mercury Hourglass"},{"floor":24,"key":"Smiling Mask"},{"floor":24,"key":"Happy Flower"},{"floor":27,"key":"Letter Opener"},{"floor":30,"key":"Anchor"},{"floor":30,"key":"Whetstone"},{"floor":40,"key":"Mummified Hand"},{"floor":45,"key":"Oddly Smooth Stone"},{"floor":52,"key":"HollowMod:PaleOreRelic"}],"event_choices":[{"damage_healed":0,"gold_gain":0,"player_choice":"Got Potions","damage_taken":0,"max_hp_gain":0,"max_hp_loss":0,"event_name":"Lab","floor":25,"gold_loss":0},{"cards_removed":["Slimebound:Strike_Slimebound"],"damage_healed":0,"gold_gain":0,"player_choice":"Offered Basic","damage_taken":0,"max_hp_gain":0,"max_hp_loss":0,"event_name":"Bonfire Elementals","floor":31,"gold_loss":0},{"cards_removed":["Slimebound:LeechEnergy"],"damage_healed":0,"gold_gain":0,"player_choice":"Removed Attack","damage_taken":0,"max_hp_gain":0,"max_hp_loss":0,"event_name":"Falling","floor":48,"gold_loss":0}],"is_beta":false,"boss_relics":[{"not_picked":["Busted Crown","Snecko Eye"],"picked":"Philosopher\u0027s Stone"},{"not_picked":["SlaversCollar","Calling Bell"],"picked":"Slimebound:AbsorbEndCombatUpgraded"}],"items_purged_floors":[12,28,37,39,53],"is_endless":false,"potions_floor_spawned":[2,5,9,15,19,33,45,47,49],"killed_by":"downfall:NeowBoss","ascension_level":0}}