{"host":"v0byp44r5syn346h","time":1612230261,"event":{"mods":["2.2 Compatiblity","AchievementEnabler","Act Like it!","AlwaysNeverKeys","Aspiration","BaseMod","Bestiary","Better Altar","Better Match","Better Note","Better Sensory Stone","Better Skull","Better Third Choice","Better Vampires","BetterRewards","Card Filter","Colored Map","Colored Powertips","Conspire","Defuse TimeMaze Blight","Displayed Cursed Tome","Downfall","Friendly Minions","Gremlin Skip","Halation","Hallownest","Highlight Path","Hubris","Infinite Spire","Minty Spire (QoL Compilation)","Monster B Gone","Pale of the Ancients","Quarter Circle Forward PUNCH!","Quick Restart","Random Character Button","Rare Cards Sparkle","Relic Filter","Relic Stats","Reliquary","Reorder Act Four","Replay The Spire","Reworked Bosses","Shop Mod","Spicy Shops","Spikes Relics","StSLib","SuperFastMode","The Blue Laboratory","The Construct","Thieving Mod","Trackpad","Unknown Chances","egg"],"gold_per_floor":[118,148,168,98,112,137,148,424,449,334,351,351,276,303,303,381,381,397,397,459,474,224,250,250,250,275,307,337,29,29,43,43,43,43],"floor_reached":33,"language":"ENG","playtime":1049,"items_purged":["Strike_P","Strike_P","Strike_P","Defend_P"],"score":896,"play_id":"782dd9c0-0a67-4f66-96a6-b23140f1c60f","local_time":"20210202024421","is_ascension_mode":true,"campfire_choices":[{"floor":12,"key":"REST"},{"data":"FearNoEvil","floor":15,"key":"SMITH"},{"floor":24,"key":"REST"},{"floor":30,"key":"REST"},{"data":"Halt","floor":32,"key":"SMITH"}],"circlet_count":0,"master_deck":["AscendersBane","Defend_P+1","Eruption+1","FearNoEvil+1","WindmillStrike+1","EmptyFist+1","FearNoEvil+1","ThirdEye+1","CutThroughFate+1","Judgement+1","Omniscience+1","ReplayTheSpireMod:Speed Training","Omniscience","Halt+1","hubris:DuctTapeCard"],"relics":["PureWater","champ:DuelingGlove","Guide Book","Juzu Bracelet","Durian","champ:DeflectingBracers","conspire:Boomerang","BargainBundle","Chemical X","reliquary:SilkGlove","StrikeDummy","hubris:Backtick","hubris:TenFootPole","construct:RocketBooster","reliquary:FeatherDuster","Hallownest:StagBellRelic1","Incense Burner","Pet Ghost","sneckomod:BlankCard","Odd Mushroom","Hallownest:BankAccountRelic","trackpad:Mousetrap","trackpad:Coffee","Boot","Hallownest:UnbreakableCardRelic","qcfpunch:Red_Beret","halation:PrussianBluePaint","Lantern","trackpad:PetRock","PreservedInsect","Replay:Ringing Soul","qcfpunch:Broken_Tusk","halation:Komachan","hubris:DuctTape"],"acts_visited":["Exordium","Hallownest:Greenpath"],"potions_floor_usage":[7,33],"damage_taken":[{"damage":5,"enemies":"Hallownest:2_Tiktiks_and_1_Crawlid","floor":1,"turns":2},{"damage":0,"enemies":"Hallownest:eliteMossKnight","floor":2,"turns":4},{"damage":0,"enemies":"Hallownest:2_MossCreeps","floor":3,"turns":3},{"damage":0,"enemies":"Hallownest:monsterHuskWarrior","floor":5,"turns":2},{"damage":0,"enemies":"Hallownest:eliteVengeflyKing","floor":6,"turns":2},{"damage":0,"enemies":"Hallownest:MossCreep_and_Mosskin","floor":7,"turns":4},{"damage":0,"enemies":"Hallownest:2_Tiktiks_1_Baldur_1_Crawlid","floor":11,"turns":2},{"damage":22,"enemies":"Hallownest:BossHornet","floor":16,"turns":6},{"damage":5,"enemies":"Hallownest:3_Youths","floor":18,"turns":3},{"damage":15,"enemies":"Hallownest:Guard_and_Sentry","floor":21,"turns":2},{"damage":11,"enemies":"Hallownest:eliteSoulWarrior","floor":23,"turns":4},{"damage":0,"enemies":"Hallownest:eliteWatcherKnight","floor":27,"turns":6},{"damage":8,"enemies":"conspire:MimicChest","floor":28,"turns":4},{"damage":0,"enemies":"Hallownest:2_Husk_Sentries","floor":31,"turns":1},{"damage":38,"enemies":"Hallownest:BossMantisLord","floor":33,"turns":2}],"seed_played":"-942843625634192471","potions_obtained":[{"floor":5,"key":"blueLaboratory:FruitPunch"},{"floor":18,"key":"LiquidMemories"}],"is_trial":false,"path_per_floor":["M","?","M","?","M","E","M","?","T","?","M","R","?","T","R","B",null,"M","?","?","M","?","E","R","?","T","E","?","$","R","M","R","B"],"character_chosen":"WATCHER","items_purchased":["champ:DuelingGlove","FearNoEvil","WindmillStrike","Guide Book","Juzu Bracelet","EmptyFist+1","champ:DeflectingBracers","FearNoEvil","BargainBundle","Chemical X","reliquary:SilkGlove","StrikeDummy","ThirdEye","hubris:Backtick","Energy Potion","halation:Komachan","Halt","hubris:DuctTape"],"campfire_rested":3,"item_purchase_floors":[0,0,0,0,0,0,0,0,0,0,0,0,0,0,0,29,29,29],"current_hp_per_floor":[52,52,52,52,52,52,54,9,9,9,9,31,31,31,31,9,59,54,54,39,24,24,13,35,10,10,13,5,8,32,32,32,0,0],"gold":43,"neow_bonus":"","is_daily":false,"chose_seed":false,"campfire_upgraded":2,"win_rate":0.0,"timestamp":1612230261,"path_taken":["M","?","M","?","M","E","M","?","T","?","M","R","?","?","R","BOSS","M","?","?","M","?","E","R","?","T","E","?","?","R","M","R","BOSS"],"items_purchased_type":["Relic","Card","Card","Relic","Relic","Card","Relic","Card","Relic","Relic","Relic","Relic","Card","Relic","Potion","Relic","Card","Relic"],"build_version":"2020-12-22","purchased_purges":4,"victory":false,"max_hp_per_floor":[73,73,73,73,73,73,75,75,75,75,75,75,75,75,75,75,75,75,75,75,75,75,75,75,75,75,78,78,81,81,81,81,81,81],"relic_stats":{"counters":[28,123],"PreservedInsect":30,"Juzu Bracelet":3,"Chemical X":[1],"Boot":[11],"obtain_stats":[{"champ:DuelingGlove":0,"reliquary:FeatherDuster":2,"trackpad:Mousetrap":14,"Hallownest:StagBellRelic1":4,"Lantern":25,"reliquary:SilkGlove":0,"sneckomod:BlankCard":9,"Hallownest:UnbreakableCardRelic":22,"trackpad:PetRock":25,"Juzu Bracelet":0,"Incense Burner":6,"halation:Komachan":29,"qcfpunch:Red_Beret":23,"AdjustmentMirror":10,"Boot":20,"Pet Ghost":14,"qcfpunch:Wild_Herbs_Ointment":11,"trackpad:Coffee":17,"Replay:Ringing Soul":27,"CogitoBucket":0,"hubris:Backtick":0,"halation:PrussianBluePaint":25,"Chemical X":0,"trackpad:GuardianSpirit":2,"Gremlin Food":6,"Lee\u0027s Waffle":7,"BargainBundle":0,"construct:RocketBooster":0,"hubris:DuctTape":29,"Guide Book":0,"ReplayTheSpireMod:SealedPack":17,"champ:DeflectingBracers":0,"PreservedInsect":26,"conspire:Boomerang":0,"Odd Mushroom":10,"hubris:Zylophone":9,"qcfpunch:Broken_Tusk":28,"Hallownest:BankAccountRelic":13,"Durian":0,"hubris:TenFootPole":0,"PureWater":0,"StrikeDummy":0},{"champ:DuelingGlove":13,"reliquary:FeatherDuster":15,"trackpad:Mousetrap":20,"Hallownest:StagBellRelic1":16,"Lantern":24,"reliquary:SilkGlove":13,"sneckomod:BlankCard":19,"Hallownest:UnbreakableCardRelic":23,"trackpad:PetRock":24,"Juzu Bracelet":13,"Incense Burner":18,"halation:Komachan":26,"qcfpunch:Red_Beret":24,"AdjustmentMirror":7,"Boot":22,"Pet Ghost":10,"qcfpunch:Wild_Herbs_Ointment":8,"trackpad:Coffee":21,"Replay:Ringing Soul":25,"CogitoBucket":0,"hubris:Backtick":13,"halation:PrussianBluePaint":24,"Chemical X":13,"trackpad:GuardianSpirit":2,"Gremlin Food":5,"Lee\u0027s Waffle":5,"BargainBundle":13,"construct:RocketBooster":13,"hubris:DuctTape":26,"Guide Book":13,"ReplayTheSpireMod:SealedPack":11,"champ:DeflectingBracers":13,"PreservedInsect":24,"conspire:Boomerang":13,"Odd Mushroom":19,"hubris:Zylophone":5,"qcfpunch:Broken_Tusk":26,"Hallownest:BankAccountRelic":20,"Durian":13,"hubris:TenFootPole":13,"PureWater":0,"StrikeDummy":13},{"champ:DuelingGlove":76,"reliquary:FeatherDuster":82,"trackpad:Mousetrap":95,"Hallownest:StagBellRelic1":85,"Lantern":110,"reliquary:SilkGlove":76,"sneckomod:BlankCard":93,"Hallownest:UnbreakableCardRelic":106,"trackpad:PetRock":110,"Juzu Bracelet":76,"Incense Burner":89,"halation:Komachan":120,"qcfpunch:Red_Beret":110,"AdjustmentMirror":33,"Boot":104,"Pet Ghost":62,"qcfpunch:Wild_Herbs_Ointment":40,"trackpad:Coffee":101,"Replay:Ringing Soul":116,"CogitoBucket":0,"hubris:Backtick":76,"halation:PrussianBluePaint":110,"Chemical X":76,"trackpad:GuardianSpirit":8,"Gremlin Food":23,"Lee\u0027s Waffle":23,"BargainBundle":76,"construct:RocketBooster":76,"hubris:DuctTape":120,"Guide Book":76,"ReplayTheSpireMod:SealedPack":73,"champ:DeflectingBracers":76,"PreservedInsect":110,"conspire:Boomerang":76,"Odd Mushroom":93,"hubris:Zylophone":23,"qcfpunch:Broken_Tusk":120,"Hallownest:BankAccountRelic":95,"Durian":76,"hubris:TenFootPole":76,"PureWater":0,"StrikeDummy":76}]},"card_choices":[{"not_picked":["ClearTheMind","JustLucky"],"picked":"CutThroughFate","floor":1},{"not_picked":["Replay:AtTheReady","BowlingBash","Prostrate"],"picked":"SKIP","floor":2},{"not_picked":["Replay:AtTheReady","BowlingBash","Prostrate"],"picked":"SKIP","floor":2},{"not_picked":["Replay:BluntJabs","Fasting2","Prostrate"],"picked":"SKIP","floor":3},{"not_picked":["Replay:AtTheReady","ClearTheMind","Evaluate"],"picked":"SKIP","floor":5},{"not_picked":["CutThroughFate","FlyingSleeves"],"picked":"Judgement","floor":6},{"not_picked":["WheelKick","SashWhip","EmptyFist"],"picked":"SKIP","floor":7},{"not_picked":["Worship","PathToVictory","FollowUp"],"picked":"SKIP","floor":11},{"not_picked":["SpiritShield","Brilliance"],"picked":"Omniscience","floor":16},{"not_picked":["EmptyFist","Pray","BowlingBash"],"picked":"SKIP","floor":18},{"not_picked":["Replay:BluntJabs","ThirdEye","Evaluate"],"picked":"SKIP","floor":21},{"not_picked":["Perseverance","Worship"],"picked":"Omniscience","floor":23},{"not_picked":["Halt","BattleHymn+1"],"picked":"FlyingSleeves","floor":27},{"not_picked":["Halt","EmptyBody","FollowUp"],"picked":"SKIP","floor":31}],"player_experience":863741,"relics_obtained":[{"floor":2,"key":"reliquary:FeatherDuster"},{"floor":6,"key":"Incense Burner"},{"floor":9,"key":"sneckomod:BlankCard"},{"floor":14,"key":"trackpad:Mousetrap"},{"floor":20,"key":"Boot"},{"floor":23,"key":"qcfpunch:Red_Beret"},{"floor":26,"key":"PreservedInsect"},{"floor":27,"key":"Replay:Ringing Soul"},{"floor":28,"key":"qcfpunch:Broken_Tusk"}],"event_choices":[{"damage_healed":0,"gold_gain":276,"player_choice":"GO GO GO UP UP UP UP RE ","damage_taken":106,"relics_obtained":["Pet Ghost"],"max_hp_gain":0,"max_hp_loss":0,"event_name":"betterSkull:BetterSkull","floor":8,"gold_loss":0,"cards_upgraded":["Defend_P","Eruption","Judgement","CutThroughFate"]},{"damage_healed":0,"gold_gain":0,"player_choice":"RE RE RE ","damage_taken":60,"relics_obtained":["halation:PrussianBluePaint","Lantern","trackpad:PetRock"],"max_hp_gain":0,"max_hp_loss":0,"event_name":"betterSkull:BetterSkull","floor":25,"gold_loss":0,"cards_upgraded":[]}],"is_beta":false,"boss_relics":[{"not_picked":["conspire:SeveredTorchhead","aspiration:RunicSpoon"],"picked":"trackpad:Coffee"}],"items_purged_floors":[0,0,0,0],"is_endless":false,"potions_floor_spawned":[1,5,18,27,31],"killed_by":"Hallownest:BossMantisLord","ascension_level":15}}