{"host":"36ls4ricihodphgx","time":1612243746,"event":{"mods":["AchievementEnabler","BaseMod","Colored Map","Downfall","Hermit","HololiveMod","Jorbs\u0027s Wanderer Trilogy","Koishi","Marisa????????","Minty Spire (QoL Compilation)","Replay The Spire","Shop Mod","StSLib","SuperFastMode","The Animator","The Bug Knight","The Cursed","The Hierophant","The Servant 0.9.4"],"gold_per_floor":[335,335,335,363,378,378,407,407,453,453,467,480,507,71,71,175,175,190,203,214,214,225,252,271,284,284,284,304,333,333,348,348,445,445,461,421,441,368,368,368,293,325,352,352,386,237,286,304,304,304,304,304,151,186,186,186],"floor_reached":55,"language":"ENG","playtime":2526,"items_purged":["Hololive_HuntDinosaur"],"score":1290,"play_id":"103cf805-551b-48e9-9cd2-aba33037e119","local_time":"20210201222906","is_ascension_mode":true,"campfire_choices":[{"data":"Hololive_CallMoonaHoshinova","floor":6,"key":"SMITH"},{"data":"Hololive_CallAZKi","floor":10,"key":"SMITH"},{"floor":15,"key":"REST"},{"data":"Hololive_DDD","floor":27,"key":"SMITH"},{"data":"Hololive_CallOkamiMio","floor":32,"key":"SMITH"},{"data":"Hololive_CallHoshimachiSuisei","floor":40,"key":"SMITH"},{"floor":49,"key":"RECALL"},{"data":"Hololive_CallAkiRosenthal","floor":52,"key":"SMITH"}],"circlet_count":0,"master_deck":["Hololive_Strike+1","Hololive_Strike+1","Hololive_Defend+1","Hololive_Defend+1","Hololive_CallMoonaHoshinova+1","Hololive_CallArtia+1","Hololive_CallTokinoSora+1","Hololive_CallAZKi+1","Hololive_CallTokoyamiTowa+1","Hololive_CallNakiriAyame+1","Hololive_CallMomosuzuNene+18","Hololive_CallYukihanaLamy","Hololive_CallOkamiMio+1","Hololive_CocoNews","Hololive_Spy","Hololive_DDD+1","Hololive_CallAyundaRisu+1","Hololive_Psychosis+1","Hololive_Spy","Hololive_DDD+1","Hololive_StrengthChampion+1","Hololive_CallHoshimachiSuisei+1","Hololive_CallAkiRosenthal+1","Hololive_StarCraft+1","Hololive_Psychosis+1","Hololive_Rebirth"],"relics":["Hololive_TheStar","Whetstone","Hololive_LightStick","Quantum Egg","Bird Faced Urn","Philosopher\u0027s Stone","Happy Flower","ReplayTheSpireMod:TigerMarble","Replay:Bottled Steam","Coffee Dripper","Peace Pipe","Lantern","Strange Spoon","CatCart","Guide Book","Simple Rune"],"acts_visited":["Exordium","TheCity","TheBeyond","TheEnding"],"potions_floor_usage":[22,28,31,55,55],"damage_taken":[{"damage":0,"enemies":"Small Slimes","floor":1,"turns":3},{"damage":0,"enemies":"Jaw Worm","floor":5,"turns":4},{"damage":0,"enemies":"HollowMod:MossKnight","floor":7,"turns":5},{"damage":0,"enemies":"2 Louse","floor":11,"turns":2},{"damage":4,"enemies":"Lots of Slimes","floor":12,"turns":3},{"damage":0,"enemies":"3 Sentries","floor":13,"turns":5},{"damage":0,"enemies":"The Guardian","floor":16,"turns":7},{"damage":0,"enemies":"Spheric Guardian","floor":18,"turns":3},{"damage":0,"enemies":"3 Byrds","floor":19,"turns":4},{"damage":0,"enemies":"3 Cultists","floor":20,"turns":4},{"damage":0,"enemies":"Chosen and Byrds","floor":22,"turns":4},{"damage":0,"enemies":"HollowMod:Nosk","floor":23,"turns":3},{"damage":0,"enemies":"Snecko","floor":24,"turns":4},{"damage":0,"enemies":"Cultist and Chosen","floor":25,"turns":3},{"damage":0,"enemies":"3 Cultists","floor":28,"turns":4},{"damage":0,"enemies":"Gremlin Leader","floor":29,"turns":5},{"damage":15,"enemies":"Snake Plant","floor":31,"turns":3},{"damage":0,"enemies":"Champ","floor":33,"turns":7},{"damage":0,"enemies":"3 Darklings","floor":35,"turns":3},{"damage":0,"enemies":"Orb Walker","floor":37,"turns":2},{"damage":0,"enemies":"HollowMod:StalkingDevout","floor":42,"turns":4},{"damage":0,"enemies":"R_Hoarder","floor":45,"turns":3},{"damage":0,"enemies":"Orin","floor":47,"turns":5},{"damage":0,"enemies":"Writhing Mass","floor":48,"turns":2},{"damage":0,"enemies":"Time Eater","floor":50,"turns":5},{"damage":0,"enemies":"Shield and Spear","floor":54,"turns":4},{"damage":102,"enemies":"The Heart","floor":55,"turns":9}],"seed_played":"5955212186376526519","potions_obtained":[{"floor":4,"key":"Guardian:BlockOnCardUsePotion"},{"floor":4,"key":"Toxic Potion"},{"floor":4,"key":"LifebloodPotion"},{"floor":5,"key":"Fire Potion"},{"floor":24,"key":"SteroidPotion"},{"floor":33,"key":"sneckomod:MuddlingPotion"},{"floor":35,"key":"Milkshake"},{"floor":48,"key":"champ:CounterPotion"}],"is_trial":false,"path_per_floor":["M","?","?","?","M","R","E","?","T","R","M","M","E","$","R","B",null,"M","M","M","?","M","E","M","M","T","R","M","E","?","M","R","B",null,"M","?","M","$","?","R","$","E","T","?","E","$","?","M","R","B",null,"R","$","E","B"],"character_chosen":"Hololive_HololiveCharacter","items_purchased":["Hololive_Spy","Bird Faced Urn","Hololive_CallHoshimachiSuisei","Hololive_CallAkiRosenthal","Strange Spoon","Guide Book"],"campfire_rested":1,"item_purchase_floors":[14,14,38,41,46,53],"current_hp_per_floor":[26,26,19,11,11,11,11,11,11,11,11,7,7,7,17,33,35,35,35,35,35,35,35,35,35,35,35,35,35,35,26,26,35,35,35,35,35,35,35,35,35,35,35,33,33,33,33,33,33,33,33,33,33,33,0,0],"gold":186,"neow_bonus":"TWO_FIFTY_GOLD","is_daily":false,"chose_seed":false,"campfire_upgraded":6,"win_rate":0.0,"timestamp":1612243746,"path_taken":["M","?","?","?","M","R","E","?","T","R","M","?","E","$","R","BOSS","M","M","M","?","?","E","M","M","T","R","M","E","?","M","R","BOSS","M","?","?","$","?","R","?","E","T","?","E","$","?","M","R","BOSS","R","$","E","BOSS"],"items_purchased_type":["Card","Relic","Card","Card","Relic","Relic"],"build_version":"2020-12-22","purchased_purges":1,"victory":false,"max_hp_per_floor":[35,35,35,35,35,35,35,35,35,35,35,35,35,35,35,35,35,35,35,35,35,35,35,35,35,35,35,35,35,35,35,35,35,35,35,35,35,35,35,35,35,35,35,33,33,33,33,33,33,33,33,33,33,33,33,33],"card_choices":[{"not_picked":["Hololive_Trident","Hololive_Rebound","Hololive_CallSakuraMiko"],"picked":"Hololive_CallNakiriAyame","floor":1},{"not_picked":["Hololive_RevenueBasedLive","Hololive_FlyingPonyTail","Hololive_SummonFox"],"picked":"Hololive_CallMomosuzuNene","floor":4},{"not_picked":["Hololive_Trident","Hololive_CallNekomataOkayu","Hololive_CallSpadeEcho","Hololive_CallMinatoAqua"],"picked":"SKIP","floor":5},{"not_picked":["Hololive_CallArtia","Hololive_Sequa","Hololive_OvertimeWork","Hololive_HuntDinosaur"],"picked":"SKIP","floor":7},{"not_picked":["Hololive_LuckPotion","Hololive_Psychosis","Hololive_CallShishiroBotan"],"picked":"Hololive_CallYukihanaLamy","floor":11},{"not_picked":["Hololive_CallOmaruPolka","Hololive_FlyingPonyTail","Hololive_FlareMind"],"picked":"Hololive_CallOkamiMio","floor":12},{"not_picked":["Hololive_CallCivia","Hololive_Breathe","Hololive_CallUsadaPekora"],"picked":"Hololive_CocoNews","floor":13},{"not_picked":["Hololive_HighAtkLowDef","Hololive_Thief","Hololive_BeCareful"],"picked":"Hololive_DDD","floor":16},{"not_picked":["Hololive_Trident","Hololive_CallOmaruPolka","Hololive_Rebound"],"picked":"Hololive_CallAyundaRisu+1","floor":18},{"not_picked":["Hololive_Breathe+1","Hololive_HuntDinosaur","Hololive_Sequa","Hololive_StrengthChampion"],"picked":"SKIP","floor":19},{"not_picked":["Hololive_CocoNews","Hololive_Rebound","Hololive_Sequa"],"picked":"Hololive_Psychosis+1","floor":20},{"not_picked":["Hololive_FlyingPonyTail","Hololive_StrengthChampion","Hololive_CallYuzukiChoco","Hololive_RevenueBasedLive+1"],"picked":"SKIP","floor":22},{"not_picked":["Hololive_Breathe","Hololive_CallYozoraMel+1","Hololive_Drill","Hololive_CallRosalyn"],"picked":"SKIP","floor":23},{"not_picked":["Hololive_OvertimeWork","Hololive_Teleport","Hololive_Watashimo","Hololive_HuntDinosaur"],"picked":"SKIP","floor":24},{"not_picked":["Hololive_SoulCatcher","Hololive_LuckPotion","Hololive_Drill","Hololive_FlyingPonyTail"],"picked":"SKIP","floor":25},{"not_picked":["Hololive_HuntDinosaur+1","Hololive_CallSpadeEcho","Hololive_Breathe","Hololive_Sequa"],"picked":"SKIP","floor":28},{"not_picked":["Hololive_Trident","Hololive_FlyingPonyTail","Hololive_AWSL","Hololive_CallMoonaHoshinova+1"],"picked":"SKIP","floor":29},{"not_picked":["Hololive_Trident","Hololive_Rebound","Hololive_ManjiGathering"],"picked":"Hololive_Spy","floor":31},{"not_picked":["Hololive_HighAtkLowDef","Hololive_ASMR","Hololive_OpenUp"],"picked":"Hololive_DDD","floor":33},{"not_picked":["Hololive_Rebound","Hololive_CallMomosuzuNene+1","Hololive_FlyingPonyTail"],"picked":"Hololive_StrengthChampion+1","floor":35},{"not_picked":["Hololive_CallTokoyamiTowa+1","Hololive_StrengthChampion","Hololive_OvertimeWork+1","Hololive_LuckPotion"],"picked":"SKIP","floor":37},{"not_picked":["Hololive_CallMomosuzuNene+1","Hololive_OvertimeWork","Hololive_DiamondStrike"],"picked":"Hololive_StarCraft","floor":42},{"not_picked":["Hololive_WolfAndLamb","Hololive_CallShiranuiFlare","Hololive_CocoNews+1"],"picked":"Hololive_Psychosis+1","floor":45},{"not_picked":["Hololive_HuntDinosaur","Hololive_CocoNews+1","Hololive_CallCivia","Hololive_StrengthChampion"],"picked":"SKIP","floor":48},{"not_picked":["Hololive_LuckPotion+1","Hololive_StrengthChampion","Hololive_CallNekomataOkayu+1"],"picked":"Hololive_Rebirth","floor":54}],"player_experience":66999,"relics_obtained":[{"floor":7,"key":"Whetstone"},{"floor":9,"key":"Hololive_LightStick"},{"floor":13,"key":"Quantum Egg"},{"floor":23,"key":"Happy Flower"},{"floor":26,"key":"ReplayTheSpireMod:TigerMarble"},{"floor":29,"key":"Replay:Bottled Steam"},{"floor":42,"key":"Peace Pipe"},{"floor":45,"key":"Lantern"},{"floor":47,"key":"CatCart"},{"floor":54,"key":"Simple Rune"}],"event_choices":[{"damage_healed":0,"gold_gain":0,"player_choice":"Entered Light","damage_taken":7,"max_hp_gain":0,"max_hp_loss":0,"event_name":"Shining Light","floor":3,"gold_loss":0,"cards_upgraded":["Hololive_Defend","Hololive_CallNakiriAyame"]},{"damage_healed":0,"gold_gain":0,"player_choice":"Upgraded","damage_taken":0,"max_hp_gain":0,"max_hp_loss":0,"event_name":"Upgrade Shrine","floor":8,"gold_loss":0,"cards_upgraded":["Hololive_CallTokoyamiTowa"]},{"damage_healed":0,"gold_gain":0,"player_choice":"Bought 0 Potions","damage_taken":0,"max_hp_gain":0,"max_hp_loss":0,"event_name":"The Woman in Blue","floor":21,"gold_loss":0},{"damage_healed":0,"gold_gain":0,"player_choice":"Upgraded Two","damage_taken":0,"max_hp_gain":0,"max_hp_loss":0,"event_name":"Designer","floor":36,"gold_loss":40,"cards_upgraded":["Hololive_CallTokinoSora","Hololive_Defend"]},{"damage_healed":0,"gold_gain":0,"player_choice":"Max HP","damage_taken":0,"max_hp_gain":0,"max_hp_loss":2,"event_name":"Winding Halls","floor":44,"gold_loss":0},{"damage_healed":0,"gold_gain":0,"player_choice":"Fight","damage_taken":0,"max_hp_gain":0,"max_hp_loss":0,"event_name":"OrinTheCat","floor":47,"gold_loss":0}],"is_beta":false,"boss_relics":[{"not_picked":["Velvet Choker","Replay:Ancient Bell"],"picked":"Philosopher\u0027s Stone"},{"not_picked":["ReplayTheSpireMod:DimensionalGlitch","Fusion Hammer"],"picked":"Coffee Dripper"}],"items_purged_floors":[14],"is_endless":false,"potions_floor_spawned":[5,13,16,19,20,24,25,33,35,42,48],"killed_by":"The Heart","ascension_level":3}}