{"host":"b0l902yh1rk3g5bq","time":1612224499,"event":{"mods":["AchievementEnabler","Act Like it!","Aspiration","BaseMod","Better Match","Better Sensory Stone","Better Skull","Better Third Choice","BetterRewards","Challenge The Spire","Colored Map","Colored Powertips","Conspire","Downfall","Energized Spire","GifTheSpireLib","Halation","Hubris","Infinite Spire","Minty Spire (QoL Compilation)","Quick Restart","Rare Cards Sparkle","Reliquary","Replay The Spire","StSLib","Stuff the Spire","Trackpad","Virulent Crown","Wandering Minibosses","egg","everything is the same but u backflip on backflip"],"gold_per_floor":[110,110,1,20,37,68,93,126,153,179,204,239,239,139,139,240,240,256,274,274,234,266,296,296,326,326,361,361,393,393,268,268,268,268],"floor_reached":33,"language":"ENG","playtime":1129,"items_purged":["StuffTheSpire:Plugnplay","hubris:Prefetch","Time Bomb","Cold Snap"],"score":666,"play_id":"6d363d47-178c-4ecd-8b48-c62cdd5230e8","local_time":"20210202010819","daily_mods":["Draft","Heirloom","Flight","DeadlyEvents","Elite Swarm"],"is_ascension_mode":true,"campfire_choices":[{"data":"ReplayGash","floor":13,"key":"SMITH"},{"data":"Defragment","floor":15,"key":"SMITH"},{"data":"Coolheaded","floor":24,"key":"SMITH"},{"data":"Skim","floor":28,"key":"SMITH"},{"data":"infinitespire:Oblivion","floor":32,"key":"SMITH"}],"circlet_count":0,"master_deck":["Gash","Conserve Battery","Defragment+1","Gash","Gash","ReplayGash+1","Conserve Battery+1","Scrape","Gash","Conserve Battery","Gash","Coolheaded+1","Cold Snap+1","Skim+1","Seek","Defragment+1","Crystallizer+1","infinitespire:Oblivion+1","StuffTheSpire:Snapshot"],"relics":["Cracked Core","aspiration:HatOfInfinitePower","reliquary:PurpleTingedLeaf","Chameleon Ring","Replay:Baseball","Turnip","bronze:DecasWashers","Prayer Wheel","infinitespire:Joker Card","Kunai","trackpad:ByrdCharm","HornCleat","infinitespire:Lucky Rock","trackpad:PocketGalaxy"],"acts_visited":["Exordium","TheCity"],"potions_floor_usage":[],"damage_taken":[{"damage":3,"enemies":"2 Louse","floor":1,"turns":2},{"damage":0,"enemies":"Cultist","floor":4,"turns":3},{"damage":0,"enemies":"Small Slimes","floor":5,"turns":2},{"damage":8,"enemies":"Gremlin Nob","floor":6,"turns":3},{"damage":2,"enemies":"Lagavulin","floor":7,"turns":4},{"damage":0,"enemies":"Gremlin Nob","floor":8,"turns":3},{"damage":0,"enemies":"3 Sentries","floor":10,"turns":3},{"damage":0,"enemies":"Lagavulin","floor":11,"turns":3},{"damage":0,"enemies":"3 Sentries","floor":12,"turns":4},{"damage":0,"enemies":"Slime Boss","floor":16,"turns":4},{"damage":1,"enemies":"3 Byrds","floor":18,"turns":3},{"damage":17,"enemies":"2 Thieves","floor":19,"turns":3},{"damage":4,"enemies":"Gremlin Leader","floor":22,"turns":4},{"damage":0,"enemies":"Book of Stabbing","floor":23,"turns":4},{"damage":5,"enemies":"Replay:Snechameleon","floor":25,"turns":6},{"damage":0,"enemies":"Gremlin Leader","floor":27,"turns":3},{"damage":0,"enemies":"conspire:SneckoGhost","floor":29,"turns":4},{"damage":0,"enemies":"Champ","floor":33,"turns":3}],"seed_played":"6853624742343108339","potions_obtained":[{"floor":4,"key":"DuplicationPotion"},{"floor":12,"key":"Ancient Potion"},{"floor":16,"key":"champ:CounterPotion"}],"is_trial":true,"path_per_floor":["M","?","$","M","M","E","E","E","T","E","E","E","R","$","R","B",null,"M","M","?","?","E","E","R","E","T","E","R","E","AVR","$","R","B"],"character_chosen":"DEFECT","items_purchased":["Cold Snap+1"],"campfire_rested":0,"item_purchase_floors":[3],"current_hp_per_floor":[72,72,72,72,72,64,63,64,64,65,66,67,67,67,67,68,75,75,58,58,58,56,58,58,54,54,56,56,59,59,59,59,60,60],"gold":268,"neow_bonus":"","is_daily":false,"chose_seed":false,"campfire_upgraded":5,"win_rate":0.0,"timestamp":1612224499,"path_taken":["M","?","$","M","?","E","?","E","T","E","E","E","R","$","R","BOSS","M","M","?","?","?","E","R","E","T","E","R","E","AVR","?","R","BOSS"],"items_purchased_type":["Card"],"build_version":"2020-12-22","purchased_purges":4,"victory":false,"max_hp_per_floor":[75,75,75,75,75,75,75,75,75,75,75,75,75,75,75,75,75,75,75,75,75,75,75,75,75,75,75,75,75,75,75,75,75,75],"card_choices":[{"not_picked":["Hologram","Panic Button"],"picked":"Time Bomb","floor":0},{"not_picked":["Chaos","Beam Cell"],"picked":"Gash","floor":0},{"not_picked":["ReplayTheSpireMod:Reroute Power","StuffTheSpire:NuclearReactor"],"picked":"Conserve Battery","floor":0},{"not_picked":["Time Bomb","Turbo"],"picked":"Defragment","floor":0},{"not_picked":["Sweeping Beam","Steam"],"picked":"Gash","floor":0},{"not_picked":["StuffTheSpire:Plugnplay","Hello World"],"picked":"Gash","floor":0},{"not_picked":["Coolheaded","Fusion"],"picked":"ReplayGash","floor":0},{"not_picked":["Turbo","Melter"],"picked":"Conserve Battery","floor":0},{"not_picked":["Panic Button","Rebound"],"picked":"Scrape","floor":0},{"not_picked":["Ball Lightning","Reinforced Body"],"picked":"Cold Snap","floor":0},{"not_picked":["Turbo","Panic Button"],"picked":"Gash","floor":0},{"not_picked":["Ball Lightning","Reinforced Body"],"picked":"Conserve Battery","floor":0},{"not_picked":["ReplayTheSpireMod:System Scan","Darkness"],"picked":"StuffTheSpire:Plugnplay","floor":0},{"not_picked":["Compile Driver","Turbo"],"picked":"Gash","floor":0},{"not_picked":["Reinforced Body","StuffTheSpire:LoadUp"],"picked":"Coolheaded","floor":0},{"not_picked":["Streamline","Scrape","Skim"],"picked":"SKIP","floor":1},{"not_picked":["Stack","Barrage"],"picked":"Skim","floor":4},{"not_picked":["Meteor Strike","White Noise","ReplayTheSpireMod:Repulse"],"picked":"SKIP","floor":5},{"not_picked":["hubris:DoWhile","Hyperbeam"],"picked":"hubris:Prefetch","floor":6},{"not_picked":["Meteor Strike","hubris:Prefetch"],"picked":"Seek","floor":7},{"not_picked":["StuffTheSpire:EventHorizon","StuffTheSpire:ForEach","Seek"],"picked":"SKIP","floor":8},{"not_picked":["Seek","StuffTheSpire:ForEach","Core Surge"],"picked":"SKIP","floor":10},{"not_picked":["Amplify","Seek","hubris:SpecializedCircuitry"],"picked":"SKIP","floor":11},{"not_picked":["Multi-Cast","hubris:Prefetch"],"picked":"ReplayTheSpireMod:Fabricate Wheel","floor":12},{"not_picked":["BasicCrystalCard","Ball Lightning+1"],"picked":"Defragment","floor":18},{"not_picked":["Cold Snap","StuffTheSpire:CleanHardDrive+1"],"picked":"Crystallizer+1","floor":18},{"not_picked":["Hologram","Rebound+1","ReplaySolidLightProjector+1"],"picked":"SKIP","floor":19},{"not_picked":["StuffTheSpire:LoadUp","Steam Power","Hologram"],"picked":"SKIP","floor":19},{"not_picked":["Seek","All For One","Rainbow"],"picked":"SKIP","floor":22},{"not_picked":["hubris:DoWhile","All For One","Amplify"],"picked":"SKIP","floor":23},{"not_picked":["StuffTheSpire:ForEach","Fission","Thunder Strike"],"picked":"SKIP","floor":25},{"not_picked":["Multi-Cast","ReplayTheSpireMod:Fabricate Wheel","ReplayRNGCard"],"picked":"SKIP","floor":27},{"not_picked":["Fission","hubris:SpecializedCircuitry","StuffTheSpire:EventHorizon"],"picked":"SKIP","floor":29}],"player_experience":704495,"relics_obtained":[{"floor":6,"key":"reliquary:PurpleTingedLeaf"},{"floor":8,"key":"Chameleon Ring"},{"floor":9,"key":"Replay:Baseball"},{"floor":11,"key":"Turnip"},{"floor":12,"key":"bronze:DecasWashers"},{"floor":22,"key":"infinitespire:Joker Card"},{"floor":23,"key":"Kunai"},{"floor":26,"key":"trackpad:ByrdCharm"},{"floor":27,"key":"HornCleat"},{"floor":29,"key":"infinitespire:Lucky Rock"}],"event_choices":[{"damage_healed":0,"gold_gain":0,"player_choice":"Ignored","damage_taken":0,"max_hp_gain":0,"max_hp_loss":0,"event_name":"NoteForYourself","floor":2,"gold_loss":0},{"damage_healed":0,"gold_gain":0,"player_choice":"Adaptability","damage_taken":0,"max_hp_gain":0,"max_hp_loss":0,"event_name":"betterThird:BetterWriting","floor":20,"gold_loss":0},{"damage_healed":0,"gold_gain":0,"player_choice":"Upgraded Two","damage_taken":0,"max_hp_gain":0,"max_hp_loss":0,"event_name":"Designer","floor":21,"gold_loss":40,"cards_upgraded":["Conserve Battery","Defragment"]}],"is_beta":false,"boss_relics":[{"not_picked":["Coffee Dripper","Cursed Key","aspiration:BursterCore"]}],"items_purged_floors":[3,14,30,31],"is_endless":false,"potions_floor_spawned":[4,10,11,12,16,22,23,27,29],"killed_by":"Champ","ascension_level":1}}