{"host":"5w7hw1ne5h7avrl9","time":1612247001,"event":{"mods":["AchievementEnabler","BaseMod","Colored Map","Colored Powertips","Displayed Cursed Tome","Googly Eyes","Minty Spire (QoL Compilation)","SuperFastMode"],"gold_per_floor":[14,14,31,44,7,35,35,66,66,66,76,93,93,127,127,223,223,238,249,21,35,47,47,47,0,27,27,27,27,58,68,68,169,169,180,180,180,228,245,245,272,272,272,272,287,337,372,383,383,383,383],"floor_reached":50,"language":"ENG","playtime":3167,"items_purged":["Defend_R"],"score":632,"play_id":"b2077ad0-d57e-4a5f-80ab-35054cd8fcd0","local_time":"20210201222321","is_ascension_mode":true,"campfire_choices":[{"data":"Flame Barrier","floor":7,"key":"SMITH"},{"data":"Bash","floor":10,"key":"SMITH"},{"data":"Armaments","floor":13,"key":"SMITH"},{"floor":15,"key":"REST"},{"floor":24,"key":"REST"},{"data":"Brutality","floor":27,"key":"SMITH"},{"floor":32,"key":"REST"},{"data":"Rupture","floor":40,"key":"SMITH"},{"data":"True Grit","floor":42,"key":"SMITH"},{"data":"Flame Barrier","floor":44,"key":"SMITH"},{"data":"Ghostly Armor","floor":49,"key":"SMITH"}],"circlet_count":0,"master_deck":["Bash+1","Battle Trance","Heavy Blade+1","Hemokinesis","Flame Barrier+1","Ghostly Armor+1","Armaments+1","Carnage","Brutality+1","Combust+1","Shrug It Off+1","Rupture+1","Rupture+1","Heavy Blade+1","Reaper+1","Blood for Blood+1","Disarm","Wild Strike+1","Flame Barrier+1","True Grit+1","Heavy Blade+1","Twin Strike+1","Madness","Madness","Cleave+1","Inflame+1","Seeing Red+1","Inflame+1","Disarm"],"relics":["Burning Blood","Gambling Chip","Whetstone","Question Card","Happy Flower","Pen Nib","Runic Cube","Brimstone","Centennial Puzzle","Ice Cream","Spirit Poop","Molten Egg 2","Pandora\u0027s Box","StoneCalendar","MealTicket","Torii","Dead Branch","Vajra"],"acts_visited":["Exordium","TheCity","TheBeyond"],"potions_floor_usage":[6,6,19,22,23,23,33,33,45,46,47],"damage_taken":[{"damage":5,"enemies":"Jaw Worm","floor":1,"turns":4},{"damage":1,"enemies":"Cultist","floor":3,"turns":3},{"damage":2,"enemies":"2 Louse","floor":4,"turns":3},{"damage":39,"enemies":"Lagavulin","floor":6,"turns":8},{"damage":26,"enemies":"Gremlin Nob","floor":8,"turns":4},{"damage":0,"enemies":"Looter","floor":11,"turns":3},{"damage":5,"enemies":"Large Slime","floor":12,"turns":5},{"damage":19,"enemies":"3 Sentries","floor":14,"turns":9},{"damage":20,"enemies":"Hexaghost","floor":16,"turns":9},{"damage":7,"enemies":"Chosen","floor":18,"turns":4},{"damage":2,"enemies":"3 Byrds","floor":19,"turns":2},{"damage":30,"enemies":"Shelled Parasite and Fungi","floor":21,"turns":4},{"damage":6,"enemies":"Snecko","floor":22,"turns":3},{"damage":44,"enemies":"Slavers","floor":23,"turns":3},{"damage":34,"enemies":"Gremlin Leader","floor":30,"turns":3},{"damage":6,"enemies":"Centurion and Healer","floor":31,"turns":5},{"damage":5,"enemies":"Automaton","floor":33,"turns":4},{"damage":21,"enemies":"Orb Walker","floor":35,"turns":4},{"damage":31,"enemies":"2 Orb Walkers","floor":38,"turns":3},{"damage":20,"enemies":"3 Shapes","floor":39,"turns":2},{"damage":21,"enemies":"3 Darklings","floor":45,"turns":4},{"damage":9,"enemies":"Mind Bloom Boss Battle","floor":46,"turns":6},{"damage":51,"enemies":"Nemesis","floor":47,"turns":5},{"damage":23,"enemies":"Writhing Mass","floor":48,"turns":4},{"damage":76,"enemies":"Donu and Deca","floor":50,"turns":4}],"seed_played":"6626819274377417472","potions_obtained":[{"floor":1,"key":"PowerPotion"},{"floor":4,"key":"Ancient Potion"},{"floor":14,"key":"SmokeBomb"},{"floor":16,"key":"SkillPotion"},{"floor":18,"key":"EssenceOfSteel"},{"floor":19,"key":"PowerPotion"},{"floor":30,"key":"SneckoOil"},{"floor":31,"key":"Regen Potion"},{"floor":33,"key":"Fire Potion"},{"floor":38,"key":"SmokeBomb"},{"floor":45,"key":"HeartOfIron"},{"floor":46,"key":"BloodPotion"},{"floor":47,"key":"SteroidPotion"}],"is_trial":false,"path_per_floor":["M","?","M","M","$","E","R","E","T","R","M","M","R","E","R","B",null,"M","M","$","M","M","E","R","?","T","R","?","?","E","M","R","B",null,"M","?","?","?","M","R","T","R","T","R","M","?","E","M","R","B"],"character_chosen":"IRONCLAD","items_purchased":["Flame Barrier","Brimstone"],"campfire_rested":3,"item_purchase_floors":[5,20],"current_hp_per_floor":[80,80,80,80,80,47,47,27,27,27,33,34,34,21,45,31,80,79,80,80,56,56,18,42,42,42,42,42,42,14,14,38,44,80,80,70,70,45,57,57,57,57,57,57,42,80,51,63,63,0,0],"gold":383,"neow_bonus":"ONE_RARE_RELIC","is_daily":false,"chose_seed":false,"campfire_upgraded":8,"win_rate":0.0,"timestamp":1612247001,"path_taken":["M","?","M","M","?","E","R","E","T","R","M","M","R","E","R","BOSS","M","M","$","M","M","E","R","?","T","R","?","?","E","?","R","BOSS","M","?","?","?","M","R","?","R","T","R","?","?","E","M","R","BOSS"],"items_purchased_type":["Card","Relic"],"build_version":"2020-12-22","purchased_purges":1,"victory":false,"max_hp_per_floor":[80,80,80,80,80,80,80,80,80,80,80,80,80,80,80,80,80,80,80,80,80,80,80,80,80,80,80,80,80,80,80,80,80,80,80,80,80,80,80,80,80,80,80,80,80,80,80,80,80,80,80],"card_choices":[{"not_picked":["Clash","Clothesline"],"picked":"Battle Trance","floor":1},{"not_picked":["Pommel Strike","Iron Wave"],"picked":"Heavy Blade","floor":3},{"not_picked":["Iron Wave","Shrug It Off"],"picked":"Hemokinesis","floor":4},{"not_picked":["Cleave","Power Through"],"picked":"Ghostly Armor","floor":6},{"not_picked":["Body Slam","Clash","Clothesline"],"picked":"SKIP","floor":8},{"not_picked":["Clothesline","Anger","Immolate"],"picked":"Armaments","floor":11},{"not_picked":["Armaments","Anger","Clothesline"],"picked":"Carnage","floor":12},{"not_picked":["Pummel","Wild Strike","Anger","Second Wind"],"picked":"SKIP","floor":14},{"not_picked":["Fiend Fire","Exhume","Offering"],"picked":"Brutality","floor":16},{"not_picked":["Intimidate+1","Anger","Cleave+1"],"picked":"Combust+1","floor":18},{"not_picked":["Havoc","Heavy Blade+1","Thunderclap"],"picked":"Shrug It Off+1","floor":19},{"not_picked":["Flame Barrier","Iron Wave","Perfected Strike"],"picked":"Rupture","floor":21},{"not_picked":["Double Tap","Power Through+1","Intimidate+1"],"picked":"Rupture+1","floor":22},{"not_picked":["Body Slam+1","Dual Wield+1","Perfected Strike+1"],"picked":"Heavy Blade+1","floor":30},{"not_picked":["Shrug It Off","Thunderclap+1","Body Slam+1","Bloodletting"],"picked":"SKIP","floor":31},{"not_picked":["Double Tap","Demon Form","Corruption"],"picked":"Reaper+1","floor":33},{"not_picked":["Iron Wave+1","Uppercut+1","Body Slam+1"],"picked":"Twin Strike+1","floor":35},{"not_picked":["Iron Wave+1","Shrug It Off","Headbutt+1"],"picked":"Cleave+1","floor":38},{"not_picked":["Wild Strike+1","Warcry+1","Sword Boomerang+1","Searing Blow+1"],"picked":"SKIP","floor":39},{"not_picked":["Sever Soul+1","Sword Boomerang+1","Thunderclap+1"],"picked":"Inflame+1","floor":45},{"not_picked":["Flex","Pommel Strike+1","Twin Strike+1"],"picked":"Seeing Red+1","floor":46},{"not_picked":["Demon Form","True Grit","Intimidate"],"picked":"Inflame+1","floor":47},{"not_picked":["Clothesline+1","Hemokinesis+1","Reckless Charge+1"],"picked":"Disarm","floor":48}],"player_experience":149953,"relics_obtained":[{"floor":6,"key":"Whetstone"},{"floor":8,"key":"Question Card"},{"floor":9,"key":"Happy Flower"},{"floor":14,"key":"Pen Nib"},{"floor":26,"key":"Centennial Puzzle"},{"floor":30,"key":"Molten Egg 2"},{"floor":38,"key":"StoneCalendar"},{"floor":41,"key":"MealTicket"},{"floor":43,"key":"Torii"},{"floor":46,"key":"Dead Branch"},{"floor":47,"key":"Vajra"}],"event_choices":[{"cards_removed":["Strike_R"],"damage_healed":0,"gold_gain":0,"player_choice":"Purged","damage_taken":0,"max_hp_gain":0,"max_hp_loss":0,"event_name":"Purifier","floor":2,"gold_loss":0},{"damage_healed":0,"gold_gain":0,"player_choice":"Paid Fearfully","damage_taken":0,"max_hp_gain":0,"max_hp_loss":0,"event_name":"Masked Bandits","floor":25,"gold_loss":47},{"damage_healed":0,"gold_gain":0,"player_choice":"Stole Relic","damage_taken":0,"relics_obtained":["Ice Cream"],"max_hp_gain":0,"max_hp_loss":0,"event_name":"Addict","floor":28,"gold_loss":0,"cards_obtained":["Shame"]},{"cards_removed":["Shame"],"damage_healed":0,"gold_gain":0,"player_choice":"Offered Curse","damage_taken":0,"relics_obtained":["Spirit Poop"],"max_hp_gain":0,"max_hp_loss":0,"event_name":"Bonfire Elementals","floor":29,"gold_loss":0},{"damage_healed":0,"gold_gain":0,"player_choice":"Embrace Madness","damage_taken":10,"max_hp_gain":0,"max_hp_loss":0,"event_name":"Winding Halls","floor":36,"gold_loss":0,"cards_obtained":["Madness","Madness"]},{"cards_removed":["Carnage"],"damage_healed":0,"gold_gain":0,"player_choice":"Removed Attack","damage_taken":0,"max_hp_gain":0,"max_hp_loss":0,"event_name":"Falling","floor":37,"gold_loss":0},{"damage_healed":0,"gold_gain":0,"player_choice":"Fight","damage_taken":0,"max_hp_gain":0,"max_hp_loss":0,"event_name":"Mysterious Sphere","floor":38,"gold_loss":0},{"damage_healed":0,"gold_gain":0,"player_choice":"Fight","damage_taken":0,"max_hp_gain":0,"max_hp_loss":0,"event_name":"MindBloom","floor":46,"gold_loss":0}],"is_beta":false,"boss_relics":[{"not_picked":["Runic Dome","Empty Cage"],"picked":"Runic Cube"},{"not_picked":["Philosopher\u0027s Stone","Astrolabe"],"picked":"Pandora\u0027s Box"}],"items_purged_floors":[20],"is_endless":false,"potions_floor_spawned":[1,4,14,16,18,19,30,31,33,38,45,46,47],"killed_by":"Donu and Deca","ascension_level":1}}