{"host":"0awa854l6bexpjrv","time":1612230972,"event":{"mods":["BaseMod","Block Reminder","Colored Map","Colored Powertips","Downfall","Highlight Path","Minty Spire (QoL Compilation)","Quick Restart","Rare Cards Sparkle","StSLib","SuperFastMode"],"gold_per_floor":[99,99,163,13,13,13,13,13,25,25,25,39,39,56,76,179,179,179,179,179,199,71,71,98,125,125,142,142,27,45,62,79,180,180,80,95,114,161,169,169,169,19,31,31,31,63,113,113,124,124,124,124],"floor_reached":50,"language":"ENG","playtime":3873,"items_purged":["bronze:Strike","bronze:Defend","bronze:Defend"],"score":501,"play_id":"6b85d62b-672a-437a-91ba-578d7e06f258","local_time":"20210201175612","is_ascension_mode":false,"campfire_choices":[{"data":"bronze:Replicate","floor":1.0,"key":"SMITH"},{"data":"bronze:Goto","floor":6.0,"key":"SMITH"},{"data":"bronze:Optimize","floor":8.0,"key":"SMITH"},{"data":"bronze:Branch","floor":11.0,"key":"SMITH"},{"data":"bronze:Flail","floor":18.0,"key":"SMITH"},{"data":"bronze:Shell","floor":23.0,"key":"SMITH"},{"data":"bronze:RecursiveStrike","floor":35.0,"key":"SMITH"},{"data":"expansioncontent:StudyTheSpire","floor":40.0,"key":"SMITH"},{"floor":44.0,"key":"REST"}],"circlet_count":0,"master_deck":["bronze:Defend","bronze:Replicate+1","bronze:Goto+1","bronze:Shield","bronze:FollowUp","bronze:Optimize+1","bronze:Branch+1","bronze:DarkDash+1","bronze:Boost+1","bronze:Flail+1","bronze:SpaghettiCode","bronze:HyperBeam","bronze:CloningBeam+1","bronze:Shell+1","bronze:Repulsor","bronze:Iterate+1","bronze:Deprecate+1","bronze:BugBarrage","bronze:RecursiveStrike","bronze:BronzeOrb","bronze:RecursiveStrike+1","bronze:DigitalCarnage+1","bronze:Overheat+1","bronze:ForceShield+1","bronze:Overheat+1","expansioncontent:StudyTheSpire+1","bronze:Shell+1","bronze:GetLatest+1","bronze:Allocate","bronze:InfiniteLoop"],"relics":["bronze:BronzeCore","downfall:HeartsMalice","Sundial","bronze:SilverBullet","Letter Opener","Snecko Eye","Blood Vial","Meat on the Bone","Cursed Key","downfall:HeartBlessingGreen","Ginger","HandDrill","Strawberry","Ice Cream"],"acts_visited":["Exordium","TheCity","TheBeyond"],"potions_floor_usage":[49,49,50,50],"damage_taken":[{"damage":0.0,"enemies":"Jaw Worm","floor":2.0,"turns":1.0},{"damage":0.0,"enemies":"Lagavulin Event","floor":3.0,"turns":1.0},{"damage":0.0,"enemies":"downfall:FleeingMerchant","floor":4.0,"turns":1.0},{"damage":0.0,"enemies":"2 Louse","floor":9.0,"turns":3.0},{"damage":0.0,"enemies":"Cultist","floor":12.0,"turns":3.0},{"damage":0.0,"enemies":"Blue Slaver","floor":14.0,"turns":2.0},{"damage":6.0,"enemies":"Large Slime","floor":15.0,"turns":5.0},{"damage":50.0,"enemies":"DF_ARCHETYPE_STREAMLINE","floor":16.0,"turns":12.0},{"damage":9.0,"enemies":"Spheric Guardian","floor":21.0,"turns":4.0},{"damage":0.0,"enemies":"downfall:FleeingMerchant","floor":22.0,"turns":4.0},{"damage":3.0,"enemies":"Gremlin Leader","floor":25.0,"turns":8.0},{"damage":0.0,"enemies":"3 Cultists","floor":27.0,"turns":2.0},{"damage":0.0,"enemies":"downfall:FleeingMerchant","floor":29.0,"turns":4.0},{"damage":4.0,"enemies":"Snake Plant","floor":30.0,"turns":2.0},{"damage":0.0,"enemies":"Snecko","floor":31.0,"turns":3.0},{"damage":0.0,"enemies":"3 Cultists","floor":32.0,"turns":2.0},{"damage":61.0,"enemies":"SI_MIRROR_ARCHETYPE","floor":33.0,"turns":10.0},{"damage":0.0,"enemies":"3 Shapes","floor":36.0,"turns":2.0},{"damage":3.0,"enemies":"Orb Walker","floor":37.0,"turns":2.0},{"damage":11.0,"enemies":"2 Orb Walkers","floor":38.0,"turns":3.0},{"damage":0.0,"enemies":"downfall:FleeingMerchant","floor":39.0,"turns":3.0},{"damage":17.0,"enemies":"Maw","floor":43.0,"turns":3.0},{"damage":21.0,"enemies":"Reptomancer","floor":46.0,"turns":3.0},{"damage":0.0,"enemies":"Reptomancer","floor":47.0,"turns":3.0},{"damage":20,"enemies":"4 Shapes","floor":49,"turns":4},{"damage":53,"enemies":"WA_ARCHETYPE_DIVINITY","floor":50,"turns":5}],"seed_played":"-7936633956477784946","potions_obtained":[{"floor":3.0,"key":"sneckomod:MuddlingPotion"},{"floor":5.0,"key":"PowerPotion"},{"floor":5.0,"key":"LiquidBronze"},{"floor":15.0,"key":"champ:CounterPotion"},{"floor":30.0,"key":"LiquidBronze"},{"floor":31.0,"key":"LiquidBronze"},{"floor":32.0,"key":"bronze:FreeFunctionsPotion"},{"floor":33.0,"key":"EntropicBrew"},{"floor":37.0,"key":"hexamod:SoulburnPotion"},{"floor":38.0,"key":"sneckomod:MuddlingPotion"},{"floor":46.0,"key":"EssenceOfSteel"},{"floor":47.0,"key":"Fire Potion"}],"is_trial":false,"path_per_floor":["R","M","?","$","?","R","T","R","M","?","R","M","?","M","M","B",null,"R","?","?","M","$","R","T","E","?","M","?","$","M","M","M","B",null,"R","M","M","?","$","R","T","$","M","R","$","E","?","?","M","B"],"character_chosen":"THE_AUTOMATON","items_purchased":["bronze:SilverBullet","bronze:Repulsor","expansioncontent:StudyTheSpire","HandDrill"],"campfire_rested":1,"item_purchase_floors":[4,22,39,42],"current_hp_per_floor":[70,70,70,70,70,70,70,70,70,75,75,75,75,75,69,19,75,75,75,75,66,66,66,66,65,65,67,67,69,67,69,71,24,75,75,75,72,63,65,65,65,65,50,72,72,60,62,62,44,0,0,0],"gold":124,"neow_bonus":"THREE_ENEMY_KILL","is_daily":false,"chose_seed":false,"campfire_upgraded":8,"win_rate":0.0,"timestamp":1612230972,"path_taken":["R","M","?","$","?","R","T","R","?","?","R","M","?","M","M","BOSS","R","?","?","M","$","R","T","E","?","?","?","$","?","M","M","BOSS","R","M","M","?","$","R","T","$","M","R","?","E","?","?","M","BOSS"],"items_purchased_type":["Relic","Card","Card","Relic"],"build_version":"2020-12-22","purchased_purges":3,"victory":false,"max_hp_per_floor":[70,70,70,70,70,70,70,70,70,75,75,75,75,75,75,75,75,75,75,75,75,75,75,75,75,75,75,75,75,75,75,75,75,75,75,75,75,75,75,75,75,75,75,75,75,82,82,82,82,82,82,82],"card_choices":[{"not_picked":["bronze:DelayedSlice","bronze:Iterate"],"picked":"bronze:Shield","floor":2.0},{"not_picked":["bronze:WildBeam","bronze:Constructor"],"picked":"bronze:FollowUp","floor":3.0},{"not_picked":["bronze:TinkerersToolbox","bronze:ForLoop"],"picked":"bronze:Optimize","floor":4.0},{"not_picked":["bronze:Invalidate","bronze:BuggyMess"],"picked":"bronze:Branch","floor":9.0},{"not_picked":["bronze:Constructor","bronze:WildBeam"],"picked":"bronze:DarkDash","floor":12.0},{"not_picked":["bronze:BitShift","bronze:OilSpill"],"picked":"bronze:Flail","floor":14.0},{"not_picked":["bronze:BitShift","bronze:BugBarrage"],"picked":"bronze:SpaghettiCode","floor":15.0},{"not_picked":["bronze:Format","bronze:ThunderWave"],"picked":"bronze:HyperBeam","floor":16.0},{"not_picked":["bronze:Flail","bronze:Terminator+1"],"picked":"bronze:CloningBeam+1","floor":21.0},{"not_picked":["bronze:FollowUp+1","bronze:Frontload"],"picked":"bronze:Shell","floor":22.0},{"not_picked":["bronze:DelayedGuard","bronze:BitShift"],"picked":"bronze:Iterate","floor":25.0},{"not_picked":["bronze:Boost","bronze:Shield+1"],"picked":"bronze:Deprecate+1","floor":27.0},{"not_picked":["bronze:Invalidate","bronze:Constructor"],"picked":"bronze:BugBarrage","floor":29.0},{"not_picked":["bronze:Turbo","bronze:BuggyMess"],"picked":"bronze:RecursiveStrike","floor":30.0},{"not_picked":["bronze:OilSpill","bronze:Turbo"],"picked":"bronze:BronzeOrb","floor":31.0},{"not_picked":["bronze:DelayedGuard+1","bronze:Iterate","bronze:Separator"],"picked":"SKIP","floor":32.0},{"not_picked":["bronze:Break","bronze:AlphaBuild"],"picked":"bronze:RecursiveStrike","floor":33.0},{"not_picked":["bronze:Overheat","bronze:Shell"],"picked":"bronze:DigitalCarnage+1","floor":36.0},{"not_picked":["bronze:Separator+1","bronze:Shield+1"],"picked":"bronze:Overheat+1","floor":37.0},{"not_picked":["bronze:Constructor","bronze:DarkDash+1"],"picked":"bronze:ForceShield+1","floor":38.0},{"not_picked":["bronze:Turbo","bronze:OilSpill+1"],"picked":"bronze:Overheat+1","floor":39.0},{"not_picked":["bronze:Separator","bronze:Turbo+1"],"picked":"bronze:Shell+1","floor":43.0},{"not_picked":["bronze:WhirlingStrike","bronze:Branch"],"picked":"bronze:GetLatest+1","floor":46.0},{"not_picked":["bronze:Constructor+1","bronze:Overheat+1"],"picked":"bronze:Allocate","floor":47.0},{"not_picked":["bronze:FineTuning+1","bronze:Separator"],"picked":"bronze:InfiniteLoop","floor":49}],"player_experience":696681,"relics_obtained":[{"floor":7.0,"key":"Letter Opener"},{"floor":24.0,"key":"Blood Vial"},{"floor":25.0,"key":"Meat on the Bone"},{"floor":38.0,"key":"Ginger"},{"floor":46.0,"key":"Strawberry"},{"floor":47.0,"key":"Ice Cream"}],"event_choices":[{"damage_healed":0.0,"max_hp_gain":0.0,"max_hp_loss":0.0,"gold_gain":0.0,"event_name":"Lab","player_choice":"Got Potions","floor":5.0,"gold_loss":0.0,"damage_taken":0.0},{"damage_healed":0.0,"max_hp_gain":5.0,"max_hp_loss":0.0,"gold_gain":0.0,"event_name":"Big Fish","player_choice":"Donut","floor":10.0,"gold_loss":0.0,"damage_taken":0.0},{"damage_healed":0.0,"max_hp_gain":0.0,"max_hp_loss":0.0,"gold_gain":0.0,"event_name":"Mysterious Sphere","player_choice":"Fight","floor":38.0,"gold_loss":0.0,"damage_taken":0.0},{"cards_removed":["bronze:Defend"],"damage_healed":0.0,"max_hp_gain":0.0,"max_hp_loss":0.0,"gold_gain":0.0,"event_name":"Falling","player_choice":"Removed Skill","floor":48.0,"gold_loss":0.0,"damage_taken":0.0}],"is_beta":false,"boss_relics":[{"not_picked":["Pandora\u0027s Box","bronze:PlatinumCore"],"picked":"Snecko Eye"},{"not_picked":["SlaversCollar","SacredBark"],"picked":"Cursed Key"}],"items_purged_floors":[22,29,39],"is_endless":false,"potions_floor_spawned":[3,12,14,15,30,31,32,33,37,38,46,47,49],"killed_by":"WA_ARCHETYPE_DIVINITY","ascension_level":0}}