{"host":"f76wcztdlwlduum6","time":1612234241,"event":{"mods":["BaseMod","BetterRewards","Colored Powertips","Downfall","Minty Spire (QoL Compilation)","Quick Restart","Rare Cards Sparkle","Relic Stats","StSLib","SuperFastMode","everything is the same but u backflip on backflip"],"gold_per_floor":[131,146,430,444,491,525,553,588,588,73,98,110,141,141,141,223,223,244,244,253,253,272,311,311,47,71,100,15,40,40,53,53,134,134,148,148,208,217,235,264,264,285,349,349,365,377,413,12,12,12,12,12,125,153,153],"floor_reached":56,"language":"ENG","playtime":1890,"items_purged":["Strike_G","Strike_G","Strike_G","Regret","Strike_G","Survivor"],"score":3287,"play_id":"773a8167-5017-41bd-86d5-a655090fdc0f","local_time":"20210201205041","is_ascension_mode":true,"campfire_choices":[{"data":"After Image","floor":15,"key":"SMITH"},{"floor":24,"key":"REST"},{"floor":30,"key":"RECALL"},{"floor":32,"key":"REST"},{"floor":44,"key":"REST"},{"floor":49,"key":"REST"},{"floor":52,"key":"REST"}],"circlet_count":0,"master_deck":["AscendersBane","Defend_G","Neutralize+1","Footwork","Finesse+1","Blade Dance","Cloak And Dagger+1","Accuracy","Cloak And Dagger+1","Panache","Skewer+1","Blade Dance","Dodge and Roll","Infinite Blades+1","Infinite Blades+1","Footwork","Cloak And Dagger+1","Footwork","Accuracy","After Image+1","Infinite Blades","Cloak And Dagger","Envenom","Noxious Fumes+1","Blade Dance","Cloak And Dagger+1","After Image+1","PiercingWail+1","A Thousand Cuts","Escape Plan+1","Clumsy","Skewer+1","downfall:Icky","Injury","Leg Sweep+1","A Thousand Cuts","Envenom","Flash of Steel+1","Escape Plan+1"],"relics":["Ring of the Snake","The Courier","Pear","HandDrill","Blue Candle","CeramicFish","Slimebound:StickyStick","Anchor","Bronze Scales","Chemical X","Bag of Marbles","Incense Burner","Guardian:PocketSentry","Happy Flower","Kunai","Black Star","Mummified Hand","Paper Crane","PreservedInsect","Boot","Oddly Smooth Stone","Nunchaku","Medical Kit","Pocketwatch","War Paint","Lantern","Fusion Hammer","Akabeko","downfall:ExtraCursedKey","Ancient Tea Set","Tiny Chest","DollysMirror","Snake Skull","Molten Egg 2","champ:DuelingGlove","Strawberry","Omamori","Calling Bell","Art of War","Toxic Egg 2","Anchor","The Specimen","Sundial","Pantograph","Vajra","CaptainsWheel","Bottled Tornado","Lee\u0027s Waffle","Gremlin Horn","Whetstone","Torii"],"acts_visited":["Exordium","TheCity","TheBeyond","TheEnding"],"potions_floor_usage":[0,12,16,16,35,50,55,55],"damage_taken":[{"damage":1,"enemies":"Jaw Worm","floor":1,"turns":3},{"damage":1,"enemies":"Cultist","floor":2,"turns":2},{"damage":0,"enemies":"Small Slimes","floor":4,"turns":1},{"damage":0,"enemies":"2 Fungi Beasts","floor":5,"turns":2},{"damage":0,"enemies":"Gremlin Nob","floor":6,"turns":2},{"damage":2,"enemies":"Exordium Thugs","floor":7,"turns":3},{"damage":2,"enemies":"Lagavulin","floor":8,"turns":3},{"damage":0,"enemies":"Exordium Wildlife","floor":11,"turns":1},{"damage":0,"enemies":"2 Fungi Beasts","floor":12,"turns":2},{"damage":1,"enemies":"Gremlin Nob","floor":13,"turns":2},{"damage":9,"enemies":"The Guardian","floor":16,"turns":4},{"damage":0,"enemies":"3 Byrds","floor":18,"turns":2},{"damage":0,"enemies":"Spheric Guardian","floor":22,"turns":3},{"damage":0,"enemies":"Gremlin Leader","floor":23,"turns":2},{"damage":0,"enemies":"Chosen and Byrds","floor":27,"turns":3},{"damage":0,"enemies":"Slavers","floor":29,"turns":3},{"damage":0,"enemies":"Snake Plant","floor":31,"turns":1},{"damage":1,"enemies":"Collector","floor":33,"turns":5},{"damage":1,"enemies":"3 Darklings","floor":35,"turns":3},{"damage":0,"enemies":"2 Orb Walkers","floor":37,"turns":3},{"damage":3,"enemies":"3 Shapes","floor":39,"turns":2},{"damage":0,"enemies":"Giant Head","floor":40,"turns":4},{"damage":1,"enemies":"Maw","floor":42,"turns":4},{"damage":0,"enemies":"Sphere and 2 Shapes","floor":45,"turns":2},{"damage":4,"enemies":"Transient","floor":46,"turns":6},{"damage":3,"enemies":"Nemesis","floor":47,"turns":3},{"damage":29,"enemies":"Time Eater","floor":50,"turns":7},{"damage":1,"enemies":"Shield and Spear","floor":54,"turns":2},{"damage":35,"enemies":"The Heart","floor":55,"turns":6}],"seed_played":"-4474769272034668111","potions_obtained":[{"floor":1,"key":"AttackPotion"},{"floor":5,"key":"SkillPotion"},{"floor":12,"key":"EntropicBrew"},{"floor":37,"key":"SpeedPotion"},{"floor":45,"key":"Ancient Potion"},{"floor":47,"key":"DistilledChaos"},{"floor":54,"key":"FearPotion"}],"is_trial":false,"path_per_floor":["M","M","?","M","M","E","M","E","T","$","M","M","E","?","R","B",null,"M","?","?","?","M","E","R","$","T","M","?","E","R","M","R","B",null,"M","?","?","T","M","E","?","M","T","R","M","M","E","$","R","B",null,"R","$","E","B",null],"character_chosen":"THE_SILENT","items_purchased":["Footwork","Pear","HandDrill","Blue Candle","Finesse","Fruit Juice","Blade Dance","Cloak And Dagger","CeramicFish","Slimebound:StickyStick","Anchor","Accuracy","Cloak And Dagger","Panache","Bronze Scales","Guardian:BottledAnomaly","Bag of Marbles","Incense Burner","Guardian:PocketSentry","Happy Flower","Footwork","Accuracy","After Image","Infinite Blades","Medical Kit","DollysMirror","A Thousand Cuts","Envenom","Lee\u0027s Waffle","Flash of Steel+1","Gremlin Horn","Escape Plan+1","Whetstone"],"campfire_rested":5,"item_purchase_floors":[0,0,0,0,0,0,0,0,0,0,0,0,0,0,0,0,0,0,0,0,10,10,10,10,10,25,48,48,53,53,53,53,53],"current_hp_per_floor":[73,72,72,72,72,72,70,68,68,68,68,68,67,41,41,32,69,69,69,69,69,69,69,81,81,81,81,81,88,88,88,88,87,88,87,84,84,84,81,81,81,80,80,84,84,80,77,77,84,55,77,84,91,90,56],"gold":153,"neow_bonus":"","is_daily":false,"chose_seed":false,"campfire_upgraded":1,"win_rate":0.0,"timestamp":1612234241,"path_taken":["M","M","?","M","M","E","M","E","T","?","M","?","E","?","R","BOSS","M","?","?","?","?","E","R","$","T","M","?","E","R","M","R","BOSS","M","?","?","?","M","E","?","M","T","R","M","?","E","$","R","BOSS","R","$","E","BOSS"],"items_purchased_type":["Card","Relic","Relic","Relic","Card","Potion","Card","Card","Relic","Relic","Relic","Card","Card","Card","Relic","Relic","Relic","Relic","Relic","Relic","Card","Card","Card","Card","Relic","Relic","Card","Card","Relic","Card","Relic","Card","Relic"],"build_version":"2020-12-22","purchased_purges":6,"victory":true,"max_hp_per_floor":[81,81,81,81,81,81,81,81,81,81,81,81,81,81,81,81,81,81,81,81,81,81,81,81,81,81,81,81,88,88,88,88,88,88,88,84,84,84,84,84,84,84,84,84,84,84,84,84,84,84,84,84,91,91,91],"relic_stats":{"Gremlin Horn":[1,1],"Torii":0,"CeramicFish":315,"Snake Skull":[464],"Whetstone":["Neutralize"],"Boot":[101],"Nunchaku":[29],"Mummified Hand":[402],"Sundial":[22],"Pantograph":1,"Tiny Chest":1,"HandDrill":[24],"Chemical X":[76],"Kunai":[91],"Ring of the Snake":[116],"Lee\u0027s Waffle":39,"Happy Flower":[28],"counters":[84,296],"Blue Candle":[24],"PreservedInsect":394,"War Paint":["Cloak And Dagger","Cloak And Dagger","Finesse","Cloak And Dagger"],"Medical Kit":[110],"Bronze Scales":[278],"Black Star":8,"Art of War":[26],"obtain_stats":[{"champ:DuelingGlove":29,"Gremlin Horn":53,"Nilry\u0027s Codex":28,"CeramicFish":0,"Vajra":6,"Whetstone":53,"Bottled Tornado":47,"Boot":8,"Sling":21,"Blood Vial":48,"Centennial Puzzle":41,"DollysMirror":35,"Sundial":13,"Strawberry":53,"Prayer Wheel":0,"Fusion Hammer":17,"downfall:ExtraCursedKey":19,"HandDrill":0,"Kunai":12,"Toxic Egg 2":34,"Pear":0,"Happy Flower":0,"Blue Candle":14,"Oddly Smooth Stone":8,"Eternal Feather":0,"Guardian:PocketSentry":0,"Letter Opener":4,"Paper Crane":28,"War Paint":7,"Question Card":0,"Akabeko":19,"OrangePellets":48,"Bottled Flame":21,"Bronze Scales":7,"Molten Egg 2":28,"Black Star":17,"Unceasing Top":8,"Pocketwatch":0,"Lantern":29,"bronze:ElectromagneticCoil":34,"Regal Pillow":26,"bronze:BronzeCore":0,"Singing Bowl":0,"Torii":54,"sneckomod:BlankCard":23,"Mango":47,"Snake Skull":10,"Juzu Bracelet":0,"Incense Burner":0,"Cursed Key":17,"Smiling Mask":43,"Ancient Tea Set":23,"Nunchaku":9,"Shovel":29,"Mummified Hand":31,"downfall:HeartBlessingBlue":0,"Slimebound:StickyStick":0,"Pantograph":40,"Toolbox":47,"Tiny Chest":23,"Chemical X":0,"Guardian:BottledAnomaly":0,"Ring of the Snake":2,"Lee\u0027s Waffle":41,"hexamod:CandleOfCauterizing":46,"The Specimen":37,"Thread and Needle":30,"The Courier":0,"PreservedInsect":6,"Omamori":19,"Frozen Egg 2":21,"Medical Kit":8,"Mercury Hourglass":2,"bronze:BronzeIdol":43,"Peace Pipe":46,"Calling Bell":34,"Anchor":0,"CaptainsWheel":47,"Art of War":31,"Coffee Dripper":34,"Bag of Marbles":0,"Membership Card":8,"hexamod:BolsterEngine":43},{"champ:DuelingGlove":71,"Gremlin Horn":82,"Nilry\u0027s Codex":13,"CeramicFish":55,"Vajra":30,"Whetstone":82,"Bottled Tornado":81,"Boot":4,"Sling":11,"Blood Vial":24,"Centennial Puzzle":20,"DollysMirror":17,"Sundial":34,"Strawberry":53,"Prayer Wheel":0,"Fusion Hammer":66,"downfall:ExtraCursedKey":67,"HandDrill":55,"Kunai":6,"Toxic Egg 2":73,"Pear":26,"Happy Flower":55,"Blue Candle":6,"Oddly Smooth Stone":62,"Eternal Feather":26,"Guardian:PocketSentry":55,"Letter Opener":28,"Paper Crane":42,"War Paint":61,"Question Card":0,"Akabeko":67,"OrangePellets":24,"Bottled Flame":11,"Bronze Scales":3,"Molten Egg 2":70,"Black Star":8,"Unceasing Top":4,"Pocketwatch":26,"Lantern":14,"bronze:ElectromagneticCoil":17,"Regal Pillow":42,"bronze:BronzeCore":0,"Singing Bowl":0,"Torii":83,"sneckomod:BlankCard":42,"Mango":51,"Snake Skull":32,"Juzu Bracelet":0,"Incense Burner":55,"Cursed Key":36,"Smiling Mask":49,"Ancient Tea Set":69,"Nunchaku":62,"Shovel":44,"Mummified Hand":15,"downfall:HeartBlessingBlue":26,"Slimebound:StickyStick":55,"Pantograph":77,"Toolbox":24,"Tiny Chest":69,"Chemical X":26,"Guardian:BottledAnomaly":55,"Ring of the Snake":57,"Lee\u0027s Waffle":48,"hexamod:CandleOfCauterizing":50,"The Specimen":75,"Thread and Needle":44,"The Courier":55,"PreservedInsect":60,"Omamori":67,"Frozen Egg 2":11,"Medical Kit":4,"Mercury Hourglass":1,"bronze:BronzeIdol":22,"Peace Pipe":24,"Calling Bell":73,"Anchor":55,"CaptainsWheel":81,"Art of War":45,"Coffee Dripper":46,"Bag of Marbles":55,"Membership Card":4,"hexamod:BolsterEngine":22},{"champ:DuelingGlove":249,"Gremlin Horn":288,"Nilry\u0027s Codex":45,"CeramicFish":213,"Vajra":99,"Whetstone":288,"Bottled Tornado":281,"Boot":22,"Sling":37,"Blood Vial":79,"Centennial Puzzle":70,"DollysMirror":60,"Sundial":110,"Strawberry":196,"Prayer Wheel":0,"Fusion Hammer":236,"downfall:ExtraCursedKey":238,"HandDrill":213,"Kunai":25,"Toxic Egg 2":255,"Pear":88,"Happy Flower":213,"Blue Candle":25,"Oddly Smooth Stone":227,"Eternal Feather":88,"Guardian:PocketSentry":213,"Letter Opener":93,"Paper Crane":142,"War Paint":224,"Question Card":0,"Akabeko":238,"OrangePellets":79,"Bottled Flame":37,"Bronze Scales":18,"Molten Egg 2":246,"Black Star":27,"Unceasing Top":20,"Pocketwatch":88,"Lantern":46,"bronze:ElectromagneticCoil":60,"Regal Pillow":142,"bronze:BronzeCore":0,"Singing Bowl":0,"Torii":290,"sneckomod:BlankCard":142,"Mango":185,"Snake Skull":104,"Juzu Bracelet":0,"Incense Burner":213,"Cursed Key":118,"Smiling Mask":175,"Ancient Tea Set":243,"Nunchaku":227,"Shovel":149,"Mummified Hand":48,"downfall:HeartBlessingBlue":88,"Slimebound:StickyStick":213,"Pantograph":266,"Toolbox":79,"Tiny Chest":243,"Chemical X":88,"Guardian:BottledAnomaly":213,"Ring of the Snake":218,"Lee\u0027s Waffle":170,"hexamod:CandleOfCauterizing":180,"The Specimen":260,"Thread and Needle":149,"The Courier":213,"PreservedInsect":221,"Omamori":238,"Frozen Egg 2":37,"Medical Kit":20,"Mercury Hourglass":3,"bronze:BronzeIdol":73,"Peace Pipe":79,"Calling Bell":255,"Anchor":213,"CaptainsWheel":281,"Art of War":155,"Coffee Dripper":163,"Bag of Marbles":213,"Membership Card":22,"hexamod:BolsterEngine":73}],"Pocketwatch":[10]},"card_choices":[{"not_picked":["Sucker Punch","Choke"],"picked":"Blade Dance","floor":1},{"not_picked":["Heel Hook","Deadly Poison","Deflect"],"picked":"SKIP","floor":2},{"not_picked":["Dagger Throw","Expertise","Finisher"],"picked":"SKIP","floor":4},{"not_picked":["Underhanded Strike","Quick Slash"],"picked":"Dodge and Roll","floor":5},{"not_picked":["Caltrops","Endless Agony"],"picked":"Footwork","floor":6},{"not_picked":["Dagger Throw","Endless Agony"],"picked":"Cloak And Dagger","floor":7},{"not_picked":["Masterful Stab","Setup","Slice"],"picked":"SKIP","floor":8},{"not_picked":["Blade Dance","Prepared"],"picked":"Cloak And Dagger","floor":11},{"not_picked":["Bane","Acrobatics","Outmaneuver"],"picked":"SKIP","floor":12},{"not_picked":["Grand Finale","Leg Sweep","Reflex"],"picked":"SKIP","floor":13},{"not_picked":["Malaise","Doppelganger"],"picked":"Envenom","floor":16},{"not_picked":["Blur","Dodge and Roll+1"],"picked":"Noxious Fumes+1","floor":18},{"not_picked":["Underhanded Strike","Setup","Calculated Gamble"],"picked":"SKIP","floor":22},{"not_picked":["Venomology","Eviscerate"],"picked":"Cloak And Dagger+1","floor":23},{"not_picked":["Sucker Punch","Quick Slash"],"picked":"PiercingWail+1","floor":27},{"not_picked":["Blur","Slice+1","Poisoned Stab+1"],"picked":"SKIP","floor":29},{"not_picked":["Terror","Dodge and Roll","Deadly Poison"],"picked":"SKIP","floor":31},{"not_picked":["Grand Finale+1","Night Terror"],"picked":"A Thousand Cuts","floor":33},{"not_picked":["Backflip+1","Catalyst+1","Quick Slash+1"],"picked":"SKIP","floor":35},{"not_picked":["PiercingWail+1","Caltrops"],"picked":"Escape Plan+1","floor":37},{"not_picked":["Unload+1","Tactician+1","Riddle With Holes+1"],"picked":"SKIP","floor":39},{"not_picked":["Outmaneuver+1","Dash+1","Bouncing Flask+1"],"picked":"SKIP","floor":40},{"not_picked":["Quick Slash+1","Prepared+1"],"picked":"Skewer+1","floor":42},{"not_picked":["Prepared+1","Dagger Throw+1","Catalyst+1"],"picked":"SKIP","floor":45},{"not_picked":["Sucker Punch+1","Dagger Throw+1","Flying Knee+1"],"picked":"SKIP","floor":46},{"not_picked":["Bane+1","Deadly Poison+1"],"picked":"Leg Sweep+1","floor":47},{"not_picked":["Flechettes+1","Dagger Spray+1","Deflect+1"],"picked":"SKIP","floor":54}],"player_experience":261024,"relics_obtained":[{"floor":6,"key":"Paper Crane"},{"floor":6,"key":"PreservedInsect"},{"floor":8,"key":"Boot"},{"floor":8,"key":"Oddly Smooth Stone"},{"floor":9,"key":"Nunchaku"},{"floor":13,"key":"Pocketwatch"},{"floor":13,"key":"War Paint"},{"floor":23,"key":"Ancient Tea Set"},{"floor":23,"key":"Tiny Chest"},{"floor":26,"key":"Snake Skull"},{"floor":29,"key":"champ:DuelingGlove"},{"floor":29,"key":"Strawberry"},{"floor":34,"key":"Art of War"},{"floor":34,"key":"Toxic Egg 2"},{"floor":37,"key":"The Specimen"},{"floor":40,"key":"Sundial"},{"floor":40,"key":"Pantograph"},{"floor":43,"key":"Vajra"},{"floor":47,"key":"CaptainsWheel"},{"floor":47,"key":"Bottled Tornado"},{"floor":54,"key":"Torii"}],"event_choices":[{"damage_healed":0,"gold_gain":275,"player_choice":"Desecrate","damage_taken":0,"max_hp_gain":0,"max_hp_loss":0,"event_name":"Golden Shrine","floor":3,"gold_loss":0,"cards_obtained":["Regret"]},{"damage_healed":0,"gold_gain":0,"player_choice":"Success","damage_taken":26,"relics_obtained":["Lantern"],"max_hp_gain":0,"max_hp_loss":0,"event_name":"Scrap Ooze","floor":14,"gold_loss":0},{"damage_healed":0,"gold_gain":0,"player_choice":"Read","damage_taken":0,"max_hp_gain":0,"max_hp_loss":0,"event_name":"The Library","floor":20,"gold_loss":0,"cards_obtained":["Blade Dance"]},{"damage_healed":0,"gold_gain":0,"player_choice":"Ignored","damage_taken":0,"max_hp_gain":0,"max_hp_loss":0,"event_name":"Vampires","floor":21,"gold_loss":0},{"damage_healed":0,"gold_gain":0,"player_choice":"Obtained Relic","damage_taken":0,"relics_obtained":["Molten Egg 2"],"max_hp_gain":0,"max_hp_loss":0,"event_name":"Addict","floor":28,"gold_loss":85},{"damage_healed":0,"gold_gain":0,"player_choice":"Max HP","damage_taken":0,"max_hp_gain":0,"max_hp_loss":4,"event_name":"Winding Halls","floor":36,"gold_loss":0},{"damage_healed":0,"gold_gain":0,"player_choice":"Fight","damage_taken":0,"max_hp_gain":0,"max_hp_loss":0,"event_name":"Mysterious Sphere","floor":37,"gold_loss":0},{"damage_healed":0,"gold_gain":0,"player_choice":"Ignored","damage_taken":0,"max_hp_gain":0,"max_hp_loss":0,"event_name":"SecretPortal","floor":41,"gold_loss":0}],"is_beta":false,"boss_relics":[{"not_picked":["Velvet Choker","bronze:MakeshiftBattery"],"picked":"Fusion Hammer"},{"not_picked":["Empty Cage","Sozu"],"picked":"Calling Bell"}],"items_purged_floors":[0,0,0,10,25,48],"is_endless":false,"potions_floor_spawned":[1,5,7,12,18,29,37,40,45,47,54],"ascension_level":19}}