{"host":"uceopoba4zvqsgiy","time":1612242895,"event":{"mods":["Act Like it!","BaseMod","Better Skull","Better Third Choice","Elementarium","Evolution","GifTheSpireLib","Hermit","Humility","Infinite Spire","Jorbs\u0027s Wanderer Trilogy","Marked Mod","Minty Spire (QoL Compilation)","Potionbrewer","Reliquary","Replay The Spire","Robot Space Explorer","Shade Mod","Spicy Shops","StS++","StSLib","Stuff the Spire","The Blue Laboratory","The Caster","The Cursed","The Dragon Tamer","The Hierophant","The Jungle","TheSurvivalist","Wandering Minibosses"],"gold_per_floor":[114,133,0,0,0,29,29,48,48,38,38],"floor_reached":10,"language":"ENG","playtime":418,"items_purged":[],"score":96,"play_id":"8cecc570-3d58-4b1d-9c9b-e1ff19cb4f67","local_time":"20210202154455","is_ascension_mode":true,"campfire_choices":[{"floor":7,"key":"REST"}],"circlet_count":0,"master_deck":["Ball Lightning","Strike_B","Strike_B","Strike_B","Defend_B","Defend_B","Defend_B","Defend_B","Zap","Dualcast","Apotheosis","Ball Lightning","Darkness","Enlightenment","Ball Lightning","Rainbow"],"relics":["Cracked Core","EVO:Axolotl","Ornamental Fan","StSpp:WoodenStick","reliquary:JackalopeAntler"],"acts_visited":["Exordium"],"potions_floor_usage":[2],"damage_taken":[{"damage":0,"enemies":"Cultist","floor":1,"turns":3},{"damage":8,"enemies":"2 Louse","floor":2,"turns":2},{"damage":14,"enemies":"Replay:BlueRogue","floor":6,"turns":4},{"damage":8,"enemies":"Small Slimes","floor":8,"turns":2},{"damage":60,"enemies":"Gremlin Nob","floor":10,"turns":3}],"seed_played":"5962386482590613062","potions_obtained":[{"floor":1,"key":"SteroidPotion"},{"floor":2,"key":"blueLaboratory:NullPotion"}],"is_trial":false,"path_per_floor":["M","M","?","?","$","E","R","M","T","E"],"character_chosen":"DEFECT","items_purchased":[],"campfire_rested":1,"item_purchase_floors":[],"current_hp_per_floor":[50,42,48,48,48,34,58,50,50,0,0],"gold":38,"neow_bonus":"RANDOM_COLORLESS_2","is_daily":false,"chose_seed":false,"campfire_upgraded":0,"win_rate":0.0,"timestamp":1612242895,"path_taken":["M","M","?","?","$","E","R","M","T","E"],"items_purchased_type":[],"build_version":"2020-12-22","purchased_purges":0,"victory":false,"max_hp_per_floor":[75,75,81,81,81,81,81,81,81,81,81],"card_choices":[{"not_picked":["Transmutation","Crow Ritual"],"picked":"Apotheosis","floor":0},{"not_picked":["Crystallizer","Melter"],"picked":"Ball Lightning","floor":1},{"not_picked":["Rebound","Time Bomb"],"picked":"Darkness","floor":2},{"not_picked":["Redo","ReplayTheSpireMod:System Scan"],"picked":"Ball Lightning","floor":6},{"not_picked":["StuffTheSpire:LoadUp","Leap"],"picked":"Rainbow","floor":8}],"player_experience":1463974,"relics_obtained":[{"floor":4,"key":"Ornamental Fan"},{"floor":6,"key":"StSpp:WoodenStick"},{"floor":9,"key":"reliquary:JackalopeAntler"}],"event_choices":[{"damage_healed":0,"gold_gain":0,"player_choice":"RENOUNCE","damage_taken":133,"max_hp_gain":0,"max_hp_loss":0,"event_name":"betterThird:BetterSerpent","floor":3,"gold_loss":133,"cards_obtained":["Enlightenment"]}],"is_beta":false,"boss_relics":[],"items_purged_floors":[],"is_endless":false,"potions_floor_spawned":[1,2],"killed_by":"Gremlin Nob","ascension_level":9,"is_humility":true}}