{"host":"6bsan6hkua32tfq7","time":1612241904,"event":{"mods":["BaseMod","Better Third Choice","Colored Map","Highlight Path","Minty Spire (QoL Compilation)","StSLib"],"gold_per_floor":[114,39,39,54,0,28,48,377,377,377,377],"floor_reached":10,"language":"ENG","playtime":143,"items_purged":["Defend_B"],"score":202,"play_id":"a172c1d2-4abc-40ae-8ddf-a74fa9a9431b","local_time":"20210202055824","is_ascension_mode":true,"campfire_choices":[],"circlet_count":0,"master_deck":["AscendersBane","Strike_B","Strike_B","Strike_B","Strike_B","Defend_B","Defend_B","Defend_B","Zap","Dualcast","Go for the Eyes","Loop","Genetic Algorithm","Defragment"],"relics":["Cracked Core","NeowsBlessing","betterThird:SlimedRelic","Kunai","Old Coin","StoneCalendar"],"acts_visited":["Exordium"],"potions_floor_usage":[8],"damage_taken":[{"damage":0,"enemies":"Cultist","floor":1,"turns":1},{"damage":0,"enemies":"2 Louse","floor":4,"turns":1},{"damage":0,"enemies":"3 Sentries","floor":6,"turns":1},{"damage":7,"enemies":"Small Slimes","floor":7,"turns":3},{"damage":23,"enemies":"Lagavulin","floor":8,"turns":6},{"damage":29,"enemies":"Gremlin Nob","floor":10,"turns":3}],"seed_played":"8938609754357380363","potions_obtained":[{"floor":6,"key":"FearPotion"},{"floor":8,"key":"PotionOfCapacity"}],"is_trial":false,"path_per_floor":["M","$","?","M","?","E","M","E","T","E"],"character_chosen":"DEFECT","items_purchased":[],"campfire_rested":0,"item_purchase_floors":[],"current_hp_per_floor":[64,64,69,69,58,58,51,28,28,0,0],"gold":377,"neow_bonus":"THREE_ENEMY_KILL","is_daily":false,"chose_seed":false,"campfire_upgraded":0,"win_rate":0.0,"timestamp":1612241904,"path_taken":["M","?","?","M","?","E","M","E","T","E"],"items_purchased_type":[],"build_version":"2020-12-22","purchased_purges":1,"victory":false,"max_hp_per_floor":[71,71,76,76,76,76,76,76,76,76,76],"card_choices":[{"not_picked":["Turbo","Rebound"],"picked":"Go for the Eyes","floor":1},{"not_picked":["Rebound","Cold Snap"],"picked":"Loop","floor":4},{"not_picked":["Coolheaded","Heatsinks"],"picked":"Genetic Algorithm","floor":6},{"not_picked":["Redo","Stack","Hologram"],"picked":"SKIP","floor":7},{"not_picked":["Rip and Tear","Meteor Strike"],"picked":"Defragment","floor":8}],"player_experience":5369766,"relics_obtained":[{"floor":6,"key":"Kunai"},{"floor":8,"key":"Old Coin"},{"floor":9,"key":"StoneCalendar"}],"event_choices":[{"damage_healed":0,"gold_gain":0,"player_choice":"Donut","damage_taken":0,"max_hp_gain":5,"max_hp_loss":0,"event_name":"Big Fish","floor":3,"gold_loss":0},{"damage_healed":0,"gold_gain":0,"player_choice":"Slimed","damage_taken":11,"max_hp_gain":0,"max_hp_loss":0,"event_name":"betterThird:BetterGoop","floor":5,"gold_loss":54}],"is_beta":false,"boss_relics":[],"items_purged_floors":[2],"is_endless":false,"potions_floor_spawned":[6,8],"killed_by":"Gremlin Nob","ascension_level":20}}