{"host":"roto7j7840a50pxh","time":1612253291,"event":{"mods":["Act Like it!","BaseMod","Better Altar","Better Note","Better Sensory Stone","Better Skull","Better Third Choice","BetterRewards","Colored Map","Colored Powertips","Downfall","Hermit","Highlight Path","Hubris","Infinite Spire","Minty Spire (QoL Compilation)","Replay The Spire","Shade Mod","Spicy Shops","StSLib","The Construct","The Hierophant","The Necromancer"],"gold_per_floor":[99,114,124,134,148,166,166,179,179,507,507,527,427,441,457,553,553,553,571,585,596,596,614,614,614,614,614],"floor_reached":25,"language":"ENG","playtime":2454,"items_purged":[],"score":232,"play_id":"d3bf103f-8341-4ce3-b322-34361f0f20e5","local_time":"20210202030811","is_ascension_mode":true,"campfire_choices":[{"floor":1.0,"key":"RECALL"},{"data":"bronze:Repair","floor":9.0,"key":"SMITH"},{"data":"bronze:Fortify","floor":13.0,"key":"SMITH"},{"data":"bronze:MaxOutput","floor":18.0,"key":"SMITH"}],"circlet_count":0,"master_deck":["bronze:Strike","bronze:Strike","bronze:Strike","bronze:Strike","bronze:Defend","bronze:Defend","bronze:Defend","bronze:Defend","bronze:Replicate","bronze:Goto","bronze:Fortify+1","bronze:BugBarrage","bronze:InfiniteBeams","bronze:MaxOutput+1","bronze:Repair+1","bronze:Frontload","bronze:Shield","bronze:Overheat","bronze:Repulsor","bronze:Flail","bronze:ShipIt","Writhe","bronze:Replicate","bronze:ThunderWave","Bandage Up","hubris:Fate","bronze:BugBarrage","bronze:Boost","bronze:BugBarrage","bronze:Repulsor+1","bronze:Flail"],"relics":["Sizzling Blood","Replay:Wax Seal","infinitespire:Bottled Soul","Old Coin","infinitespire:Cubic Diamond","downfall:HeartBlessingRed","ReplayTheSpireMod:SealedPack","infinitespire:BottledMercury"],"acts_visited":["Exordium","TheCity"],"potions_floor_usage":[23,23],"damage_taken":[{"damage":7.0,"enemies":"infinitespire:Voidling","floor":2.0,"turns":4.0},{"damage":8.0,"enemies":"Small Slimes","floor":3.0,"turns":4.0},{"damage":4.0,"enemies":"2 Louse","floor":4.0,"turns":3.0},{"damage":14.0,"enemies":"Exordium Thugs","floor":5.0,"turns":7.0},{"damage":4.0,"enemies":"Red Slaver","floor":6.0,"turns":4.0},{"damage":8.0,"enemies":"Large Slime","floor":8.0,"turns":6.0},{"damage":9.0,"enemies":"Replay:BlueRogue","floor":10.0,"turns":8.0},{"damage":12.0,"enemies":"Exordium Thugs","floor":12.0,"turns":7.0},{"damage":0.0,"enemies":"Gremlin Gang","floor":14.0,"turns":6.0},{"damage":0.0,"enemies":"Red Slaver","floor":15.0,"turns":5.0},{"damage":33.0,"enemies":"WA_ARCHETYPE_RETAIN","floor":16.0,"turns":14.0},{"damage":16.0,"enemies":"Shell Parasite","floor":19.0,"turns":7.0},{"damage":38.0,"enemies":"Snecko","floor":20.0,"turns":5.0},{"damage":47.0,"enemies":"Snake Plant","floor":21.0,"turns":6.0},{"damage":23,"enemies":"Shelled Parasite and Fungi","floor":23,"turns":5},{"damage":15,"enemies":"Replay:Snechameleon","floor":25,"turns":1}],"seed_played":"-382769416751206243","potions_obtained":[{"floor":2.0,"key":"LiquidMemories"},{"floor":10.0,"key":"bronze:CleanCodePotion"},{"floor":12.0,"key":"Block Potion"},{"floor":14.0,"key":"Reflective Coating"},{"floor":15.0,"key":"ColorlessPotion"},{"floor":16.0,"key":"hexamod:SoulburnPotion"},{"floor":20.0,"key":"Explosive Potion"},{"floor":21.0,"key":"LiquidBronze"}],"is_trial":false,"path_per_floor":["R","M","M","M","M","M","T","M","R","E","?","M","R","M","M","B",null,"R","M","M","M","?","M","T","E"],"character_chosen":"THE_AUTOMATON","items_purchased":[],"campfire_rested":0,"item_purchase_floors":[],"current_hp_per_floor":[70,63,55,51,37,33,33,32,32,33,33,35,35,49,63,44,70,70,70,40,26,26,11,11,0,0,0],"gold":614,"neow_bonus":"RANDOM_COMMON_RELIC","is_daily":false,"chose_seed":false,"campfire_upgraded":3,"win_rate":0.0,"timestamp":1612253291,"path_taken":["R","M","?","M","M","M","T","M","R","E","?","M","R","M","M","BOSS","R","M","M","M","?","?","T","E"],"items_purchased_type":[],"build_version":"2020-12-22","purchased_purges":0,"victory":false,"max_hp_per_floor":[70,70,70,70,70,70,70,70,70,70,70,70,70,70,70,70,70,70,70,70,70,70,70,70,70,70,70],"card_choices":[{"not_picked":["bronze:ClassDefault","bronze:Invalidate"],"picked":"bronze:Fortify","floor":2.0},{"not_picked":["bronze:OilSpill","bronze:ForLoop"],"picked":"bronze:BugBarrage","floor":3.0},{"not_picked":["bronze:Branch","bronze:Backtrace"],"picked":"bronze:InfiniteBeams","floor":4.0},{"not_picked":["bronze:ForLoop","bronze:Refactor"],"picked":"bronze:MaxOutput","floor":5.0},{"not_picked":["bronze:Shield","bronze:Overheat"],"picked":"bronze:Repair","floor":6.0},{"not_picked":["bronze:BitShift","bronze:Deprecate"],"picked":"bronze:Frontload","floor":8.0},{"not_picked":["bronze:Deprecate","bronze:Philosophize"],"picked":"bronze:Shield","floor":10.0},{"not_picked":["bronze:InfiniteBeams","bronze:HardenedForm"],"picked":"bronze:Overheat","floor":12.0},{"not_picked":["bronze:BitShift","bronze:Shield"],"picked":"bronze:Repulsor","floor":14.0},{"not_picked":["bronze:WildBeam","bronze:DelayedSlice"],"picked":"bronze:Flail","floor":15.0},{"not_picked":["bronze:Break","bronze:FindAndReplace"],"picked":"bronze:ShipIt","floor":16.0},{"not_picked":["Bone_Wall","sneckomod:TailWhip"],"picked":"bronze:Replicate","floor":17.0},{"not_picked":["bronze:HyperBeam","bronze:Virus"],"picked":"bronze:ThunderWave","floor":17.0},{"not_picked":["Purity","Specialist"],"picked":"Bandage Up","floor":17.0},{"not_picked":["infinitespire:UltimateForm","infinitespire:SealOfDarkness+"],"picked":"hubris:Fate","floor":17.0},{"not_picked":["bronze:WildBeam","bronze:ChildClass"],"picked":"bronze:BugBarrage","floor":19.0},{"not_picked":["bronze:BronzeArmor","bronze:ItsAFeature"],"picked":"bronze:Boost","floor":20.0},{"not_picked":["bronze:Backtrace","bronze:WildBeam"],"picked":"bronze:BugBarrage","floor":21.0},{"not_picked":["bronze:Verify","bronze:WildBeam"],"picked":"bronze:Flail","floor":23}],"player_experience":1518689,"relics_obtained":[{"floor":7.0,"key":"infinitespire:Bottled Soul"},{"floor":10.0,"key":"Old Coin"},{"floor":24,"key":"infinitespire:BottledMercury"}],"event_choices":[{"cards_removed":["bronze:Repair"],"damage_healed":0.0,"max_hp_gain":0.0,"max_hp_loss":0.0,"gold_gain":0.0,"event_name":"betterNote:BetterNote","player_choice":"Take \u0026 Give","floor":22.0,"gold_loss":0.0,"damage_taken":0.0,"cards_obtained":["bronze:Repulsor"]}],"is_beta":false,"boss_relics":[{"not_picked":["hubris:TerracottaHorce","hubris:Stopwatch"],"picked":"ReplayTheSpireMod:SealedPack"}],"items_purged_floors":[],"is_endless":false,"potions_floor_spawned":[2,10,12,14,15,16,20,21],"killed_by":"Replay:Snechameleon","ascension_level":2}}