{"host":"61r95uy0hn86b9iu","time":1612226017,"event":{"mods":["AchievementEnabler","BaseMod","Better Vampires","BetterRewards","Colored Powertips","Hubris","Minty Spire (QoL Compilation)","Shop Mod","StSLib"],"gold_per_floor":[118,118,133,133,143,143,161,187,187,187,210,210,242,6,6,77,77,95,95,95,109,109,137,137,163,163,181,181,132,132,157,157,233,233,253,19,0,14,39,39,39,39,39,39,39,39,49,49,49,49,49],"floor_reached":50,"language":"ENG","playtime":1676,"items_purged":["Strike_B"],"score":1268,"play_id":"fcf29a1c-afb9-4a87-a2e4-426636a913d5","local_time":"20210201183337","is_ascension_mode":true,"campfire_choices":[{"floor":6.0,"key":"REST"},{"floor":12.0,"key":"REST"},{"floor":15.0,"key":"REST"},{"floor":24.0,"key":"REST"},{"floor":28.0,"key":"REST"},{"floor":32.0,"key":"REST"},{"data":"Echo Form","floor":40.0,"key":"SMITH"},{"floor":42.0,"key":"RECALL"},{"data":"Madness","floor":45.0,"key":"SMITH"},{"floor":49,"key":"REST"}],"circlet_count":0,"master_deck":["AscendersBane","Strike_B","Strike_B","Strike_B","Defend_B","Defend_B","Defend_B","Defend_B","Zap","Dualcast","hubris:EnhanceAbility","hubris:Ukulele","Beam Cell","Electrodynamics","Melter","Conserve Battery","Echo Form+1","Loop+1","Defragment","Defragment+1","Core Surge","Static Discharge","Conserve Battery","Undo","Glacier+1","Madness","Madness+1"],"relics":["Cracked Core","Cables","CaptainsWheel","Bag of Preparation","hubris:CuriousFeather","Vajra","Juzu Bracelet","hubris:Potato","FossilizedHelix","Bird Faced Urn","hubris:MysteriousPyramids","MerchantsRug","Pen Nib","Ancient Tea Set","hubris:RunicObelisk","DataDisk","Red Mask","Calipers","InkBottle"],"acts_visited":["Exordium","TheCity","TheBeyond"],"potions_floor_usage":[],"damage_taken":[{"damage":0.0,"enemies":"Small Slimes","floor":1.0,"turns":3.0},{"damage":1.0,"enemies":"Cultist","floor":3.0,"turns":3.0},{"damage":0.0,"enemies":"Jaw Worm","floor":5.0,"turns":2.0},{"damage":15.0,"enemies":"Exordium Wildlife","floor":7.0,"turns":3.0},{"damage":12.0,"enemies":"Lagavulin","floor":8.0,"turns":4.0},{"damage":3.0,"enemies":"3 Sentries","floor":13.0,"turns":4.0},{"damage":11.0,"enemies":"Slime Boss","floor":16.0,"turns":6.0},{"damage":5.0,"enemies":"Chosen","floor":18.0,"turns":4.0},{"damage":0.0,"enemies":"Spheric Guardian","floor":21.0,"turns":1.0},{"damage":37.0,"enemies":"Slavers","floor":23.0,"turns":2.0},{"damage":33.0,"enemies":"Gremlin Leader","floor":25.0,"turns":5.0},{"damage":32.0,"enemies":"Snake Plant","floor":27.0,"turns":3.0},{"damage":29.0,"enemies":"Slavers","floor":31.0,"turns":4.0},{"damage":3.0,"enemies":"Champ","floor":33.0,"turns":7.0},{"damage":3.0,"enemies":"Orb Walker","floor":35.0,"turns":3.0},{"damage":0.0,"enemies":"3 Shapes","floor":38.0,"turns":2.0},{"damage":0.0,"enemies":"Mind Bloom Boss Battle","floor":39.0,"turns":6.0},{"damage":27,"enemies":"Jaw Worm Horde","floor":47,"turns":3},{"damage":133,"enemies":"hubris:GrandSnecko","floor":50,"turns":14}],"seed_played":"-6211794728884515852","potions_obtained":[{"floor":1.0,"key":"BlessingOfTheForge"},{"floor":5.0,"key":"EssenceOfSteel"},{"floor":13.0,"key":"Dexterity Potion"},{"floor":16.0,"key":"PowerPotion"},{"floor":25.0,"key":"FairyPotion"},{"floor":38.0,"key":"Energy Potion"}],"is_trial":false,"path_per_floor":["M","?","M","?","M","R","M","E","T","T","T","R","E","$","R","B",null,"M","?","?","M","?","E","R","E","T","M","R","$","?","E","R","B",null,"M","$","?","M","?","R","$","R","T","?","R","$","M","$","R","B"],"character_chosen":"DEFECT","items_purchased":["Cables","hubris:EnhanceAbility","Juzu Bracelet","MerchantsRug","DataDisk","FairyPotion"],"campfire_rested":7,"item_purchase_floors":[0,0,14,29,36,36],"current_hp_per_floor":[50,50,49,49,49,70,55,43,43,43,43,64,61,61,71,60,68,63,63,63,63,63,26,47,14,14,15,36,36,36,11,32,45,65,68,68,68,71,71,71,71,71,71,58,58,58,43,43,64,0,0],"gold":49,"neow_bonus":"","is_daily":false,"chose_seed":false,"campfire_upgraded":2,"win_rate":0.0,"timestamp":1612226017,"path_taken":["M","?","?","?","M","R","M","E","T","?","?","R","E","$","R","BOSS","M","?","?","M","?","E","R","E","T","M","R","?","?","E","R","BOSS","M","$","?","M","?","R","?","R","T","?","R","$","M","$","R","BOSS"],"items_purchased_type":["Relic","Card","Relic","Relic","Relic","Potion"],"build_version":"2020-12-22","purchased_purges":1,"victory":false,"max_hp_per_floor":[71,71,71,71,71,71,71,71,71,71,71,71,71,71,71,71,71,71,71,71,71,71,71,71,71,71,71,71,71,71,71,71,71,71,71,71,71,71,71,71,71,71,71,71,71,71,71,71,71,71,71],"card_choices":[{"not_picked":["Sweeping Beam","Self Repair"],"picked":"hubris:Ukulele","floor":1.0},{"not_picked":["Go for the Eyes","Turbo"],"picked":"Melter","floor":3.0},{"not_picked":["Rebound","Heatsinks","Sweeping Beam"],"picked":"SKIP","floor":5.0},{"not_picked":["Biased Cognition","Rebound","Compile Driver"],"picked":"SKIP","floor":7.0},{"not_picked":["Hyperbeam","Turbo","Hello World"],"picked":"SKIP","floor":8.0},{"not_picked":["Stack","Gash","Steam"],"picked":"SKIP","floor":13.0},{"not_picked":["hubris:Prefetch","Buffer"],"picked":"Echo Form","floor":16.0},{"not_picked":["Tempest","Skim"],"picked":"Loop+1","floor":18.0},{"not_picked":["Streamline","Compile Driver+1"],"picked":"Defragment+1","floor":21.0},{"not_picked":["Storm+1","Genetic Algorithm"],"picked":"Core Surge","floor":23.0},{"not_picked":["hubris:Ukulele","hubris:PowerSurge"],"picked":"Static Discharge","floor":25.0},{"not_picked":["Cold Snap","Stack+1"],"picked":"Conserve Battery","floor":27.0},{"not_picked":["Conserve Battery","Sweeping Beam"],"picked":"Undo","floor":31.0},{"not_picked":["Rebound+1","Undo"],"picked":"Glacier+1","floor":35.0},{"not_picked":["Stack","White Noise","Compile Driver"],"picked":"SKIP","floor":38.0},{"not_picked":["Beam Cell","Static Discharge","Force Field+1"],"picked":"SKIP","floor":47}],"player_experience":3340989,"relics_obtained":[{"floor":8.0,"key":"Bag of Preparation"},{"floor":9.0,"key":"hubris:CuriousFeather"},{"floor":11.0,"key":"Vajra"},{"floor":13.0,"key":"Omamori"},{"floor":23.0,"key":"FossilizedHelix"},{"floor":25.0,"key":"Bird Faced Urn"},{"floor":26.0,"key":"hubris:MysteriousPyramids"},{"floor":31.0,"key":"Ancient Tea Set"},{"floor":39.0,"key":"Calipers"},{"floor":43.0,"key":"InkBottle"}],"event_choices":[{"damage_healed":0.0,"max_hp_gain":0.0,"max_hp_loss":0.0,"gold_gain":0.0,"event_name":"Match and Keep!","player_choice":"2 cards matched","floor":2.0,"gold_loss":0.0,"damage_taken":0.0,"cards_obtained":["Beam Cell","Electrodynamics"]},{"damage_healed":0.0,"max_hp_gain":0.0,"max_hp_loss":0.0,"gold_gain":0.0,"event_name":"The Library","player_choice":"Read","floor":19.0,"gold_loss":0.0,"damage_taken":0.0,"cards_obtained":["Defragment"]},{"damage_healed":0.0,"max_hp_gain":0.0,"max_hp_loss":0.0,"gold_gain":0.0,"event_name":"Cursed Tome","player_choice":"Ignored","floor":20.0,"gold_loss":0.0,"damage_taken":0.0},{"damage_healed":0.0,"max_hp_gain":0.0,"max_hp_loss":0.0,"gold_gain":0.0,"event_name":"Forgotten Altar","player_choice":"Smashed Altar","floor":22.0,"gold_loss":0.0,"damage_taken":0.0,"cards_obtained":["Decay"]},{"damage_healed":0.0,"max_hp_gain":0.0,"max_hp_loss":0.0,"gold_gain":0.0,"event_name":"The Mausoleum","player_choice":"Opened","floor":30.0,"gold_loss":0.0,"damage_taken":0.0,"relics_obtained":["Pen Nib"],"cards_obtained":["Writhe"]},{"damage_healed":0.0,"max_hp_gain":0.0,"max_hp_loss":0.0,"gold_gain":0.0,"event_name":"Tomb of Lord Red Mask","player_choice":"Paid","floor":37.0,"gold_loss":19.0,"damage_taken":0.0,"relics_obtained":["Red Mask"]},{"damage_healed":0.0,"max_hp_gain":0.0,"max_hp_loss":0.0,"gold_gain":0.0,"event_name":"MindBloom","player_choice":"Fight","floor":39.0,"gold_loss":0.0,"damage_taken":0.0},{"damage_healed":0.0,"max_hp_gain":0.0,"max_hp_loss":0.0,"gold_gain":0.0,"event_name":"Winding Halls","player_choice":"Embrace Madness","floor":44.0,"gold_loss":0.0,"damage_taken":13.0,"cards_obtained":["Madness","Madness"]}],"is_beta":false,"boss_relics":[{"not_picked":["hubris:GrandSneckoEye","hubris:ScarierMask"],"picked":"hubris:Backtick"},{"not_picked":["Snecko Eye","Black Star"],"picked":"hubris:RunicObelisk"}],"items_purged_floors":[14],"is_endless":false,"potions_floor_spawned":[1,5,13,16,21,25,38],"killed_by":"hubris:GrandSnecko","ascension_level":19}}