{"host":"qhn6g0owdgjb77rz","time":1612287472,"event":{"mods":["BaseMod","BetterRewards","Colored Map","Downfall","Minty Spire (QoL Compilation)","Relic Sorter","StSLib"],"gold_per_floor":[118,128,128,128,143,143,143,143,143,161,174,194,222,222,222,298,298,309,309,104,104,120,155,155,187,187,187,212,212,241,12,12,89,89,105,389,39,56,76,108,108,108,135,170,183,223,223,243,243,243,243,243,18,58,58],"floor_reached":56,"language":"ENG","playtime":2894,"items_purged":["Strike_B","Regret","Strike_B"],"score":2998,"play_id":"fe8d76e1-1a8f-4d93-8b93-e9e98187dd4f","local_time":"20210203023752","is_ascension_mode":true,"campfire_choices":[{"data":"Creative AI","floor":6.0,"key":"SMITH"},{"data":"Zap","floor":8.0,"key":"SMITH"},{"data":"Storm","floor":15,"key":"SMITH"},{"data":"Echo Form","floor":24,"key":"SMITH"},{"data":"Dualcast","floor":27,"key":"SMITH"},{"data":"Defend_B","floor":29,"key":"SMITH"},{"data":"Defragment","floor":32,"key":"SMITH"},{"data":"Capacitor","floor":42,"key":"SMITH"},{"floor":49,"key":"RECALL"},{"data":"Defend_B","floor":52,"key":"SMITH"}],"circlet_count":0,"master_deck":["AscendersBane","Defend_B","Defend_B","Defend_B+1","Defend_B+1","Zap+1","Dualcast+1","Consume+1","Creative AI+1","White Noise+1","Chill+1","Recycle+1","Leap+1","Storm+1","Echo Form+1","Leap+1","Defragment+1","Capacitor+1","Discovery+1","Glacier+1","Hologram+1","Madness+1","Core Surge"],"relics":["Cracked Core","Membership Card","TungstenRod","HornCleat","StoneCalendar","FossilizedHelix","Singing Bowl","Eternal Feather","Du-Vu Doll","Orichalcum","Toxic Egg 2","Meat on the Bone","Lantern","sneckomod:SneckoTalon","Art of War","Toy Ornithopter","Bag of Preparation","CeramicFish","Pantograph","PreservedInsect","Bottled Tornado","expansioncontent:StudyCardRelic","Guardian:BottledAnomaly","Mercury Hourglass","CaptainsWheel","Thread and Needle","Regal Pillow","Potion Belt","MealTicket","Happy Flower","Torii"],"acts_visited":["Exordium","TheCity","TheBeyond","TheEnding"],"potions_floor_usage":[11,13,25,55,55,55],"damage_taken":[{"damage":0.0,"enemies":"2 Louse","floor":1.0,"turns":2.0},{"damage":0.0,"enemies":"Jaw Worm","floor":2.0,"turns":3.0},{"damage":0.0,"enemies":"Small Slimes","floor":5.0,"turns":3.0},{"damage":0.0,"enemies":"Blue Slaver","floor":10.0,"turns":3.0},{"damage":6,"enemies":"Exordium Thugs","floor":11,"turns":6},{"damage":0,"enemies":"Looter","floor":12,"turns":4},{"damage":0,"enemies":"Gremlin Nob","floor":13,"turns":4},{"damage":11,"enemies":"Hexaghost","floor":16,"turns":6},{"damage":10,"enemies":"Spheric Guardian","floor":18,"turns":5},{"damage":0,"enemies":"Chosen","floor":22,"turns":4},{"damage":11,"enemies":"Book of Stabbing","floor":23,"turns":4},{"damage":10,"enemies":"Gremlin Leader","floor":25,"turns":5},{"damage":6,"enemies":"Book of Stabbing","floor":28,"turns":6},{"damage":0,"enemies":"Snecko","floor":30,"turns":5},{"damage":35,"enemies":"Automaton","floor":33,"turns":7},{"damage":1,"enemies":"3 Shapes","floor":35,"turns":3},{"damage":0,"enemies":"3 Darklings","floor":38,"turns":3},{"damage":0,"enemies":"Jaw Worm Horde","floor":39,"turns":3},{"damage":0,"enemies":"Giant Head","floor":40,"turns":4},{"damage":0,"enemies":"Reptomancer","floor":44,"turns":4},{"damage":0,"enemies":"Sphere and 2 Shapes","floor":45,"turns":3},{"damage":0,"enemies":"Giant Head","floor":46,"turns":5},{"damage":0,"enemies":"Spire Growth","floor":48,"turns":3},{"damage":0,"enemies":"Time Eater","floor":50,"turns":5},{"damage":53,"enemies":"Shield and Spear","floor":54,"turns":4},{"damage":0,"enemies":"The Heart","floor":55,"turns":5}],"seed_played":"8707149748712405704","potions_obtained":[{"floor":2.0,"key":"champ:CounterPotion"},{"floor":13,"key":"Energy Potion"},{"floor":16,"key":"Weak Potion"},{"floor":28,"key":"FearPotion"},{"floor":30,"key":"Weak Potion"},{"floor":44,"key":"DuplicationPotion"},{"floor":48,"key":"AttackPotion"}],"is_trial":false,"path_per_floor":["M","M","?","?","M","R","?","R","T","M","M","M","E","?","R","B",null,"M","?","$","?","M","E","R","E","T","R","E","R","M","$","R","B",null,"M","?","$","M","M","E","?","R","T","E","M","E","?","M","R","B",null,"R","$","E","B",null],"character_chosen":"DEFECT","items_purchased":["Membership Card","Consume","TungstenRod","HornCleat","Singing Bowl","Eternal Feather","Orichalcum","Regen Potion","Art of War","Toy Ornithopter","PreservedInsect","Bottled Tornado","Capacitor","Guardian:BottledAnomaly","Discovery+1","Mercury Hourglass","Happy Flower","Hologram+1","Madness+1","Energy Potion"],"campfire_rested":0,"item_purchase_floors":[0,0,0,0,0,0,0,0,20,20,31,31,37,37,37,37,53,53,53,53],"current_hp_per_floor":[66,66,51,45,45,51,51,57,57,57,51,51,63,63,72,61,70,62,62,62,62,64,53,62,59,59,68,64,73,73,73,81,48,74,75,75,75,77,79,81,81,91,91,93,95,95,95,97,97,97,97,97,97,56,96],"gold":58,"neow_bonus":"","is_daily":false,"chose_seed":false,"campfire_upgraded":9,"win_rate":0.0,"timestamp":1612287472,"path_taken":["M","M","?","?","M","R","?","R","T","M","M","M","E","?","R","BOSS","M","?","?","?","?","E","R","E","T","R","E","R","M","$","R","BOSS","M","?","$","M","?","E","?","R","T","E","?","E","?","M","R","BOSS","R","$","E","BOSS"],"items_purchased_type":["Relic","Card","Relic","Relic","Relic","Relic","Relic","Potion","Relic","Relic","Relic","Relic","Card","Relic","Card","Relic","Relic","Card","Card","Potion"],"build_version":"2020-12-22","purchased_purges":3,"victory":true,"max_hp_per_floor":[73,73,73,73,73,73,73,73,73,73,73,73,73,73,73,73,73,75,75,75,75,77,77,77,79,79,79,81,81,81,81,81,83,83,85,85,85,87,89,91,91,91,91,93,95,95,95,97,97,97,97,97,97,97,97],"card_choices":[{"not_picked":["Redo","Cold Snap","Beam Cell"],"picked":"Singing Bowl","floor":1.0},{"not_picked":["Streamline","Go for the Eyes"],"picked":"Creative AI","floor":2.0},{"not_picked":["Aggregate+1","Ball Lightning"],"picked":"White Noise+1","floor":5.0},{"not_picked":["Hologram+1","Lockon"],"picked":"Chill+1","floor":10.0},{"not_picked":["Coolheaded+1","Darkness+1"],"picked":"Recycle+1","floor":11},{"not_picked":["Redo+1","Turbo+1"],"picked":"Leap+1","floor":12},{"not_picked":["Coolheaded+1","Stack+1"],"picked":"Storm","floor":13},{"not_picked":["Rainbow+1","Creative AI"],"picked":"Echo Form","floor":16},{"not_picked":["Cold Snap","Rebound","Barrage"],"picked":"Singing Bowl","floor":18},{"not_picked":["Steam+1","Stack+1","FTL"],"picked":"Singing Bowl","floor":22},{"not_picked":["Compile Driver","Gash"],"picked":"Leap+1","floor":23},{"not_picked":["Static Discharge","Fusion+1","Darkness+1"],"picked":"Singing Bowl","floor":25},{"not_picked":["Leap+1","Heatsinks","Cold Snap"],"picked":"Singing Bowl","floor":28},{"not_picked":["Double Energy+1","Beam Cell"],"picked":"Defragment","floor":30},{"not_picked":["Thunder Strike","Rainbow+1","Meteor Strike"],"picked":"Singing Bowl","floor":33},{"not_picked":["Coolheaded+1","Turbo+1","Go for the Eyes"],"picked":"Singing Bowl","floor":35},{"not_picked":["Compile Driver","Conserve Battery+1","Sweeping Beam+1"],"picked":"Singing Bowl","floor":38},{"not_picked":["Stack+1","Hologram+1","Recycle+1"],"picked":"Singing Bowl","floor":39},{"not_picked":["Beam Cell","Chaos+1","Rip and Tear"],"picked":"Singing Bowl","floor":40},{"not_picked":["Leap+1","Conserve Battery+1","Turbo+1"],"picked":"Singing Bowl","floor":44},{"not_picked":["Coolheaded+1","Streamline","Compile Driver"],"picked":"Singing Bowl","floor":45},{"not_picked":["Hologram+1","Rip and Tear"],"picked":"Glacier+1","floor":46},{"not_picked":["Rip and Tear+1","Conserve Battery+1","Stack+1"],"picked":"Singing Bowl","floor":48},{"not_picked":["Blizzard+1","Beam Cell"],"picked":"Core Surge","floor":54}],"player_experience":655978,"relics_obtained":[{"floor":9.0,"key":"Meat on the Bone"},{"floor":13,"key":"Lantern"},{"floor":23,"key":"Bag of Preparation"},{"floor":25,"key":"CeramicFish"},{"floor":28,"key":"Pantograph"},{"floor":40,"key":"CaptainsWheel"},{"floor":43,"key":"Regal Pillow"},{"floor":44,"key":"Potion Belt"},{"floor":46,"key":"MealTicket"},{"floor":54,"key":"Torii"}],"event_choices":[{"damage_healed":0.0,"max_hp_gain":0.0,"max_hp_loss":0.0,"gold_gain":0.0,"event_name":"Scrap Ooze","player_choice":"Success","floor":3.0,"gold_loss":0.0,"damage_taken":18.0,"relics_obtained":["Toxic Egg 2"]},{"cards_removed":["Strike_B"],"damage_healed":0.0,"max_hp_gain":0.0,"max_hp_loss":0.0,"gold_gain":0.0,"event_name":"Golden Wing","player_choice":"Card Removal","floor":4.0,"gold_loss":0.0,"damage_taken":7.0},{"damage_healed":0.0,"max_hp_gain":0.0,"max_hp_loss":0.0,"gold_gain":0.0,"event_name":"Living Wall","player_choice":"Grow","floor":7.0,"gold_loss":0.0,"damage_taken":0.0,"cards_upgraded":["Consume"]},{"damage_healed":0,"gold_gain":0,"player_choice":"Ignored","damage_taken":0,"max_hp_gain":0,"max_hp_loss":0,"event_name":"Liars Game","floor":14,"gold_loss":0},{"damage_healed":0,"gold_gain":0,"player_choice":"Ignored","damage_taken":0,"max_hp_gain":0,"max_hp_loss":0,"event_name":"Vampires","floor":19,"gold_loss":0},{"cards_removed":["Strike_B"],"damage_healed":0,"gold_gain":0,"player_choice":"Offered Basic","damage_taken":0,"max_hp_gain":0,"max_hp_loss":0,"event_name":"Bonfire Elementals","floor":21,"gold_loss":0},{"damage_healed":0,"gold_gain":275,"player_choice":"Desecrate","damage_taken":0,"max_hp_gain":0,"max_hp_loss":0,"event_name":"Golden Shrine","floor":36,"gold_loss":0,"cards_obtained":["Regret"]},{"damage_healed":0,"gold_gain":0,"player_choice":"Gave Potion","damage_taken":0,"relics_obtained":["Thread and Needle"],"max_hp_gain":0,"max_hp_loss":0,"event_name":"WeMeetAgain","floor":41,"gold_loss":0},{"damage_healed":0,"gold_gain":0,"player_choice":"Ignored","damage_taken":0,"max_hp_gain":0,"max_hp_loss":0,"event_name":"Tomb of Lord Red Mask","floor":47,"gold_loss":0}],"is_beta":false,"boss_relics":[{"not_picked":["Snecko Eye","Fusion Hammer"],"picked":"sneckomod:SneckoTalon"},{"not_picked":["Velvet Choker","Astrolabe"],"picked":"expansioncontent:StudyCardRelic"}],"items_purged_floors":[20,37,53],"is_endless":false,"potions_floor_spawned":[2,13,16,23,28,30,38,44,48],"ascension_level":17}}