{"host":"aaqofma31c3gm2hj","time":1612240370,"event":{"mods":["BaseMod","GungeonMod","Minty Spire (QoL Compilation)","Replay The Spire","Spicy Shops","StSLib"],"gold_per_floor":[117,117,117,130,130,160,160,85,98,98,98,130,130,147,147,166,166,170,170],"floor_reached":18,"language":"ZHS","playtime":327,"items_purged":["Strike_B"],"score":290,"play_id":"b42d74b6-d732-4d13-98dd-475abf55747b","local_time":"20210202123250","is_ascension_mode":true,"campfire_choices":[{"data":"Creative AI","floor":7.0,"key":"SMITH"},{"data":"Sunder","floor":13.0,"key":"SMITH"},{"data":"Biased Cognition","floor":15.0,"key":"SMITH"},{"data":"Dualcast","floor":17,"key":"SMITH"}],"circlet_count":0,"master_deck":["AscendersBane","Strike_B","Strike_B","Defend_B","Defend_B","Defend_B","Defend_B","Zap","Dualcast+1","Creative AI+1","Sunder+1","Ball Lightning","Biased Cognition+1","Hologram"],"relics":["Cracked Core","NeowsBlessing","Question Card","Anchor","Replay:Bandana","Symbiotic Virus","Smiling Mask"],"acts_visited":["Exordium"],"potions_floor_usage":[18],"damage_taken":[{"damage":0.0,"enemies":"Jaw Worm","floor":1.0,"turns":1.0},{"damage":0.0,"enemies":"Small Slimes","floor":4.0,"turns":1.0},{"damage":0.0,"enemies":"3 Sentries","floor":6.0,"turns":1.0},{"damage":0.0,"enemies":"2 Louse","floor":9.0,"turns":4.0},{"damage":16.0,"enemies":"Lagavulin","floor":12.0,"turns":6.0},{"damage":4.0,"enemies":"Gremlin Gang","floor":14.0,"turns":4.0},{"damage":0.0,"enemies":"Blue Slaver","floor":16.0,"turns":2.0},{"damage":45,"enemies":"Hexaghost","floor":18,"turns":7}],"seed_played":"-1469202452626220408","potions_obtained":[{"floor":1.0,"key":"EssenceOfSteel"},{"floor":4.0,"key":"SpeedPotion"}],"is_trial":false,"path_per_floor":["M","?","?","M","?","E","R","$","M","T","T","E","R","M","R","M","R","B"],"character_chosen":"DEFECT","items_purchased":[],"campfire_rested":0,"item_purchase_floors":[],"current_hp_per_floor":[64,64,69,69,64,64,64,64,64,64,64,48,48,44,44,44,44,0,0],"gold":170,"neow_bonus":"THREE_ENEMY_KILL","is_daily":false,"chose_seed":false,"campfire_upgraded":4,"win_rate":0.0,"timestamp":1612240370,"path_taken":["M","?","?","?","?","E","R","$","M","T","T","E","R","M","R","M","R","BOSS"],"items_purchased_type":[],"build_version":"2020-12-22","purchased_purges":1,"victory":false,"max_hp_per_floor":[71,71,76,76,76,76,76,76,76,76,76,76,76,76,76,76,76,76,76],"card_choices":[{"not_picked":["Sweeping Beam","Barrage","Rebound"],"picked":"SKIP","floor":1.0},{"not_picked":["Fusion","Beam Cell","Streamline"],"picked":"SKIP","floor":4.0},{"not_picked":["Machine Learning","Stack","Time Bomb"],"picked":"Creative AI","floor":6.0},{"not_picked":["FTL","Leap","BasicCrystalCard"],"picked":"Sunder","floor":9.0},{"not_picked":["Barrage","Conserve Battery","Leap"],"picked":"Ball Lightning","floor":12.0},{"not_picked":["Ball Lightning","Defragment","BasicCrystalCard"],"picked":"Biased Cognition","floor":14.0},{"not_picked":["Undo","Sweeping Beam","Compile Driver"],"picked":"Hologram","floor":16.0}],"player_experience":631053,"relics_obtained":[{"floor":6.0,"key":"Anchor"},{"floor":10.0,"key":"Replay:Bandana"},{"floor":11.0,"key":"Symbiotic Virus"},{"floor":12.0,"key":"Smiling Mask"}],"event_choices":[{"cards_removed":["Strike_B"],"damage_healed":0.0,"max_hp_gain":0.0,"max_hp_loss":0.0,"gold_gain":0.0,"event_name":"Living Wall","player_choice":"Forget","floor":2.0,"gold_loss":0.0,"damage_taken":0.0},{"damage_healed":0.0,"max_hp_gain":5.0,"max_hp_loss":0.0,"gold_gain":0.0,"event_name":"Big Fish","player_choice":"Donut","floor":3.0,"gold_loss":0.0,"damage_taken":0.0},{"damage_healed":0.0,"max_hp_gain":0.0,"max_hp_loss":0.0,"gold_gain":0.0,"event_name":"Scrap Ooze","player_choice":"Success","floor":5.0,"gold_loss":0.0,"damage_taken":5.0,"relics_obtained":["Question Card"]}],"is_beta":false,"boss_relics":[],"items_purged_floors":[8],"is_endless":false,"potions_floor_spawned":[1,4],"killed_by":"Hexaghost","ascension_level":20}}