{"host":"0x0gr83ly0vxzjzg","time":1612225445,"event":{"mods":["BaseMod","Bestiary","Better Skull","Curses Come First","Downfall","Hubris","Infinite Spire","Minty Spire (QoL Compilation)","Replay The Spire","Shop Mod","Spire Arcade","StSLib","The Cursed","The Servant 0.9.4"],"gold_per_floor":[99,116,126,136,148,164,164,177,39,50,78,96,108,108,128,230,230,230,240,240,251,263,263,263,263,275,44,44,44,44,3,22,121,121,121,133,133,153,173,190,215,215,249,266,266,266,290,308,328,328,328,328],"floor_reached":50,"language":"ENG","playtime":6046,"items_purged":[],"score":509,"play_id":"14b9f7dc-aab0-41f7-a07a-833e06598eb5","local_time":"20210201192405","is_ascension_mode":false,"campfire_choices":[{"floor":18.0,"key":"RECALL"},{"data":"bronze:Shell","floor":23.0,"key":"SMITH"},{"data":"bronze:SpaghettiCode","floor":25.0,"key":"SMITH"},{"floor":29.0,"key":"REST"},{"data":"bronze:Allocate","floor":35.0,"key":"SMITH"},{"floor":42.0,"key":"REST"}],"circlet_count":0,"master_deck":["bronze:Strike","bronze:Defend","bronze:Defend","bronze:Defend","bronze:Defend","bronze:Replicate","bronze:Goto","bronze:BronzeOrb","bronze:DelayedGuard","bronze:Boost","bronze:BuggyMess","bronze:SpaghettiCode","bronze:Repair","bronze:Branch","bronze:Iterate","bronze:Shell","bronze:Branch","bronze:Frontload","bronze:BugBarrage","bronze:Safeguard","bronze:Flail","bronze:SpaghettiCode+1","bronze:OilSpill","Hallucinations","bronze:Shell+1","bronze:Repair","bronze:Overheat","bronze:BuggyMess+1","bronze:Mutator","bronze:Optimize","bronze:Overheat+1","bronze:Shield","bronze:Allocate+1","bronze:Break","bronze:ForceShield","bronze:CutThrough","bronze:Branch+1","bronze:BuggyMess","bronze:Iterate+1","Parasite","bronze:Optimize+1","ReplayTheSpireMod:Chaos Vortex","bronze:Allocate","bronze:Iterate+1"],"relics":["bronze:BronzeCore","Toy Ornithopter","Orichalcum","Lizard Tail","SacredBark","Eternal Feather","Strange Spoon","sneckomod:BabySnecko","Empty Cage","Boot","infinitespire:PuzzleCube","bronze:SilverBullet"],"acts_visited":["Exordium","TheCity","TheBeyond"],"potions_floor_usage":[],"damage_taken":[{"damage":0.0,"enemies":"2 Louse","floor":2.0,"turns":3.0},{"damage":5.0,"enemies":"Jaw Worm","floor":3.0,"turns":3.0},{"damage":0.0,"enemies":"Cultist","floor":4.0,"turns":4.0},{"damage":0.0,"enemies":"Red Slaver","floor":5.0,"turns":4.0},{"damage":4.0,"enemies":"3 Louse","floor":6.0,"turns":4.0},{"damage":2.0,"enemies":"Exordium Thugs","floor":8.0,"turns":4.0},{"damage":0.0,"enemies":"downfall:FleeingMerchant","floor":9.0,"turns":4.0},{"damage":0.0,"enemies":"Blue Slaver","floor":10.0,"turns":4.0},{"damage":4.0,"enemies":"Gremlin Nob","floor":11.0,"turns":3.0},{"damage":2.0,"enemies":"Red Slaver","floor":12.0,"turns":3.0},{"damage":0.0,"enemies":"3 Louse","floor":13.0,"turns":4.0},{"damage":0.0,"enemies":"2 Fungi Beasts","floor":15.0,"turns":3.0},{"damage":57.0,"enemies":"DF_ARCHETYPE_STREAMLINE","floor":16.0,"turns":11.0},{"damage":6.0,"enemies":"Shell Parasite","floor":19.0,"turns":6.0},{"damage":30.0,"enemies":"3 Byrds","floor":21.0,"turns":6.0},{"damage":6.0,"enemies":"Centurion and Healer","floor":22.0,"turns":13.0},{"damage":64.0,"enemies":"3 Cultists","floor":26.0,"turns":9.0},{"damage":0.0,"enemies":"downfall:FleeingMerchant","floor":27.0,"turns":4.0},{"damage":0.0,"enemies":"downfall:FleeingMerchant","floor":31.0,"turns":4.0},{"damage":0.0,"enemies":"Chosen and Byrds","floor":32.0,"turns":5.0},{"damage":66.0,"enemies":"SI_MIRROR_ARCHETYPE","floor":33.0,"turns":16.0},{"damage":4.0,"enemies":"Orb Walker","floor":36.0,"turns":4.0},{"damage":49.0,"enemies":"3 Darklings","floor":38.0,"turns":14.0},{"damage":36.0,"enemies":"4 Shapes","floor":39.0,"turns":9.0},{"damage":6.0,"enemies":"Spire Growth","floor":40.0,"turns":6.0},{"damage":90.0,"enemies":"Nemesis","floor":43.0,"turns":11.0},{"damage":12.0,"enemies":"Writhing Mass","floor":44.0,"turns":7.0},{"damage":10.0,"enemies":"4 Shapes","floor":48.0,"turns":13.0},{"damage":20.0,"enemies":"Transient","floor":49.0,"turns":5.0},{"damage":52,"enemies":"WA_ARCHETYPE_DIVINITY","floor":50,"turns":11}],"seed_played":"-9063277924936940912","potions_obtained":[{"floor":2.0,"key":"FearPotion"},{"floor":3.0,"key":"bronze:BurnAndBuffPotion"},{"floor":6.0,"key":"EntropicBrew"},{"floor":11.0,"key":"SkillPotion"},{"floor":13.0,"key":"AttackPotion"},{"floor":15.0,"key":"BlessingOfTheForge"},{"floor":16.0,"key":"Strength Potion"},{"floor":26.0,"key":"SkillPotion"},{"floor":32.0,"key":"LiquidMemories"},{"floor":33.0,"key":"Energy Potion"},{"floor":36.0,"key":"Explosive Potion"},{"floor":37.0,"key":"downfall:CursedFountainPotion"},{"floor":44.0,"key":"Adrenaline Potion"},{"floor":48.0,"key":"ColorlessPotion"}],"is_trial":false,"path_per_floor":["R","M","M","M","M","M","T","M","$","M","E","M","M","?","M","B",null,"R","M","?","M","M","R","T","R","M","$","T","R","?","$","M","B",null,"R","M","?","M","M","M","T","R","E","M","AVR","?","?","M","M","B"],"character_chosen":"THE_AUTOMATON","items_purchased":["bronze:Shell","bronze:Branch","Strange Spoon","bronze:Optimize","bronze:Shield"],"campfire_rested":2,"item_purchase_floors":[9,9,27,27,31],"current_hp_per_floor":[70,70,65,65,65,61,61,59,66,70,70,70,70,67,70,20,70,70,64,64,45,53,53,53,68,11,18,18,57,57,62,70,8,70,70,66,66,40,18,27,27,69,35,37,37,37,37,49,34,0,0,0],"gold":328,"neow_bonus":"TRANSFORM_CARD","is_daily":false,"chose_seed":false,"campfire_upgraded":3,"win_rate":0.0,"timestamp":1612225445,"path_taken":["R","M","M","M","M","M","T","M","$","M","E","M","M","?","M","BOSS","R","M","?","M","?","R","T","R","M","?","?","R","?","$","M","BOSS","R","M","?","?","M","M","T","R","E","M","AVR","?","?","M","M","BOSS"],"items_purchased_type":["Card","Card","Relic","Card","Card"],"build_version":"2020-12-22","purchased_purges":0,"victory":false,"max_hp_per_floor":[70,70,70,70,70,70,70,70,70,70,70,70,70,70,70,70,70,70,70,70,70,70,70,70,70,70,70,70,70,70,70,70,70,70,70,70,70,70,70,70,70,70,70,70,70,70,70,70,70,70,70,70],"card_choices":[{"not_picked":["bronze:BugBarrage","bronze:Turbo"],"picked":"bronze:DelayedGuard","floor":2.0},{"not_picked":["bronze:DelayedGuard","bronze:DigitalCarnage"],"picked":"bronze:Boost","floor":3.0},{"not_picked":["bronze:Repulsor","bronze:DelayedSlice"],"picked":"bronze:BuggyMess","floor":4.0},{"not_picked":["bronze:Deprecate","bronze:BugBarrage"],"picked":"bronze:SpaghettiCode","floor":5.0},{"not_picked":["bronze:Invalidate","bronze:Fortify"],"picked":"bronze:Repair","floor":6.0},{"not_picked":["bronze:OilSpill","bronze:ForLoop"],"picked":"bronze:Branch","floor":8.0},{"not_picked":["bronze:Repulsor","bronze:DelayedSlice"],"picked":"bronze:Iterate","floor":9.0},{"not_picked":["bronze:CutThrough","bronze:BitShift"],"picked":"bronze:Frontload","floor":10.0},{"not_picked":["bronze:Overload","bronze:CutThrough"],"picked":"bronze:OilSpill","floor":11.0},{"not_picked":["bronze:Backtrace","bronze:Return"],"picked":"bronze:BugBarrage","floor":12.0},{"not_picked":["bronze:Philosophize","bronze:NullPointer"],"picked":"bronze:Safeguard","floor":13.0},{"not_picked":["bronze:BitShift","bronze:CutThrough"],"picked":"bronze:Flail","floor":15.0},{"not_picked":["bronze:BurnOut","bronze:RecursiveStrike"],"picked":"bronze:SpaghettiCode","floor":16.0},{"not_picked":["bronze:Fortify","bronze:WildBeam"],"picked":"bronze:CloningBeam","floor":19.0},{"not_picked":["bronze:Turbo","bronze:BitShift"],"picked":"bronze:Repair","floor":21.0},{"not_picked":["bronze:WhirlingStrike","bronze:Invalidate"],"picked":"bronze:Overheat","floor":22.0},{"not_picked":["bronze:DelayedGuard","bronze:Shield+1"],"picked":"bronze:BuggyMess+1","floor":26.0},{"not_picked":["bronze:ClassDefault+1","bronze:Frontload"],"picked":"bronze:Mutator","floor":27.0},{"not_picked":["bronze:ChosenStrike","bronze:DigitalCarnage"],"picked":"bronze:Overheat+1","floor":31.0},{"not_picked":["bronze:Turbo","bronze:Shield"],"picked":"bronze:Allocate","floor":32.0},{"not_picked":["bronze:RecursiveStrike","bronze:HyperBeam"],"picked":"bronze:Break","floor":33.0},{"not_picked":["bronze:WhirlingStrike","bronze:BronzeArmor"],"picked":"bronze:ForceShield","floor":36.0},{"not_picked":["bronze:Deprecate","bronze:Turbo"],"picked":"bronze:CutThrough","floor":38.0},{"not_picked":["bronze:ForceShield","bronze:Boost"],"picked":"bronze:Branch+1","floor":39.0},{"not_picked":["bronze:Shield+1","bronze:RecursiveStrike"],"picked":"bronze:BuggyMess","floor":40.0},{"not_picked":["bronze:DelayedSlice+1","bronze:DelayedGuard"],"picked":"bronze:Iterate+1","floor":43.0},{"not_picked":["bronze:DelayedGuard","bronze:NullPointer+1"],"picked":"bronze:Optimize+1","floor":44.0},{"not_picked":["bronze:Overload+1","bronze:Format"],"picked":"bronze:Allocate","floor":48.0},{"not_picked":["bronze:Turbo+1","bronze:WildBeam"],"picked":"bronze:Iterate+1","floor":49.0}],"player_experience":145025,"relics_obtained":[{"floor":7.0,"key":"Toy Ornithopter"},{"floor":11.0,"key":"Orichalcum"},{"floor":24.0,"key":"Eternal Feather"},{"floor":41.0,"key":"Boot"},{"floor":43.0,"key":"infinitespire:PuzzleCube"},{"floor":47.0,"key":"bronze:SilverBullet"}],"event_choices":[{"damage_healed":0.0,"max_hp_gain":0.0,"max_hp_loss":0.0,"gold_gain":0.0,"event_name":"Scrap Ooze","player_choice":"Success","floor":14.0,"gold_loss":0.0,"damage_taken":3.0,"relics_obtained":["Lizard Tail"]},{"cards_removed":["bronze:Strike"],"damage_healed":0.0,"max_hp_gain":0.0,"max_hp_loss":0.0,"gold_gain":0.0,"event_name":"Falling","player_choice":"Removed Attack","floor":46.0,"gold_loss":0.0,"damage_taken":0.0}],"is_beta":false,"boss_relics":[{"not_picked":["Sozu","Runic Dome"],"picked":"SacredBark"},{"not_picked":["infinitespire:Cupcake","hubris:BlackHole"],"picked":"Empty Cage"}],"items_purged_floors":[],"is_endless":false,"potions_floor_spawned":[2,3,6,11,12,13,15,16,26,32,33,36,44,48],"killed_by":"WA_ARCHETYPE_DIVINITY","ascension_level":0}}