{"host":"7s8u925wkovx3a22","time":1612239191,"event":{"mods":["BaseMod","Bestiary","Better Match","Better Third Choice","Colored Map","DeckTracker","Displayed Cursed Tome","Highlight Path","Minty Spire (QoL Compilation)","StSLib","The Animator","The Poker Player","The Servant 0.9.4","The Valiant"],"gold_per_floor":[118,68,83,83,83,83,95,95,119,144,114,173,173,183,183,278,278,295,295,322,322,322,350,350,40,67,78,12,32,51,69,69,69,69],"floor_reached":33,"language":"ENG","playtime":2092,"items_purged":["Strike_G"],"score":263,"play_id":"a9b4ea40-650f-40d7-866d-217322eceb31","local_time":"20210201221311","is_ascension_mode":false,"campfire_choices":[{"data":"Deadly Poison","floor":6,"key":"SMITH"},{"data":"Flying Knee","floor":8,"key":"SMITH"},{"floor":13,"key":"REST"},{"floor":15,"key":"REST"},{"floor":24,"key":"REST"},{"floor":32,"key":"REST"}],"circlet_count":0,"master_deck":["Strike_G","Strike_G","Strike_G","Defend_G","Defend_G","Defend_G","Defend_G","Defend_G","Survivor","Neutralize","Deadly Poison+1","Flying Knee+1","Backflip","Bane","Crippling Poison","Phantasmal Killer","Outmaneuver+1","Decay","Bouncing Flask","Backstab","Deadly Poison","Deadly Poison","Prepared","Backflip"],"relics":["Ring of the Snake","Juzu Bracelet","Archangels Feather","Bottled Lightning","Velvet Choker","MutagenicStrength","Ancient Tea Set","Letter Opener","Toy Ornithopter","Blood Vial","PreservedInsect"],"acts_visited":["Exordium","TheCity"],"potions_floor_usage":[10,12,16,16,23,31,31,33],"damage_taken":[{"damage":0,"enemies":"Small Slimes","floor":1,"turns":3},{"damage":6,"enemies":"2 Louse","floor":3,"turns":3},{"damage":0,"enemies":"Cultist","floor":7,"turns":3},{"damage":27,"enemies":"Lagavulin","floor":10,"turns":6},{"damage":24,"enemies":"Lagavulin Event","floor":12,"turns":6},{"damage":8,"enemies":"Exordium Wildlife","floor":14,"turns":3},{"damage":18,"enemies":"The Guardian","floor":16,"turns":8},{"damage":12,"enemies":"Spheric Guardian","floor":18,"turns":5},{"damage":48,"enemies":"Gremlin Leader","floor":23,"turns":5},{"damage":0,"enemies":"3 Byrds","floor":27,"turns":3},{"damage":1,"enemies":"Snecko","floor":29,"turns":3},{"damage":20,"enemies":"Centurion and Healer","floor":30,"turns":5},{"damage":27,"enemies":"Sentry and Sphere","floor":31,"turns":4},{"damage":88,"enemies":"Collector","floor":33,"turns":5}],"seed_played":"2462271080346216890","potions_obtained":[{"floor":3,"key":"FearPotion"},{"floor":10,"key":"SkillPotion"},{"floor":11,"key":"DistilledChaos"},{"floor":11,"key":"LiquidMemories"},{"floor":12,"key":"AttackPotion"},{"floor":14,"key":"PowerPotion"},{"floor":18,"key":"AttackPotion"},{"floor":30,"key":"Poison Potion"}],"is_trial":false,"path_per_floor":["M","?","M","?","?","R","M","R","T","E","?","?","R","M","R","B",null,"M","?","T","?","?","E","R","$","T","M","?","M","M","M","R","B"],"character_chosen":"THE_SILENT","items_purchased":["Toy Ornithopter","Backstab"],"campfire_rested":4,"item_purchase_floors":[25,25],"current_hp_per_floor":[77,77,71,71,76,76,76,76,76,49,49,33,57,55,79,64,82,70,70,70,70,58,22,46,46,46,60,60,69,61,55,79,0,0],"gold":69,"neow_bonus":"TEN_PERCENT_HP_BONUS","is_daily":false,"chose_seed":false,"campfire_upgraded":2,"win_rate":0.0,"timestamp":1612239191,"path_taken":["M","?","M","?","?","R","M","R","T","E","?","?","R","M","R","BOSS","M","?","?","?","?","E","R","$","T","M","?","M","M","M","R","BOSS"],"items_purchased_type":["Relic","Card"],"build_version":"2020-12-22","purchased_purges":1,"victory":false,"max_hp_per_floor":[77,77,77,77,82,82,82,82,82,82,82,82,82,82,82,82,82,82,82,82,82,82,82,82,82,82,82,82,82,82,82,82,82,82],"card_choices":[{"not_picked":["Prepared","Dagger Spray"],"picked":"Deadly Poison","floor":1},{"not_picked":["Tactician","Choke"],"picked":"Flying Knee","floor":3},{"not_picked":["Eviscerate","Choke","Predator"],"picked":"SKIP","floor":7},{"not_picked":["Expertise","Acrobatics"],"picked":"Backflip","floor":10},{"not_picked":["Flying Knee","Expertise"],"picked":"Bane","floor":12},{"not_picked":["Flying Knee","Slice"],"picked":"Crippling Poison","floor":14},{"not_picked":["Storm of Steel","Bullet Time"],"picked":"Phantasmal Killer","floor":16},{"not_picked":["Acrobatics","Quick Slash"],"picked":"Outmaneuver+1","floor":18},{"not_picked":["Prepared+1","Slice"],"picked":"Bouncing Flask","floor":23},{"not_picked":["Flying Knee","Dagger Spray"],"picked":"Deadly Poison","floor":27},{"not_picked":["Caltrops","Riddle With Holes+1"],"picked":"Deadly Poison","floor":29},{"not_picked":["Cloak And Dagger","Skewer"],"picked":"Prepared","floor":30},{"not_picked":["Calculated Gamble","Quick Slash"],"picked":"Backflip","floor":31}],"player_experience":247560,"relics_obtained":[{"floor":9,"key":"Juzu Bracelet"},{"floor":10,"key":"Archangels Feather"},{"floor":12,"key":"Bottled Lightning"},{"floor":20,"key":"Ancient Tea Set"},{"floor":23,"key":"Letter Opener"},{"floor":26,"key":"Blood Vial"}],"event_choices":[{"cards_removed":["Strike_G"],"damage_healed":0,"gold_gain":0,"player_choice":"Card Removal","damage_taken":0,"max_hp_gain":0,"max_hp_loss":0,"event_name":"The Cleric","floor":2,"gold_loss":50},{"damage_healed":71,"gold_gain":0,"player_choice":"Leave","damage_taken":0,"max_hp_gain":0,"max_hp_loss":77,"event_name":"betterThird:BetterShining","floor":4,"gold_loss":0},{"damage_healed":0,"gold_gain":0,"player_choice":"Donut","damage_taken":0,"max_hp_gain":5,"max_hp_loss":0,"event_name":"Big Fish","floor":5,"gold_loss":0},{"damage_healed":0,"gold_gain":0,"player_choice":"Bought 2 Potions","damage_taken":0,"max_hp_gain":0,"max_hp_loss":0,"event_name":"The Woman in Blue","floor":11,"gold_loss":0},{"damage_healed":0,"gold_gain":0,"player_choice":"Searched \u00271\u0027 times","damage_taken":0,"max_hp_gain":0,"max_hp_loss":0,"event_name":"Dead Adventurer","floor":12,"gold_loss":0},{"damage_healed":0,"gold_gain":0,"player_choice":"Inject Mutagens","damage_taken":0,"relics_obtained":["MutagenicStrength"],"max_hp_gain":0,"max_hp_loss":0,"event_name":"Drug Dealer","floor":19,"gold_loss":0},{"damage_healed":0,"gold_gain":0,"player_choice":"Cursed","damage_taken":0,"max_hp_gain":0,"max_hp_loss":0,"event_name":"Wheel of Change","floor":21,"gold_loss":0,"cards_obtained":["Decay"]},{"damage_healed":0,"gold_gain":0,"player_choice":"POTION ","damage_taken":12,"max_hp_gain":0,"max_hp_loss":0,"event_name":"Knowing Skull","floor":22,"potions_obtained":["DistilledChaos"],"gold_loss":0,"cards_obtained":[]},{"damage_healed":0,"gold_gain":0,"player_choice":"Paid Gold","damage_taken":0,"relics_obtained":["PreservedInsect"],"max_hp_gain":0,"max_hp_loss":0,"event_name":"WeMeetAgain","floor":28,"gold_loss":66}],"is_beta":false,"boss_relics":[{"not_picked":["Busted Crown","Coffee Dripper"],"picked":"Velvet Choker"}],"items_purged_floors":[25],"is_endless":false,"potions_floor_spawned":[3,10,12,14,18,30],"killed_by":"Collector","ascension_level":0}}