{"host":"3l94tha3a4jgu0q4","time":1612251106,"event":{"mods":["2.2 Compatiblity","AchievementEnabler","BaseMod","Colored Map","Colored Powertips","Downfall","Highlight Path","Minty Spire (QoL Compilation)","Permanent Neow","StSLib","SuperFastMode","The IronCluck","slay the spire mod where everything is the same but ironclad has a cowboy hat"],"gold_per_floor":[99,116,116,133,149,599,674,674,25,25,51,36,36,21,37,133,133,33,33,133,143,143,155,155,165,177,188,205,5,30,41,56,158,158,158,158,158,158],"floor_reached":36,"language":"ENG","playtime":1924,"items_purged":["Pain"],"score":408,"play_id":"157a787c-1ab4-41c8-9705-b28b9e8cc3ee","local_time":"20210201233146","is_ascension_mode":false,"campfire_choices":[{"data":"bronze:Goto","floor":1.0,"key":"SMITH"},{"data":"bronze:ChildClass","floor":10.0,"key":"SMITH"},{"floor":13.0,"key":"REST"},{"floor":18.0,"key":"RECALL"},{"floor":29,"key":"REST"},{"data":"bronze:Verify","floor":35,"key":"SMITH"}],"circlet_count":0,"master_deck":["bronze:Defend","bronze:Defend","bronze:Defend","bronze:Replicate","bronze:Goto+1","bronze:FineTuning","bronze:ChildClass+1","bronze:WhirlingStrike","downfall:Icky","downfall:Icky","bronze:Repair","bronze:ClassDefault","bronze:Deprecate+1","bronze:Overheat","bronze:Assembly+1","bronze:Invalidate+1","bronze:HyperBeam","bronze:Philosophize+1","bronze:Boost+1","J.A.X.+1","bronze:BugBarrage","bronze:SpaghettiCode+1","bronze:BitShift+1","bronze:Shell+1","bronze:Safeguard+1","bronze:ForceShield+1","bronze:CloningBeam","bronze:Verify+1"],"relics":["bronze:PlatinumCore","WarpedTongs","StrikeDummy","Toxic Egg 2","Pantograph","Regal Pillow","downfall:HeartBlessingGreen","MutagenicStrength","Spirit Poop","downfall:HeartBlessingRed","downfall:HeartBlessingBlue","Lantern","Empty Cage"],"acts_visited":["Exordium","TheCity","TheBeyond"],"potions_floor_usage":[26,28,30,30,33],"damage_taken":[{"damage":1.0,"enemies":"Jaw Worm","floor":2.0,"turns":4.0},{"damage":8.0,"enemies":"Cultist","floor":4.0,"turns":4.0},{"damage":9.0,"enemies":"2 Louse","floor":5.0,"turns":3.0},{"damage":8.0,"enemies":"downfall:FleeingMerchant","floor":9.0,"turns":4.0},{"damage":24.0,"enemies":"3 Sentries","floor":11.0,"turns":9.0},{"damage":1.0,"enemies":"downfall:FleeingMerchant","floor":12.0,"turns":4.0},{"damage":10.0,"enemies":"downfall:FleeingMerchant","floor":14.0,"turns":4.0},{"damage":3.0,"enemies":"Exordium Wildlife","floor":15.0,"turns":4.0},{"damage":65.0,"enemies":"IC_STATUS_ARCHETYPE","floor":16.0,"turns":9.0},{"damage":0.0,"enemies":"Chosen","floor":19.0,"turns":1.0},{"damage":16.0,"enemies":"downfall:Augmenter","floor":20.0,"turns":6.0},{"damage":14.0,"enemies":"3 Cultists","floor":21.0,"turns":4.0},{"damage":0.0,"enemies":"Cultist and Chosen","floor":23.0,"turns":3.0},{"damage":17,"enemies":"Centurion and Healer","floor":25,"turns":4},{"damage":19,"enemies":"3 Cultists","floor":26,"turns":3},{"damage":0,"enemies":"Snecko","floor":27,"turns":2},{"damage":8,"enemies":"Snake Plant","floor":28,"turns":6},{"damage":43,"enemies":"Slavers","floor":30,"turns":5},{"damage":8,"enemies":"Cultist and Chosen","floor":31,"turns":5},{"damage":15,"enemies":"Snecko","floor":32,"turns":4},{"damage":25,"enemies":"SI_MIRROR_ARCHETYPE","floor":33,"turns":17},{"damage":102,"enemies":"2 Orb Walkers","floor":36,"turns":5}],"seed_played":"7196173612729529825","potions_obtained":[{"floor":2.0,"key":"bronze:FreeFunctionsPotion"},{"floor":15.0,"key":"ColorlessPotion"},{"floor":16.0,"key":"hexamod:SoulburnPotion"},{"floor":20.0,"key":"Regen Potion"},{"floor":21.0,"key":"Weak Potion"},{"floor":25,"key":"Explosive Potion"},{"floor":27,"key":"Slimebound:ThreeZeroPotion"},{"floor":30,"key":"bronze:FreeFunctionsPotion"},{"floor":31,"key":"FearPotion"},{"floor":32,"key":"PowerPotion"}],"is_trial":false,"path_per_floor":["R","M","?","M","M","?","T","?","$","R","E","$","R","$","M","B",null,"R","M","?","M","?","M","T","M","M","M","M","R","E","M","M","B",null,"R","?"],"character_chosen":"THE_AUTOMATON","items_purchased":["bronze:ClassDefault","Toxic Egg 2","Pantograph"],"campfire_rested":2,"item_purchase_floors":[9,9,9],"current_hp_per_floor":[70,69,69,61,52,52,52,52,44,44,28,34,70,60,64,8,70,70,70,61,54,54,61,61,44,25,25,27,76,46,45,30,37,80,80,0,0,0],"gold":158,"neow_bonus":"REMOVE_CARD","is_daily":false,"chose_seed":false,"campfire_upgraded":3,"win_rate":0.0,"timestamp":1612251106,"path_taken":["R","M","?","?","M","?","T","?","$","R","E","?","R","$","M","BOSS","R","M","?","M","?","M","T","M","M","M","M","R","E","?","M","BOSS","R","?"],"items_purchased_type":["Card","Relic","Relic"],"build_version":"2020-12-22","purchased_purges":1,"victory":false,"max_hp_per_floor":[70,70,70,70,70,70,70,70,70,70,70,70,70,70,70,70,70,70,70,70,70,70,70,70,70,70,70,70,80,80,80,80,80,80,80,80,80,80],"card_choices":[{"not_picked":["bronze:Return","bronze:DigitalCarnage"],"picked":"bronze:FineTuning","floor":2.0},{"not_picked":["bronze:BugBarrage","bronze:DelayedGuard"],"picked":"bronze:ChildClass","floor":4.0},{"not_picked":["bronze:Overload","bronze:BronzeArmor"],"picked":"bronze:WhirlingStrike","floor":5.0},{"not_picked":["bronze:Branch","bronze:Iterate"],"picked":"bronze:Repair","floor":9.0},{"not_picked":["bronze:BitShift+1","bronze:WhirlingStrike"],"picked":"bronze:Deprecate+1","floor":11.0},{"not_picked":["bronze:WildBeam","bronze:FineTuning+1"],"picked":"bronze:Overheat","floor":12.0},{"not_picked":["bronze:WhirlingStrike","bronze:OilSpill"],"picked":"bronze:Assembly+1","floor":14.0},{"not_picked":["bronze:Overload+1","bronze:Optimize"],"picked":"bronze:Invalidate+1","floor":15.0},{"not_picked":["bronze:CleanCode","bronze:Break"],"picked":"bronze:HyperBeam","floor":16.0},{"not_picked":["bronze:OilSpill","bronze:FineTuning+1"],"picked":"bronze:Philosophize+1","floor":19.0},{"not_picked":["bronze:ItsAFeature","bronze:Turbo+1"],"picked":"bronze:Boost+1","floor":20.0},{"not_picked":[],"picked":"J.A.X.","floor":20.0},{"not_picked":["bronze:WildBeam","bronze:AlphaBuild","bronze:WhirlingStrike"],"picked":"SKIP","floor":21.0},{"not_picked":["bronze:DelayedSlice","bronze:Iterate"],"picked":"bronze:BitShift+1","floor":23.0},{"not_picked":["bronze:ChosenStrike","bronze:BronzeOrb"],"picked":"bronze:Shell+1","floor":25},{"not_picked":["bronze:Turbo+1","bronze:MaxOutput"],"picked":"bronze:Safeguard+1","floor":26},{"not_picked":["bronze:WildBeam","bronze:Return+1","bronze:ForLoop+1"],"picked":"SKIP","floor":27},{"not_picked":["bronze:DelayedSlice+1","bronze:BuggyMess+1","bronze:DigitalCarnage"],"picked":"SKIP","floor":28},{"not_picked":["bronze:NullPointer","bronze:Mutator","bronze:Backtrace+1"],"picked":"SKIP","floor":30},{"not_picked":["bronze:Repulsor","bronze:Invalidate+1"],"picked":"bronze:ForceShield+1","floor":31},{"not_picked":["bronze:ChildClass+1","bronze:Safeguard+1"],"picked":"bronze:CloningBeam","floor":32},{"not_picked":["bronze:RecursiveStrike","bronze:Assembly+1"],"picked":"bronze:Verify","floor":33}],"player_experience":2060148,"relics_obtained":[{"floor":7.0,"key":"StrikeDummy"},{"floor":11.0,"key":"Regal Pillow"},{"floor":20.0,"key":"MutagenicStrength"},{"floor":30,"key":"Lantern"}],"event_choices":[{"cards_removed":["downfall:Icky"],"damage_healed":0.0,"max_hp_gain":0.0,"max_hp_loss":0.0,"gold_gain":0.0,"event_name":"Bonfire Elementals","player_choice":"Offered Curse","floor":22.0,"gold_loss":0.0,"damage_taken":0.0,"relics_obtained":["Spirit Poop"]},{"damage_healed":0,"gold_gain":0,"player_choice":"Fight","damage_taken":0,"max_hp_gain":0,"max_hp_loss":0,"event_name":"Mysterious Sphere","floor":36,"gold_loss":0}],"is_beta":false,"boss_relics":[{"not_picked":["Calling Bell","Tiny House"],"picked":"bronze:PlatinumCore"},{"not_picked":["Runic Pyramid","Black Star"],"picked":"Empty Cage"}],"items_purged_floors":[9],"is_endless":false,"potions_floor_spawned":[2,15,16,20,21,25,27,30,31,32],"killed_by":"2 Orb Walkers","ascension_level":0}}