{"host":"rih3m63woujmecfd","time":1612260885,"event":{"mods":["BaseMod","Colored Powertips","Downfall","Energized Spire","KinomotoSakuraMod(Ä¾Ö®±¾Ó£)","Marisa£¨ìFÓê¡¡Ä§ÀíÉ³£©","Minty Spire (QoL Compilation)","Reimu£¨²©ÀöÁéÃÎ£©","Relic Stats","Remilia£¨ÀÙÃ×ÀòÑÇ£©","Replay The Spire","RumiaBox-Â¶Ã×æ«µÄÉñÃØºÐ×Ó","Shop Mod","Spicy Shops","StSLib","The Hierophant","The Servant 0.9.4","Waifu the Spire","Youmu£¨»êÆÇÑýÃÎ£©","Yuyuko","[IsaacMod]ÒÔÈö¼âËþ"],"gold_per_floor":[119,129,145,157,1,1,26,26,26,54,54,79,95,130,130,231,231,243,262,273,289,289,289],"floor_reached":22,"language":"ZHS","playtime":1653,"items_purged":[],"score":368,"play_id":"49c70d6c-0bae-43a2-a3a9-131ce3ba44f8","local_time":"20210202181445","daily_mods":["Heirloom","Time Dilation","Flight","Elite Swarm","Lethality"],"is_ascension_mode":false,"campfire_choices":[{"data":"NB:ReiMu","floor":6,"key":"SMITH"},{"floor":8,"key":"REST"},{"floor":11,"key":"REST"},{"data":"KamiRite:ReiMu","floor":15,"key":"SMITH"}],"circlet_count":0,"master_deck":["Strike_Lin:ReiMu","Strike_Lin:ReiMu","Strike_Lin:ReiMu","Strike_Lin:ReiMu","Defend_Lin:ReiMu","Defend_Lin:ReiMu","Defend_Lin:ReiMu","Defend_Lin:ReiMu","NB:ReiMu+1","Stagnation:ReiMu","Meditation:ReiMu","Meditation:ReiMu","KamiRite:ReiMu+1","PrayRite:ReiMu","Authority:ReiMu","YinYangSange:ReiMu","Intuition:ReiMu","ManaGlint:ReiMu"],"relics":["FlyPower:ReiMu","HushsDoor","MoneyPower","BookofShadows","SteamSale","BodyOfKamiR:ReiMu","Chameleon Ring","GuppysHead","Art of War","Pondfish Scales"],"acts_visited":["Exordium","TheCity"],"potions_floor_usage":[7,7,12,12,16,16],"damage_taken":[{"damage":0,"enemies":"Jaw Worm","floor":1,"turns":3},{"damage":9,"enemies":"2 Louse","floor":2,"turns":2},{"damage":0,"enemies":"Cultist","floor":3,"turns":3},{"damage":3,"enemies":"2 Fungi Beasts","floor":4,"turns":5},{"damage":51,"enemies":"3 Sentries","floor":7,"turns":12},{"damage":0,"enemies":"Lagavulin","floor":10,"turns":5},{"damage":0,"enemies":"Gremlin Nob","floor":12,"turns":3},{"damage":8,"enemies":"3 Louse","floor":13,"turns":4},{"damage":10,"enemies":"3 Sentries","floor":14,"turns":6},{"damage":52,"enemies":"The Guardian","floor":16,"turns":10},{"damage":4,"enemies":"2 Thieves","floor":18,"turns":5},{"damage":12,"enemies":"Spheric Guardian","floor":19,"turns":4},{"damage":19,"enemies":"Snecko","floor":20,"turns":6},{"damage":16,"enemies":"Cultist and Chosen","floor":21,"turns":5},{"damage":0,"enemies":"3 Cultists","floor":22,"turns":1}],"seed_played":"3196783849489545536","potions_obtained":[{"floor":1,"key":"PowerPotion"},{"floor":4,"key":"Milkshake"},{"floor":7,"key":"Fire Potion"},{"floor":10,"key":"Regen Potion"},{"floor":12,"key":"ZuzhouPotion:ReiMu"},{"floor":14,"key":"Regen Potion"},{"floor":20,"key":"Elixir"}],"is_trial":true,"path_per_floor":["M","M","M","M","$","R","E","R","T","E","R","E","M","E","R","B",null,"M","M","M","M","M"],"character_chosen":"REIMU","items_purchased":["SteamSale"],"campfire_rested":2,"item_purchase_floors":[5],"current_hp_per_floor":[65,56,56,53,53,53,2,21,21,21,40,47,39,29,29,5,65,61,49,30,14,14,14],"gold":289,"neow_bonus":"","is_daily":false,"chose_seed":false,"campfire_upgraded":2,"win_rate":0.0,"timestamp":1612260885,"path_taken":["M","M","M","M","$","R","E","R","T","E","R","E","M","E","R","BOSS","M","M","M","M","M"],"items_purchased_type":["Relic"],"build_version":"2020-12-22","purchased_purges":0,"victory":false,"max_hp_per_floor":[65,65,65,65,65,65,65,65,65,65,65,65,65,65,65,65,65,65,65,65,65,65,65],"relic_stats":{"counters":[15,74],"Art of War":[4],"obtain_stats":[{"KeepersGift":0,"BookofShadows":0,"BodyOfKamiR:ReiMu":7,"Pondfish Scales":14,"Chameleon Ring":9,"MoneyPower":0,"Art of War":12,"GuppysHead":10,"FlyPower:ReiMu":0,"HushsDoor":0,"SteamSale":5},{"KeepersGift":0,"BookofShadows":0,"BodyOfKamiR:ReiMu":5,"Pondfish Scales":9,"Chameleon Ring":5,"MoneyPower":0,"Art of War":7,"GuppysHead":6,"FlyPower:ReiMu":0,"HushsDoor":0,"SteamSale":4},{"KeepersGift":0,"BookofShadows":0,"BodyOfKamiR:ReiMu":25,"Pondfish Scales":43,"Chameleon Ring":25,"MoneyPower":0,"Art of War":33,"GuppysHead":30,"FlyPower:ReiMu":0,"HushsDoor":0,"SteamSale":13}]},"card_choices":[{"not_picked":["AirStrike:ReiMu","CareerPray:ReiMu"],"picked":"Meditation:ReiMu","floor":1},{"not_picked":["FineLineFantasy:ReiMu","Amulet:ReiMu"],"picked":"Meditation:ReiMu","floor":2},{"not_picked":["Free:ReiMu","SealNeedle:ReiMu","NineCharacters:ReiMu"],"picked":"SKIP","floor":3},{"not_picked":["AlertArray:ReiMu","EmergencyTakeOff:ReiMu","ManaGlint:ReiMu"],"picked":"SKIP","floor":4},{"not_picked":["DependentForm:ReiMu","Determination:ReiMu"],"picked":"KamiRite:ReiMu","floor":7},{"not_picked":["HakureiPhantom:ReiMu","SubcavityFantasy:ReiMu","CeremonyResonance:ReiMu"],"picked":"SKIP","floor":10},{"not_picked":["RunawayExorcism:ReiMu","Dreaming:ReiMu"],"picked":"PrayRite:ReiMu","floor":12},{"not_picked":["AlertArray:ReiMu","Conquer:ReiMu","KamiSacrifice:ReiMu"],"picked":"SKIP","floor":13},{"not_picked":["HakureiPhantom:ReiMu","CeremonyResonance:ReiMu","SubcavityFantasy:ReiMu"],"picked":"SKIP","floor":14},{"not_picked":["Free:ReiMu","CeremonyResonance:ReiMu"],"picked":"Authority:ReiMu","floor":16},{"not_picked":["NineCharacters:ReiMu+1","TightArray:ReiMu+1"],"picked":"YinYangSange:ReiMu","floor":18},{"not_picked":["RainPray2:ReiMu+1","EmergencyTakeOff:ReiMu"],"picked":"Intuition:ReiMu","floor":19},{"not_picked":["CareerPray:ReiMu","SafetyPray:ReiMu+1","Amulet:ReiMu"],"picked":"SKIP","floor":20},{"not_picked":["WonderfulDomain:ReiMu","Amulet:ReiMu+1"],"picked":"ManaGlint:ReiMu","floor":21}],"player_experience":146389,"relics_obtained":[{"floor":7,"key":"BodyOfKamiR:ReiMu"},{"floor":9,"key":"Chameleon Ring"},{"floor":10,"key":"GuppysHead"},{"floor":12,"key":"Art of War"},{"floor":14,"key":"Pondfish Scales"}],"event_choices":[],"is_beta":false,"boss_relics":[{"not_picked":["Snecko Eye","AddBug","energizedSpire:StickyHand"]}],"items_purged_floors":[],"is_endless":true,"potions_floor_spawned":[1,4,7,10,12,14,20],"killed_by":"3 Cultists","ascension_level":0}}