{"host":"npaoev7ccr7c867s","time":1612232639,"event":{"mods":["AchievementEnabler","Act Like it!","Aspiration","Bard","BaseMod","Beaked The Cultist","Better Altar","Better Match","Better Note","Better Sensory Stone","Better Skull","Better Third Choice","BetterRewards","CCEM2","Clawfect","Colored Map","Conspire","Downfall","GifTheSpireLib","Halation","Hermit","Highlight Path","Hubris","Hunter ??","Infinite Spire","Jedi Mod","Jorbs\u0027s Wanderer Trilogy","Mad Scientist","Marisa????????","Mimic Mod","Minty Spire (QoL Compilation)","Permanent Neow","Replay The Spire","SIMod","SOS???????","Shade Mod","Shop Mod","Spicy Shops","StSLib","Stuff the Spire","The Animator","The Blackbeard","The Construct","The Cursed","The Disciple","The Gatherer","The Hierophant","The IronCluck","The Jungle","The Mystic","The Necromancer","The Problem Sleuth","The Runesmith","The Servant 0.9.4","The Spell Scribe","The Wild Card","The Witch","TheSurvivalist","TheVacant","Unceasing Turn Reminder","everything is the same but u backflip on backflip","slay the spire mod where everything is the same but ironclad has a cowboy hat"],"gold_per_floor":[119,119,135,150,166,166,180,180,180,180,191,206,224,237,237,341,341,359,372,372,372,372],"floor_reached":21,"language":"ENG","playtime":2005,"items_purged":[],"score":177,"play_id":"15b680f7-4684-406a-830a-caf429ad8b50","local_time":"20210201182359","is_ascension_mode":false,"campfire_choices":[{"data":"hermit:Reprieve","floor":6,"key":"SMITH"},{"data":"hermit:TakeAim","floor":8,"key":"SMITH"},{"data":"hermit:CalledShot","floor":10,"key":"SMITH"},{"floor":15,"key":"REST"}],"circlet_count":0,"master_deck":["hermit:Strike_Hermit","hermit:Strike_Hermit","hermit:Strike_Hermit","hermit:Strike_Hermit","hermit:Defend_Hermit","hermit:Defend_Hermit","hermit:Defend_Hermit","hermit:Defend_Hermit","hermit:Snapshot","hermit:Covet","hermit:Reprieve+1","hermit:Desperado","hermit:Misfire","hermit:ShadowCloak","hermit:Glare","hermit:TakeCover","hermit:Headshot","Gatherer:ScherryThrow","hermit:TrackingShot","hermit:CalledShot+1","hermit:EyeOfTheStorm","hermit:TakeAim+1","hermit:Shortfuse","hermit:PistolWhip","hermit:DeadOrAlive","hermit:Quickdraw","hermit:FinalCanter","hermit:Enervate+1","hermit:Combo+1"],"relics":["StuffTheSpire:OccultApparatus","Onion Ring","Replay:Bronze Core"],"acts_visited":["Exordium","TheCity"],"potions_floor_usage":[4,14,19],"damage_taken":[{"damage":5,"enemies":"conspire:RoseBush","floor":1,"turns":3},{"damage":1,"enemies":"Cultist","floor":3,"turns":3},{"damage":8,"enemies":"infinitespire:Voidling","floor":4,"turns":3},{"damage":14,"enemies":"Gremlin Gang","floor":5,"turns":3},{"damage":0,"enemies":"Large Slime","floor":7,"turns":3},{"damage":7,"enemies":"3 Louse","floor":11,"turns":2},{"damage":0,"enemies":"Blue Slaver","floor":12,"turns":1},{"damage":11,"enemies":"Exordium Wildlife","floor":13,"turns":2},{"damage":6,"enemies":"3 Louse","floor":14,"turns":2},{"damage":50,"enemies":"Fading Forest","floor":16,"turns":11},{"damage":27,"enemies":"conspire:FuzzyDice","floor":18,"turns":5},{"damage":5,"enemies":"Spheric Guardian","floor":19,"turns":3}],"seed_played":"-2001851524450507124","potions_obtained":[{"floor":1,"key":"Adrenaline Potion"},{"floor":4,"key":"Fire Potion"},{"floor":11,"key":"AttackPotion"},{"floor":13,"key":"Languid Potion"},{"floor":16,"key":"SpeedPotion"},{"floor":18,"key":"hexamod:SoulburnPotion"}],"is_trial":false,"path_per_floor":["M","?","M","M","M","R","M","R","T","R","M","M","M","M","R","B",null,"M","M","?","?"],"character_chosen":"HERMIT","items_purchased":["hermit:Reprieve","hermit:Desperado","hermit:Misfire","hermit:ShadowCloak","hermit:Glare"],"campfire_rested":1,"item_purchase_floors":[0,0,0,0,0],"current_hp_per_floor":[70,70,73,65,51,51,51,51,51,51,48,52,45,39,61,21,75,48,43,43,43,43],"gold":372,"neow_bonus":"","is_daily":false,"chose_seed":false,"campfire_upgraded":3,"win_rate":0.0,"timestamp":1612232639,"path_taken":["M","?","?","M","?","R","M","R","T","R","M","M","?","?","R","BOSS","M","M","?","?"],"items_purchased_type":["Card","Card","Card","Card","Card"],"build_version":"2020-12-22","purchased_purges":0,"victory":false,"max_hp_per_floor":[75,75,75,75,75,75,75,75,75,75,75,75,75,75,75,75,75,75,75,75,75,75],"card_choices":[{"not_picked":["hermit:Ricochet","hermit:Coalescence"],"picked":"hermit:Headshot","floor":1},{"not_picked":["hermit:Misfire","hermit:Desperado"],"picked":"hermit:TrackingShot","floor":3},{"not_picked":["hermit:Scavenge","hermit:ItchyTrigger"],"picked":"hermit:CalledShot","floor":4},{"not_picked":["hermit:Coalescence","hermit:FlashPowder"],"picked":"hermit:EyeOfTheStorm","floor":5},{"not_picked":["hermit:WideOpen","hermit:HoleUp"],"picked":"hermit:TakeAim","floor":7},{"not_picked":["hermit:WideOpen","hermit:Snipe"],"picked":"hermit:Shortfuse","floor":11},{"not_picked":["hermit:NoHoldsBarred","hermit:BodyArmor"],"picked":"hermit:PistolWhip","floor":12},{"not_picked":["hermit:GhostlyPresence","hermit:TakeCover"],"picked":"hermit:DeadOrAlive","floor":13},{"not_picked":["hermit:Coalescence","hermit:Ricochet"],"picked":"hermit:Quickdraw","floor":14},{"not_picked":["hermit:OverwhelmingPower","hermit:FatalDesire"],"picked":"hermit:FinalCanter","floor":16},{"not_picked":["hermit:ShadowCloak+1","hermit:FullyLoaded"],"picked":"hermit:Enervate+1","floor":18},{"not_picked":["hermit:Roulette","hermit:Desperado"],"picked":"hermit:Combo+1","floor":19}],"player_experience":202822,"relics_obtained":[{"floor":9,"key":"Onion Ring"}],"event_choices":[{"cards_removed":["hermit:ShadowCloak"],"damage_healed":0,"gold_gain":0,"player_choice":"Take \u0026 Give","damage_taken":0,"max_hp_gain":0,"max_hp_loss":0,"event_name":"betterNote:BetterNote","floor":2,"gold_loss":0,"cards_obtained":["Gatherer:ScherryThrow"]}],"is_beta":false,"boss_relics":[{"not_picked":["Sozu","Replay:Grab Bag"],"picked":"Replay:Bronze Core"}],"items_purged_floors":[],"is_endless":false,"potions_floor_spawned":[1,4,11,13,16,18],"ascension_level":0}}