{"host":"d52brwsy6af8zvaq","time":1612278513,"event":{"mods":["AchievementEnabler","BaseMod","Bestiary","Highlight Path","Minty Spire (QoL Compilation)","Quick Restart","Relic Stats","ojb\u0027s Better Paths Mod"],"gold_per_floor":[216,234,234,248,248,248,283,101,183,183,522,537,553,577,577,577,577],"floor_reached":16,"language":"ENG","playtime":627,"items_purged":["Strike_G"],"score":224,"play_id":"8ae7fe8d-90f7-4483-86ee-acb8daeb5f64","local_time":"20210202080833","is_ascension_mode":true,"campfire_choices":[{"data":"All Out Attack","floor":6.0,"key":"SMITH"},{"data":"Deadly Poison","floor":10.0,"key":"SMITH"},{"floor":15,"key":"REST"}],"circlet_count":0,"master_deck":["AscendersBane","Strike_G","Strike_G","Strike_G","Strike_G","Defend_G","Defend_G","Defend_G","Defend_G","Defend_G","Survivor","Neutralize","Deadly Poison","All Out Attack+1","Poisoned Stab","Predator","Deadly Poison+1","Dash","Bouncing Flask","Noxious Fumes"],"relics":["Ring of the Snake","Golden Idol","Vajra","Ornamental Fan","Old Coin"],"acts_visited":["Exordium"],"potions_floor_usage":[16,16],"damage_taken":[{"damage":0.0,"enemies":"2 Louse","floor":1.0,"turns":5.0},{"damage":7.0,"enemies":"Jaw Worm","floor":2.0,"turns":4.0},{"damage":1.0,"enemies":"Small Slimes","floor":4.0,"turns":4.0},{"damage":20.0,"enemies":"3 Sentries","floor":7.0,"turns":8.0},{"damage":5.0,"enemies":"Gremlin Nob","floor":11.0,"turns":3.0},{"damage":1.0,"enemies":"Looter","floor":12.0,"turns":4.0},{"damage":2.0,"enemies":"Lots of Slimes","floor":13.0,"turns":2.0},{"damage":0,"enemies":"2 Fungi Beasts","floor":14,"turns":2},{"damage":51,"enemies":"Slime Boss","floor":16,"turns":11}],"seed_played":"-6193501719051981557","potions_obtained":[{"floor":7.0,"key":"DuplicationPotion"},{"floor":11.0,"key":"Weak Potion"},{"floor":12.0,"key":"ColorlessPotion"}],"is_trial":false,"path_per_floor":["M","M","?","M","?","R","E","$","T","R","E","M","M","M","R","B"],"character_chosen":"THE_SILENT","items_purchased":["Deadly Poison","Dash"],"campfire_rested":1,"item_purchase_floors":[8,8],"current_hp_per_floor":[59,52,52,51,51,51,31,31,31,31,26,25,23,23,42,0,0],"gold":577,"neow_bonus":"HUNDRED_GOLD","is_daily":false,"chose_seed":false,"campfire_upgraded":2,"win_rate":0.0,"timestamp":1612278513,"path_taken":["M","M","?","M","?","R","E","$","T","R","E","M","M","M","R","BOSS"],"items_purchased_type":["Card","Card"],"build_version":"2020-12-22","purchased_purges":1,"victory":false,"max_hp_per_floor":[66,66,66,66,66,66,66,66,66,66,66,66,66,66,66,66,66],"relic_stats":{"counters":[9,43],"Golden Idol":29,"Ornamental Fan":[16],"obtain_stats":[{"Golden Idol":3,"Ornamental Fan":9,"Vajra":7,"Ring of the Snake":0,"Old Coin":11},{"Golden Idol":2,"Ornamental Fan":4,"Vajra":4,"Ring of the Snake":0,"Old Coin":5},{"Golden Idol":9,"Ornamental Fan":21,"Vajra":21,"Ring of the Snake":0,"Old Coin":24}],"Ring of the Snake":[18]},"card_choices":[{"not_picked":["Deflect","Flying Knee"],"picked":"Deadly Poison","floor":1.0},{"not_picked":["Terror","Dagger Throw"],"picked":"All Out Attack","floor":2.0},{"not_picked":["Sucker Punch","Riddle With Holes"],"picked":"Poisoned Stab","floor":4.0},{"not_picked":["Endless Agony","Setup"],"picked":"Predator","floor":7.0},{"not_picked":["Dagger Spray","Poisoned Stab","Underhanded Strike"],"picked":"SKIP","floor":11.0},{"not_picked":["Concentrate","Expertise","Acrobatics"],"picked":"SKIP","floor":12.0},{"not_picked":["Poisoned Stab","Acrobatics"],"picked":"Bouncing Flask","floor":13.0},{"not_picked":["Accuracy","Poisoned Stab"],"picked":"Noxious Fumes","floor":14}],"player_experience":2119376,"relics_obtained":[{"floor":7.0,"key":"Vajra"},{"floor":9.0,"key":"Ornamental Fan"},{"floor":11.0,"key":"Old Coin"}],"event_choices":[{"damage_healed":0.0,"max_hp_gain":0.0,"max_hp_loss":0.0,"gold_gain":0.0,"event_name":"Golden Idol","player_choice":"Take Wound","floor":3.0,"gold_loss":0.0,"damage_taken":0.0,"relics_obtained":["Golden Idol"],"cards_obtained":["Injury"]},{"cards_removed":["Injury"],"damage_healed":0.0,"max_hp_gain":0.0,"max_hp_loss":0.0,"gold_gain":0.0,"event_name":"Living Wall","player_choice":"Forget","floor":5.0,"gold_loss":0.0,"damage_taken":0.0}],"is_beta":false,"boss_relics":[],"items_purged_floors":[8],"is_endless":false,"potions_floor_spawned":[7,11,12,14],"killed_by":"Slime Boss","ascension_level":20}}