{"host":"opg65mucj6ra7dr1","time":1612281677,"event":{"mods":["BaseMod","DeckTracker","Keyboard Shortcuts","Minty Spire (QoL Compilation)","Permanent Neow","Quick Restart","everything is the same but u backflip on backflip"],"gold_per_floor":[118,118,133,233,252,287,298,327,327,327,327,344,344,363,363,363,363],"floor_reached":16,"language":"KOR","playtime":1122,"items_purged":[],"score":162,"play_id":"e18f6c18-d385-4e31-8e05-4f556147c0cf","local_time":"20210203010117","is_ascension_mode":true,"campfire_choices":[{"floor":10,"key":"REST"},{"data":"Armaments","floor":13,"key":"SMITH"},{"data":"Fire Breathing","floor":15,"key":"SMITH"}],"circlet_count":0,"master_deck":["Strike_R","Strike_R","Strike_R","Strike_R","Defend_R","Defend_R","Defend_R","Defend_R+1","Bash","Power Through+1","Thunderclap","Pommel Strike","Cleave","Fire Breathing+1","Armaments+1","Hemokinesis"],"relics":["Burning Blood","War Paint","Omamori","Sundial","PreservedInsect"],"acts_visited":["Exordium"],"potions_floor_usage":[8,16],"damage_taken":[{"damage":0,"enemies":"Small Slimes","floor":1,"turns":4},{"damage":6,"enemies":"Cultist","floor":3,"turns":3},{"damage":6,"enemies":"2 Louse","floor":5,"turns":3},{"damage":42,"enemies":"3 Sentries","floor":6,"turns":9},{"damage":23,"enemies":"Lots of Slimes","floor":7,"turns":4},{"damage":23,"enemies":"Gremlin Nob","floor":8,"turns":5},{"damage":12,"enemies":"Looter","floor":12,"turns":3},{"damage":16,"enemies":"Blue Slaver","floor":14,"turns":4},{"damage":18,"enemies":"The Guardian","floor":16,"turns":9}],"seed_played":"2754451900520798303","potions_obtained":[{"floor":1,"key":"AttackPotion"},{"floor":6,"key":"SkillPotion"},{"floor":14,"key":"Swift Potion"}],"is_trial":false,"path_per_floor":["M","?","M","?","M","E","M","E","T","R","?","M","R","M","R","B"],"character_chosen":"IRONCLAD","items_purchased":[],"campfire_rested":1,"item_purchase_floors":[],"current_hp_per_floor":[78,78,78,78,78,42,25,8,8,32,37,31,31,21,21,3,3],"gold":363,"neow_bonus":"TRANSFORM_CARD","is_daily":false,"chose_seed":false,"campfire_upgraded":2,"win_rate":0.0,"timestamp":1612281677,"path_taken":["M","?","?","?","?","E","M","E","T","R","?","M","R","?","R","BOSS"],"items_purchased_type":[],"build_version":"2020-12-22","purchased_purges":0,"victory":false,"max_hp_per_floor":[80,80,80,80,80,80,80,80,80,80,80,80,80,80,80,80,80],"card_choices":[{"not_picked":["Reckless Charge","Warcry"],"picked":"Thunderclap","floor":1},{"not_picked":["Blood for Blood","Perfected Strike"],"picked":"Pommel Strike","floor":3},{"not_picked":["Clothesline","Shrug It Off"],"picked":"Cleave","floor":5},{"not_picked":["Carnage","Rage"],"picked":"True Grit","floor":6},{"not_picked":["Wild Strike","Heavy Blade"],"picked":"Fire Breathing","floor":7},{"not_picked":["Perfected Strike","Second Wind"],"picked":"Armaments","floor":8},{"not_picked":["Havoc","Body Slam","Power Through"],"picked":"SKIP","floor":12},{"not_picked":["Carnage","Body Slam"],"picked":"Hemokinesis","floor":14}],"player_experience":164135,"relics_obtained":[{"floor":6,"key":"Omamori"},{"floor":8,"key":"Sundial"},{"floor":9,"key":"PreservedInsect"}],"event_choices":[{"damage_healed":0,"gold_gain":0,"player_choice":"Gave Potion","damage_taken":0,"relics_obtained":["War Paint"],"max_hp_gain":0,"max_hp_loss":0,"event_name":"WeMeetAgain","floor":2,"gold_loss":0},{"damage_healed":0,"gold_gain":100,"player_choice":"Pray","damage_taken":0,"max_hp_gain":0,"max_hp_loss":0,"event_name":"Golden Shrine","floor":4,"gold_loss":0},{"cards_removed":["True Grit"],"damage_healed":5,"gold_gain":0,"player_choice":"Offered Common","damage_taken":0,"max_hp_gain":0,"max_hp_loss":0,"event_name":"Bonfire Elementals","floor":11,"gold_loss":0},{"cards_removed":["True Grit"],"damage_healed":5,"gold_gain":0,"player_choice":"Offered Special","damage_taken":0,"max_hp_gain":0,"max_hp_loss":0,"event_name":"Bonfire Elementals","floor":11,"gold_loss":0}],"is_beta":false,"boss_relics":[],"items_purged_floors":[],"is_endless":false,"potions_floor_spawned":[1,6,14],"killed_by":"The Guardian","ascension_level":9}}