{"host":"lktusdb9orijgc6z","time":1612262952,"event":{"mods":["BaseMod","Bestiary","Colored Map","Colored Powertips","Minty Spire (QoL Compilation)","Permanent Neow","Quick Restart","Relic Stats","StSLib","everything is the same but u backflip on backflip","slay the spire mod where everything is the same but ironclad has a cowboy hat"],"gold_per_floor":[112,123,137,154,154,50,80,155,182,198,2,2,27,43,43,43,43],"floor_reached":16,"language":"ENG","playtime":451,"items_purged":[],"score":179,"play_id":"42ec9aa9-791a-4f1a-9f90-d7bf1fb10440","local_time":"20210202114912","is_ascension_mode":true,"campfire_choices":[{"data":"Whirlwind","floor":12,"key":"SMITH"},{"data":"Searing Blow","floor":15,"key":"SMITH"}],"circlet_count":0,"master_deck":["AscendersBane","Strike_R","Strike_R","Strike_R","Strike_R","Strike_R","Defend_R+1","Defend_R","Defend_R+1","Defend_R","Bash","Cleave","Searing Blow+1","Headbutt","Thunderclap","Whirlwind+1","Sword Boomerang","Pommel Strike","Combust","Shrug It Off","Bludgeon","Pummel"],"relics":["Burning Blood","Akabeko","Bag of Preparation","PreservedInsect","OrangePellets","MealTicket"],"acts_visited":["Exordium"],"potions_floor_usage":[16],"damage_taken":[{"damage":1,"enemies":"2 Louse","floor":1,"turns":2},{"damage":5,"enemies":"Small Slimes","floor":2,"turns":3},{"damage":7,"enemies":"Jaw Worm","floor":3,"turns":3},{"damage":12,"enemies":"Looter","floor":4,"turns":3},{"damage":22,"enemies":"3 Sentries","floor":7,"turns":4},{"damage":11,"enemies":"Exordium Thugs","floor":10,"turns":4},{"damage":20,"enemies":"Lagavulin","floor":13,"turns":4},{"damage":0,"enemies":"2 Fungi Beasts","floor":14,"turns":1},{"damage":19,"enemies":"Hexaghost","floor":16,"turns":9}],"seed_played":"1378733221672954415","potions_obtained":[{"floor":2,"key":"GamblersBrew"},{"floor":10,"key":"Ancient Potion"},{"floor":14,"key":"SkillPotion"}],"is_trial":false,"path_per_floor":["M","M","M","M","?","$","E","?","T","M","$","R","E","M","R","B"],"character_chosen":"IRONCLAD","items_purchased":["Whirlwind","Sword Boomerang","OrangePellets","Shrug It Off"],"campfire_rested":0,"item_purchase_floors":[6,6,11,11],"current_hp_per_floor":[77,78,77,71,55,55,39,28,28,23,23,23,9,15,15,0,0],"gold":43,"neow_bonus":"RANDOM_COMMON_RELIC","is_daily":false,"chose_seed":false,"campfire_upgraded":2,"win_rate":0.0,"timestamp":1612262952,"path_taken":["M","M","M","M","?","$","E","?","T","M","$","R","E","M","R","BOSS"],"items_purchased_type":["Card","Card","Relic","Card"],"build_version":"2020-12-22","purchased_purges":0,"victory":false,"max_hp_per_floor":[80,80,80,80,80,80,80,80,80,80,80,80,80,80,80,80,80],"relic_stats":{"OrangePellets":[0],"counters":[9,33],"MealTicket":0,"PreservedInsect":29,"Bag of Preparation":[8],"obtain_stats":[{"OrangePellets":11,"MealTicket":13,"PreservedInsect":9,"Bag of Preparation":7,"Burning Blood":0,"Akabeko":0},{"OrangePellets":6,"MealTicket":7,"PreservedInsect":5,"Bag of Preparation":5,"Burning Blood":0,"Akabeko":0},{"OrangePellets":19,"MealTicket":23,"PreservedInsect":15,"Bag of Preparation":15,"Burning Blood":0,"Akabeko":0}],"Burning Blood":48},"card_choices":[{"not_picked":["Body Slam","Entrench"],"picked":"Cleave","floor":1},{"not_picked":["Clash","Armaments"],"picked":"Searing Blow","floor":2},{"not_picked":["Evolve","Clash"],"picked":"Headbutt","floor":3},{"not_picked":["Blood for Blood","Cleave"],"picked":"Thunderclap","floor":4},{"not_picked":["Evolve","Anger"],"picked":"Pommel Strike","floor":7},{"not_picked":["Sword Boomerang","Wild Strike"],"picked":"Combust","floor":10},{"not_picked":["Body Slam","Flex"],"picked":"Bludgeon","floor":13},{"not_picked":["Clothesline","Power Through"],"picked":"Pummel","floor":14}],"player_experience":744366,"relics_obtained":[{"floor":7,"key":"Bag of Preparation"},{"floor":9,"key":"PreservedInsect"},{"floor":13,"key":"MealTicket"}],"event_choices":[{"damage_healed":0,"gold_gain":0,"player_choice":"Entered Light","damage_taken":16,"max_hp_gain":0,"max_hp_loss":0,"event_name":"Shining Light","floor":5,"gold_loss":0,"cards_upgraded":["Defend_R","Defend_R"]},{"damage_healed":0,"gold_gain":75,"player_choice":"Gather Gold","damage_taken":11,"max_hp_gain":0,"max_hp_loss":0,"event_name":"World of Goop","floor":8,"gold_loss":0}],"is_beta":false,"boss_relics":[],"items_purged_floors":[],"is_endless":false,"potions_floor_spawned":[2,10,14],"killed_by":"Hexaghost","ascension_level":12}}