{"host":"tvs5yxzo65ue2qcy","time":1612267102,"event":{"mods":["BaseMod","DeckTracker","Highlight Path","Minty Spire (QoL Compilation)","Permanent Neow","Quick Restart","StSLib","SuperFastMode","everything is the same but u backflip on backflip"],"gold_per_floor":[112,127,127,148,162,162,162],"floor_reached":6,"language":"KOR","playtime":119,"items_purged":[],"score":40,"play_id":"c1f25dc9-22ca-4929-8674-198a6531e94d","local_time":"20210202205822","is_ascension_mode":true,"campfire_choices":[],"circlet_count":0,"master_deck":["Strike_G","Strike_G","Strike_G","Strike_G","Strike_G","Defend_G","Defend_G","Defend_G","Defend_G","Defend_G","Survivor","Neutralize","Grand Finale","Escape Plan","Glass Knife","Terror"],"relics":["Ring of the Snake","Golden Idol"],"acts_visited":["Exordium"],"potions_floor_usage":[],"damage_taken":[{"damage":2,"enemies":"Cultist","floor":1,"turns":4},{"damage":3,"enemies":"Jaw Worm","floor":2,"turns":4},{"damage":3,"enemies":"Small Slimes","floor":4,"turns":4},{"damage":5,"enemies":"2 Fungi Beasts","floor":5,"turns":3},{"damage":0,"enemies":"Lagavulin","floor":6,"turns":1}],"seed_played":"2132184008209958525","potions_obtained":[{"floor":2,"key":"GhostInAJar"},{"floor":5,"key":"Energy Potion"}],"is_trial":false,"path_per_floor":["M","M","?","M","M","E"],"character_chosen":"THE_SILENT","items_purchased":[],"campfire_rested":0,"item_purchase_floors":[],"current_hp_per_floor":[47,44,44,41,36,36,36],"gold":162,"neow_bonus":"THREE_RARE_CARDS","is_daily":false,"chose_seed":false,"campfire_upgraded":0,"win_rate":0.0,"timestamp":1612267102,"path_taken":["M","?","?","M","M","E"],"items_purchased_type":[],"build_version":"2020-12-22","purchased_purges":0,"victory":false,"max_hp_per_floor":[70,70,65,65,65,65,65],"card_choices":[{"not_picked":["After Image","Wraith Form v2"],"picked":"Grand Finale","floor":0},{"not_picked":["Bane","Outmaneuver"],"picked":"Escape Plan","floor":1},{"not_picked":["Setup","Quick Slash","Poisoned Stab"],"picked":"SKIP","floor":2},{"not_picked":["Dagger Throw","Sucker Punch"],"picked":"Glass Knife","floor":4},{"not_picked":["Acrobatics","Slice"],"picked":"Terror","floor":5}],"player_experience":235902,"relics_obtained":[],"event_choices":[{"damage_healed":0,"gold_gain":0,"player_choice":"Lose Max HP","damage_taken":0,"relics_obtained":["Golden Idol"],"max_hp_gain":0,"max_hp_loss":5,"event_name":"Golden Idol","floor":3,"gold_loss":0}],"is_beta":false,"boss_relics":[],"items_purged_floors":[],"is_endless":false,"potions_floor_spawned":[2,5],"killed_by":"Lagavulin","ascension_level":1}}