{"host":"qqj8xvc6rh6p9rdh","time":1612249083,"event":{"mods":["Act Like it!","BaseMod","Dio Mod","Friendly Minions","Hermit","Minty Spire (QoL Compilation)","Small Relic Pack","StSLib","The Animator"],"gold_per_floor":[129,147,61,61,78,78,111,111,111,111,111],"floor_reached":10,"language":"ENG","playtime":253,"items_purged":[],"score":132,"play_id":"6fc94001-7863-4a89-82c5-f79b159b1041","local_time":"20210202145803","is_ascension_mode":true,"campfire_choices":[{"floor":6,"key":"REST"},{"floor":8,"key":"REST"}],"circlet_count":0,"master_deck":["AscendersBane","animator:Strike_Fate","animator:Defend_Fate","animator:Strike","animator:Strike","animator:Strike","animator:Defend","animator:Defend","animator:Defend","animator:Alexander","animator:Rider","animator:EmiyaShirou","animator:SakuraMatou","animator:Berserker"],"relics":["animator:LivingPicture","animator:TheMissingPiece","NeowsBlessing","relicPack:DSword","Bag of Preparation","relicPack:DarknessArmor"],"acts_visited":["Exordium"],"potions_floor_usage":[9],"damage_taken":[{"damage":0,"enemies":"Cultist","floor":1,"turns":1},{"damage":0,"enemies":"Small Slimes","floor":2,"turns":1},{"damage":11,"enemies":"2 Louse","floor":5,"turns":2},{"damage":17,"enemies":"Lagavulin","floor":7,"turns":7},{"damage":39,"enemies":"Gremlin Nob","floor":10,"turns":3}],"seed_played":"-3091512127487857073","potions_obtained":[{"floor":7,"key":"Fruit Juice"}],"is_trial":false,"path_per_floor":["M","M","$","?","M","R","E","R","T","E"],"character_chosen":"THE_ANIMATOR","items_purchased":["animator:SakuraMatou"],"campfire_rested":2,"item_purchase_floors":[3],"current_hp_per_floor":[54,54,54,19,8,26,10,28,33,0,0],"gold":111,"neow_bonus":"THREE_ENEMY_KILL","is_daily":false,"chose_seed":false,"campfire_upgraded":0,"win_rate":0.0,"timestamp":1612249083,"path_taken":["M","?","$","?","M","R","E","R","T","E"],"items_purchased_type":["Card"],"build_version":"2020-12-22","purchased_purges":0,"victory":false,"max_hp_per_floor":[60,60,60,60,60,60,61,61,66,66,66],"card_choices":[{"not_picked":["animator:LizardPriest","animator:YunYun"],"picked":"animator:EmiyaShirou","floor":1},{"not_picked":["animator:Arpeggio","animator:Tyuule","animator:Kuribayashi"],"picked":"SKIP","floor":2},{"not_picked":["animator:Illya","animator:Laby","animator:Elsword"],"picked":"SKIP","floor":5},{"not_picked":["animator:Assassin","animator:Lancer"],"picked":"animator:Berserker","floor":7}],"player_experience":820857,"relics_obtained":[{"floor":7,"key":"Bag of Preparation"},{"floor":9,"key":"relicPack:DarknessArmor"}],"event_choices":[],"is_beta":false,"boss_relics":[],"items_purged_floors":[],"is_endless":false,"potions_floor_spawned":[7],"killed_by":"Gremlin Nob","ascension_level":20}}