{"host":"eaiphzh066bwqdh7","time":1612302689,"event":{"mods":["BaseMod","Better Note","Halation","Hubris","Minty Spire (QoL Compilation)","Reliquary","Replay The Spire","StSLib"],"gold_per_floor":[110,127,52,52,52,52,68,68,95,95,112,122,122,122,122,220,220,240,230,246,246,246,246],"floor_reached":22,"language":"ENG","playtime":485,"items_purged":["Parasite"],"score":260,"play_id":"25b18f58-4118-4601-824b-3309ad0427a6","local_time":"20210202165129","is_ascension_mode":true,"campfire_choices":[{"data":"The Bomb","floor":6,"key":"SMITH"},{"data":"Gash","floor":8,"key":"SMITH"},{"data":"Zap","floor":10,"key":"SMITH"},{"floor":13,"key":"REST"},{"data":"Streamline","floor":15,"key":"SMITH"}],"circlet_count":0,"master_deck":["Strike_B","Strike_B","Strike_B","Strike_B","Defend_B","Defend_B","Defend_B","Defend_B","Zap+1","Dualcast","The Bomb+1","Rebound","Gash+1","Streamline+1","Mirror Shield","Streamline","Gash","Writhe"],"relics":["Cracked Core","Replay:Bottled Flurry","reliquary:TatteredRug","halation:PinkSoulGem","Black Star","Anchor"],"acts_visited":["Exordium","TheCity"],"potions_floor_usage":[11,16,19,20,22],"damage_taken":[{"damage":2,"enemies":"2 Louse","floor":1,"turns":2},{"damage":1,"enemies":"Cultist","floor":2,"turns":3},{"damage":9,"enemies":"Small Slimes","floor":7,"turns":3},{"damage":4,"enemies":"Red Slaver","floor":11,"turns":2},{"damage":9,"enemies":"Large Slime","floor":12,"turns":3},{"damage":0,"enemies":"Slime Boss","floor":16,"turns":5},{"damage":16,"enemies":"Shell Parasite","floor":18,"turns":3},{"damage":19,"enemies":"2 Thieves","floor":19,"turns":4},{"damage":18,"enemies":"Snake Plant","floor":20,"turns":4},{"damage":23,"enemies":"Chosen and Byrds","floor":22,"turns":5}],"seed_played":"-1173861364871168836","potions_obtained":[{"floor":7,"key":"AttackPotion"},{"floor":11,"key":"SteroidPotion"},{"floor":12,"key":"Fire Potion"},{"floor":16,"key":"Languid Potion"},{"floor":18,"key":"Energy Potion"}],"is_trial":false,"path_per_floor":["M","M","$","?","$","R","M","R","T","R","M","M","R","?","R","B",null,"M","M","M","?","M"],"character_chosen":"DEFECT","items_purchased":[],"campfire_rested":1,"item_purchase_floors":[],"current_hp_per_floor":[73,72,72,72,72,72,63,63,63,63,59,50,71,71,71,71,72,56,37,19,19,0,0],"gold":246,"neow_bonus":"RANDOM_COLORLESS_2","is_daily":false,"chose_seed":false,"campfire_upgraded":4,"win_rate":0.0,"timestamp":1612302689,"path_taken":["M","M","$","?","?","R","M","R","T","R","M","?","R","?","R","BOSS","M","M","M","?","M"],"items_purchased_type":[],"build_version":"2020-12-22","purchased_purges":1,"victory":false,"max_hp_per_floor":[75,75,72,72,72,72,72,72,72,72,72,72,72,72,72,72,72,72,72,72,72,72,72],"card_choices":[{"not_picked":["ReplayTheSpireMod:Necrogeddon","Metamorphosis"],"picked":"The Bomb","floor":0},{"not_picked":["Reinforced Body","Go for the Eyes","Panic Button"],"picked":"SKIP","floor":1},{"not_picked":["Ball Lightning","Sweeping Beam"],"picked":"Rebound","floor":2},{"not_picked":["Coolheaded","ReplaySolidLightProjector"],"picked":"Gash","floor":7},{"not_picked":["Coolheaded","Steam","Ball Lightning"],"picked":"SKIP","floor":11},{"not_picked":["Coolheaded","Turbo"],"picked":"Streamline","floor":12},{"not_picked":["hubris:SpecializedCircuitry","Fission"],"picked":"Mirror Shield","floor":16},{"not_picked":["Ball Lightning","Redo"],"picked":"Streamline","floor":18},{"not_picked":["ReplayTheSpireMod:Calculation Training","Turbo+1"],"picked":"Gash","floor":19},{"not_picked":["Blizzard","Ball Lightning+1","Streamline"],"picked":"SKIP","floor":20}],"player_experience":232676,"relics_obtained":[{"floor":4,"key":"Replay:Bottled Flurry"},{"floor":9,"key":"reliquary:TatteredRug"}],"event_choices":[{"damage_healed":0,"gold_gain":0,"player_choice":"Relic","damage_taken":0,"max_hp_gain":0,"max_hp_loss":0,"event_name":"Wheel of Change","floor":4,"gold_loss":0},{"damage_healed":0,"gold_gain":0,"player_choice":"Opened","damage_taken":0,"relics_obtained":["Anchor"],"max_hp_gain":0,"max_hp_loss":0,"event_name":"The Mausoleum","floor":21,"gold_loss":0,"cards_obtained":["Writhe"]}],"is_beta":false,"boss_relics":[{"not_picked":["hubris:RunicObelisk","hubris:BlackHole"],"picked":"Black Star"}],"items_purged_floors":[3],"is_endless":false,"potions_floor_spawned":[7,11,12,16,18],"killed_by":"Chosen and Byrds","ascension_level":3}}