{"host":"natui9yr7uuq78xo","time":1612228194,"event":{"mods":["BaseMod","Better Third Choice","BetterRewards","Lobotomy","LobotomyExtend","Minty Spire (QoL Compilation)","StSLib"],"gold_per_floor":[111,111,131,147,163,192,207,242,242,262,278,278,307,325,325,430,430,441,455,475,400,400,428,428,444,444,544,571,571,602,618,618,618,618],"floor_reached":33,"language":"ENG","playtime":1816,"items_purged":["Strike_R"],"score":352,"play_id":"2c59b9a0-7a95-41e9-9757-266666d55d77","local_time":"20210201150954","is_ascension_mode":true,"campfire_choices":[{"data":"Whirlwind","floor":12.0,"key":"SMITH"},{"data":"Pommel Strike","floor":15.0,"key":"SMITH"},{"data":"Double Tap","floor":24.0,"key":"SMITH"},{"data":"Reaper","floor":32,"key":"SMITH"}],"circlet_count":0,"master_deck":["Defend_R","Defend_R","Defend_R","Defend_R","Bash","Battle Trance+1","FairyFestival","Wild Strike","FieryBird","Evolve","Heavy Blade","Whirlwind+1","OldLady","Ghostly Armor","Pommel Strike+1","Metallicize","CherryBlossoms","Reaper+1","Clothesline+1","Variant","Double Tap+1","Bite","Bite","Bite","Bite","Bite","WhitesApple","Parasite","Pain","Feed+1","Parasite"],"relics":["Burning Blood","CogitoBucket","LetterFromLob","Torii","RedMistMask","ResearcherNote","Magic Flower","Eternal Feather","Strawberry","Coffee Dripper","Bottled Flame","AtMidnight","Theresia","Molten Egg 2","Du-Vu Doll","Letter Opener","Happy Flower","WarpedTongs","Boot"],"acts_visited":["Exordium","TheCity"],"potions_floor_usage":[33],"damage_taken":[{"damage":6.0,"enemies":"Jaw Worm","floor":1.0,"turns":3.0},{"damage":0.0,"enemies":"2 Louse","floor":3.0,"turns":5.0},{"damage":1.0,"enemies":"Cultist","floor":4.0,"turns":3.0},{"damage":14.0,"enemies":"Looter","floor":5.0,"turns":3.0},{"damage":14.0,"enemies":"Gremlin Nob","floor":6.0,"turns":3.0},{"damage":23.0,"enemies":"3 Louse","floor":7.0,"turns":3.0},{"damage":26.0,"enemies":"Lagavulin","floor":8.0,"turns":6.0},{"damage":8.0,"enemies":"2 Fungi Beasts","floor":10.0,"turns":4.0},{"damage":1.0,"enemies":"Gremlin Gang","floor":11.0,"turns":3.0},{"damage":1.0,"enemies":"3 Sentries","floor":13.0,"turns":2.0},{"damage":52.0,"enemies":"Exordium Thugs","floor":14.0,"turns":5.0},{"damage":1.0,"enemies":"Slime Boss","floor":16.0,"turns":5.0},{"damage":10.0,"enemies":"Shell Parasite","floor":18.0,"turns":4.0},{"damage":23.0,"enemies":"3 Byrds","floor":19.0,"turns":3.0},{"damage":1.0,"enemies":"3 Cultists","floor":20.0,"turns":2.0},{"damage":17.0,"enemies":"Book of Stabbing","floor":23.0,"turns":5.0},{"damage":22.0,"enemies":"Snake Plant","floor":25.0,"turns":5.0},{"damage":13.0,"enemies":"Colosseum Slavers","floor":27.0,"turns":2.0},{"damage":18.0,"enemies":"Colosseum Nobs","floor":27.0,"turns":3.0},{"damage":21.0,"enemies":"Gremlin Leader","floor":30.0,"turns":3.0},{"damage":15,"enemies":"Snecko","floor":31,"turns":2},{"damage":26,"enemies":"Automaton","floor":33,"turns":6}],"seed_played":"2187467535114765967","potions_obtained":[{"floor":4.0,"key":"ColorlessPotion"},{"floor":7.0,"key":"LiquidMemories"},{"floor":11.0,"key":"Weak Potion"},{"floor":13.0,"key":"BloodPotion"},{"floor":23.0,"key":"PowerPotion"},{"floor":30.0,"key":"DuplicationPotion"},{"floor":31,"key":"Strength Potion"}],"is_trial":false,"path_per_floor":["M","?","M","M","M","E","M","E","T","M","M","R","E","M","R","B",null,"M","M","M","$","?","E","R","M","T","?","T","?","E","M","R","B"],"character_chosen":"IRONCLAD","items_purchased":[],"campfire_rested":0,"item_purchase_floors":[],"current_hp_per_floor":[80,80,80,80,73,65,51,37,37,42,52,61,76,41,53,69,87,87,73,81,81,60,60,60,56,56,52,52,52,40,49,64,64,64],"gold":618,"neow_bonus":"","is_daily":false,"chose_seed":false,"campfire_upgraded":4,"win_rate":0.0,"timestamp":1612228194,"path_taken":["M","?","M","M","M","E","M","E","T","M","M","R","E","M","R","BOSS","M","M","M","?","?","E","R","M","T","?","?","?","E","?","R","BOSS"],"items_purchased_type":[],"build_version":"2020-12-22","purchased_purges":1,"victory":false,"max_hp_per_floor":[80,80,80,80,80,80,80,80,80,80,80,80,87,87,87,87,87,87,87,87,87,60,60,60,60,60,60,60,60,60,64,64,64,64],"card_choices":[{"not_picked":["Perfected Strike","Havoc"],"picked":"Battle Trance","floor":1.0},{"not_picked":["HeroicMonk","Scarecrow","NothingThere"],"picked":"Singing Bowl","floor":3.0},{"not_picked":["SpiderBud","GreedKing"],"picked":"FairyFestival","floor":3.0},{"not_picked":["Headbutt","Armaments"],"picked":"Wild Strike","floor":3.0},{"not_picked":["MHz","Scorched"],"picked":"FieryBird","floor":4.0},{"not_picked":["True Grit","Perfected Strike"],"picked":"Evolve","floor":4.0},{"not_picked":["Perfected Strike","Headbutt"],"picked":"Heavy Blade","floor":5.0},{"not_picked":["Twin Strike","Wild Strike"],"picked":"Whirlwind","floor":6.0},{"not_picked":["Heavy Blade","Dual Wield","Juggernaut"],"picked":"SKIP","floor":7.0},{"not_picked":["CENSORED","MeatLantern"],"picked":"OldLady","floor":8.0},{"not_picked":["Juggernaut","Dark Embrace","Sword Boomerang"],"picked":"SKIP","floor":8.0},{"not_picked":["Perfected Strike","Combust","Shrug It Off"],"picked":"SKIP","floor":10.0},{"not_picked":["Perfected Strike","Combust","Shrug It Off"],"picked":"SKIP","floor":10.0},{"not_picked":["Sentinel","Headbutt"],"picked":"Ghostly Armor","floor":11.0},{"not_picked":["Armaments","Wild Strike"],"picked":"Pommel Strike","floor":13.0},{"not_picked":["Juggernaut","Rampage"],"picked":"Metallicize","floor":14.0},{"not_picked":["Wellcheers","MeatLantern"],"picked":"CherryBlossoms","floor":14.0},{"not_picked":["Brutality","Fiend Fire"],"picked":"Reaper","floor":16.0},{"not_picked":["Clash","Disarm+1"],"picked":"Clothesline+1","floor":18.0},{"not_picked":["Fire Breathing","Headbutt","Warcry"],"picked":"SKIP","floor":19.0},{"not_picked":["WallGazer","CrumblingArmor"],"picked":"Variant","floor":20.0},{"not_picked":["Havoc","Sever Soul"],"picked":"Double Tap","floor":20.0},{"not_picked":["Ghostly Armor","Flex","Sentinel"],"picked":"SKIP","floor":23.0},{"not_picked":["Wellcheers","CENSORED"],"picked":"WhitesApple","floor":25.0},{"not_picked":["Clash+1","Pummel","Dropkick+1"],"picked":"SKIP","floor":25.0},{"not_picked":["Clothesline+1","Cleave+1"],"picked":"Feed+1","floor":30.0},{"not_picked":["Pummel+1","Whirlwind+1","Body Slam+1"],"picked":"SKIP","floor":31}],"player_experience":335457,"relics_obtained":[{"floor":1.0,"key":"LetterFromLob"},{"floor":6.0,"key":"Torii"},{"floor":6.0,"key":"RedMistMask"},{"floor":8.0,"key":"Magic Flower"},{"floor":9.0,"key":"Eternal Feather"},{"floor":13.0,"key":"Strawberry"},{"floor":23.0,"key":"Bottled Flame"},{"floor":25.0,"key":"AtMidnight"},{"floor":26.0,"key":"Molten Egg 2"},{"floor":27.0,"key":"Du-Vu Doll"},{"floor":27.0,"key":"Letter Opener"},{"floor":28.0,"key":"Happy Flower"},{"floor":30.0,"key":"Boot"}],"event_choices":[{"damage_healed":0.0,"max_hp_gain":0.0,"max_hp_loss":0.0,"gold_gain":0.0,"event_name":"Living Wall","player_choice":"Grow","floor":2.0,"gold_loss":0.0,"damage_taken":0.0,"cards_upgraded":["Battle Trance"]},{"damage_healed":0.0,"max_hp_gain":0.0,"max_hp_loss":27.0,"gold_gain":0.0,"event_name":"Vampires","player_choice":"Became a vampire","floor":22.0,"gold_loss":0.0,"damage_taken":0.0,"cards_obtained":["Bite","Bite","Bite","Bite","Bite"]},{"damage_healed":0.0,"max_hp_gain":0.0,"max_hp_loss":0.0,"gold_gain":0.0,"event_name":"Colosseum","player_choice":"Fight","floor":27.0,"gold_loss":0.0,"damage_taken":0.0},{"damage_healed":0.0,"max_hp_gain":0.0,"max_hp_loss":0.0,"gold_gain":0.0,"event_name":"Colosseum","player_choice":"Fought Nobs","floor":27.0,"gold_loss":0.0,"damage_taken":0.0},{"damage_healed":0.0,"max_hp_gain":0.0,"max_hp_loss":0.0,"gold_gain":0.0,"event_name":"Accursed Blacksmith","player_choice":"Rummage","floor":29.0,"gold_loss":0.0,"damage_taken":0.0,"relics_obtained":["WarpedTongs"],"cards_obtained":["Pain"]}],"is_beta":false,"boss_relics":[{"not_picked":["Calling Bell","Astrolabe"],"picked":"Coffee Dripper"}],"items_purged_floors":[21],"is_endless":false,"potions_floor_spawned":[4,7,11,13,14,20,23,27,30,31],"killed_by":"Automaton","ascension_level":1}}