{"host":"3y33rrrkia6pkpow","time":1612236494,"event":{"mods":["2.2 Compatiblity","AchievementEnabler","Act Like it!","BaseMod","BetterRewards","Block Reminder","Colored Map","Colored Powertips","DeckTracker","Faster Ascension Climbing","Gensokyo","Highlight Path","Infinite Spire","Minty Spire (QoL Compilation)","Quick Restart","Rare Cards Sparkle","Replay The Spire","Shop Mod","Spicy Shops","StSLib","Synergy Search","The Animator","The Blue Laboratory","Unknown Chances"],"gold_per_floor":[116,135,135,163,33,33,64,78,148,194,194,294,16,16,16,92,92,112,33,53,3,3,36,36,64,64,77,77,77],"floor_reached":28,"language":"ENG","playtime":2680,"items_purged":["Doubt"],"score":462,"play_id":"6792d8de-e731-488d-aa93-ba9210a5f44b","local_time":"20210201212814","is_ascension_mode":true,"campfire_choices":[{"floor":6.0,"key":"REST"},{"floor":11.0,"key":"REST"},{"data":"infinitespire:Collect","floor":15.0,"key":"SMITH"},{"floor":24,"key":"REST"}],"circlet_count":0,"master_deck":["AscendersBane","animator:Strike_HitsugiNoChaika","animator:Defend_HitsugiNoChaika","animator:Strike","animator:Strike","animator:Strike","animator:Defend","animator:Defend","animator:Defend","animator:AcuraAkari+1","animator:Gillette","animator:Isuzu","animator:AcuraAkari","infinitespire:Collect+1","animator:Togame","animator:AcuraTooru","animator:Gillette","animator:Viivi","animator:ChaikaBohdan","animator:DolaCouronne","animator:SanaeKochiya","animator:NononJakuzure","animator:Akatsuki","animator:Viivi","animator:AcuraTooru","Gensokyo:SevenSchoolMysteries","animator:HiiragiShinya"],"relics":["animator:LivingPicture","animator:TheMissingPiece","animator:PurgingStone","infinitespire:WardingShard","Quantum Egg","ReplayTheSpireMod:CursedCoin","Juzu Bracelet","infinitespire:Cupcake","animator:AlchemistGlove","infinitespire:EmpoweringShard","Omamori"],"acts_visited":["Gensokyo:Gensokyo","Gensokyo:Gensokyoer"],"potions_floor_usage":[20,20],"damage_taken":[{"damage":0.0,"enemies":"Gensokyo:3_Fairies","floor":1.0,"turns":4.0},{"damage":8.0,"enemies":"Gensokyo:Gryphon","floor":2.0,"turns":3.0},{"damage":5.0,"enemies":"Gensokyo:Python","floor":4.0,"turns":3.0},{"damage":11.0,"enemies":"Gensokyo:VengefulSpirit","floor":7.0,"turns":3.0},{"damage":0.0,"enemies":"Gensokyo:LivingMonolith","floor":8.0,"turns":2.0},{"damage":5.0,"enemies":"Gensokyo:Cirno","floor":10.0,"turns":4.0},{"damage":9.0,"enemies":"Gensokyo:Reimu","floor":16.0,"turns":5.0},{"damage":2.0,"enemies":"Gensokyo:Chomper","floor":18.0,"turns":3.0},{"damage":12,"enemies":"Gensokyo:AngelMirror","floor":20,"turns":4},{"damage":34,"enemies":"Gensokyo:Tenshi","floor":23,"turns":3},{"damage":9,"enemies":"Gensokyo:Reisen","floor":25,"turns":5},{"damage":10,"enemies":"Gensokyo:Wraith","floor":27,"turns":4},{"damage":16,"enemies":"Gensokyo:Monolith_and_Dog","floor":28,"turns":3}],"seed_played":"6711495691031355479","potions_obtained":[{"floor":4.0,"key":"blueLaboratory:EmptyBottle"},{"floor":8.0,"key":"blueLaboratory:BottleOfRum"},{"floor":20,"key":"Elixir"},{"floor":27,"key":"blueLaboratory:RememoryPotion"}],"is_trial":false,"path_per_floor":["M","M","?","M","$","R","M","M","T","E","R","?","$","?","R","B",null,"M","$","M","?","?","E","R","E","T","M","M"],"character_chosen":"THE_ANIMATOR","items_purchased":["animator:AcuraTooru","animator:Gillette","ReplayTheSpireMod:CursedCoin","Juzu Bracelet","animator:SanaeKochiya","animator:NononJakuzure","animator:Viivi"],"campfire_rested":3,"item_purchase_floors":[5,5,13,13,13,13,19],"current_hp_per_floor":[54,46,32,27,27,45,34,35,35,30,48,48,48,48,48,39,56,54,54,42,49,49,15,33,24,24,14,0,0],"gold":77,"neow_bonus":"UPGRADE_CARD","is_daily":false,"chose_seed":true,"campfire_upgraded":1,"win_rate":0.0,"timestamp":1612236494,"path_taken":["M","?","?","M","$","R","M","M","T","E","R","?","$","?","R","BOSS","M","?","M","?","?","E","R","E","T","M","M"],"items_purchased_type":["Card","Card","Relic","Relic","Card","Card","Card"],"build_version":"2020-12-22","purchased_purges":1,"victory":false,"max_hp_per_floor":[60,60,60,60,60,60,60,61,61,61,61,61,61,61,61,61,61,61,61,61,68,60,60,60,60,60,60,60,60],"card_choices":[{"not_picked":["animator:SakuyaOhtori","animator:Ciel"],"picked":"animator:Isuzu","floor":1.0},{"not_picked":["animator:Nyanta","animator:Ciel"],"picked":"animator:AcuraAkari","floor":2.0},{"not_picked":["infinitespire:Starlight","infinitespire:SealOfDarkness+"],"picked":"infinitespire:Collect","floor":3.0},{"not_picked":["animator:Nyanta","animator:Guy"],"picked":"animator:Togame","floor":4.0},{"not_picked":["animator:Guy","animator:Layla"],"picked":"animator:Viivi","floor":7.0},{"not_picked":["animator:ZankiKiguchi","animator:Shigure"],"picked":"animator:ChaikaBohdan","floor":8.0},{"not_picked":["animator:AliceMargatroid","animator:Tetora"],"picked":"animator:DolaCouronne","floor":10.0},{"not_picked":["animator:ChaikaTrabant","animator:HiedaNoAkyuu"],"picked":"animator:Akatsuki","floor":16.0},{"not_picked":["animator:ToukaNishikujou","animator:DolaCouronne","animator:NoriSakurada"],"picked":"SKIP","floor":18.0},{"not_picked":["animator:Layla","animator:Gillette"],"picked":"animator:AcuraTooru","floor":20},{"not_picked":["Gensokyo:TurboGranny","Gensokyo:TekeTeke"],"picked":"Gensokyo:SevenSchoolMysteries","floor":22},{"not_picked":["animator:Chung","animator:Serara+1","animator:ChihayaOhtori"],"picked":"SKIP","floor":23},{"not_picked":["animator:Emonzaemon","animator:AliceMargatroid"],"picked":"animator:HiiragiShinya","floor":25},{"not_picked":["animator:Rayneshia","animator:Shinoa","animator:DolaSchwi"],"picked":"SKIP","floor":27}],"player_experience":954849,"relics_obtained":[{"floor":9.0,"key":"infinitespire:WardingShard"},{"floor":10.0,"key":"Quantum Egg"},{"floor":23,"key":"animator:AlchemistGlove"},{"floor":25,"key":"infinitespire:EmpoweringShard"},{"floor":26,"key":"Omamori"}],"event_choices":[],"is_beta":false,"boss_relics":[{"not_picked":["Empty Cage","animator:HolyGrailRelic"],"picked":"infinitespire:Cupcake"}],"items_purged_floors":[13],"is_endless":false,"potions_floor_spawned":[4,8,20,27],"killed_by":"Gensokyo:Monolith_and_Dog","ascension_level":20}}