{"host":"1hzg86ju9fvxh562","time":1612293031,"event":{"mods":["AchievementEnabler","Act Like it!","AlwaysNeverKeys","BaseMod","Bestiary","Better Altar","Better Match","Better Note","Better Sensory Stone","Better Skull","Better Third Choice","Colored Map","Colored Powertips","Curses Come First","Displayed Cursed Tome","Filter the Spire","Highlight Path","Keyboard Shortcuts","Minty Spire (QoL Compilation)","Rare Cards Sparkle","Relic Sorter","Relic Stats","ShortenTheSpire","Spicy Shops","StSLib","everything is the same but u backflip on backflip","slay the spire mod where everything is the same but ironclad has a cowboy hat"],"gold_per_floor":[117,117,131,145,159,190,201,234,257,290,14,14,14,14,14,113,113,129,129,129,129,129,155,167,192,204,229,274,286,329,360,372,384,384],"floor_reached":33,"language":"ENG","playtime":3828,"items_purged":[],"score":501,"play_id":"708188b3-46b9-42b5-ad00-1eca33cd1717","local_time":"20210202171031","is_ascension_mode":true,"campfire_choices":[{"floor":15.0,"key":"REST"},{"floor":24.0,"key":"REST"},{"floor":29.0,"key":"REST"},{"floor":32.0,"key":"REST"}],"circlet_count":0,"master_deck":["AscendersBane","Strike_R+1","Strike_R","Defend_R","Defend_R","Defend_R","Defend_R","Bash","Clash+1","Dual Wield+1","Flex+1","Pommel Strike","Warcry","Spot Weakness","Shrug It Off","True Grit","Second Wind","Heavy Blade+1","Double Tap","Shrug It Off","J.A.X.","RitualDagger","Disarm","Warcry","Feed","Battle Trance"],"relics":["Astrolabe","Tiny Chest","The Courier","Blood Vial","Vajra","Regal Pillow","Whetstone","Mark of Pain","Ice Cream","MawBank","Pear","Bag of Marbles"],"acts_visited":["Exordium","TheCity"],"potions_floor_usage":[],"damage_taken":[{"damage":1.0,"enemies":"Cultist","floor":1.0,"turns":3.0},{"damage":2.0,"enemies":"Jaw Worm","floor":3.0,"turns":2.0},{"damage":0.0,"enemies":"Small Slimes","floor":4.0,"turns":3.0},{"damage":8.0,"enemies":"Blue Slaver","floor":5.0,"turns":3.0},{"damage":17.0,"enemies":"3 Sentries","floor":6.0,"turns":7.0},{"damage":2.0,"enemies":"3 Louse","floor":7.0,"turns":4.0},{"damage":12.0,"enemies":"Gremlin Nob","floor":8.0,"turns":3.0},{"damage":18.0,"enemies":"Lagavulin","floor":10.0,"turns":6.0},{"damage":30.0,"enemies":"The Guardian","floor":16.0,"turns":8.0},{"damage":16.0,"enemies":"Chosen","floor":18.0,"turns":6.0},{"damage":23.0,"enemies":"Slavers","floor":23.0,"turns":10.0},{"damage":7.0,"enemies":"Shell Parasite","floor":25.0,"turns":4.0},{"damage":13.0,"enemies":"Snake Plant","floor":27.0,"turns":3.0},{"damage":30.0,"enemies":"Book of Stabbing","floor":28.0,"turns":5.0},{"damage":41.0,"enemies":"Slavers","floor":30.0,"turns":5.0},{"damage":18.0,"enemies":"Centurion and Healer","floor":31.0,"turns":7.0},{"damage":66,"enemies":"Collector","floor":33,"turns":4}],"seed_played":"2885549141395426812","potions_obtained":[{"floor":4.0,"key":"Dexterity Potion"},{"floor":6.0,"key":"Fire Potion"},{"floor":12.0,"key":"Strength Potion"},{"floor":12.0,"key":"SmokeBomb"},{"floor":12.0,"key":"FearPotion"},{"floor":16.0,"key":"ColorlessPotion"},{"floor":18.0,"key":"SkillPotion"},{"floor":27.0,"key":"EntropicBrew"}],"is_trial":false,"path_per_floor":["M","$","M","M","M","E","M","E","T","E","$","?","$","?","R","B",null,"M","T","?","?","?","E","R","M","T","M","E","R","E","M","R","B"],"character_chosen":"IRONCLAD","items_purchased":["Heavy Blade","Regal Pillow","Whetstone"],"campfire_rested":4,"item_purchase_floors":[11,11,11],"current_hp_per_floor":[71,71,69,69,61,44,42,30,30,14,14,14,14,14,53,25,66,52,52,52,46,46,25,64,59,59,48,30,72,33,20,62,0,0],"gold":384,"neow_bonus":"BOSS_RELIC","is_daily":false,"chose_seed":false,"campfire_upgraded":0,"win_rate":0.0,"timestamp":1612293031,"path_taken":["M","?","?","M","M","E","M","E","T","E","$","?","?","?","R","BOSS","M","?","?","?","?","E","R","M","T","M","E","R","E","M","R","BOSS"],"items_purchased_type":["Card","Relic","Relic"],"build_version":"2020-12-22","purchased_purges":0,"victory":false,"max_hp_per_floor":[80,80,80,80,80,80,80,80,80,80,80,80,80,80,80,80,80,80,80,80,80,80,80,80,80,80,80,90,90,90,93,93,93,93],"relic_stats":{"Blood Vial":20,"Regal Pillow":60,"counters":[17,83],"Astrolabe":["Clash","Dual Wield","Flex"],"Tiny Chest":1,"Whetstone":["Heavy Blade","Strike_R"],"MawBank":120,"obtain_stats":[{"Ice Cream":19,"Regal Pillow":11,"Pear":28,"Astrolabe":0,"Vajra":10,"The Courier":8,"Whetstone":11,"MawBank":23,"Burning Blood":0,"Blood Vial":9,"Tiny Chest":6,"Mark of Pain":17,"Bag of Marbles":30},{"Ice Cream":10,"Regal Pillow":8,"Pear":14,"Astrolabe":0,"Vajra":8,"The Courier":7,"Whetstone":8,"MawBank":11,"Burning Blood":0,"Blood Vial":7,"Tiny Chest":5,"Mark of Pain":9,"Bag of Marbles":15},{"Ice Cream":45,"Regal Pillow":31,"Pear":67,"Astrolabe":0,"Vajra":31,"The Courier":25,"Whetstone":31,"MawBank":55,"Burning Blood":0,"Blood Vial":25,"Tiny Chest":18,"Mark of Pain":39,"Bag of Marbles":72}]},"card_choices":[{"not_picked":["Clothesline","Shrug It Off"],"picked":"Pommel Strike","floor":1.0},{"not_picked":["Havoc","Clash"],"picked":"Warcry","floor":3.0},{"not_picked":["Body Slam","Sentinel"],"picked":"Spot Weakness","floor":4.0},{"not_picked":["Wild Strike","Metallicize"],"picked":"Shrug It Off","floor":5.0},{"not_picked":["Pummel","Armaments","Headbutt"],"picked":"SKIP","floor":6.0},{"not_picked":["Sever Soul","Flex","Dual Wield"],"picked":"SKIP","floor":7.0},{"not_picked":["Thunderclap","Pommel Strike"],"picked":"True Grit","floor":8.0},{"not_picked":["Rage","Sentinel"],"picked":"Second Wind","floor":10.0},{"not_picked":["Berserk","Brutality"],"picked":"Double Tap","floor":16.0},{"not_picked":["Wild Strike+1","Body Slam"],"picked":"Shrug It Off","floor":18.0},{"not_picked":["Entrench","Headbutt","Clothesline"],"picked":"SKIP","floor":23.0},{"not_picked":["Anger+1","Thunderclap+1","Intimidate"],"picked":"SKIP","floor":25.0},{"not_picked":["Shrug It Off","Havoc"],"picked":"Disarm","floor":27.0},{"not_picked":["Sword Boomerang","Flex"],"picked":"Warcry","floor":28.0},{"not_picked":["Clothesline","Headbutt"],"picked":"Feed","floor":30.0},{"not_picked":["Body Slam+1","Flame Barrier"],"picked":"Battle Trance","floor":31.0}],"player_experience":505506,"relics_obtained":[{"floor":6.0,"key":"Tiny Chest"},{"floor":8.0,"key":"The Courier"},{"floor":9.0,"key":"Blood Vial"},{"floor":10.0,"key":"Vajra"},{"floor":19.0,"key":"Ice Cream"},{"floor":23.0,"key":"MawBank"},{"floor":28.0,"key":"Pear"},{"floor":30.0,"key":"Bag of Marbles"}],"event_choices":[{"damage_healed":0.0,"max_hp_gain":0.0,"max_hp_loss":0.0,"gold_gain":0.0,"event_name":"Lab","player_choice":"Got Potions","floor":12.0,"gold_loss":0.0,"damage_taken":0.0},{"damage_healed":0.0,"max_hp_gain":0.0,"max_hp_loss":0.0,"gold_gain":0.0,"event_name":"betterThird:BetterScrap","player_choice":"LEAVE","floor":14.0,"gold_loss":0.0,"damage_taken":0.0,"cards_obtained":["ConjureBlade"]},{"damage_healed":0.0,"max_hp_gain":0.0,"max_hp_loss":0.0,"gold_gain":0.0,"event_name":"Drug Dealer","player_choice":"Obtain J.A.X.","floor":20.0,"gold_loss":0.0,"damage_taken":0.0,"cards_obtained":["J.A.X."]},{"damage_healed":0.0,"max_hp_gain":0.0,"max_hp_loss":0.0,"gold_gain":0.0,"event_name":"betterThird:BetterNest","player_choice":"Dagger","floor":21.0,"gold_loss":0.0,"damage_taken":6.0,"cards_obtained":["RitualDagger"]},{"damage_healed":0.0,"max_hp_gain":0.0,"max_hp_loss":0.0,"gold_gain":0.0,"event_name":"The Woman in Blue","player_choice":"Bought 0 Potions","floor":22.0,"gold_loss":0.0,"damage_taken":0.0}],"is_beta":false,"boss_relics":[{"not_picked":["SacredBark","Ectoplasm"],"picked":"Mark of Pain"}],"items_purged_floors":[],"is_endless":false,"potions_floor_spawned":[4,6,16,18,27],"killed_by":"Collector","ascension_level":11}}