{"host":"tzyzz5n7hg2ni9q2","time":1612281565,"event":{"mods":["BaseMod","Minty Spire (QoL Compilation)","Quick Restart"],"gold_per_floor":[112,127,127,127,127,162,176,176,176,176,202,202,221,284,284,284,284],"floor_reached":16,"language":"ENG","playtime":630,"items_purged":[],"score":140,"play_id":"ccfd28a9-4f89-41e6-b233-6094275cba71","local_time":"20210202165925","is_ascension_mode":true,"campfire_choices":[{"floor":8,"key":"REST"},{"data":"Dash","floor":10,"key":"SMITH"},{"floor":12,"key":"REST"},{"floor":15,"key":"REST"}],"circlet_count":0,"master_deck":["Strike_G","Strike_G","Strike_G","Strike_G","Strike_G","Defend_G","Defend_G","Defend_G","Defend_G","Defend_G","Survivor","Neutralize+1","Leg Sweep","Backflip","Dash+1","Tools of the Trade","Flying Knee"],"relics":["Ring of the Snake","Oddly Smooth Stone","Paper Crane","Blood Vial","Toy Ornithopter"],"acts_visited":["Exordium"],"potions_floor_usage":[6],"damage_taken":[{"damage":4.0,"enemies":"Cultist","floor":1.0,"turns":4.0},{"damage":0.0,"enemies":"2 Louse","floor":2.0,"turns":3.0},{"damage":37,"enemies":"Gremlin Nob","floor":6,"turns":5},{"damage":0,"enemies":"Jaw Worm","floor":7,"turns":5},{"damage":36,"enemies":"3 Sentries","floor":11,"turns":18},{"damage":1,"enemies":"Exordium Wildlife","floor":13,"turns":5},{"damage":37,"enemies":"Hexaghost","floor":16,"turns":18}],"seed_played":"-3986322502194528342","potions_obtained":[{"floor":2.0,"key":"ColorlessPotion"},{"floor":11,"key":"DuplicationPotion"},{"floor":13,"key":"SpeedPotion"}],"is_trial":false,"path_per_floor":["M","M","$","?","?","E","M","R","T","R","E","R","M","?","R","B"],"character_chosen":"THE_SILENT","items_purchased":[],"campfire_rested":3,"item_purchase_floors":[],"current_hp_per_floor":[59,59,59,59,59,22,22,43,43,43,9,30,31,31,52,17,17],"gold":284,"neow_bonus":"RANDOM_COMMON_RELIC","is_daily":false,"chose_seed":false,"campfire_upgraded":1,"win_rate":0.0,"timestamp":1612281565,"path_taken":["M","M","$","?","?","E","M","R","T","R","E","R","M","?","R","BOSS"],"items_purchased_type":[],"build_version":"2020-12-22","purchased_purges":0,"victory":false,"max_hp_per_floor":[70,70,70,70,70,70,70,70,70,70,70,70,70,70,70,70,70],"card_choices":[{"not_picked":["Backflip","Well Laid Plans"],"picked":"Leg Sweep","floor":1.0},{"not_picked":["Sucker Punch","Masterful Stab"],"picked":"Backflip","floor":2.0},{"not_picked":["Bouncing Flask","Poisoned Stab","Sucker Punch"],"picked":"SKIP","floor":6},{"not_picked":["Acrobatics","Quick Slash"],"picked":"Dash","floor":7},{"not_picked":["A Thousand Cuts","Poisoned Stab"],"picked":"Tools of the Trade","floor":11},{"not_picked":["Dagger Spray","Calculated Gamble"],"picked":"Flying Knee","floor":13}],"player_experience":299774,"relics_obtained":[{"floor":6,"key":"Paper Crane"},{"floor":9,"key":"Blood Vial"},{"floor":11,"key":"Toy Ornithopter"}],"event_choices":[{"damage_healed":0.0,"max_hp_gain":0.0,"max_hp_loss":0.0,"gold_gain":0.0,"event_name":"Liars Game","player_choice":"Ignored","floor":4.0,"gold_loss":0.0,"damage_taken":0.0},{"damage_healed":0.0,"max_hp_gain":0.0,"max_hp_loss":0.0,"gold_gain":0.0,"event_name":"Living Wall","player_choice":"Grow","floor":5.0,"gold_loss":0.0,"damage_taken":0.0,"cards_upgraded":["Neutralize"]},{"damage_healed":0,"gold_gain":63,"player_choice":"Gained Gold","damage_taken":0,"max_hp_gain":0,"max_hp_loss":0,"event_name":"Golden Wing","floor":14,"gold_loss":0}],"is_beta":false,"boss_relics":[],"items_purged_floors":[],"is_endless":false,"potions_floor_spawned":[2,11,13],"killed_by":"Hexaghost","ascension_level":6}}