{"host":"7jl4uf745pjtflnx","time":1612262940,"event":{"mods":["BaseMod","BetterRewards","Hubris","Minty Spire (QoL Compilation)","Replay The Spire","StSLib","SuperFastMode","The Construct"],"gold_per_floor":[119,133,133,148,14,49,49,80,126,154,171,185,185,204,204,279,279,298,314,326,344,356,390,402,434,434,454,454,480,492,512,512,586,586,598,614,98,118,132,159,177,193,267,267,282,312,312,175,175,175,175,175,175,31,57,57],"floor_reached":57,"language":"ENG","playtime":3004,"items_purged":["Strike_B","Strike_B","Strike_B","Strike_B","Defend_B","Dualcast"],"score":3558,"play_id":"0688ff43-00c4-4a61-a3b5-9c78719e6c9e","local_time":"20210202054900","is_ascension_mode":true,"campfire_choices":[{"floor":7,"key":"REST"},{"data":"hubris:EnhanceAbility","floor":13,"key":"SMITH"},{"data":"Defragment","floor":15,"key":"SMITH"},{"floor":32,"key":"RECALL"},{"data":"hubris:PowerSurge","floor":44,"key":"SMITH"},{"data":"Echo Form","floor":49,"key":"SMITH"},{"data":"Amplify","floor":53,"key":"SMITH"}],"circlet_count":0,"master_deck":["AscendersBane","Defend_B+2","Defend_B+1","Defend_B+1","Zap+1","Heatsinks+1","Mayhem+1","Ball Lightning","hubris:EnhanceAbility+1","Cold Snap","Static Discharge","Barrage","ReplayTheSpireMod:Calculation Training","Heatsinks","Storm","Chill+1","Chill","Cold Snap","Capacitor","Cold Snap+1","Defragment+1","Double Energy","Rainbow+1","Coolheaded","Chill+1","Reboot+1","ReplayTheSpireMod:Calculation Training","BootSequence","Conserve Battery","Tempest","Amplify+1","hubris:PowerSurge","Storm","Amplify","Turbo+1","Double Energy","hubris:PowerSurge+1","hubris:EnhanceAbility+1","Glacier","Defragment+1","Defragment+1","Coolheaded+1","Self Repair","White Noise","Creative AI","Flash of Steel","Echo Form+1","ReplayTheSpireMod:Private Reserves"],"relics":["Cracked Core","Regal Pillow","construct:RocketBooster","ClockworkSouvenir","Blood Vial","Chemical X","BargainBundle","Simple Rune","Membership Card","Geode","Replay:Wax Seal","Replay:Antivirus Software","Runic Capacitor","hubris:PeanutButter","Smiling Mask","ReplayTheSpireMod:Ninjato","SlaversCollar","War Paint","Prayer Wheel","Darkstone Periapt","Nloth\u0027s Gift","Quantum Egg","hubris:Backtick","Mummified Hand","DollysMirror","construct:BoolHorns","Replay:Bottled Flurry","StoneCalendar","ReplayTheSpireMod:Shallot","Juzu Bracelet","construct:FoamFinger","Unceasing Top"],"acts_visited":["Exordium","TheCity","TheBeyond","TheEnding"],"potions_floor_usage":[2,16,16,56,56,56],"damage_taken":[{"damage":0,"enemies":"Jaw Worm","floor":1,"turns":4},{"damage":0,"enemies":"2 Louse","floor":2,"turns":2},{"damage":0,"enemies":"Cultist","floor":4,"turns":4},{"damage":0,"enemies":"Replay:BlueRogue","floor":6,"turns":7},{"damage":0,"enemies":"Gremlin Nob","floor":8,"turns":5},{"damage":0,"enemies":"3 Sentries","floor":10,"turns":5},{"damage":0,"enemies":"Gremlin Gang","floor":11,"turns":7},{"damage":0,"enemies":"Looter","floor":12,"turns":3},{"damage":0,"enemies":"3 Louse","floor":14,"turns":5},{"damage":0,"enemies":"Slime Boss","floor":16,"turns":7},{"damage":0,"enemies":"Chosen","floor":18,"turns":4},{"damage":4,"enemies":"3 Byrds","floor":19,"turns":5},{"damage":0,"enemies":"3 Cultists","floor":20,"turns":5},{"damage":1,"enemies":"Shelled Parasite and Fungi","floor":21,"turns":5},{"damage":7,"enemies":"Sentry and Sphere","floor":22,"turns":6},{"damage":14,"enemies":"Gremlin Leader","floor":23,"turns":7},{"damage":0,"enemies":"Snake Plant","floor":24,"turns":4},{"damage":2,"enemies":"Book of Stabbing","floor":25,"turns":5},{"damage":0,"enemies":"Centurion and Healer","floor":27,"turns":7},{"damage":0,"enemies":"Slavers","floor":29,"turns":6},{"damage":0,"enemies":"Sentry and Sphere","floor":30,"turns":5},{"damage":0,"enemies":"Snake Plant","floor":31,"turns":3},{"damage":0,"enemies":"Champ","floor":33,"turns":7},{"damage":0,"enemies":"3 Darklings","floor":35,"turns":4},{"damage":0,"enemies":"3 Shapes","floor":36,"turns":3},{"damage":0,"enemies":"3 Darklings","floor":38,"turns":3},{"damage":9,"enemies":"Jaw Worm Horde","floor":39,"turns":4},{"damage":1,"enemies":"R_Hoarder","floor":40,"turns":5},{"damage":0,"enemies":"Transient","floor":41,"turns":6},{"damage":0,"enemies":"Sphere and 2 Shapes","floor":42,"turns":4},{"damage":0,"enemies":"Writhing Mass","floor":45,"turns":4},{"damage":0,"enemies":"Giant Head","floor":46,"turns":4},{"damage":0,"enemies":"Replay:Hell Engine","floor":50,"turns":4},{"damage":0,"enemies":"Donu and Deca","floor":51,"turns":3},{"damage":0,"enemies":"Shield and Spear","floor":55,"turns":4},{"damage":14,"enemies":"The Heart","floor":56,"turns":5}],"seed_played":"-7686082536358019145","potions_obtained":[{"floor":2,"key":"Fruit Juice"},{"floor":8,"key":"Energy Potion"},{"floor":11,"key":"CultistPotion"},{"floor":14,"key":"Adrenaline Potion"},{"floor":16,"key":"FearPotion"},{"floor":19,"key":"Fire Potion"},{"floor":20,"key":"Elixir"},{"floor":24,"key":"Flashbang"},{"floor":35,"key":"DistilledChaos"}],"is_trial":false,"path_per_floor":["M","M","?","M","$","E","R","E","T","E","M","M","R","M","R","B",null,"M","M","M","M","M","E","M","E","T","M","?","E","M","M","R","B",null,"M","M","$","M","M","E","M","M","T","R","M","E","?","$","R","B","B",null,"R","$","E","B",null],"character_chosen":"DEFECT","items_purchased":["Heatsinks","Regal Pillow","Mayhem","construct:RocketBooster","ClockworkSouvenir","Blood Vial","Ball Lightning","hubris:EnhanceAbility","Chemical X","Cold Snap","BargainBundle","Static Discharge","Barrage","Simple Rune","ReplayTheSpireMod:Calculation Training","Heatsinks","Membership Card","Storm","Chill","Cold Snap","Geode","Replay:Wax Seal","Capacitor","Cold Snap","Replay:Antivirus Software","Runic Capacitor","Defragment","Block Potion","hubris:PeanutButter","hubris:PowerSurge","DollysMirror","Glacier","construct:BoolHorns","Replay:Bottled Flurry","Echo Form","ReplayTheSpireMod:Private Reserves","construct:FoamFinger"],"campfire_rested":1,"item_purchase_floors":[0,0,0,0,0,0,0,0,0,0,0,0,0,0,0,0,0,0,0,0,0,0,0,0,0,0,0,0,5,37,37,37,37,37,48,48,54],"current_hp_per_floor":[24,26,26,28,28,30,66,68,68,70,71,71,71,71,71,71,71,71,67,69,70,64,52,54,54,54,56,56,58,60,62,62,64,69,71,71,71,71,62,63,65,67,67,67,69,71,71,71,71,71,71,71,71,71,71,64],"gold":57,"neow_bonus":"","is_daily":false,"chose_seed":false,"campfire_upgraded":5,"win_rate":0.0,"timestamp":1612262940,"path_taken":["M","M","?","M","$","E","R","E","T","E","M","M","R","M","R","BOSS","M","M","M","M","M","E","M","E","T","M","?","E","M","M","R","BOSS","M","M","$","M","?","E","?","M","T","R","M","E","?","$","R","BOSS","BOSS","R","$","E","BOSS"],"items_purchased_type":["Card","Relic","Card","Relic","Relic","Relic","Card","Card","Relic","Card","Relic","Card","Card","Relic","Card","Card","Relic","Card","Card","Card","Relic","Relic","Card","Card","Relic","Relic","Card","Potion","Relic","Card","Relic","Card","Relic","Relic","Card","Card","Relic"],"build_version":"2020-12-22","purchased_purges":6,"victory":true,"max_hp_per_floor":[71,71,71,71,71,71,71,71,71,71,71,71,71,71,71,71,71,71,71,71,71,71,71,71,71,71,71,71,71,71,71,71,71,71,71,71,71,71,71,71,71,71,71,71,71,71,71,71,71,71,71,71,71,71,71,71],"card_choices":[{"not_picked":["Panic Button","ReplayGash"],"picked":"Double Energy","floor":1},{"not_picked":["Steam","Melter","BasicCrystalCard"],"picked":"SKIP","floor":2},{"not_picked":["Double Energy","Hologram","Beam Cell"],"picked":"SKIP","floor":4},{"not_picked":["Compile Driver","Barrage"],"picked":"Rainbow","floor":6},{"not_picked":["Chill","Streamline"],"picked":"Coolheaded","floor":8},{"not_picked":["ReplaySolidLightProjector","hubris:Prefetch","Beam Cell"],"picked":"SKIP","floor":10},{"not_picked":["Skim","ReplayTheSpireMod:Repulse","Streamline"],"picked":"SKIP","floor":11},{"not_picked":["Stack","Beam Cell"],"picked":"Chill","floor":12},{"not_picked":["Turbo","Panic Button","Beam Cell"],"picked":"SKIP","floor":14},{"not_picked":["hubris:Prefetch","ReplayTheSpireMod:Omega Cannon"],"picked":"Reboot","floor":16},{"not_picked":["Coolheaded","Sweeping Beam"],"picked":"ReplayTheSpireMod:Calculation Training","floor":18},{"not_picked":["Gash","Stack","Cold Snap"],"picked":"SKIP","floor":19},{"not_picked":["Recycle","Hello World","ReplayTheSpireMod:Repulse"],"picked":"SKIP","floor":20},{"not_picked":["ReplayTheSpireMod:System Scan","Redo"],"picked":"BootSequence","floor":21},{"not_picked":["Go for the Eyes","Coolheaded"],"picked":"Conserve Battery","floor":22},{"not_picked":["ReplayGash","Reinforced Body"],"picked":"Tempest","floor":23},{"not_picked":["Cold Snap","Redo+1"],"picked":"Amplify","floor":24},{"not_picked":["Conserve Battery","FIFO Queue","Go for the Eyes"],"picked":"SKIP","floor":25},{"not_picked":["Loop+1","Crystallizer+1"],"picked":"hubris:PowerSurge","floor":27},{"not_picked":["Coolheaded","Gash","Streamline"],"picked":"SKIP","floor":27},{"not_picked":["Static Discharge","Darkness","Meteor Strike"],"picked":"SKIP","floor":29},{"not_picked":["Barrage+1","Ball Lightning","Sweeping Beam"],"picked":"SKIP","floor":30},{"not_picked":["BasicCrystalCard","Streamline","Leap"],"picked":"SKIP","floor":30},{"not_picked":["ReplaySolidLightProjector","FIFO Queue"],"picked":"Storm","floor":31},{"not_picked":["Heatsinks","Steam","Melter"],"picked":"SKIP","floor":31},{"not_picked":["Multi-Cast","ReplayRNGCard"],"picked":"Amplify","floor":33},{"not_picked":["Coolheaded","Sweeping Beam"],"picked":"Turbo+1","floor":35},{"not_picked":["Turbo","Redo","Darkness+1"],"picked":"SKIP","floor":35},{"not_picked":["Blizzard","Auto Shields"],"picked":"Double Energy","floor":36},{"not_picked":["Sweeping Beam","Time Bomb+1","Chill"],"picked":"SKIP","floor":36},{"not_picked":["Streamline","Scrape","Reprogram"],"picked":"SKIP","floor":38},{"not_picked":["Melter","Conserve Battery+1","Leap+1"],"picked":"SKIP","floor":38},{"not_picked":["ReplayTheSpireMod:Omega Cannon","Beam Cell"],"picked":"Defragment","floor":39},{"not_picked":["Conserve Battery","Turbo","Stack+1"],"picked":"SKIP","floor":39},{"not_picked":["hubris:Prefetch","Rebound","Aggregate"],"picked":"SKIP","floor":40},{"not_picked":["Static Discharge","Hologram+1"],"picked":"Defragment+1","floor":41},{"not_picked":["Force Field","Auto Shields","Rebound"],"picked":"SKIP","floor":41},{"not_picked":["Beam Cell","Cold Snap"],"picked":"Coolheaded+1","floor":42},{"not_picked":["Chill+1","Force Field","Redo+1"],"picked":"SKIP","floor":42},{"not_picked":["hubris:PowerSurge","Beam Cell+1"],"picked":"Self Repair","floor":45},{"not_picked":["BasicCrystalCard","Hologram+1"],"picked":"White Noise","floor":45},{"not_picked":["Recycle","Self Repair"],"picked":"Creative AI","floor":46},{"not_picked":["Impatience","Blind"],"picked":"Flash of Steel","floor":47},{"not_picked":["ReplaySort","Coolheaded+1","hubris:DoWhile"],"picked":"SKIP","floor":55}],"player_experience":756220,"relics_obtained":[{"floor":6,"key":"Smiling Mask"},{"floor":8,"key":"Potion Belt"},{"floor":10,"key":"ReplayTheSpireMod:Ninjato"},{"floor":23,"key":"War Paint"},{"floor":25,"key":"Prayer Wheel"},{"floor":26,"key":"Darkstone Periapt"},{"floor":29,"key":"Quantum Egg"},{"floor":40,"key":"StoneCalendar"},{"floor":43,"key":"ReplayTheSpireMod:Shallot"},{"floor":46,"key":"Juzu Bracelet"},{"floor":55,"key":"Unceasing Top"}],"event_choices":[{"damage_healed":0,"gold_gain":0,"player_choice":"Traded Relic","damage_taken":0,"relics_obtained":["Nloth\u0027s Gift"],"max_hp_gain":0,"max_hp_loss":0,"event_name":"N\u0027loth","floor":28,"relics_lost":["Potion Belt"],"gold_loss":0},{"damage_healed":0,"gold_gain":0,"player_choice":"Memory 1","damage_taken":0,"max_hp_gain":0,"max_hp_loss":0,"event_name":"SensoryStone","floor":47,"gold_loss":0}],"is_beta":false,"boss_relics":[{"not_picked":["Kintsugi","Replay:Wanted Poster"],"picked":"SlaversCollar"},{"not_picked":["Inserter","hubris:Stopwatch"],"picked":"hubris:Backtick"}],"items_purged_floors":[0,0,0,0,37,48],"is_endless":false,"potions_floor_spawned":[2,8,11,14,16,19,20,22,24,31,35,36,41,42,46],"ascension_level":20}}