{"host":"7sni158j623xchr2","time":1612249857,"event":{"mods":["BaseMod","Colored Map","Highlight Path","Minty Spire (QoL Compilation)","Permanent Neow","Potion Indicator Mod","Rare Cards Sparkle","Relic Sorter","Relic Stats","StSLib","everything is the same but u backflip on backflip"],"gold_per_floor":[362,215,234,20,34,66,66,95,95,130,158,235,235,265,265,367,367,384,299,659,673,112,112,112,137,137,150,150,183,198,214,214,313,313,325,325,340,359,379,379,420,420,429,454,454,490,490,514,514,514,514,514,7,34,34,34],"floor_reached":55,"language":"ENG","playtime":1450,"items_purged":["Defend_B","Strike_B","Decay"],"score":868,"play_id":"2fb84e47-30bf-4c76-af42-4ec0474ac245","local_time":"20210202011057","is_ascension_mode":true,"campfire_choices":[{"data":"Sweeping Beam","floor":7,"key":"SMITH"},{"floor":15,"key":"REST"},{"data":"Sunder","floor":23,"key":"SMITH"},{"data":"Electrodynamics","floor":32,"key":"SMITH"},{"data":"White Noise","floor":40,"key":"SMITH"},{"data":"Seek","floor":42,"key":"SMITH"},{"data":"Zap","floor":45,"key":"SMITH"},{"floor":49,"key":"RECALL"},{"data":"Seek","floor":52,"key":"SMITH"}],"circlet_count":0,"master_deck":["Strike_B","Strike_B","Strike_B","Defend_B","Defend_B","Defend_B","Zap+1","Dualcast","Sweeping Beam+1","Seek+1","Ball Lightning","Leap","White Noise+1","Cold Snap","Sunder+1","Electrodynamics+1","Glacier","Sweeping Beam+1","Seek+1","Storm+1","Creative AI","Capacitor","Meteor Strike","CurseOfTheBell","Hologram+1","BootSequence","Defragment+1","Doubt","Leap+1","Buffer","Turbo+1"],"relics":["Cracked Core","Akabeko","Lizard Tail","WingedGreaves","CaptainsWheel","MealTicket","Strawberry","Bronze Scales","Bag of Marbles","Cursed Key","Pen Nib","Toy Ornithopter","Ice Cream","Du-Vu Doll","Thread and Needle","Darkstone Periapt","Calling Bell","CeramicFish","Ornamental Fan","Turnip","Emotion Chip","Regal Pillow","Ginger","Bottled Tornado"],"acts_visited":["Exordium","TheCity","TheBeyond","TheEnding"],"potions_floor_usage":[6,8,10,16,25,29,35,46,55,55,55],"damage_taken":[{"damage":1,"enemies":"Jaw Worm","floor":1,"turns":3},{"damage":7,"enemies":"Small Slimes","floor":3,"turns":3},{"damage":0,"enemies":"2 Louse","floor":5,"turns":1},{"damage":21,"enemies":"Lagavulin","floor":6,"turns":5},{"damage":6,"enemies":"Gremlin Nob","floor":8,"turns":3},{"damage":0,"enemies":"Lagavulin","floor":10,"turns":4},{"damage":12,"enemies":"Gremlin Nob","floor":11,"turns":4},{"damage":6,"enemies":"Lagavulin","floor":14,"turns":7},{"damage":9,"enemies":"Slime Boss","floor":16,"turns":6},{"damage":14,"enemies":"Shell Parasite","floor":18,"turns":4},{"damage":0,"enemies":"Chosen","floor":21,"turns":3},{"damage":8,"enemies":"Slavers","floor":25,"turns":3},{"damage":0,"enemies":"Centurion and Healer","floor":27,"turns":4},{"damage":14,"enemies":"Gremlin Leader","floor":29,"turns":1},{"damage":0,"enemies":"Snecko","floor":30,"turns":4},{"damage":8,"enemies":"Snake Plant","floor":31,"turns":3},{"damage":21,"enemies":"Collector","floor":33,"turns":9},{"damage":11,"enemies":"Orb Walker","floor":35,"turns":2},{"damage":7,"enemies":"3 Darklings","floor":37,"turns":1},{"damage":13,"enemies":"Transient","floor":38,"turns":5},{"damage":8,"enemies":"Sphere and 2 Shapes","floor":39,"turns":2},{"damage":14,"enemies":"Nemesis","floor":41,"turns":5},{"damage":5,"enemies":"Spire Growth","floor":44,"turns":4},{"damage":9,"enemies":"Reptomancer","floor":46,"turns":4},{"damage":0,"enemies":"Jaw Worm Horde","floor":48,"turns":1},{"damage":16,"enemies":"Time Eater","floor":50,"turns":8},{"damage":39,"enemies":"Shield and Spear","floor":54,"turns":5},{"damage":107,"enemies":"The Heart","floor":55,"turns":8}],"seed_played":"-3951758842434814691","potions_obtained":[{"floor":3,"key":"Energy Potion"},{"floor":6,"key":"SteroidPotion"},{"floor":8,"key":"BlessingOfTheForge"},{"floor":14,"key":"DistilledChaos"},{"floor":21,"key":"Block Potion"},{"floor":27,"key":"DistilledChaos"},{"floor":33,"key":"Explosive Potion"},{"floor":37,"key":"DuplicationPotion"},{"floor":38,"key":"Weak Potion"},{"floor":39,"key":"Swift Potion"},{"floor":54,"key":"Weak Potion"}],"is_trial":false,"path_per_floor":["M","$","M","$","M","E","R","E","T","E","E","?","?","E","R","B",null,"M","?","?","M","$","R","?","E","T","M","?","E","M","M","R","B",null,"M","?","M","M","M","R","E","R","T","M","R","E","?","M","R","B",null,"R","$","E","B"],"character_chosen":"DEFECT","items_purchased":["Akabeko","Seek","Toy Ornithopter","Ice Cream","Ancient Potion","Ginger"],"campfire_rested":1,"item_purchase_floors":[2,4,22,22,53,53],"current_hp_per_floor":[53,53,46,46,46,25,25,19,19,19,14,14,7,1,25,16,82,68,68,32,32,47,47,47,44,44,44,44,35,35,27,27,6,88,82,82,75,62,54,54,40,40,46,41,41,37,82,82,82,66,82,82,82,43,0,0],"gold":34,"neow_bonus":"TWO_FIFTY_GOLD","is_daily":false,"chose_seed":false,"campfire_upgraded":7,"win_rate":0.0,"timestamp":1612249857,"path_taken":["M","$","M","$","M","E","R","E","T","E","E","?","?","E","R","BOSS","M","?","?","?","$","R","?","E","T","M","?","E","M","M","R","BOSS","M","?","?","M","M","R","E","R","T","M","R","E","?","M","R","BOSS","R","$","E","BOSS"],"items_purchased_type":["Relic","Card","Relic","Relic","Potion","Relic"],"build_version":"2020-12-22","purchased_purges":3,"victory":false,"max_hp_per_floor":[75,75,75,75,75,75,75,75,75,75,82,82,82,82,82,82,82,82,82,82,82,82,82,82,82,82,82,82,82,82,82,82,82,88,88,88,88,88,88,88,88,88,94,94,94,94,82,82,82,82,82,82,82,82,82,82],"relic_stats":{"Darkstone Periapt":12,"Regal Pillow":0,"counters":[28,112],"CeramicFish":63,"Pen Nib":[9],"Ginger":[3],"Cursed Key":2,"Lizard Tail":41,"Emotion Chip":[42,37,5,0,0],"Ornamental Fan":[16],"Bronze Scales":[295],"MealTicket":15,"Turnip":[2],"obtain_stats":[{"Ice Cream":22,"Darkstone Periapt":29,"Regal Pillow":46,"CeramicFish":34,"Thread and Needle":26,"Pen Nib":19,"Ginger":53,"Bottled Tornado":54,"Cursed Key":17,"Akabeko":2,"Du-Vu Doll":25,"Calling Bell":34,"Lizard Tail":6,"CaptainsWheel":9,"Emotion Chip":41,"Ornamental Fan":34,"Strawberry":11,"Bronze Scales":13,"MealTicket":10,"WingedGreaves":8,"Turnip":34,"Bag of Marbles":14,"Cracked Core":0,"Toy Ornithopter":22},{"Ice Cream":11,"Darkstone Periapt":14,"Regal Pillow":24,"CeramicFish":17,"Thread and Needle":12,"Pen Nib":10,"Ginger":26,"Bottled Tornado":27,"Cursed Key":9,"Akabeko":1,"Du-Vu Doll":12,"Calling Bell":17,"Lizard Tail":4,"CaptainsWheel":5,"Emotion Chip":22,"Ornamental Fan":17,"Strawberry":7,"Bronze Scales":7,"MealTicket":6,"WingedGreaves":5,"Turnip":17,"Bag of Marbles":8,"Cracked Core":0,"Toy Ornithopter":11},{"Ice Cream":43,"Darkstone Periapt":51,"Regal Pillow":90,"CeramicFish":67,"Thread and Needle":46,"Pen Nib":40,"Ginger":99,"Bottled Tornado":104,"Cursed Key":36,"Akabeko":3,"Du-Vu Doll":46,"Calling Bell":67,"Lizard Tail":12,"CaptainsWheel":15,"Emotion Chip":82,"Ornamental Fan":67,"Strawberry":23,"Bronze Scales":23,"MealTicket":19,"WingedGreaves":15,"Turnip":67,"Bag of Marbles":30,"Cracked Core":0,"Toy Ornithopter":43}],"Toy Ornithopter":35},"card_choices":[{"not_picked":["Cold Snap","Steam Power"],"picked":"Sweeping Beam","floor":1},{"not_picked":["Heatsinks","Beam Cell","Redo"],"picked":"SKIP","floor":3},{"not_picked":["Beam Cell","Cold Snap"],"picked":"Ball Lightning","floor":5},{"not_picked":["Multi-Cast","Stack"],"picked":"Leap","floor":6},{"not_picked":["Undo","Aggregate"],"picked":"White Noise","floor":8},{"not_picked":["Undo","Rebound"],"picked":"Cold Snap","floor":10},{"not_picked":["Gash","Steam Power"],"picked":"Sunder","floor":11},{"not_picked":["Doom and Gloom","Meteor Strike","Barrage"],"picked":"SKIP","floor":14},{"not_picked":["Amplify","Multi-Cast"],"picked":"Electrodynamics","floor":16},{"not_picked":["Beam Cell+1","Compile Driver"],"picked":"Glacier","floor":18},{"not_picked":["Rebound","Steam","Barrage"],"picked":"SKIP","floor":21},{"not_picked":["Turbo+1","Cold Snap","Redo"],"picked":"SKIP","floor":25},{"not_picked":["Conserve Battery","Lockon"],"picked":"Sweeping Beam+1","floor":27},{"not_picked":["Cold Snap+1","Leap"],"picked":"Storm","floor":29},{"not_picked":["Reprogram","Cold Snap"],"picked":"Creative AI","floor":30},{"not_picked":["Beam Cell","Leap"],"picked":"Capacitor","floor":31},{"not_picked":["All For One","Biased Cognition"],"picked":"Meteor Strike","floor":33},{"not_picked":["Streamline+1","Rebound+1","Go for the Eyes"],"picked":"SKIP","floor":35},{"not_picked":["Rebound","Double Energy+1","Blizzard"],"picked":"SKIP","floor":37},{"not_picked":["Turbo","Cold Snap"],"picked":"Hologram+1","floor":38},{"not_picked":["Barrage","Fusion"],"picked":"BootSequence","floor":39},{"not_picked":["Hologram","Thunder Strike"],"picked":"Defragment+1","floor":41},{"not_picked":["Cold Snap","Rebound"],"picked":"Leap+1","floor":44},{"not_picked":["Barrage+1","Rebound"],"picked":"Buffer","floor":46},{"not_picked":["Beam Cell+1","BootSequence+1"],"picked":"Turbo+1","floor":48},{"not_picked":["Beam Cell+1","Steam","Compile Driver"],"picked":"SKIP","floor":54}],"player_experience":1741964,"relics_obtained":[{"floor":6,"key":"Lizard Tail"},{"floor":8,"key":"WingedGreaves"},{"floor":9,"key":"CaptainsWheel"},{"floor":10,"key":"MealTicket"},{"floor":11,"key":"Strawberry"},{"floor":14,"key":"Bag of Marbles"},{"floor":25,"key":"Du-Vu Doll"},{"floor":26,"key":"Thread and Needle"},{"floor":29,"key":"Darkstone Periapt"},{"floor":34,"key":"CeramicFish"},{"floor":34,"key":"Ornamental Fan"},{"floor":34,"key":"Turnip"},{"floor":41,"key":"Emotion Chip"},{"floor":46,"key":"Regal Pillow"},{"floor":54,"key":"Bottled Tornado"}],"event_choices":[{"damage_healed":0,"gold_gain":77,"player_choice":"Gained Gold","damage_taken":0,"max_hp_gain":0,"max_hp_loss":0,"event_name":"Golden Wing","floor":12,"gold_loss":0},{"damage_healed":0,"gold_gain":0,"player_choice":"Success","damage_taken":7,"relics_obtained":["Bronze Scales"],"max_hp_gain":0,"max_hp_loss":0,"event_name":"Scrap Ooze","floor":13,"gold_loss":0},{"damage_healed":0,"gold_gain":0,"player_choice":"Obtained Relic","damage_taken":0,"relics_obtained":["Pen Nib"],"max_hp_gain":0,"max_hp_loss":0,"event_name":"Addict","floor":19,"gold_loss":85},{"damage_healed":0,"gold_gain":360,"player_choice":"GOLD GOLD GOLD GOLD ","damage_taken":36,"max_hp_gain":0,"max_hp_loss":0,"event_name":"Knowing Skull","floor":20,"potions_obtained":[],"gold_loss":0,"cards_obtained":[]},{"damage_healed":0,"gold_gain":0,"player_choice":"Ignored","damage_taken":0,"max_hp_gain":0,"max_hp_loss":0,"event_name":"Vampires","floor":24,"gold_loss":0},{"damage_healed":0,"gold_gain":0,"player_choice":"Copied","damage_taken":0,"max_hp_gain":0,"max_hp_loss":0,"event_name":"Duplicator","floor":28,"gold_loss":0,"cards_obtained":["Seek"]},{"damage_healed":0,"gold_gain":0,"player_choice":"Forge","damage_taken":0,"max_hp_gain":0,"max_hp_loss":0,"event_name":"Accursed Blacksmith","floor":36,"gold_loss":0,"cards_upgraded":["Storm"]},{"damage_healed":82,"gold_gain":0,"player_choice":"Heal","damage_taken":0,"max_hp_gain":0,"max_hp_loss":12,"event_name":"The Moai Head","floor":47,"gold_loss":0}],"is_beta":false,"boss_relics":[{"not_picked":["Velvet Choker","SacredBark"],"picked":"Cursed Key"},{"not_picked":["Tiny House","Philosopher\u0027s Stone"],"picked":"Calling Bell"}],"items_purged_floors":[4,22,53],"is_endless":false,"potions_floor_spawned":[3,6,8,14,21,27,33,37,38,39,44,54],"killed_by":"The Heart","ascension_level":1}}