{"host":"adt9pv9dmmkchns7","time":1612286180,"event":{"mods":["AchievementEnabler","BaseMod","Beaked The Cultist","Better Third Choice","Downfall","Energized Spire","Infinite Spire","Minty Spire (QoL Compilation)","Permanent Neow","Potionbrewer","Replay The Spire","Robot Space Explorer","Shade Mod","Spicy Shops","StSLib","The Blackbeard","The Cursed","The Forsaken","The Gatherer","The Necromancer","Wandering Minibosses"],"gold_per_floor":[119,44,44,54,66,99,112,142,142,142,170,170,18,36,36,137,137,153,153,167,184,198,229,229,242,267,267,293,293,328,347,347,443,443,460,460,471,471,471,503,521,521,571,581,581,581,76,123,123,123,123,123,62,87,101,101],"floor_reached":55,"language":"ENG","playtime":6467,"items_purged":["Regret","CommonCold"],"score":861,"play_id":"2e354d87-81de-4a99-8e71-165af9ad19fe","local_time":"20210202181620","is_ascension_mode":true,"metric_token":1361,"campfire_choices":[{"floor":10,"key":"RECALL"},{"data":"Gatherer:Centralize","floor":12,"key":"SMITH"},{"data":"Gatherer:Pollute","floor":15,"key":"SMITH"},{"floor":27,"key":"REST"},{"data":"Gatherer:WoolGloves","floor":29,"key":"SMITH"},{"data":"Gatherer:TacticalStrike","floor":32,"key":"SMITH"},{"data":"Gatherer:ColorfulGarden","floor":42,"key":"SMITH"},{"data":"infinitespire:Fortify","floor":46,"key":"SMITH"},{"data":"infinitespire:Collect","floor":49,"key":"SMITH"},{"data":"Gatherer:Examine","floor":52,"key":"SMITH"}],"circlet_count":0,"master_deck":["Gatherer:Strike_Gatherer","Gatherer:Strike_Gatherer","Gatherer:Strike_Gatherer","Gatherer:Strike_Gatherer","Gatherer:Defend_Gatherer","Gatherer:Defend_Gatherer","Gatherer:Defend_Gatherer","Gatherer:Defend_Gatherer","Gatherer:Defend_Gatherer","Gatherer:Centralize+1","Gatherer:BalancedGrowth","Gatherer:FlowerFalling","Gatherer:Pollute+1","Gatherer:QuickSynthesis","Gatherer:EnergyBasket","Gatherer:VenomBarrier","Gatherer:ScherryThrow","Gatherer:BlackTea","Gatherer:Bulldoze+1","Gatherer:Enchant","theForsaken:PlagueCurse","Gatherer:WoolGloves+1","Gatherer:BambuSword","Gatherer:Examine+1","Gatherer:QuickSynthesis+1","Gatherer:Photoscythe","Gatherer:TacticalStrike+1","Gatherer:ColorfulGarden+1","Gatherer:BigPouch+1","infinitespire:Collect+1","infinitespire:Fortify+1","Madness","Madness","Gatherer:OddSpoils+1","Gatherer:FlowerShield+1","Parasite","infinitespire:Execution","ReplayTheSpireMod:Splinters","Gatherer:BigPouch+1","Gatherer:TreeGrowth+1"],"relics":["Gatherer:AlchemyBag","Replay:Rubber Ducky","infinitespire:FocusingShard","Oddly Smooth Stone","Singing Bowl","theForsaken:Lifeblossom","Membership Card","energizedSpire:MagnifyingGlass","theForsaken:PlagueMask","potionbrewer:ToyAutogyro","Gatherer:MistGenerator","The Courier","theForsaken:Gavel","ChewingGum","Art of War","Lee\u0027s Waffle","Blood Vial","infinitespire:PuzzleCube","Molten Egg 2","Bronze Scales","Gremlin Food","Juzu Bracelet","Blue Doll","Strange Spoon","Replay:Bandana"],"acts_visited":["Exordium","TheCity","TheBeyond","TheEnding"],"potions_floor_usage":[8,8,16,21,25,30,33,40,44,50,55,55,55],"damage_taken":[{"damage":1,"enemies":"Jaw Worm","floor":1,"turns":3},{"damage":0,"enemies":"Cultist","floor":4,"turns":2},{"damage":0,"enemies":"2 Louse","floor":5,"turns":2},{"damage":14,"enemies":"Gremlin Nob","floor":6,"turns":4},{"damage":10,"enemies":"Exordium Thugs","floor":7,"turns":5},{"damage":9,"enemies":"3 Sentries","floor":8,"turns":7},{"damage":0,"enemies":"Lagavulin","floor":11,"turns":7},{"damage":8,"enemies":"Large Slime","floor":14,"turns":5},{"damage":13,"enemies":"Slime Boss","floor":16,"turns":9},{"damage":9,"enemies":"Chosen","floor":18,"turns":5},{"damage":10,"enemies":"Spheric Guardian","floor":20,"turns":4},{"damage":15,"enemies":"Chosen and Byrds","floor":21,"turns":6},{"damage":15,"enemies":"3 Cultists","floor":22,"turns":4},{"damage":15,"enemies":"Gremlin Leader","floor":23,"turns":6},{"damage":19,"enemies":"Snecko","floor":25,"turns":6},{"damage":27,"enemies":"Replay:Snechameleon","floor":28,"turns":6},{"damage":0,"enemies":"Gremlin Leader","floor":30,"turns":4},{"damage":0,"enemies":"Centurion and Healer","floor":31,"turns":5},{"damage":3,"enemies":"Automaton","floor":33,"turns":8},{"damage":33,"enemies":"3 Darklings","floor":35,"turns":5},{"damage":0,"enemies":"Orb Walker","floor":37,"turns":2},{"damage":25,"enemies":"Nemesis","floor":40,"turns":8},{"damage":4,"enemies":"Transient","floor":41,"turns":5},{"damage":3,"enemies":"Jaw Worm Horde","floor":44,"turns":5},{"damage":19,"enemies":"Replay:Hell Engine","floor":50,"turns":9},{"damage":0,"enemies":"Shield and Spear","floor":54,"turns":4},{"damage":107,"enemies":"The Heart","floor":55,"turns":6}],"seed_played":"8841379032226149267","potions_obtained":[{"floor":5,"key":"SpeedPotion"},{"floor":7,"key":"SteroidPotion"},{"floor":11,"key":"Energy Potion"},{"floor":16,"key":"Dexterity Potion"},{"floor":18,"key":"potionbrewer:BoundlessPotion"},{"floor":23,"key":"Poison Potion"},{"floor":28,"key":"DistilledChaos"},{"floor":30,"key":"BloodPotion"},{"floor":31,"key":"Slimebound:ThreeZeroPotion"},{"floor":37,"key":"hexamod:SoulburnPotion"},{"floor":41,"key":"BloodPotion"},{"floor":48,"key":"potionbrewer:FreezingPotion"},{"floor":54,"key":"SneckoOil"}],"is_trial":false,"path_per_floor":["M","$","?","M","M","E","M","E","T","R","E","R","$","M","R","B",null,"M","?","M","M","M","E","?","M","T","R","E","R","E","M","R","B",null,"M","AVR","M","?","?","E","M","R","T","M","?","R","$","?","R","B",null,"R","$","E","B"],"character_chosen":"THE_GATHERER","items_purchased":["Membership Card","Lee\u0027s Waffle","Blood Vial","infinitespire:PuzzleCube","Molten Egg 2","Bronze Scales","Gremlin Food","Juzu Bracelet","Strange Spoon"],"campfire_rested":1,"item_purchase_floors":[13,47,47,47,47,47,47,47,53],"current_hp_per_floor":[71,71,71,71,71,57,47,38,38,38,38,38,38,38,38,31,74,65,65,61,54,45,36,36,23,23,45,26,26,32,38,38,41,78,46,46,51,51,41,22,26,26,26,45,45,45,89,89,89,70,89,89,89,89,0,0,0],"gold":101,"neow_bonus":"RANDOM_EVENT","is_daily":false,"chose_seed":false,"campfire_upgraded":8,"win_rate":0.0,"timestamp":1612286180,"path_taken":["M","$","?","M","M","E","M","E","T","R","E","R","?","M","R","BOSS","M","?","M","M","M","E","?","M","T","R","E","R","E","M","R","BOSS","M","AVR","M","?","?","E","M","R","T","M","?","R","$","?","R","BOSS","R","$","E","BOSS"],"items_purchased_type":["Relic","Relic","Relic","Relic","Relic","Relic","Relic","Relic","Relic"],"build_version":"2020-12-22","purchased_purges":2,"victory":false,"max_hp_per_floor":[72,72,72,72,72,72,72,72,72,72,72,72,72,74,74,74,74,74,74,74,76,76,76,76,76,76,76,78,78,78,78,78,78,78,78,78,80,80,80,80,82,82,82,82,82,82,89,89,89,89,89,89,89,89,89,89,89],"card_choices":[{"not_picked":["Gatherer:Snatch","Gatherer:OddSpoils"],"picked":"Gatherer:BalancedGrowth","floor":1},{"not_picked":["Gatherer:CollectorsShot","Gatherer:FlowerPower"],"picked":"Gatherer:Pollute","floor":4},{"not_picked":["Gatherer:DrugPower","Gatherer:FeelingFine"],"picked":"Gatherer:QuickSynthesis","floor":5},{"not_picked":["Gatherer:TreeGrowth","Gatherer:ScherryThrow"],"picked":"Gatherer:EnergyBasket","floor":6},{"not_picked":["Gatherer:Duality","Gatherer:DrugPower"],"picked":"Gatherer:VenomBarrier","floor":7},{"not_picked":["Gatherer:FeelingFine","Gatherer:GatherMaterial"],"picked":"Gatherer:ScherryThrow","floor":8},{"not_picked":["Gatherer:Pollute","Gatherer:Frenzy"],"picked":"Gatherer:BlackTea","floor":11},{"not_picked":["Gatherer:Snatch","Gatherer:EnergyBasket","Gatherer:FragileHammer"],"picked":"Singing Bowl","floor":14},{"not_picked":["Gatherer:Examine","Gatherer:ScrollOfPurity"],"picked":"Gatherer:Bulldoze","floor":16},{"not_picked":["Gatherer:CollectorsShot","Gatherer:Snatch"],"picked":"Gatherer:Enchant","floor":18},{"not_picked":["Gatherer:Nutrients","Gatherer:Snatch"],"picked":"Gatherer:WoolGloves","floor":20},{"not_picked":["Gatherer:FeelingFine+1","Gatherer:SmartManeuver+1","Gatherer:DrugPower+1"],"picked":"Singing Bowl","floor":21},{"not_picked":["Gatherer:WoolGloves+1","Gatherer:FlowerBeam"],"picked":"Gatherer:BambuSword","floor":22},{"not_picked":["Gatherer:WoolGloves","Gatherer:QuickSynthesis"],"picked":"Gatherer:Examine","floor":23},{"not_picked":["Gatherer:GatherMaterial","Gatherer:BambuSword"],"picked":"Gatherer:QuickSynthesis+1","floor":25},{"not_picked":["Gatherer:Solidify+1","Gatherer:AcidicSpray","Gatherer:DrugPower"],"picked":"Singing Bowl","floor":28},{"not_picked":["Gatherer:BalancedGrowth","Gatherer:ScrollOfWall"],"picked":"Gatherer:Photoscythe","floor":30},{"not_picked":["Gatherer:FlowerPower","Gatherer:WoolGloves+1"],"picked":"Gatherer:TacticalStrike","floor":31},{"not_picked":["Gatherer:LuckyClover","Gatherer:FinishingStrike"],"picked":"Gatherer:ColorfulGarden","floor":33},{"not_picked":["Gatherer:WoolGloves+1","Gatherer:Transmute"],"picked":"Gatherer:BigPouch+1","floor":35},{"not_picked":["Gatherer:QuickSynthesis+1","Gatherer:TreeGrowth","Gatherer:SaveValuables"],"picked":"Singing Bowl","floor":37},{"not_picked":["Gatherer:ScrollOfPurity","Gatherer:DrugPower"],"picked":"Gatherer:OddSpoils+1","floor":40},{"not_picked":["Gatherer:AromaProtection","Gatherer:Enchant+1","Gatherer:GatherMaterial+1"],"picked":"Singing Bowl","floor":41},{"not_picked":["Gatherer:WoolGloves","Gatherer:Duplicator"],"picked":"Gatherer:FlowerShield+1","floor":44},{"not_picked":["infinitespire:FinalStrike","infinitespire:SevenWalls"],"picked":"infinitespire:Execution","floor":45},{"not_picked":["Gatherer:Snatch+1","Gatherer:AromaProtection"],"picked":"Gatherer:BigPouch+1","floor":48},{"not_picked":["Gatherer:Convert+1","Gatherer:Transmute"],"picked":"Gatherer:TreeGrowth+1","floor":54}],"player_experience":877625,"relics_obtained":[{"floor":6,"key":"infinitespire:FocusingShard"},{"floor":8,"key":"Oddly Smooth Stone"},{"floor":9,"key":"Singing Bowl"},{"floor":11,"key":"theForsaken:Lifeblossom"},{"floor":23,"key":"potionbrewer:ToyAutogyro"},{"floor":26,"key":"Gatherer:MistGenerator"},{"floor":28,"key":"The Courier"},{"floor":30,"key":"theForsaken:Gavel"},{"floor":40,"key":"Art of War"},{"floor":48,"key":"Blue Doll"},{"floor":54,"key":"Replay:Bandana"}],"event_choices":[{"damage_healed":0,"gold_gain":0,"player_choice":"Box","damage_taken":0,"relics_obtained":["Replay:Rubber Ducky"],"max_hp_gain":0,"max_hp_loss":0,"event_name":"Big Fish","floor":0,"gold_loss":0,"cards_obtained":["Regret"]},{"damage_healed":0,"gold_gain":0,"cards_transformed":["Gatherer:Strike_Gatherer"],"player_choice":"Transformed","damage_taken":0,"max_hp_gain":0,"max_hp_loss":0,"event_name":"Transmorgrifier","floor":3,"gold_loss":0,"cards_obtained":["Gatherer:FlowerFalling"]},{"damage_healed":0,"gold_gain":0,"player_choice":"Obtain Plague Curse","damage_taken":0,"max_hp_gain":0,"max_hp_loss":0,"event_name":"Plague Doctor","floor":19,"gold_loss":0,"cards_obtained":["theForsaken:PlagueCurse"]},{"damage_healed":0,"gold_gain":0,"player_choice":"Forge","damage_taken":0,"max_hp_gain":0,"max_hp_loss":0,"event_name":"Accursed Blacksmith","floor":24,"gold_loss":0,"cards_upgraded":["Gatherer:Bulldoze"]},{"cards_removed":["Gatherer:FlowerWhip"],"damage_healed":0,"gold_gain":0,"player_choice":"Removed Attack","damage_taken":0,"max_hp_gain":0,"max_hp_loss":0,"event_name":"Falling","floor":38,"gold_loss":0},{"damage_healed":0,"gold_gain":0,"player_choice":"Embrace Madness","damage_taken":10,"max_hp_gain":0,"max_hp_loss":0,"event_name":"Winding Halls","floor":39,"gold_loss":0,"cards_obtained":["Madness","Madness"]}],"is_beta":false,"boss_relics":[{"not_picked":["Fusion Hammer","Ectoplasm"],"picked":"energizedSpire:MagnifyingGlass"},{"not_picked":["SlaversCollar","energizedSpire:NeverEndingSparkler"],"picked":"ChewingGum"}],"items_purged_floors":[2,47],"is_endless":false,"potions_floor_spawned":[5,7,11,16,18,23,28,30,31,37,41,54],"killed_by":"The Heart","ascension_level":1}}