{"host":"4cg1bxw06h6gq5hn","time":1612240972,"event":{"mods":["Act Like it!","BaseMod","Better Note","Block Reminder","Chen","Colored Map","Friendly Minions","Gensokyo","Hallownest","HololiveMod","Hubris","Infinite Spire","Kiyohime????","Koishi","Marisa????????","Minty Spire (QoL Compilation)","Onozuka Komachi Mod","Quick Restart","Remilia_Scarlet Moed?????·?????3.3.5","Shop Mod","StSLib","The Alterego","The Bug Knight","The Servant 0.9.4","Unceasing Turn Reminder","Youmu??????","Yuyuko"],"gold_per_floor":[118,118,118,132,132,132,132,159,240,240,255,255,284,301,301,396,396,408,288,301,301,316,346,346,296,349,349,383,383,396,425,425,529,529,541,553,553,553,553,581,593,620,620,652,669,669,669,683,683,683,683,683,178,205,205],"floor_reached":56,"language":"ENG","playtime":5498,"items_purged":[],"score":1510,"play_id":"f55fa315-1bf9-459c-b4c2-f8f72e40ab6d","local_time":"20210202014250","is_ascension_mode":true,"campfire_choices":[{"data":"RemiliaMod:CJNXRFZ","floor":6,"key":"SMITH"},{"data":"RemiliaMod:CPHwYb","floor":10,"key":"SMITH"},{"data":"RemiliaMod:CNLCSZL","floor":12,"key":"SMITH"},{"floor":15,"key":"RECALL"},{"data":"RemiliaMod:CDXSJ","floor":24,"key":"SMITH"},{"data":"RemiliaMod:CXXSJ","floor":32,"key":"SMITH"},{"data":"infinitespire:Gouge","floor":47,"key":"SMITH"},{"data":"RemiliaMod:CDXSJ","floor":49,"key":"SMITH"},{"data":"RemiliaMod:CJNXRFZ","floor":52,"key":"SMITH"}],"circlet_count":0,"master_deck":["RemiliaMod:Scratch","RemiliaMod:Scratch","RemiliaMod:Scratch","RemiliaMod:Defend","RemiliaMod:Defend","RemiliaMod:Defend","RemiliaMod:Defend","RemiliaMod:CAattack","RemiliaMod:CJNXRFZ+1","RemiliaMod:CPHwYb+1","RemiliaMod:CPFWZL+1","RemiliaMod:CPYSNL+1","RemiliaMod:CJNXRFZ+1","RemiliaMod:CDXSJ+1","RemiliaMod:CPQHZZ+1","hubris:Rewind+1","RemiliaMod:CJNGSYD+1","RemiliaMod:CJNSJDF+1","RemiliaMod:CXXSJ+1","RemiliaMod:CPJHZZ+1","RemiliaMod:CDXSJ+1","RemiliaMod:CJNJQFY+1","RemiliaMod:CPJHZZ+1","infinitespire:UltimateForm+1","RemiliaMod:CFHGJ+1","infinitespire:Gouge+1","RemiliaMod:CJNXRFZ+1","RemiliaMod:CJNYSFZ+1","RemiliaMod:CPXRNL+1","infinitespire:FutureSight+1","RemiliaMod:CJNGSYD+1","RemiliaMod:CFPMJ+1"],"relics":["RemiliaMod:RXiangDui","RemiliaMod:RFkXt","RemiliaMod:RWYXT","Juzu Bracelet","NeowsBlessing","hubris:Towel","hubris:Icosahedron","hubris:TenFootPole","Frozen Egg 2","Tiny Chest","hubris:TerracottaHorce","Gensokyo:FoxMask","Toxic Egg 2","Bronze Scales","Blood Vial","hubris:ToyBattleship","Matryoshka","infinitespire:Cupcake","Gensokyo:EmptyGrave","hubris:BottledRain","Omamori","PreservedInsect","hubris:SphereOfDissonance","Nunchaku","hubris:Metronome","MerchantsRug","Lee\u0027s Waffle","hubris:SlimyHat","infinitespire:Joker Card"],"acts_visited":["Gensokyo:Gensokyo","Gensokyo:Gensokyoer","Gensokyo:Gensokyoest","TheEnding"],"potions_floor_usage":[31,40,55,55,55],"damage_taken":[{"damage":0,"enemies":"Gensokyo:3_Fairies","floor":1,"turns":2},{"damage":0,"enemies":"Gensokyo:2_Kodama","floor":4,"turns":1},{"damage":0,"enemies":"Gensokyo:Cirno","floor":8,"turns":2},{"damage":0,"enemies":"Gensokyo:Python","floor":11,"turns":3},{"damage":5,"enemies":"Gensokyo:Aya","floor":13,"turns":4},{"damage":2,"enemies":"Gensokyo:2_Rabbits","floor":14,"turns":4},{"damage":3,"enemies":"Gensokyo:Reimu","floor":16,"turns":4},{"damage":0,"enemies":"Gensokyo:2_Gloops","floor":18,"turns":3},{"damage":5,"enemies":"Gensokyo:AngelMirror","floor":20,"turns":4},{"damage":43,"enemies":"Gensokyo:3_Gloops","floor":22,"turns":5},{"damage":29,"enemies":"Gensokyo:Reisen","floor":23,"turns":4},{"damage":52,"enemies":"Gensokyo:Tenshi","floor":28,"turns":3},{"damage":29,"enemies":"Gensokyo:Slime_Group","floor":30,"turns":4},{"damage":7,"enemies":"Nightmare","floor":31,"turns":4},{"damage":15,"enemies":"Gensokyo:Eternal_Rivals","floor":33,"turns":5},{"damage":25,"enemies":"Gensokyo:AncientGuardian","floor":35,"turns":5},{"damage":3,"enemies":"Gensokyo:3_Bats","floor":36,"turns":3},{"damage":90,"enemies":"Nightmare","floor":40,"turns":7},{"damage":40,"enemies":"Gensokyo:Dusk_and_Dawn","floor":41,"turns":5},{"damage":4,"enemies":"Gensokyo:Doremy","floor":44,"turns":4},{"damage":48,"enemies":"Gensokyo:AtlasGolem","floor":45,"turns":6},{"damage":10,"enemies":"Gensokyo:3_Boulders","floor":48,"turns":4},{"damage":17,"enemies":"Gensokyo:Yuyuko","floor":50,"turns":5},{"damage":56,"enemies":"Shield and Spear","floor":54,"turns":5},{"damage":86,"enemies":"The Heart","floor":55,"turns":8}],"seed_played":"-8873332067939566756","potions_obtained":[{"floor":4,"key":"Ancient Potion"},{"floor":8,"key":"Fire Potion"},{"floor":16,"key":"Explosive Potion"},{"floor":33,"key":"DistilledChaos"},{"floor":44,"key":"BlessingOfTheForge"},{"floor":54,"key":"ColorlessPotion"}],"is_trial":false,"path_per_floor":["M","?","COS","M","?","R","?","E","T","R","M","R","E","M","R","B",null,"M","?","M","AVR","M","E","R","?","T","?","E","T","M","NM","R","B",null,"M","M","?","?","?","NM","M","T","T","E","M","AVR","R","M","R","B",null,"R","$","E","B",null],"character_chosen":"Remilia_Scarlet_Modee","items_purchased":["MerchantsRug","Lee\u0027s Waffle","hubris:SlimyHat","Energy Potion","RemiliaMod:CJNGSYD+1"],"campfire_rested":0,"item_purchase_floors":[53,53,53,53,53],"current_hp_per_floor":[75,75,75,75,75,75,75,75,75,75,75,75,75,75,75,75,75,75,75,75,75,44,47,47,54,54,54,20,20,16,35,35,75,80,82,82,82,76,66,14,58,58,58,76,42,42,42,70,70,70,75,75,83,83,62],"gold":205,"neow_bonus":"THREE_ENEMY_KILL","is_daily":false,"chose_seed":false,"campfire_upgraded":8,"win_rate":0.0,"timestamp":1612240970,"path_taken":["M","?","COS","M","?","R","?","E","T","R","M","R","E","M","R","BOSS","M","?","M","AVR","M","E","R","?","T","?","E","?","M","NM","R","BOSS","M","M","?","?","?","NM","M","?","T","E","M","AVR","R","M","R","BOSS","R","$","E","BOSS"],"items_purchased_type":["Relic","Relic","Relic","Potion","Card"],"build_version":"2020-12-22","purchased_purges":0,"victory":true,"max_hp_per_floor":[75,75,75,75,75,75,75,75,75,75,75,75,75,75,75,75,75,75,75,75,75,75,75,75,82,82,82,82,82,82,82,82,82,82,82,82,82,76,76,76,76,76,76,76,76,76,76,76,76,76,76,76,83,83,83],"card_choices":[{"not_picked":["RemiliaMod:CD6B","RemiliaMod:CMABianfuzhen"],"picked":"RemiliaMod:CJNXRFZ","floor":1},{"not_picked":["RemiliaMod:CPFWZL","RemiliaMod:CSlAttack","RemiliaMod:CJNSJDF"],"picked":"SKIP","floor":4},{"not_picked":["RemiliaMod:CMABianfuzhen","RemiliaMod:CPFWZL"],"picked":"RemiliaMod:CPHwYb","floor":8},{"not_picked":["RemiliaMod:CMABianfuzhen","RemiliaMod:CFPLL+1"],"picked":"RemiliaMod:CPFWZL+1","floor":11},{"not_picked":["RemiliaMod:CDB","RemiliaMod:CJNSP"],"picked":"RemiliaMod:CPYSNL+1","floor":13},{"not_picked":["RemiliaMod:CJNMJFZ","RemiliaMod:CJNLLFZ"],"picked":"RemiliaMod:CJNXRFZ","floor":14},{"not_picked":["RemiliaMod:CMADBY","RemiliaMod:CMODSq"],"picked":"RemiliaMod:CDXSJ","floor":16},{"not_picked":["RemiliaMod:CFPDMJ+1","RemiliaMod:CJNLLFZ"],"picked":"RemiliaMod:CPQHZZ+1","floor":18},{"not_picked":["RemiliaMod:CMPA","RemiliaMod:CJNSP","RemiliaMod:CFPMJ+1"],"picked":"SKIP","floor":20},{"not_picked":["RemiliaMod:CDB","RemiliaMod:CD6B"],"picked":"RemiliaMod:CJNGSYD+1","floor":22},{"not_picked":["RemiliaMod:CD6B","RemiliaMod:CJNWYXD+1"],"picked":"RemiliaMod:CMPB+1","floor":23},{"not_picked":["RemiliaMod:CMABianfuzhen","RemiliaMod:CJNGSYD+1"],"picked":"RemiliaMod:CJNSJDF+1","floor":28},{"not_picked":["RemiliaMod:CPYSNL+1","RemiliaMod:CFPDMJ+1"],"picked":"RemiliaMod:CXXSJ","floor":30},{"not_picked":["RemiliaMod:CJNGSYD+1","RemiliaMod:CXXSJ"],"picked":"RemiliaMod:CPJHZZ+1","floor":31},{"not_picked":["RemiliaMod:CWYRF","RemiliaMod:CJNNPSJ+1"],"picked":"RemiliaMod:CDXSJ","floor":33},{"not_picked":["RemiliaMod:CPFWZL+1","RemiliaMod:CFHGJ+1"],"picked":"RemiliaMod:CJNJQFY+1","floor":35},{"not_picked":["RemiliaMod:CJNXRFZ+1","RemiliaMod:CPYSNL+1"],"picked":"RemiliaMod:CPJHZZ+1","floor":36},{"not_picked":["infinitespire:Fortify","infinitespire:Menacing"],"picked":"infinitespire:UltimateForm","floor":39},{"not_picked":["RemiliaMod:CJNSJDF+1","RemiliaMod:CXXSJ"],"picked":"RemiliaMod:CFHGJ+1","floor":40},{"not_picked":["infinitespire:Oblivion","infinitespire:UltimateForm"],"picked":"infinitespire:Gouge","floor":40},{"not_picked":["RemiliaMod:CXXSJ","RemiliaMod:CJNSJDF+1"],"picked":"RemiliaMod:CJNXRFZ+1","floor":41},{"not_picked":["RemiliaMod:CJNWYXD2+1","RemiliaMod:CDB+1"],"picked":"RemiliaMod:CJNYSFZ+1","floor":44},{"not_picked":["RemiliaMod:CD6B","RemiliaMod:CJNMJFZ+1"],"picked":"RemiliaMod:CPXRNL+1","floor":45},{"not_picked":["Chen:Shot+1","Tempest+1","CelestialStarSword+1"],"picked":"SKIP","floor":48},{"not_picked":["RemiliaMod:CJNWYXD2+1","RemiliaMod:CJNGSYD+1"],"picked":"RemiliaMod:CFPMJ+1","floor":54}],"player_experience":506350,"relics_obtained":[{"floor":8,"key":"hubris:TenFootPole"},{"floor":9,"key":"Frozen Egg 2"},{"floor":13,"key":"Tiny Chest"},{"floor":23,"key":"Bronze Scales"},{"floor":28,"key":"Blood Vial"},{"floor":29,"key":"hubris:ToyBattleship"},{"floor":31,"key":"Matryoshka"},{"floor":40,"key":"hubris:BottledRain"},{"floor":42,"key":"Omamori"},{"floor":42,"key":"PreservedInsect"},{"floor":43,"key":"hubris:SphereOfDissonance"},{"floor":43,"key":"Nunchaku"},{"floor":44,"key":"hubris:Metronome"},{"floor":54,"key":"infinitespire:Joker Card"}],"event_choices":[],"is_beta":false,"boss_relics":[{"not_picked":["RemiliaMod:RWYXD","SlaversCollar"],"picked":"hubris:TerracottaHorce"},{"not_picked":["hubris:Backtick","Philosopher\u0027s Stone"],"picked":"infinitespire:Cupcake"}],"items_purged_floors":[],"is_endless":false,"potions_floor_spawned":[4,8,16,18,20,28,33,36,44,54],"ascension_level":5}}