{"host":"iejw1f7ltal95128","time":1612283099,"event":{"mods":["2.2 Compatiblity","AchievementEnabler","Act Like it!","BaseMod","Bestiary","Better Note","Better Sensory Stone","Better Third Choice","BetterRewards","Booster Modes","Card Forge","Colored Powertips","Energized Spire","Gremlin Skip","Minty Spire (QoL Compilation)","Pale of the Ancients","Permanent Neow","Relic Sorter","Replay The Spire","Shop Mod","StSLib","Unknown Chances","UnlockEverythingMod"],"gold_per_floor":[110,123,135,89,89,118,118,130,130,156,169,194,207,207,207,305,305,264,276,546,546,456,481,481,481,481,508,519,519,552,552,552,654,654,668,668,668,668,668,697,215,215,215,215,6,26,53,71,71,71,87,105,150,232,232,243,243,243,243,243],"floor_reached":61,"language":"ENG","playtime":7832,"items_purged":["Defend_G","Doubt","Defend_G","Amnesia"],"score":2795,"play_id":"ce9a4d06-adc6-4e0e-a81d-7cbb616815e2","local_time":"20210202122459","is_ascension_mode":true,"campfire_choices":[{"floor":7.0,"key":"REST"},{"data":"After Image","floor":24.0,"key":"SMITH"},{"data":"Night Terror","floor":32.0,"key":"SMITH"},{"data":"After Image","floor":42.0,"key":"SMITH"},{"data":"Burst","floor":44.0,"key":"SMITH"},{"floor":49.0,"key":"RECALL"},{"data":"Choke","floor":55.0,"key":"SMITH"},{"data":"Secret Weapon","floor":57.0,"key":"SMITH"}],"circlet_count":0,"master_deck":["AscendersBane","Strike_G","Strike_G","Strike_G","Defend_G","Defend_G","Survivor","Neutralize+1","Accuracy","Accuracy","Backflip","Secret Weapon+1","Replay:Bag of Tricks","ReplayTheSpireMod:Private Reserves","Infinite Blades","Dagger Spray","After Image+1","Blade Dance","Corpse Explosion","ReplayTheSpireMod:The Works","ReplayTheSpireMod:Speed Training","Hidden Blade","Burst+1","Dagger Throw+1","Blade Dance","Accuracy","Cloak And Dagger","Prepared","ReplayTheSpireMod:The Works","Night Terror+1","After Image+1","Clumsy","Concentrate+1","Crow Ritual+1","Slice","Secret Technique+1","Well Laid Plans","Tactician+1","Hidden Blade+1","Choke+1"],"relics":["Ring of the Snake","betterThird:NestCultRelic","Hammer of Thor","Seething Fire","Anvil of the Gods","Membership Card","Medical Kit","Turnip","Juzu Bracelet","Lizard Tail","betterThird:SlimedRelic","Replay:Ringing Soul","ReplayTheSpireMod:Ninjato","Counterbalance","ReplayFunnel","Chameleon Ring","Replay:Bronze Core","NlothsMask","ReplayTheSpireMod:Lightbulb","Snake Skull","Bottled Flame","energizedSpire:HighHeels","Ring of Misfortune","ReplayTheSpireMod:Ring of Addiction","Toy Ornithopter","Mummified Hand","MerchantsRug","Vampiric Spirits","Blue Candle","Guide Book","Pantograph","ReplayTheSpireMod:CursedCoin","Basket Of Snakes","paleoftheancients:Timepiece","paleoftheancients:KeyRelic","Letter Opener","CultistMask","paleoftheancients:SoulOfTheIroncluck","Ornamental Fan","Replay:Accelerometer","Replay:Bottled Snecko"],"acts_visited":["Exordium","TheCity","TheBeyond","paleoftheancients:PaleOfTheAncients"],"potions_floor_usage":[],"damage_taken":[{"damage":8.0,"enemies":"2 Louse","floor":1.0,"turns":2.0},{"damage":7.0,"enemies":"Jaw Worm","floor":2.0,"turns":2.0},{"damage":0.0,"enemies":"Cultist","floor":3.0,"turns":3.0},{"damage":5.0,"enemies":"Replay:BlueRogue","floor":6.0,"turns":7.0},{"damage":1.0,"enemies":"2 Fungi Beasts","floor":8.0,"turns":4.0},{"damage":9.0,"enemies":"Gremlin Nob","floor":10.0,"turns":3.0},{"damage":0.0,"enemies":"Blue Slaver","floor":11.0,"turns":4.0},{"damage":14.0,"enemies":"Lagavulin","floor":12.0,"turns":4.0},{"damage":0.0,"enemies":"Lots of Slimes","floor":13.0,"turns":1.0},{"damage":0.0,"enemies":"Fading Forest","floor":16.0,"turns":11.0},{"damage":0.0,"enemies":"2 Thieves","floor":18.0,"turns":5.0},{"damage":0.0,"enemies":"3 Byrds","floor":19.0,"turns":5.0},{"damage":15.0,"enemies":"Book of Stabbing","floor":23.0,"turns":4.0},{"damage":25.0,"enemies":"Gremlin Leader","floor":27.0,"turns":5.0},{"damage":2.0,"enemies":"Centurion and Healer","floor":28.0,"turns":5.0},{"damage":9.0,"enemies":"Book of Stabbing","floor":30.0,"turns":5.0},{"damage":13.0,"enemies":"Champ","floor":33.0,"turns":5.0},{"damage":0.0,"enemies":"Orb Walker","floor":35.0,"turns":3.0},{"damage":0.0,"enemies":"Nemesis","floor":40.0,"turns":7.0},{"damage":17.0,"enemies":"3 Shapes","floor":46.0,"turns":2.0},{"damage":0.0,"enemies":"Giant Head","floor":47.0,"turns":3.0},{"damage":0.0,"enemies":"Awakened One","floor":50.0,"turns":5.0},{"damage":0.0,"enemies":"Awakened One","floor":51.0,"turns":4.0},{"damage":0.0,"enemies":"Awakened One","floor":52.0,"turns":1.0},{"damage":0.0,"enemies":"Awakened One","floor":56.0,"turns":1.0},{"damage":0,"enemies":"paleoftheancients:N","floor":60,"turns":2}],"seed_played":"-8865886888857185031","potions_obtained":[{"floor":6.0,"key":"SpeedPotion"},{"floor":10.0,"key":"SmokeBomb"},{"floor":11.0,"key":"PowerPotion"},{"floor":13.0,"key":"SmokeBomb"},{"floor":15.0,"key":"BlessingOfTheForge"},{"floor":15.0,"key":"SteroidPotion"},{"floor":19.0,"key":"FearPotion"},{"floor":30.0,"key":"LifebloodPotion"},{"floor":33.0,"key":"CunningPotion"},{"floor":38.0,"key":"Fire Potion"},{"floor":40.0,"key":"CunningPotion"}],"is_trial":false,"path_per_floor":["M","M","M","?","?","E","R","M","T","E","M","E","M","?","R","B",null,"M","M","?","?","?","E","R","?","T","E","M","?","E","T","R","B",null,"M","?","?","?","?","E","$","R","T","R","$","M","E","$","R","B","M","M","?","T","R","M","R","T","?","B",null],"character_chosen":"THE_SILENT","items_purchased":["Accuracy","Membership Card","Secret Weapon","ReplayTheSpireMod:Private Reserves","Medical Kit","Infinite Blades","Juzu Bracelet","MerchantsRug","Crow Ritual","Vampiric Spirits","Blue Candle","Slice","GamblersBrew","Secret Technique","Guide Book","Well Laid Plans","ReplayTheSpireMod:CursedCoin","Basket Of Snakes"],"campfire_rested":1,"item_purchase_floors":[0,0,0,0,0,0,0,41,41,41,41,41,41,45,45,45,48,48],"current_hp_per_floor":[34,27,27,16,16,11,32,34,34,28,31,20,23,11,11,22,72,75,78,51,51,51,39,39,39,39,17,18,21,15,15,15,5,88,88,88,88,91,91,94,97,97,97,97,100,89,89,92,92,121,122,122,125,123,123,123,121,121,121,121],"gold":243,"neow_bonus":"","is_daily":false,"chose_seed":false,"campfire_upgraded":6,"win_rate":0.0,"timestamp":1612283099,"path_taken":["M","M","M","?","?","E","R","M","T","E","M","E","M","?","R","BOSS","M","M","?","?","?","E","R","?","T","E","M","?","E","?","R","BOSS","M","?","?","?","?","E","$","R","T","R","$","M","E","?","R","BOSS","M","M","?","T","R","M","R","T","?","BOSS"],"items_purchased_type":["Card","Relic","Card","Card","Relic","Card","Relic","Relic","Card","Relic","Relic","Card","Potion","Card","Relic","Card","Relic","Relic"],"build_version":"2020-12-22","purchased_purges":4,"victory":true,"max_hp_per_floor":[70,70,70,70,70,70,70,73,73,76,79,82,85,85,85,88,88,91,94,94,94,94,97,97,97,97,100,103,106,109,109,109,112,115,115,109,109,112,112,115,118,116,116,116,117,120,120,121,121,121,122,122,125,123,123,123,121,121,121,121],"card_choices":[{"not_picked":["Deflect","Prepared"],"picked":"Dagger Spray","floor":1.0},{"not_picked":["Acrobatics","Skewer","Quick Slash"],"picked":"SKIP","floor":2.0},{"not_picked":["Cloak And Dagger","Bouncing Flask"],"picked":"After Image","floor":3.0},{"not_picked":["Poisoned Stab","Slice","ReplayTheSpireMod:Exploit Weakness"],"picked":"SKIP","floor":6.0},{"not_picked":["Riddle With Holes","ReplayTheSpireMod:Speed Training"],"picked":"Blade Dance","floor":8.0},{"not_picked":["Grand Finale","Deflect"],"picked":"Corpse Explosion","floor":10.0},{"not_picked":["Deflect","Dagger Spray"],"picked":"ReplayTheSpireMod:The Works","floor":11.0},{"not_picked":["Flying Knee","Masterful Stab"],"picked":"ReplayTheSpireMod:Speed Training","floor":12.0},{"not_picked":["Well Laid Plans","Underhanded Strike"],"picked":"Hidden Blade","floor":13.0},{"not_picked":["Grand Finale","Envenom"],"picked":"Burst","floor":16.0},{"not_picked":["Dagger Spray","Predator"],"picked":"Dagger Throw+1","floor":18.0},{"not_picked":["ReplayTheSpireMod:Speed Training","Eviscerate"],"picked":"Blade Dance","floor":19.0},{"not_picked":["Deflect","Poisoned Stab"],"picked":"Accuracy","floor":23.0},{"not_picked":["Setup+1","Bane+1"],"picked":"Cloak And Dagger","floor":27.0},{"not_picked":["Slice","Blade Dance"],"picked":"Prepared","floor":28.0},{"not_picked":["Blade Dance+1","Setup+1"],"picked":"Night Terror","floor":30.0},{"not_picked":["Atom Bomb","Bullet Time"],"picked":"After Image","floor":33.0},{"not_picked":["Replay:Poison Smokescreen","ReplayTheSpireMod:Exploit Weakness","Sucker Punch"],"picked":"SKIP","floor":35.0},{"not_picked":["Slice","Deadly Poison"],"picked":"Concentrate+1","floor":40.0},{"not_picked":["Sucker Punch","Backstab"],"picked":"Tactician+1","floor":46.0},{"not_picked":["Bouncing Flask","Venomology","Poisoned Stab"],"picked":"SKIP","floor":47.0},{"not_picked":["Choke","Quick Slash"],"picked":"Hidden Blade+1","floor":51.0},{"not_picked":["Sucker Punch","Sneak Up","Backflip"],"picked":"SKIP","floor":52.0},{"not_picked":["Underhanded Strike+1","Quick Slash+1"],"picked":"Choke","floor":53.0},{"not_picked":["Dagger Spray","Well Laid Plans","Slice"],"picked":"SKIP","floor":56.0}],"player_experience":429426,"relics_obtained":[{"floor":6.0,"key":"Replay:Ringing Soul"},{"floor":9.0,"key":"ReplayTheSpireMod:Ninjato"},{"floor":10.0,"key":"Counterbalance"},{"floor":12.0,"key":"ReplayFunnel"},{"floor":23.0,"key":"ReplayTheSpireMod:Lightbulb"},{"floor":27.0,"key":"Snake Skull"},{"floor":30.0,"key":"Pet Ghost"},{"floor":31.0,"key":"Bottled Flame"},{"floor":38.0,"key":"Ring of Misfortune"},{"floor":38.0,"key":"ReplayTheSpireMod:Ring of Addiction"},{"floor":38.0,"key":"Toy Ornithopter"},{"floor":38.0,"key":"White Beast Statue"},{"floor":40.0,"key":"Mummified Hand"},{"floor":47.0,"key":"Pantograph"},{"floor":51.0,"key":"paleoftheancients:SoulOfTheIroncluck"},{"floor":53.0,"key":"Ornamental Fan"},{"floor":54.0,"key":"Replay:Accelerometer"},{"floor":58,"key":"Replay:Bottled Snecko"}],"event_choices":[{"damage_healed":0.0,"max_hp_gain":0.0,"max_hp_loss":0.0,"gold_gain":0.0,"event_name":"betterThird:BetterGoop","player_choice":"Slimed","floor":4.0,"gold_loss":46.0,"damage_taken":11.0},{"cards_removed":["Strike_G"],"damage_healed":0.0,"max_hp_gain":0.0,"max_hp_loss":0.0,"gold_gain":0.0,"event_name":"Purifier","player_choice":"Purged","floor":5.0,"gold_loss":0.0,"damage_taken":0.0},{"damage_healed":0.0,"max_hp_gain":0.0,"max_hp_loss":0.0,"gold_gain":0.0,"event_name":"betterThird:BetterScrap","player_choice":"Relic ","floor":14.0,"gold_loss":0.0,"damage_taken":12.0,"cards_obtained":["Time Bomb"]},{"damage_healed":0.0,"max_hp_gain":0.0,"max_hp_loss":0.0,"gold_gain":270.0,"event_name":"Knowing Skull","player_choice":"GOLD GOLD GOLD ","floor":20.0,"potions_obtained":[],"gold_loss":0.0,"damage_taken":27.0,"cards_obtained":[]},{"damage_healed":0.0,"max_hp_gain":0.0,"max_hp_loss":0.0,"gold_gain":0.0,"event_name":"FaceTrader","player_choice":"Trade","floor":21.0,"gold_loss":0.0,"damage_taken":0.0,"relics_obtained":["NlothsMask"]},{"cards_removed":["Defend_G"],"damage_healed":0.0,"max_hp_gain":0.0,"max_hp_loss":0.0,"gold_gain":0.0,"event_name":"Designer","player_choice":"Upgrade and Remove","floor":22.0,"gold_loss":90.0,"damage_taken":0.0,"cards_upgraded":["Neutralize"]},{"damage_healed":0.0,"max_hp_gain":0.0,"max_hp_loss":0.0,"gold_gain":0.0,"event_name":"betterThird:BetterNest","player_choice":"Madness","floor":25.0,"gold_loss":0.0,"damage_taken":0.0,"relics_obtained":["betterThird:NestCultRelic"]},{"damage_healed":0.0,"max_hp_gain":0.0,"max_hp_loss":0.0,"gold_gain":0.0,"event_name":"Duplicator","player_choice":"Copied","floor":29.0,"gold_loss":0.0,"damage_taken":0.0,"cards_obtained":["ReplayTheSpireMod:The Works"]},{"damage_healed":0.0,"max_hp_gain":0.0,"max_hp_loss":6.0,"gold_gain":0.0,"event_name":"Winding Halls","player_choice":"Max HP","floor":36.0,"gold_loss":0.0,"damage_taken":0.0},{"cards_removed":["Strike_G"],"damage_healed":0.0,"max_hp_gain":0.0,"max_hp_loss":0.0,"gold_gain":0.0,"event_name":"Purifier","player_choice":"Purged","floor":39.0,"gold_loss":0.0,"damage_taken":0.0}],"is_beta":false,"boss_relics":[{"not_picked":["ReplayTheSpireMod:DimensionalGlitch","energizedSpire:OgreHead"],"picked":"Replay:Bronze Core"},{"not_picked":["Replay:Drink Me","Calling Bell"],"picked":"energizedSpire:HighHeels"}],"items_purged_floors":[0,41,45,48],"is_endless":false,"potions_floor_spawned":[6,10,11,13,19,30,33,40,47],"ascension_level":10}}