{"host":"d52brwsy6af8zvaq","time":1612287107,"event":{"mods":["AchievementEnabler","BaseMod","Bestiary","Highlight Path","Minty Spire (QoL Compilation)","Quick Restart","Relic Stats","ojb\u0027s Better Paths Mod"],"gold_per_floor":[117,135,135,77,95,95,128,128,128,141,141,156,181,197,197,276,276,287,306,37,37,37,37],"floor_reached":22,"language":"ENG","playtime":1060,"items_purged":["Strike_G"],"score":392,"play_id":"4f80ec9d-6a20-4efe-a5e9-ef9a8e4cbea5","local_time":"20210202103147","is_ascension_mode":true,"campfire_choices":[{"data":"Sucker Punch","floor":6.0,"key":"SMITH"},{"floor":8.0,"key":"REST"},{"data":"Dagger Spray","floor":11.0,"key":"SMITH"},{"floor":15.0,"key":"REST"}],"circlet_count":0,"master_deck":["AscendersBane","Strike_G","Defend_G","Defend_G","Defend_G","Defend_G","Defend_G","Survivor","Neutralize","Flying Knee","Footwork","Sucker Punch+1","Dagger Spray+1","Noxious Fumes","Underhanded Strike","Blade Dance","Bane","Venomology","PiercingWail+1","Eviscerate+1","Choke+1","Noxious Fumes","Cloak And Dagger+1","Unload","PiercingWail","Leg Sweep"],"relics":["Ring of the Snake","Gremlin Horn","StrikeDummy","Ornamental Fan","Dream Catcher","Astrolabe"],"acts_visited":["Exordium","TheCity"],"potions_floor_usage":[22],"damage_taken":[{"damage":0.0,"enemies":"2 Louse","floor":1.0,"turns":4.0},{"damage":3.0,"enemies":"Cultist","floor":2.0,"turns":4.0},{"damage":2.0,"enemies":"Jaw Worm","floor":5.0,"turns":5.0},{"damage":42.0,"enemies":"Gremlin Nob","floor":7.0,"turns":5.0},{"damage":0.0,"enemies":"2 Fungi Beasts","floor":10.0,"turns":2.0},{"damage":0.0,"enemies":"Exordium Thugs","floor":12.0,"turns":2.0},{"damage":22.0,"enemies":"3 Sentries","floor":13.0,"turns":8.0},{"damage":11.0,"enemies":"Large Slime","floor":14.0,"turns":7.0},{"damage":28.0,"enemies":"The Guardian","floor":16.0,"turns":14.0},{"damage":37.0,"enemies":"Spheric Guardian","floor":18.0,"turns":8.0},{"damage":35.0,"enemies":"3 Byrds","floor":19.0,"turns":6.0},{"damage":47,"enemies":"Cultist and Chosen","floor":22,"turns":7}],"seed_played":"6425370576257220846","potions_obtained":[{"floor":2.0,"key":"FairyPotion"},{"floor":10.0,"key":"Fire Potion"},{"floor":12.0,"key":"DuplicationPotion"},{"floor":13.0,"key":"GhostInAJar"}],"is_trial":false,"path_per_floor":["M","M","?","?","M","R","E","R","T","M","R","M","E","M","R","B",null,"M","M","$","?","M"],"character_chosen":"THE_SILENT","items_purchased":["Unload","PiercingWail"],"campfire_rested":2,"item_purchase_floors":[20,20],"current_hp_per_floor":[65,62,67,67,65,65,23,46,46,46,46,46,24,13,36,8,60,23,23,23,23,0,0],"gold":37,"neow_bonus":"TEN_PERCENT_HP_BONUS","is_daily":false,"chose_seed":false,"campfire_upgraded":2,"win_rate":0.0,"timestamp":1612287107,"path_taken":["M","M","?","?","M","R","E","R","T","M","R","M","E","M","R","BOSS","M","M","$","?","M"],"items_purchased_type":["Card","Card"],"build_version":"2020-12-22","purchased_purges":1,"victory":false,"max_hp_per_floor":[72,72,77,77,77,77,77,77,77,77,77,77,77,77,77,77,77,77,77,77,77,77,77],"relic_stats":{"Dream Catcher":1,"Gremlin Horn":[6,6],"counters":[12,72],"Ornamental Fan":[64],"Astrolabe":["PiercingWail","Eviscerate","Choke"],"obtain_stats":[{"Dream Catcher":13,"Gremlin Horn":4,"Ornamental Fan":9,"Astrolabe":17,"StrikeDummy":7,"Ring of the Snake":0},{"Dream Catcher":7,"Gremlin Horn":2,"Ornamental Fan":4,"Astrolabe":9,"StrikeDummy":4,"Ring of the Snake":0},{"Dream Catcher":30,"Gremlin Horn":8,"Ornamental Fan":18,"Astrolabe":51,"StrikeDummy":18,"Ring of the Snake":0}],"Ring of the Snake":[24]},"card_choices":[{"not_picked":["Prepared","Backflip"],"picked":"Flying Knee","floor":1.0},{"not_picked":["Backstab","Well Laid Plans"],"picked":"Footwork","floor":2.0},{"not_picked":["Footwork","Dodge and Roll"],"picked":"Sucker Punch","floor":5.0},{"not_picked":["Malaise","Distraction","Reflex"],"picked":"SKIP","floor":7.0},{"not_picked":["Acrobatics","Dash"],"picked":"Dagger Spray","floor":10.0},{"not_picked":["Blur","Quick Slash"],"picked":"Noxious Fumes","floor":12.0},{"not_picked":["All Out Attack","Bullet Time"],"picked":"Underhanded Strike","floor":13.0},{"not_picked":["Deadly Poison","Choke"],"picked":"Blade Dance","floor":14.0},{"not_picked":["Masterful Stab","Cloak And Dagger"],"picked":"Bane","floor":15.0},{"not_picked":["Storm of Steel","Burst"],"picked":"Venomology","floor":16.0},{"not_picked":["Blade Dance","Eviscerate"],"picked":"Noxious Fumes","floor":18.0},{"not_picked":["PiercingWail","Accuracy"],"picked":"Cloak And Dagger+1","floor":19}],"player_experience":2125539,"relics_obtained":[{"floor":7.0,"key":"StrikeDummy"},{"floor":9.0,"key":"Ornamental Fan"},{"floor":13.0,"key":"Dream Catcher"}],"event_choices":[{"damage_healed":0.0,"max_hp_gain":5.0,"max_hp_loss":0.0,"gold_gain":0.0,"event_name":"Big Fish","player_choice":"Donut","floor":3.0,"gold_loss":0.0,"damage_taken":0.0},{"damage_healed":0.0,"max_hp_gain":0.0,"max_hp_loss":0.0,"gold_gain":0.0,"event_name":"WeMeetAgain","player_choice":"Paid Gold","floor":4.0,"gold_loss":58.0,"damage_taken":0.0,"relics_obtained":["Gremlin Horn"]},{"damage_healed":0,"gold_gain":0,"player_choice":"Read","damage_taken":0,"max_hp_gain":0,"max_hp_loss":0,"event_name":"The Library","floor":21,"gold_loss":0,"cards_obtained":["Leg Sweep"]}],"is_beta":false,"boss_relics":[{"not_picked":["Ectoplasm","Empty Cage"],"picked":"Astrolabe"}],"items_purged_floors":[20],"is_endless":false,"potions_floor_spawned":[2,10,12,13],"killed_by":"Cultist and Chosen","ascension_level":20}}