{"host":"eny0bxnatoru6fum","time":1612232436,"event":{"mods":["A Magickal Journey","AchievementEnabler","AlwaysNeverKeys","Aspiration","BaseMod","Beaked The Cultist","Better Note","BetterRewards","Colored Map","Colored Powertips","Conspire","DeckTracker","Duelist Mod","Energized Spire","Glutton Mod","Halation","Hubris","Infinite Spire","Jedi Mod","Lobotomy","LobotomyExtend","Marisa????????","Minty Spire (QoL Compilation)","Relic Sorter","Replay The Spire","Shop Mod","Spicy Shops","Spikes Relics","StSLib","Synergy Search","The Alterego","The Animator","The Blue Laboratory","The Bug Knight","The Cursed","The Hierophant","The Jungle","The Problem Sleuth","The Runesmith","The Sage","The Servant 0.9.4","The Spell Scribe","Waifu the Spire"],"gold_per_floor":[113,126,126,137,212,242,119,130,183,196,229,229,239,249,249,353,303,318,318,318,331,59,59,59,59],"floor_reached":24,"language":"ENG","playtime":2435,"items_purged":[],"score":233,"play_id":"27f6ccfa-5c04-42b4-8141-059cfd18407e","local_time":"20210201202036","is_ascension_mode":false,"campfire_choices":[{"floor":15,"key":"REST"},{"floor":23,"key":"RECALL"}],"circlet_count":0,"master_deck":["alterego_mod:Strike","alterego_mod:Strike","alterego_mod:Strike","alterego_mod:Defend","alterego_mod:Defend","alterego_mod:Defend","alterego_mod:Impale","alterego_mod:BigMeatyClaws","alterego_mod:BrynhildrsRune","alterego_mod:Valentines","alterego_mod:Swimsuit","alterego_mod:MaintainEyeContact","alterego_mod:IndependentAction","Madness","alterego_mod:SakuraLabyrinth","alterego_mod:PurpleHair","alterego_mod:BrynhildrRomantia","alterego_mod:Table","alterego_mod:1TonWallop","alterego_mod:Rake","alterego_mod:Strike","alterego_mod:Cycle","alterego_mod:Clap+1","alterego_mod:Mirror","alterego_mod:Antipathy","alterego_mod:MagicResistance"],"relics":["alterego_mod:MasochisticConstitution","infinitespire:Beetle Shell","LetterFromLob","LaetitiaHeart","Snack Pack","SnailShell","energizedSpire:HugeHouse","Ornamental Fan","RoseTintedShades"],"acts_visited":["Exordium","theJungle:Jungle"],"potions_floor_usage":[16,16,20],"damage_taken":[{"damage":9.0,"enemies":"Jaw Worm","floor":1.0,"turns":9.0},{"damage":6.0,"enemies":"2 Louse","floor":2.0,"turns":4.0},{"damage":4.0,"enemies":"2 Louse","floor":3.0,"turns":5.0},{"damage":10.0,"enemies":"2 Louse","floor":3.0,"turns":6.0},{"damage":5.0,"enemies":"Cultist","floor":4.0,"turns":5.0},{"damage":33.0,"enemies":"3 Sentries","floor":6.0,"turns":8.0},{"damage":14.0,"enemies":"Exordium Wildlife","floor":8.0,"turns":5.0},{"damage":10.0,"enemies":"3 Louse","floor":10.0,"turns":6.0},{"damage":42.0,"enemies":"Lagavulin","floor":11.0,"turns":12.0},{"damage":23,"enemies":"Large Slime","floor":13,"turns":9},{"damage":1,"enemies":"Gremlin Gang","floor":14,"turns":3},{"damage":47,"enemies":"Slime Boss","floor":16,"turns":9},{"damage":34,"enemies":"theJungle:Flameango_and_Byrd","floor":18,"turns":7},{"damage":45,"enemies":"JungleHuntersEvent","floor":20,"turns":9},{"damage":7,"enemies":"Shell Parasite","floor":21,"turns":5}],"seed_played":"-193937699693949101","potions_obtained":[{"floor":2.0,"key":"FearPotion"},{"floor":4.0,"key":"Block Potion"},{"floor":11.0,"key":"blueLaboratory:LouseDecoction"},{"floor":16,"key":"Doom Potion"},{"floor":18,"key":"jedi:StrikingPotion"},{"floor":20,"key":"blueLaboratory:BubblePotion"}],"is_trial":false,"path_per_floor":["M","M","?","M","?","E","$","M","T","M","E","?","M","M","R","B",null,"M","?","?","M","$","R","E"],"character_chosen":"The_Alterego","items_purchased":["alterego_mod:IndependentAction","Madness","alterego_mod:MagicResistance","RoseTintedShades"],"campfire_rested":1,"item_purchase_floors":[7,7,22,22],"current_hp_per_floor":[69,72,74,75,64,39,39,42,42,42,7,7,13,23,49,38,86,72,72,46,54,54,54,54,54],"gold":59,"neow_bonus":"RANDOM_COMMON_RELIC","is_daily":false,"chose_seed":false,"campfire_upgraded":0,"win_rate":0.0,"timestamp":1612232436,"path_taken":["M","M","?","M","?","E","$","M","T","M","E","?","M","M","R","BOSS","M","?","?","M","$","R","E"],"items_purchased_type":["Card","Card","Card","Relic"],"build_version":"2020-12-22","purchased_purges":0,"victory":false,"max_hp_per_floor":[71,72,74,75,75,76,76,77,77,78,79,79,83,87,87,91,86,93,93,97,101,101,101,101,101],"card_choices":[{"not_picked":["alterego_mod:BusterCard","alterego_mod:Jiggle"],"picked":"alterego_mod:Rip","floor":1.0},{"not_picked":["alterego_mod:1TonWallop","alterego_mod:Mirror"],"picked":"alterego_mod:Valentines","floor":2.0},{"not_picked":["alterego_mod:Pet","alterego_mod:BoobPocket"],"picked":"alterego_mod:Swimsuit","floor":4.0},{"not_picked":["alterego_mod:Rake","alterego_mod:TrashNCrash"],"picked":"alterego_mod:MaintainEyeContact","floor":6.0},{"not_picked":["alterego_mod:DeftHands","alterego_mod:Rip"],"picked":"alterego_mod:SakuraLabyrinth","floor":8.0},{"not_picked":["alterego_mod:Complex","alterego_mod:DustData"],"picked":"alterego_mod:PurpleHair","floor":10.0},{"not_picked":["alterego_mod:BeGentle","alterego_mod:Bloomers"],"picked":"alterego_mod:BrynhildrRomantia","floor":11.0},{"not_picked":["alterego_mod:BusterCard","alterego_mod:Collar"],"picked":"alterego_mod:1TonWallop","floor":13},{"not_picked":["alterego_mod:DeftHands","alterego_mod:BusterCard","alterego_mod:Pet"],"picked":"SKIP","floor":14},{"not_picked":["alterego_mod:Vow","alterego_mod:Tantrum"],"picked":"alterego_mod:Rake","floor":16},{"not_picked":["alterego_mod:1TonWallop","alterego_mod:Punishment"],"picked":"alterego_mod:Clap+1","floor":18},{"not_picked":["alterego_mod:Birthday","alterego_mod:TrashNCrash"],"picked":"alterego_mod:Mirror","floor":20},{"not_picked":["alterego_mod:IndependentAction+1","alterego_mod:Cycle"],"picked":"alterego_mod:Antipathy","floor":21}],"player_experience":602215,"relics_obtained":[{"floor":1.0,"key":"LetterFromLob"},{"floor":6.0,"key":"Snack Pack"},{"floor":11.0,"key":"SnailShell"},{"floor":20,"key":"Ornamental Fan"}],"event_choices":[{"damage_healed":0.0,"max_hp_gain":0.0,"max_hp_loss":0.0,"gold_gain":75.0,"event_name":"World of Goop","player_choice":"Gather Gold","floor":5.0,"gold_loss":0.0,"damage_taken":11.0},{"damage_healed":0,"gold_gain":0,"cards_transformed":["alterego_mod:Defend"],"player_choice":"Transformed","damage_taken":0,"max_hp_gain":0,"max_hp_loss":0,"event_name":"Transmorgrifier","floor":12,"gold_loss":0,"cards_obtained":["alterego_mod:Table"]},{"cards_removed":["alterego_mod:Rake"],"damage_healed":0,"gold_gain":0,"player_choice":"Give","damage_taken":0,"max_hp_gain":0,"max_hp_loss":0,"event_name":"betterNote:BetterNote","floor":19,"gold_loss":0,"cards_obtained":["Defend_P"]}],"is_beta":false,"boss_relics":[{"not_picked":["sagemod:Falmels_Amulet","halation:SmartPhone"],"picked":"energizedSpire:HugeHouse"}],"items_purged_floors":[],"is_endless":false,"potions_floor_spawned":[2,3,4,11,16,18,20],"ascension_level":0}}