{"host":"74dg6ta44i9qan6e","time":1612299854,"event":{"mods":["Act Like it!","BaseMod","Downfall","Hubris","Infinite Spire","Lobotomy","LobotomyExtend","Minty Spire (QoL Compilation)","Replay The Spire","StSLib","Waifu the Spire"],"gold_per_floor":[549,561,573,152,166,198,198,214,214,389,389,421,321,338,349,444,444,444,459,459,309,336,353,378,278,295,308,324,339,357,40,52,155,155,55,66,66,83,95,111,111,111,111,111],"floor_reached":42,"language":"ENG","playtime":2379,"items_purged":["downfall:Icky","Doubt","downfall:Icky"],"score":491,"play_id":"e5dc488a-a9a9-4012-baeb-aa890b73d178","local_time":"20210202160414","is_ascension_mode":false,"campfire_choices":[{"data":"1","floor":9.0,"key":"LIFT"},{"data":"2","floor":13.0,"key":"LIFT"},{"data":"3","floor":18.0,"key":"LIFT"},{"floor":25,"key":"RECALL"},{"data":"downfall:Icky","floor":35,"key":"PURGE"}],"circlet_count":0,"master_deck":["champ:Strike","champ:Strike","champ:Strike","champ:Strike","champ:Defend","champ:Defend","champ:Defend","champ:Defend","champ:Execute","champ:Taunt","champ:PreciseThrust","champ:AdrenalArmor","champ:Backstep","Master of Strategy","ReplayTheSpireMod:Private Reserves","Panacea","champ:CrownThrow","champ:ShieldWall","champ:GutPunch","champ:FocusedDefense","champ:IronFortress","champ:ArenaPreparation","champ:TripleStrike","champ:FalseCounter","Ghostly","champ:DefensiveShout+1","champ:EnragedBash","champ:Circumvent+1","champ:FocusedDefense","champ:Endure","champ:StanceDance+1","champ:Shatter+1","downfall:Icky","champ:ArenaPreparation","champ:ArenaPreparation","champ:RapidStrikes+1","champ:HeavySlash","champ:FanOfKnives","Replay:Fractal Strike","champ:PerfectedStrike+1","champ:ShieldWall+1","champ:Duel"],"relics":["champ:ChampionCrown","LetterFromLob","champ:FightingForDummies","Replay:Wax Seal","ReplayTheSpireMod:ShopPack","Vajra","Girya","Pet Ghost","downfall:HeartBlessingGreen","sneckomod:SneckoTalon","Orichalcum","downfall:HeartBlessingBlue","ReplayTheSpireMod:CursedCoin","Omamori","StrikeDummy","ReplayTheSpireMod:DimensionalGlitch","downfall:HeartBlessingRed","Philosopher\u0027s Stone","Strange Spoon","Replay:WaspNest"],"acts_visited":["Exordium","TheCity","TheBeyond"],"potions_floor_usage":[19,29,31,31,38],"damage_taken":[{"damage":23.0,"enemies":"Jaw Worm","floor":2.0,"turns":4.0},{"damage":10.0,"enemies":"2 Louse","floor":3.0,"turns":3.0},{"damage":10.0,"enemies":"downfall:FleeingMerchant","floor":4.0,"turns":4.0},{"damage":20.0,"enemies":"Small Slimes","floor":5.0,"turns":4.0},{"damage":42.0,"enemies":"Lagavulin","floor":6.0,"turns":9.0},{"damage":10.0,"enemies":"Blue Slaver","floor":8.0,"turns":3.0},{"damage":22.0,"enemies":"3 Sentries","floor":12.0,"turns":6.0},{"damage":7.0,"enemies":"Lots of Slimes","floor":14.0,"turns":4.0},{"damage":7.0,"enemies":"3 Louse","floor":15.0,"turns":2.0},{"damage":46.0,"enemies":"WA_ARCHETYPE_RETAIN","floor":16.0,"turns":10.0},{"damage":25,"enemies":"Chosen","floor":19,"turns":2},{"damage":22,"enemies":"Shell Parasite","floor":23,"turns":4},{"damage":12,"enemies":"Centurion and Healer","floor":26,"turns":5},{"damage":24,"enemies":"Snake Plant","floor":27,"turns":3},{"damage":22,"enemies":"Shelled Parasite and Fungi","floor":28,"turns":5},{"damage":34,"enemies":"3 Cultists","floor":29,"turns":6},{"damage":10,"enemies":"Sentry and Sphere","floor":30,"turns":3},{"damage":35,"enemies":"downfall:FleeingMerchant","floor":31,"turns":4},{"damage":14,"enemies":"Snake Plant","floor":32,"turns":3},{"damage":45,"enemies":"IC_MUSHROOM_ARCHETYPE","floor":33,"turns":8},{"damage":58,"enemies":"3 Shapes","floor":36,"turns":3},{"damage":8,"enemies":"Orb Walker","floor":38,"turns":1},{"damage":0,"enemies":"Sphere and 2 Shapes","floor":39,"turns":3},{"damage":53,"enemies":"Maw","floor":40,"turns":5},{"damage":18,"enemies":"downfall:FleeingMerchant","floor":42,"turns":1}],"seed_played":"-1709512600172775581","potions_obtained":[{"floor":2.0,"key":"Explosive Potion"},{"floor":14.0,"key":"AttackPotion"},{"floor":15.0,"key":"SteroidPotion"},{"floor":16.0,"key":"sneckomod:MuddlingPotion"},{"floor":26,"key":"FearPotion"},{"floor":28,"key":"Block Potion"},{"floor":29,"key":"FearPotion"},{"floor":30,"key":"champ:CounterPotion"},{"floor":33,"key":"Elixir"},{"floor":39,"key":"SpeedPotion"},{"floor":40,"key":"SneckoOil"}],"is_trial":false,"path_per_floor":["R","M","M","$","M","E","T","M","R","?","?","E","R","M","M","B",null,"R","M","?","?","T","M","T","R","M","M","M","M","M","$","M","B",null,"R","M","AVR","M","M","M","T","$"],"character_chosen":"THE_CHAMP","items_purchased":["champ:FightingForDummies","Replay:Wax Seal","ReplayTheSpireMod:ShopPack","ReplayTheSpireMod:CursedCoin","Omamori","StrikeDummy","champ:ArenaPreparation"],"campfire_rested":0,"item_purchase_floors":[4,4,4,31,31,31,31],"current_hp_per_floor":[99,96,96,96,96,89,89,89,89,89,99,87,87,80,73,52,99,99,99,99,99,99,99,99,109,107,98,96,97,97,97,88,78,109,109,61,61,56,56,18,18,0,0,0],"gold":111,"neow_bonus":"TEN_PERCENT_HP_BONUS","is_daily":false,"chose_seed":false,"campfire_upgraded":0,"win_rate":0.0,"timestamp":1612299854,"path_taken":["R","M","M","$","M","E","T","M","R","?","?","E","R","M","M","BOSS","R","M","?","?","?","M","T","R","M","M","M","M","M","$","M","BOSS","R","M","AVR","M","?","M","T","?"],"items_purchased_type":["Relic","Relic","Relic","Relic","Relic","Relic","Card"],"build_version":"2020-12-22","purchased_purges":3,"victory":false,"max_hp_per_floor":[99,99,99,99,99,99,99,99,99,99,99,99,99,99,99,99,99,99,99,99,99,99,99,99,109,109,109,109,109,109,109,109,109,109,109,109,109,109,109,109,109,109,109,109],"card_choices":[{"not_picked":["champ:Haymaker","champ:TornadoPunch"],"picked":"champ:PreciseThrust","floor":2.0},{"not_picked":["champ:Duel","champ:CalledShot"],"picked":"champ:AdrenalArmor","floor":3.0},{"not_picked":["champ:FalseCounter","champ:AdrenalArmor"],"picked":"champ:Backstep","floor":4.0},{"not_picked":["ReplayTheSpireMod:Necrogeddon","Secret Weapon"],"picked":"Master of Strategy","floor":4.0},{"not_picked":["Forethought","ReplayTheSpireMod:Uncanny Aura"],"picked":"ReplayTheSpireMod:Private Reserves","floor":4.0},{"not_picked":["Dramatic Entrance","hubris:Ssssneak"],"picked":"Panacea","floor":4.0},{"not_picked":["champ:GladiatorStyle","champ:Shatter"],"picked":"champ:CrownThrow","floor":5.0},{"not_picked":["champ:Backstep","champ:FalseCounter"],"picked":"champ:ShieldWall","floor":6.0},{"not_picked":["champ:FlashCut","champ:CrookedStrike"],"picked":"champ:GutPunch","floor":8.0},{"not_picked":["champ:Lariat","champ:FanOfKnives"],"picked":"champ:FocusedDefense","floor":12.0},{"not_picked":["champ:StanceDance","champ:AdrenalArmor"],"picked":"champ:IronFortress","floor":14.0},{"not_picked":["champ:FanOfKnives","champ:BladeFlurry"],"picked":"champ:ArenaPreparation","floor":15.0},{"not_picked":["champ:HeavySlash","champ:GladiatorForm"],"picked":"champ:TripleStrike","floor":16.0},{"not_picked":["champ:SetATrap","champ:DefensiveShout"],"picked":"champ:FalseCounter","floor":19},{"not_picked":["champ:TornadoPunch+1","champ:Backstep"],"picked":"champ:DefensiveShout+1","floor":23},{"not_picked":["champ:Backstep","champ:TornadoPunch"],"picked":"champ:EnragedBash","floor":26},{"not_picked":["champ:PreemptiveStrike","champ:CrownThrow"],"picked":"champ:Circumvent+1","floor":27},{"not_picked":["champ:BringItOn","champ:GutPunch"],"picked":"champ:FocusedDefense","floor":28},{"not_picked":["champ:BringItOn","champ:Backstep"],"picked":"champ:Endure","floor":29},{"not_picked":["champ:GutPunch","champ:Circumvent"],"picked":"champ:StanceDance+1","floor":30},{"not_picked":["champ:CrownThrow","champ:DefensiveShout"],"picked":"champ:Shatter+1","floor":31},{"not_picked":["champ:RisingSlash","champ:AdrenalArmor"],"picked":"champ:RapidStrikes+1","floor":32},{"not_picked":["champ:LastStand","champ:ShieldThrow"],"picked":"champ:HeavySlash","floor":33},{"not_picked":["champ:GutPunch","champ:PreciseThrust+1"],"picked":"champ:FanOfKnives","floor":36},{"not_picked":["champ:Circumvent","champ:CrownThrow+1"],"picked":"champ:PerfectedStrike+1","floor":38},{"not_picked":["champ:DefensiveShout","champ:CrownThrow+1"],"picked":"champ:ShieldWall+1","floor":39},{"not_picked":["champ:FocusedDefense","champ:FanOfKnives+1"],"picked":"champ:Duel","floor":40}],"player_experience":542614,"relics_obtained":[{"floor":2.0,"key":"LetterFromLob"},{"floor":6.0,"key":"Vajra"},{"floor":7.0,"key":"Girya"},{"floor":12.0,"key":"Pet Ghost"},{"floor":24,"key":"Orichalcum"},{"floor":41,"key":"Replay:WaspNest"}],"event_choices":[{"damage_healed":0,"gold_gain":0,"player_choice":"Ignored","damage_taken":0,"max_hp_gain":0,"max_hp_loss":0,"event_name":"Vampires","floor":20,"gold_loss":0}],"is_beta":false,"boss_relics":[{"not_picked":["hubris:VirtuousBlindfold","hubris:BlackHole"],"picked":"sneckomod:SneckoTalon"},{"not_picked":["SacredBark","Kintsugi"],"picked":"ReplayTheSpireMod:DimensionalGlitch"}],"items_purged_floors":[4,31,37],"is_endless":false,"potions_floor_spawned":[2,14,15,16,26,28,29,30,33,39,40],"killed_by":"downfall:FleeingMerchant","ascension_level":0}}