{"host":"bx8ylsmj2ob6hd5u","time":1612283860,"event":{"mods":["AchievementEnabler","Act Like it!","Aspiration","BaseMod","Colored Map","Downfall","Duelist Mod","Friendly Minions","Gensokyo","GifTheSpireLib","Hallownest","Hermit","HololiveMod","Hubris","Infinite Spire","Jorbs\u0027s Wanderer Trilogy","KinomotoSakuraMod(????)","Kiyohime????","Koishi","KomeijiMod","Lobotomy","LobotomyExtend","Marisa????????","Minty Spire (QoL Compilation)","Prisma Mod","Rare Cards Sparkle","Reimu??????","Remilia??????","Replay The Spire","StSLib","Td1madao Mod","The Administrix","The Animator","The Bug Knight","The Construct","The Cursed","The Disciple","The Hierophant","The Necromancer","The Poker Player","The Runesmith","The Senshi","The Servant 0.9.4","WarShipGirlsR/????R mod"],"gold_per_floor":[115,125,2,2,15,15,15,15,15,28,28,45,45,45,45,145,145,165,165,177,187,187,187,201,218,218,218,231,231,2,2,2,104,104,114,130,130,130,147,147,163,163,163,163,179,199,199,211,211,211],"floor_reached":51,"language":"ENG","playtime":4308,"items_purged":["Writhe"],"score":591,"play_id":"343c96b9-9305-41ce-a974-ef11e00ce049","local_time":"20210202183740","is_ascension_mode":false,"campfire_choices":[{"data":"ClowCardTheMove","floor":6.0,"key":"SMITH"},{"data":"ClowCardTheMaze","floor":8.0,"key":"SMITH"},{"data":"ClowCardTheFreeze","floor":11.0,"key":"SMITH"},{"data":"ClowCardTheWave","floor":13.0,"key":"SMITH"},{"data":"SpellCardSeal","floor":15.0,"key":"SMITH"},{"data":"Hallownest:attackFallenFury","floor":23.0,"key":"SMITH"},{"data":"ClowCardTheThunder","floor":27.0,"key":"SMITH"},{"data":"ClowCardTheShield","floor":29.0,"key":"SMITH"},{"data":"ClowCardTheShield","floor":32.0,"key":"SMITH"},{"data":"infinitespire:Punishment","floor":40,"key":"SMITH"},{"data":"ClowCardTheFlower","floor":42,"key":"SMITH"},{"data":"ClowCardTheShield","floor":44,"key":"SMITH"},{"data":"ClowCardTheBubbles","floor":49,"key":"SMITH"}],"circlet_count":0,"master_deck":["SakuraCardTheMove+","SakuraCardTheSword+","ClowCardTheSword","ClowCardTheSword","ClowCardTheSword","ClowCardTheShield","ClowCardTheShield+1","ClowCardTheShield+1","ClowCardTheShield+1","SpellCardSeal+1","SpellCardRelease","ClowCardTheMaze+1","ClowCardTheFreeze+1","ClowCardTheWave+1","ClowCardTheThunder+1","ClowCardTheLibra+1","ClowCardTheWood+1","ClowCardTheLock+1","ClowCardTheStorm+1","ClowCardTheWindy+1","Hallownest:attackFallenFury+1","ClowCardTheArrow+1","ClowCardTheWindy+1","ClowCardTheWave+1","ClowCardTheDash","Noxious Fumes+1","ClowCardTheFlower+1","infinitespire:Punishment+1","ClowCardTheShot","ClowCardTheMist+1","Sneak Up","ClowCardTheLibra+1","ClowCardTheBubbles+1"],"relics":["KSMOD_SealedBook","KSMOD_SealedWand","HollowMod:QueensCombRelic","LetterFromLob","GoodDreamPillow","Hallownest:DreamNailRelic","Slimebound:PreparedRelic","aspiration:SecretTechniqueScroll","hubris:MedicalManual","Astrolabe","KSMOD_YukitosBentoBox","WingedGreaves","Toolbox","aspiration:SilentSkillbook","Replay:Accelerometer","Replay:WaspNest"],"acts_visited":["Exordium","Hallownest:Greenpath","Hallownest:CityofTears"],"potions_floor_usage":[35,39,50,50,50],"damage_taken":[{"damage":0.0,"enemies":"Hallownest:2_Baldur","floor":1.0,"turns":3.0},{"damage":0.0,"enemies":"2_ Uuma","floor":2.0,"turns":5.0},{"damage":0.0,"enemies":"Hallownest:2_MossCreeps","floor":5.0,"turns":4.0},{"damage":1.0,"enemies":"Hallownest:Guard_and_Warrior","floor":10.0,"turns":5.0},{"damage":0.0,"enemies":"Hallownest:1_Ooma_and_2_Uuma","floor":12.0,"turns":5.0},{"damage":21.0,"enemies":"Hallownest:BossBrokenVessel","floor":16.0,"turns":8.0},{"damage":0.0,"enemies":"Hallownest:Flukemon_and_Top","floor":18.0,"turns":5.0},{"damage":27.0,"enemies":"Hallownest:3_Youths","floor":20.0,"turns":4.0},{"damage":13.0,"enemies":"Hallownest:Master_and_Novice","floor":21.0,"turns":4.0},{"damage":0.0,"enemies":"Hallownest:Warrior_and_Youth","floor":24.0,"turns":4.0},{"damage":13.0,"enemies":"Hallownest:monsterMisterMushroom","floor":25.0,"turns":4.0},{"damage":0.0,"enemies":"Hallownest:2_Husk_Sentries","floor":28.0,"turns":3.0},{"damage":8.0,"enemies":"Hallownest:BossGrimm","floor":33.0,"turns":7.0},{"damage":10,"enemies":"Hallownest:2_Littles","floor":35,"turns":6},{"damage":3,"enemies":"Hallownest:Shield_Heavy","floor":36,"turns":4},{"damage":0,"enemies":"Hallownest:Xero_Hu_Marmu","floor":39,"turns":3},{"damage":0,"enemies":"Hallownest:2_Wandering_and_1_Horned","floor":41,"turns":5},{"damage":11,"enemies":"Hallownest:Slobbering_and_Violent","floor":45,"turns":5},{"damage":14,"enemies":"Hallownest:Xero_Hu_Marmu","floor":46,"turns":6},{"damage":0,"enemies":"Hallownest:2_Soldiers_and_1_Guardian","floor":48,"turns":3},{"damage":3,"enemies":"Hallownest:Radiance","floor":50,"turns":6}],"seed_played":"2745666744136873794","potions_obtained":[{"floor":1.0,"key":"Fire Potion"},{"floor":20.0,"key":"AttackPotion"},{"floor":25.0,"key":"LiquidMemories"},{"floor":28.0,"key":"SpeedPotion"},{"floor":33.0,"key":"KSMOD_MagickBottle"},{"floor":35,"key":"AttackPotion"},{"floor":36,"key":"ExcitationPotion"},{"floor":39,"key":"FearPotion"},{"floor":48,"key":"champ:CounterPotion"}],"is_trial":false,"path_per_floor":["M","M","?","?","M","R","?","R","T","M","R","M","R","M","R","B",null,"M","AVR","M","M","?","R","M","M","T","R","M","R","$","?","R","B",null,"M","M","?","?","M","R","M","R","T","R","M","M","T","M","R","B",null],"character_chosen":"KINOMOTOSAKURA","items_purchased":["Toolbox"],"campfire_rested":0,"item_purchase_floors":[30],"current_hp_per_floor":[46,46,46,51,51,51,51,51,51,50,50,51,51,51,51,30,51,51,51,24,19,19,19,35,34,34,34,46,46,46,51,51,43,51,41,46,50,38,50,50,51,51,51,51,40,34,34,46,46,48],"gold":211,"neow_bonus":"ONE_RARE_RELIC","is_daily":false,"chose_seed":false,"campfire_upgraded":13,"win_rate":0.0,"timestamp":1612283860,"path_taken":["M","M","?","?","M","R","?","R","T","M","R","M","R","M","R","BOSS","M","AVR","M","?","?","R","M","M","T","R","M","R","?","?","R","BOSS","M","?","?","?","M","R","M","R","T","R","M","?","?","M","R","BOSS"],"items_purchased_type":["Relic"],"build_version":"2020-12-22","purchased_purges":1,"victory":true,"max_hp_per_floor":[46,46,46,51,51,51,51,51,51,51,51,51,51,51,51,51,51,51,51,51,51,51,51,51,51,51,51,51,51,51,51,51,51,51,51,51,51,51,51,51,51,51,51,51,51,51,51,51,51,51],"card_choices":[{"not_picked":["ClowCardTheDream","ClowCardTheChange"],"picked":"ClowCardTheShadow","floor":1.0},{"not_picked":["ClowCardTheErase","ClowCardTheLock"],"picked":"ClowCardTheMaze","floor":2.0},{"not_picked":["ClowCardTheSnow","ClowCardTheSand"],"picked":"ClowCardTheMove","floor":5.0},{"not_picked":["ClowCardTheGlow","ClowCardTheMirror"],"picked":"ClowCardTheFreeze","floor":10.0},{"not_picked":["ClowCardTheSand","ClowCardTheErase"],"picked":"ClowCardTheWave","floor":12.0},{"not_picked":["ClowCardTheCreate","ClowCardTheDash"],"picked":"ClowCardTheThunder","floor":16.0},{"not_picked":["ClowCardTheCloud","ClowCardTheWood"],"picked":"ClowCardTheLibra+1","floor":18.0},{"not_picked":["ClowCardTheCloud+1","ClowCardTheSand"],"picked":"ClowCardTheWindy+1","floor":20.0},{"not_picked":["ClowCardTheGlow+1","ClowCardTheCloud+1"],"picked":"ClowCardTheCreate","floor":21.0},{"not_picked":["ClowCardTheLibra","ClowCardTheShadow"],"picked":"ClowCardTheArrow+1","floor":24.0},{"not_picked":["ClowCardTheVoice","ClowCardTheMist"],"picked":"ClowCardTheWindy+1","floor":25.0},{"not_picked":["ClowCardTheCloud","ClowCardTheLibra"],"picked":"ClowCardTheWave+1","floor":28.0},{"not_picked":["ClowCardTheReturn","ClowCardTheDark"],"picked":"ClowCardTheDash","floor":33.0},{"not_picked":["ClowCardTheMist+1","ClowCardTheSand","ClowCardTheWatery+1"],"picked":"Noxious Fumes+1","floor":35},{"not_picked":["Deadly Poison+1","Dodge and Roll","Hidden Blade+1"],"picked":"ClowCardTheFlower","floor":36},{"not_picked":["infinitespire:Oblivion","ReplayTheSpireMod:??????????????????????"],"picked":"infinitespire:Punishment","floor":38},{"not_picked":["ClowCardTheShadow+1","Dodge and Roll+1","Reflex+1"],"picked":"ClowCardTheShot","floor":39},{"not_picked":["Dagger Throw+1","Escape Plan+1","Skewer+1"],"picked":"ClowCardTheMist+1","floor":41},{"not_picked":["Hidden Blade","Outmaneuver+1","ClowCardTheStorm"],"picked":"Sneak Up","floor":45},{"not_picked":["All Out Attack+1","Toxin Wave","Deadly Poison+1"],"picked":"ClowCardTheLibra+1","floor":46},{"not_picked":["Outmaneuver","ClowCardTheFreeze+1","ClowCardTheJump"],"picked":"ClowCardTheBubbles","floor":48}],"player_experience":1530113,"relics_obtained":[{"floor":1.0,"key":"LetterFromLob"},{"floor":9.0,"key":"Slimebound:PreparedRelic"},{"floor":26.0,"key":"KSMOD_YukitosBentoBox"},{"floor":28.0,"key":"WingedGreaves"},{"floor":43,"key":"Replay:Accelerometer"},{"floor":47,"key":"Replay:WaspNest"}],"event_choices":[],"is_beta":false,"boss_relics":[{"not_picked":["Snecko Eye","Pandora\u0027s Box"],"picked":"aspiration:SecretTechniqueScroll"},{"not_picked":["aspiration:MobileForge","Runic Dome"],"picked":"aspiration:SilentSkillbook"}],"items_purged_floors":[30],"is_endless":false,"potions_floor_spawned":[1,20,25,28,33,35,36,39,48],"ascension_level":0}}