{"host":"6bsan6hkua32tfq7","time":1612306600,"event":{"mods":["BaseMod","Better Third Choice","Colored Map","Highlight Path","Minty Spire (QoL Compilation)","StSLib"],"gold_per_floor":[110,110,110,121,135,135,163,163,163,163,163,173,190,216,216,290,290,300,319,333,333,333,333],"floor_reached":22,"language":"ENG","playtime":1063,"items_purged":[],"score":442,"play_id":"d7064f3e-2350-41ab-8faa-7a65e254afb6","local_time":"20210202235640","is_ascension_mode":true,"campfire_choices":[{"data":"Zap","floor":6,"key":"SMITH"},{"data":"Biased Cognition","floor":8,"key":"SMITH"},{"data":"Melter","floor":11,"key":"SMITH"},{"floor":15,"key":"REST"}],"circlet_count":0,"master_deck":["AscendersBane","Strike_B","Strike_B","Strike_B","Defend_B","Defend_B","Defend_B","Zap+1","Dualcast","Biased Cognition+1","Melter+1","Glacier","Cold Snap","Blizzard","Glacier+1","Steam+1","Capacitor","Rainbow+1","CurseOfTheBell","Steam+1","Genetic Algorithm+1","Conserve Battery+1","Echo Form"],"relics":["Cracked Core","Mummified Hand","Thread and Needle","Toxic Egg 2","Akabeko","Calling Bell","Strawberry","Darkstone Periapt","Shovel"],"acts_visited":["Exordium","TheCity"],"potions_floor_usage":[16],"damage_taken":[{"damage":1,"enemies":"Cultist","floor":1,"turns":3},{"damage":15,"enemies":"Small Slimes","floor":4,"turns":3},{"damage":0,"enemies":"2 Louse","floor":5,"turns":2},{"damage":23,"enemies":"3 Sentries","floor":7,"turns":9},{"damage":0,"enemies":"Exordium Thugs","floor":12,"turns":3},{"damage":0,"enemies":"3 Louse","floor":13,"turns":3},{"damage":0,"enemies":"Lagavulin","floor":14,"turns":8},{"damage":62,"enemies":"Slime Boss","floor":16,"turns":12},{"damage":6,"enemies":"2 Thieves","floor":18,"turns":3},{"damage":19,"enemies":"Shell Parasite","floor":19,"turns":10},{"damage":11,"enemies":"Sentry and Sphere","floor":20,"turns":4},{"damage":28,"enemies":"Snake Plant","floor":22,"turns":3}],"seed_played":"-2670313015573406712","potions_obtained":[{"floor":1,"key":"AttackPotion"},{"floor":7,"key":"FairyPotion"},{"floor":19,"key":"Ancient Potion"},{"floor":20,"key":"Explosive Potion"}],"is_trial":false,"path_per_floor":["M","T","?","M","M","R","E","R","T","?","R","M","M","E","R","B",null,"M","M","M","?","M"],"character_chosen":"DEFECT","items_purchased":[],"campfire_rested":1,"item_purchase_floors":[],"current_hp_per_floor":[63,63,56,41,41,41,18,18,18,18,18,18,18,18,39,5,62,56,37,26,26,0,0],"gold":333,"neow_bonus":"ONE_RANDOM_RARE_CARD","is_daily":false,"chose_seed":false,"campfire_upgraded":3,"win_rate":0.0,"timestamp":1612306600,"path_taken":["M","?","?","M","M","R","E","R","T","?","R","M","?","E","R","BOSS","M","M","M","?","?"],"items_purchased_type":[],"build_version":"2020-12-22","purchased_purges":0,"victory":false,"max_hp_per_floor":[71,71,71,71,71,71,71,71,71,71,71,71,71,71,71,71,78,78,78,78,78,78,78],"card_choices":[{"not_picked":["Conserve Battery","Beam Cell"],"picked":"Melter","floor":1},{"not_picked":["Steam","Compile Driver"],"picked":"Glacier","floor":4},{"not_picked":["Rebound","White Noise"],"picked":"Cold Snap","floor":5},{"not_picked":["Hologram","Stack"],"picked":"Blizzard","floor":7},{"not_picked":["BootSequence+1","Streamline"],"picked":"Glacier+1","floor":12},{"not_picked":["Static Discharge","Streamline"],"picked":"Steam+1","floor":13},{"not_picked":["Reprogram+1","Doom and Gloom"],"picked":"Capacitor","floor":14},{"not_picked":["Fission+1","Hyperbeam"],"picked":"Rainbow+1","floor":16},{"not_picked":["Streamline","Redo+1"],"picked":"Steam+1","floor":18},{"not_picked":["Gash","Redo+1"],"picked":"Genetic Algorithm+1","floor":19},{"not_picked":["Melter","Stack+1"],"picked":"Conserve Battery+1","floor":20}],"player_experience":5394649,"relics_obtained":[{"floor":2,"key":"Mummified Hand"},{"floor":7,"key":"Thread and Needle"},{"floor":9,"key":"Toxic Egg 2"},{"floor":14,"key":"Akabeko"},{"floor":17,"key":"Strawberry"},{"floor":17,"key":"Darkstone Periapt"},{"floor":17,"key":"Shovel"}],"event_choices":[{"cards_removed":["Defend_B"],"damage_healed":0,"gold_gain":0,"player_choice":"Card Removal","damage_taken":7,"max_hp_gain":0,"max_hp_loss":0,"event_name":"Golden Wing","floor":3,"gold_loss":0},{"cards_removed":["Strike_B"],"damage_healed":0,"gold_gain":0,"player_choice":"Forget","damage_taken":0,"max_hp_gain":0,"max_hp_loss":0,"event_name":"Living Wall","floor":10,"gold_loss":0},{"damage_healed":0,"gold_gain":0,"player_choice":"1 cards matched","damage_taken":0,"max_hp_gain":0,"max_hp_loss":0,"event_name":"Match and Keep!","floor":21,"gold_loss":0,"cards_obtained":["Echo Form"]}],"is_beta":false,"boss_relics":[{"not_picked":["Snecko Eye","Velvet Choker"],"picked":"Calling Bell"}],"items_purged_floors":[],"is_endless":false,"potions_floor_spawned":[1,7,13,19,20],"killed_by":"Snake Plant","ascension_level":20}}