{"host":"eebsr5bfap1y39p2","time":1612234384,"event":{"mods":["AchievementEnabler","BaseMod","Colored Map","Minty Spire (QoL Compilation)","StSLib","SuperFastMode"],"gold_per_floor":[110,124,134,134,25,25,55,55,55,66,66,82,82,92,92,189,189,204,204,216,60,60,60,76,111,156,181,193,230,142,154,154,255,255,265,140,203,301,351,383,383,415,415,426,437,472,491,506,506,506],"floor_reached":51,"language":"KOR","playtime":1611,"items_purged":["Defend_P","Strike_P","Defend_P"],"score":1365,"play_id":"ef0151b7-5f7c-4c72-bc1f-9a902c913f01","local_time":"20210201215304","is_ascension_mode":true,"campfire_choices":[{"data":"Eruption","floor":6.0,"key":"SMITH"},{"data":"Adaptation","floor":8.0,"key":"SMITH"},{"floor":11.0,"key":"REST"},{"data":"Vault","floor":13.0,"key":"SMITH"},{"data":"ClearTheMind","floor":15.0,"key":"SMITH"},{"data":"Scrawl","floor":23.0,"key":"SMITH"},{"floor":28.0,"key":"RECALL"},{"floor":32.0,"key":"REST"},{"data":"FearNoEvil","floor":41,"key":"SMITH"},{"data":"Vigilance","floor":49,"key":"SMITH"}],"circlet_count":0,"master_deck":["Strike_P","Strike_P","Defend_P","Defend_P","Eruption+1","Vigilance+1","ClearTheMind+1","Vault+1","Adaptation+1","Scrawl+1","FearNoEvil+1"],"relics":["PureWater","NeowsBlessing","InkBottle","Damaru","VioletLotus","Regal Pillow","SsserpentHead","Bag of Marbles","MawBank","White Beast Statue","SlaversCollar","Pocketwatch","Oddly Smooth Stone","Nunchaku","StoneCalendar","Strawberry"],"acts_visited":["Exordium","TheCity","TheBeyond"],"potions_floor_usage":[46,50],"damage_taken":[{"damage":0.0,"enemies":"Cultist","floor":1.0,"turns":1.0},{"damage":0.0,"enemies":"Small Slimes","floor":2.0,"turns":1.0},{"damage":0.0,"enemies":"2 Louse","floor":3.0,"turns":2.0},{"damage":32.0,"enemies":"Gremlin Nob","floor":7.0,"turns":3.0},{"damage":12.0,"enemies":"Lots of Slimes","floor":10.0,"turns":3.0},{"damage":0.0,"enemies":"Looter","floor":12.0,"turns":2.0},{"damage":0.0,"enemies":"3 Louse","floor":14.0,"turns":3.0},{"damage":35.0,"enemies":"Hexaghost","floor":16.0,"turns":11.0},{"damage":4.0,"enemies":"3 Byrds","floor":18.0,"turns":5.0},{"damage":0.0,"enemies":"2 Thieves","floor":20.0,"turns":3.0},{"damage":0.0,"enemies":"Snake Plant","floor":24.0,"turns":3.0},{"damage":8.0,"enemies":"Book of Stabbing","floor":25.0,"turns":4.0},{"damage":2.0,"enemies":"Slavers","floor":27.0,"turns":4.0},{"damage":0.0,"enemies":"Gremlin Leader","floor":29.0,"turns":4.0},{"damage":0.0,"enemies":"Shelled Parasite and Fungi","floor":31.0,"turns":2.0},{"damage":0.0,"enemies":"Automaton","floor":33.0,"turns":3.0},{"damage":0,"enemies":"3 Darklings","floor":35,"turns":3},{"damage":0,"enemies":"3 Shapes","floor":37,"turns":2},{"damage":0,"enemies":"2 Orb Walkers","floor":38,"turns":2},{"damage":0,"enemies":"Reptomancer","floor":40,"turns":2},{"damage":0,"enemies":"Giant Head","floor":42,"turns":1},{"damage":8,"enemies":"3 Darklings","floor":44,"turns":2},{"damage":0,"enemies":"Maw","floor":45,"turns":3},{"damage":0,"enemies":"Reptomancer","floor":46,"turns":4},{"damage":0,"enemies":"Transient","floor":47,"turns":1},{"damage":0,"enemies":"Sphere and 2 Shapes","floor":48,"turns":2},{"damage":0,"enemies":"Donu and Deca","floor":50,"turns":3}],"seed_played":"-2043231065843456676","potions_obtained":[{"floor":1.0,"key":"GamblersBrew"},{"floor":7.0,"key":"Swift Potion"},{"floor":10.0,"key":"FearPotion"},{"floor":37,"key":"Energy Potion"},{"floor":47,"key":"Regen Potion"}],"is_trial":false,"path_per_floor":["M","M","M","?","$","R","E","R","T","M","R","M","R","M","R","B",null,"M","?","M","$","?","R","M","E","T","E","R","E","$","M","R","B",null,"M","$","M","?","?","E","R","E","T","M","M","E","M","M","R","B",null],"character_chosen":"WATCHER","items_purchased":["Adaptation","Regal Pillow"],"campfire_rested":2,"item_purchase_floors":[5,21],"current_hp_per_floor":[72,72,72,72,72,72,40,40,40,28,49,49,49,49,49,14,58,54,54,54,54,54,54,54,46,46,44,44,44,44,44,72,72,72,72,72,72,72,72,72,72,72,72,64,64,71,71,71,71,71],"gold":506,"neow_bonus":"THREE_ENEMY_KILL","is_daily":false,"chose_seed":false,"campfire_upgraded":7,"win_rate":0.0,"timestamp":1612234384,"path_taken":["M","?","M","?","$","R","E","R","T","M","R","M","R","M","R","BOSS","M","?","M","$","?","R","M","E","T","E","R","E","$","M","R","BOSS","M","$","?","?","?","E","R","E","T","M","M","E","M","M","R","BOSS"],"items_purchased_type":["Card","Relic"],"build_version":"2020-12-22","purchased_purges":3,"victory":true,"max_hp_per_floor":[72,72,72,72,72,72,72,72,72,72,72,72,72,72,72,72,72,72,72,72,72,72,72,72,72,72,72,72,72,72,72,72,72,72,72,72,72,72,72,72,72,72,72,72,72,79,79,79,79,79],"card_choices":[{"not_picked":["SignatureMove","JustLucky"],"picked":"ClearTheMind","floor":1.0},{"not_picked":["Halt","Weave","WaveOfTheHand"],"picked":"SKIP","floor":2.0},{"not_picked":["CutThroughFate","CrushJoints","Protect"],"picked":"SKIP","floor":3.0},{"not_picked":["SignatureMove","ThirdEye","Meditate"],"picked":"SKIP","floor":7.0},{"not_picked":["Conclude","Wireheading","WindmillStrike"],"picked":"SKIP","floor":10.0},{"not_picked":["CutThroughFate","Evaluate","Adaptation"],"picked":"SKIP","floor":12.0},{"not_picked":["Evaluate","Prostrate","Judgement"],"picked":"SKIP","floor":14.0},{"not_picked":["Omniscience","Establishment"],"picked":"Scrawl","floor":16.0},{"not_picked":["ThirdEye","EmptyFist"],"picked":"FearNoEvil","floor":18.0},{"not_picked":["BowlingBash","Vengeance","Prostrate"],"picked":"SKIP","floor":20.0},{"not_picked":["Wallop","WaveOfTheHand+1","Protect"],"picked":"SKIP","floor":24.0},{"not_picked":["Worship","BowlingBash","Brilliance"],"picked":"SKIP","floor":25.0},{"not_picked":["Study+1","ClearTheMind+1","Evaluate"],"picked":"SKIP","floor":27.0},{"not_picked":["CrushJoints","Consecrate","CarveReality+1"],"picked":"SKIP","floor":29.0},{"not_picked":["CrushJoints","EmptyBody","PathToVictory"],"picked":"SKIP","floor":31.0},{"not_picked":["SignatureMove+1","Study+1","JustLucky"],"picked":"SKIP","floor":35},{"not_picked":["EmptyBody","Evaluate","CrushJoints+1"],"picked":"SKIP","floor":37},{"not_picked":["EmptyMind+1","FollowUp+1","Halt+1"],"picked":"SKIP","floor":40},{"not_picked":["Evaluate","CrushJoints","Consecrate+1"],"picked":"SKIP","floor":42},{"not_picked":["PathToVictory+1","FlurryOfBlows","SashWhip"],"picked":"SKIP","floor":44},{"not_picked":["CrushJoints","Prostrate","FollowUp+1"],"picked":"SKIP","floor":45},{"not_picked":["CrushJoints","Prostrate","FollowUp+1"],"picked":"SKIP","floor":45},{"not_picked":["SpiritShield","EmptyFist+1","FollowUp"],"picked":"SKIP","floor":46},{"not_picked":["BowlingBash+1","ForeignInfluence","Perseverance"],"picked":"SKIP","floor":47},{"not_picked":["SashWhip","EmptyFist","BattleHymn+1"],"picked":"SKIP","floor":48}],"player_experience":386230,"relics_obtained":[{"floor":7.0,"key":"InkBottle"},{"floor":9.0,"key":"Damaru"},{"floor":25.0,"key":"Bag of Marbles"},{"floor":27.0,"key":"MawBank"},{"floor":29.0,"key":"White Beast Statue"},{"floor":38,"key":"Pocketwatch"},{"floor":40,"key":"Oddly Smooth Stone"},{"floor":42,"key":"Nunchaku"},{"floor":43,"key":"StoneCalendar"},{"floor":46,"key":"Strawberry"}],"event_choices":[{"damage_healed":0.0,"max_hp_gain":0.0,"max_hp_loss":0.0,"gold_gain":0.0,"event_name":"Match and Keep!","player_choice":"1 cards matched","floor":4.0,"gold_loss":0.0,"damage_taken":0.0,"cards_obtained":["Vault"]},{"cards_removed":["Strike_P"],"damage_healed":0.0,"max_hp_gain":0.0,"max_hp_loss":0.0,"gold_gain":0.0,"event_name":"Back to Basics","player_choice":"Elegance","floor":19.0,"gold_loss":0.0,"damage_taken":0.0},{"damage_healed":0.0,"max_hp_gain":0.0,"max_hp_loss":0.0,"gold_gain":0.0,"event_name":"FaceTrader","player_choice":"Trade","floor":22.0,"gold_loss":0.0,"damage_taken":0.0,"relics_obtained":["SsserpentHead"]},{"damage_healed":0,"gold_gain":0,"player_choice":"Fight","damage_taken":0,"max_hp_gain":0,"max_hp_loss":0,"event_name":"Mysterious Sphere","floor":38,"gold_loss":0},{"damage_healed":0,"gold_gain":0,"player_choice":"Memory 1","damage_taken":0,"max_hp_gain":0,"max_hp_loss":0,"event_name":"SensoryStone","floor":39,"gold_loss":0}],"is_beta":false,"boss_relics":[{"not_picked":["Busted Crown","Black Star"],"picked":"VioletLotus"},{"not_picked":["Pandora\u0027s Box","Astrolabe"],"picked":"SlaversCollar"}],"items_purged_floors":[5,30,36],"is_endless":false,"potions_floor_spawned":[1,7,10,12,20,29,31,33,35,37,38,40,42,44,45,46,47,48],"ascension_level":5}}