{"host":"j4g6ia6asvpyu2b0","time":1612303449,"event":{"mods":["BaseMod","Colored Map","Minty Spire (QoL Compilation)","Permanent Neow","Quick Restart","Relic Stats","StSLib","Unceasing Turn Reminder"],"gold_per_floor":[11,11,286,297,312,338,338,354,354,354,373,548,548,372,372,372,372],"floor_reached":16,"language":"ENG","playtime":264,"items_purged":["Regret"],"score":105,"play_id":"04d812b7-7a72-4d4f-95de-ffe152ed7d58","local_time":"20210202150409","is_ascension_mode":true,"campfire_choices":[{"data":"Bash","floor":7,"key":"SMITH"},{"floor":10,"key":"REST"},{"data":"Brutality","floor":13,"key":"SMITH"},{"floor":15,"key":"RECALL"}],"circlet_count":0,"master_deck":["Strike_R","Strike_R","Strike_R","Strike_R","Defend_R","Defend_R","Bash+1","Brutality+1","Doubt"],"relics":["Burning Blood","Bag of Preparation","Ancient Tea Set"],"acts_visited":["Exordium"],"potions_floor_usage":[11,16],"damage_taken":[{"damage":5,"enemies":"Cultist","floor":1,"turns":4},{"damage":11,"enemies":"Small Slimes","floor":4,"turns":4},{"damage":6,"enemies":"2 Louse","floor":5,"turns":3},{"damage":42,"enemies":"Gremlin Nob","floor":6,"turns":5},{"damage":19,"enemies":"Blue Slaver","floor":8,"turns":4},{"damage":0,"enemies":"Lots of Slimes","floor":11,"turns":1},{"damage":55,"enemies":"Hexaghost","floor":16,"turns":8}],"seed_played":"267610284327466102","potions_obtained":[{"floor":4,"key":"ElixirPotion"},{"floor":6,"key":"Ancient Potion"},{"floor":8,"key":"Explosive Potion"}],"is_trial":false,"path_per_floor":["M","?","?","M","M","E","R","M","T","R","M","?","R","$","R","B"],"character_chosen":"IRONCLAD","items_purchased":["CultistPotion"],"campfire_rested":1,"item_purchase_floors":[14],"current_hp_per_floor":[80,80,80,75,75,39,39,26,26,50,56,56,56,56,56,1,1],"gold":372,"neow_bonus":"REMOVE_TWO","is_daily":false,"chose_seed":false,"campfire_upgraded":2,"win_rate":0.0,"timestamp":1612303449,"path_taken":["M","?","?","M","M","E","R","M","T","R","?","?","R","$","R","BOSS"],"items_purchased_type":["Potion"],"build_version":"2020-12-22","purchased_purges":1,"victory":false,"max_hp_per_floor":[80,80,80,80,80,80,80,80,80,80,80,80,80,80,80,80,80],"relic_stats":{"counters":[7,28],"Bag of Preparation":[6],"obtain_stats":[{"Bag of Preparation":6,"Ancient Tea Set":9,"Burning Blood":0},{"Bag of Preparation":4,"Ancient Tea Set":5,"Burning Blood":0},{"Bag of Preparation":16,"Ancient Tea Set":20,"Burning Blood":0}],"Burning Blood":35},"card_choices":[{"not_picked":["Thunderclap","Heavy Blade","Feel No Pain"],"picked":"SKIP","floor":1},{"not_picked":["Flex","Seeing Red","Sword Boomerang"],"picked":"SKIP","floor":4},{"not_picked":["Clothesline","Iron Wave","Perfected Strike"],"picked":"SKIP","floor":5},{"not_picked":["Pummel","Wild Strike","Rage"],"picked":"SKIP","floor":6},{"not_picked":["Ghostly Armor","Headbutt","Combust"],"picked":"SKIP","floor":8},{"not_picked":["Headbutt","Heavy Blade"],"picked":"Brutality","floor":11}],"player_experience":1108615,"relics_obtained":[{"floor":6,"key":"Bag of Preparation"},{"floor":9,"key":"Ancient Tea Set"}],"event_choices":[{"cards_removed":["Defend_R"],"damage_healed":0,"gold_gain":0,"player_choice":"Forget","damage_taken":0,"max_hp_gain":0,"max_hp_loss":0,"event_name":"Living Wall","floor":2,"gold_loss":0},{"damage_healed":0,"gold_gain":275,"player_choice":"Desecrate","damage_taken":0,"max_hp_gain":0,"max_hp_loss":0,"event_name":"Golden Shrine","floor":3,"gold_loss":0,"cards_obtained":["Regret"]},{"damage_healed":0,"gold_gain":175,"player_choice":"AGREE","damage_taken":0,"max_hp_gain":0,"max_hp_loss":0,"event_name":"Liars Game","floor":12,"gold_loss":0,"cards_obtained":["Doubt"]}],"is_beta":false,"boss_relics":[],"items_purged_floors":[14],"is_endless":false,"potions_floor_spawned":[4,6,8],"killed_by":"Hexaghost","ascension_level":1}}