{"host":"5n1fl7z5i1vf7jan","time":1612243611,"event":{"mods":["BaseMod","Minty Spire (QoL Compilation)","Quick Restart","Relic Stats"],"gold_per_floor":[215,46,62,75,94,124,124,174,174,193,211,228,257,273,273,273,273],"floor_reached":16,"language":"ENG","playtime":530,"items_purged":[],"score":268,"play_id":"51d95fcf-e07f-404a-bea5-f8e6ff723d84","local_time":"20210201212651","is_ascension_mode":true,"campfire_choices":[{"floor":7.0,"key":"REST"},{"data":"Ragnarok","floor":15.0,"key":"SMITH"}],"circlet_count":0,"master_deck":["AscendersBane","Strike_P","Strike_P","Strike_P","Strike_P","Defend_P","Defend_P","Defend_P","Defend_P","Eruption","Vigilance","Consecrate","Ragnarok+1","FollowUp","TalkToTheHand","ConjureBlade","Halt","FlurryOfBlows","Weave","BowlingBash"],"relics":["PureWater","Gremlin Horn","Mummified Hand","Pantograph"],"acts_visited":["Exordium"],"potions_floor_usage":[],"damage_taken":[{"damage":1.0,"enemies":"Cultist","floor":1.0,"turns":3.0},{"damage":1.0,"enemies":"2 Louse","floor":3.0,"turns":2.0},{"damage":0.0,"enemies":"Jaw Worm","floor":4.0,"turns":3.0},{"damage":12.0,"enemies":"Large Slime","floor":5.0,"turns":5.0},{"damage":39.0,"enemies":"3 Sentries","floor":6.0,"turns":8.0},{"damage":0.0,"enemies":"2 Fungi Beasts","floor":10.0,"turns":3.0},{"damage":1.0,"enemies":"Looter","floor":11.0,"turns":5.0},{"damage":0.0,"enemies":"Exordium Thugs","floor":12.0,"turns":2.0},{"damage":0.0,"enemies":"Gremlin Nob","floor":13.0,"turns":2.0},{"damage":0.0,"enemies":"Exordium Wildlife","floor":14.0,"turns":1.0},{"damage":59,"enemies":"Slime Boss","floor":16,"turns":5}],"seed_played":"-3177583585602499449","potions_obtained":[{"floor":3.0,"key":"Dexterity Potion"},{"floor":5.0,"key":"GamblersBrew"},{"floor":11.0,"key":"SneckoOil"},{"floor":13.0,"key":"BottledMiracle"}],"is_trial":false,"path_per_floor":["M","$","M","M","M","E","R","?","T","M","M","M","E","M","R","B"],"character_chosen":"WATCHER","items_purchased":["Ragnarok"],"campfire_rested":1,"item_purchase_floors":[2],"current_hp_per_floor":[60,60,59,59,47,8,28,28,28,28,27,27,27,27,27,0,0],"gold":273,"neow_bonus":"HUNDRED_GOLD","is_daily":false,"chose_seed":false,"campfire_upgraded":1,"win_rate":0.0,"timestamp":1612243611,"path_taken":["M","$","?","M","M","E","R","?","T","M","M","M","E","M","R","BOSS"],"items_purchased_type":["Card"],"build_version":"2020-12-22","purchased_purges":0,"victory":false,"max_hp_per_floor":[68,68,68,68,68,68,68,68,68,68,68,68,68,68,68,68,68],"relic_stats":{"Gremlin Horn":[3,3],"counters":[11,39],"Mummified Hand":[0],"Pantograph":25,"obtain_stats":[{"Gremlin Horn":6,"Mummified Hand":9,"Pantograph":13,"PureWater":0},{"Gremlin Horn":5,"Mummified Hand":5,"Pantograph":9,"PureWater":0},{"Gremlin Horn":21,"Mummified Hand":21,"Pantograph":33,"PureWater":0}]},"card_choices":[{"not_picked":["JustLucky","Prostrate"],"picked":"Consecrate","floor":1.0},{"not_picked":["JustLucky","Protect"],"picked":"FollowUp","floor":3.0},{"not_picked":["EmptyFist","EmptyBody","SashWhip"],"picked":"SKIP","floor":4.0},{"not_picked":["EmptyFist","LikeWater"],"picked":"TalkToTheHand","floor":5.0},{"not_picked":["Nirvana","Consecrate"],"picked":"ConjureBlade","floor":6.0},{"not_picked":["EmptyBody","ThirdEye"],"picked":"Halt","floor":10.0},{"not_picked":["SashWhip","Adaptation"],"picked":"FlurryOfBlows","floor":11.0},{"not_picked":["PathToVictory","Brilliance"],"picked":"Weave","floor":12.0},{"not_picked":["Vengeance","Protect"],"picked":"BowlingBash","floor":13.0},{"not_picked":["PathToVictory","Halt","Crescendo"],"picked":"SKIP","floor":14.0}],"player_experience":300678,"relics_obtained":[{"floor":6.0,"key":"Gremlin Horn"},{"floor":9.0,"key":"Mummified Hand"},{"floor":13.0,"key":"Pantograph"}],"event_choices":[{"damage_healed":0.0,"max_hp_gain":0.0,"max_hp_loss":0.0,"gold_gain":50.0,"event_name":"Golden Shrine","player_choice":"Pray","floor":8.0,"gold_loss":0.0,"damage_taken":0.0}],"is_beta":false,"boss_relics":[],"items_purged_floors":[],"is_endless":false,"potions_floor_spawned":[3,5,11,13],"killed_by":"Slime Boss","ascension_level":18}}