{"host":"Ringo","time":1612275348,"event":{"mods":["BaseMod","Colored Map","Conspire","Dota2Spire","Hubris","Minty Spire (QoL Compilation)","Replay The Spire","StSLib","The Construct","[IsaacMod]ÒÔÈö¼âËþ","¡¾ÒÅÎï¿¨ÅÆ¡¿REMEMod"],"gold_per_floor":[99,117,160,176,192,220,248,282,282,308,338,356,385,405,405,477,477,493,509,509,541,556,587,587,587],"floor_reached":24,"language":"ZHS","playtime":662,"items_purged":[],"score":951,"play_id":"03ecbd14-c018-49d7-a97e-b666498ae0be","local_time":"20210202221548","daily_mods":["SealedDeck","Vintage","Colorless Cards","Heirloom","Time Dilation","Flight","DeadlyEvents","Elite Swarm","Lethality","Binary"],"is_ascension_mode":true,"campfire_choices":[{"data":"Blade Dance","floor":15,"key":"SMITH"}],"circlet_count":0,"master_deck":["AscendersBane","Quick Slash","hubris:Insight","Dodge and Roll","Blade Dance","Blade Dance","Blade Dance","Hidden Blade","Acrobatics","Backflip","Riddle With Holes+1","Blade Dance+1"],"relics":["Ring of the Snake","Busted Crown","HushsDoor","REME_ComplimentaryCards","replay:Trail_Library","Durian","Chaos","Du-Vu Doll","hubris:Backtick","Shuriken","Lizard Tail","TwistedFunnel","Mummified Hand","Vampiric Spirits","Molten Egg 2","Unceasing Top","JudasShadow","Replay:Bottled Steam","AnarchistCookbook","Bronze Scales","Art of War","ReplayTheSpireMod:Ninjato","Bag of Preparation","TheAbacus","DeathBook","DoctorsRemote","ReplayTheSpireMod:TigerMarble"],"acts_visited":["Exordium","TheCity"],"potions_floor_usage":[3,16,16,22],"damage_taken":[{"damage":0,"enemies":"Jaw Worm","floor":2,"turns":1},{"damage":0,"enemies":"Cultist","floor":3,"turns":1},{"damage":7,"enemies":"conspire:RoseBush","floor":4,"turns":1},{"damage":0,"enemies":"2 Fungi Beasts","floor":5,"turns":1},{"damage":0,"enemies":"Gremlin Nob","floor":6,"turns":1},{"damage":0,"enemies":"3 Sentries","floor":7,"turns":2},{"damage":0,"enemies":"Replay:BlueRogue","floor":8,"turns":1},{"damage":0,"enemies":"3 Sentries","floor":10,"turns":2},{"damage":0,"enemies":"Gremlin Nob","floor":11,"turns":1},{"damage":0,"enemies":"Blue Slaver","floor":12,"turns":1},{"damage":0,"enemies":"3 Sentries","floor":13,"turns":2},{"damage":0,"enemies":"3 Louse","floor":14,"turns":1},{"damage":20,"enemies":"The Guardian","floor":16,"turns":2},{"damage":0,"enemies":"conspire:FuzzyDice","floor":18,"turns":1},{"damage":0,"enemies":"Shell Parasite","floor":19,"turns":1},{"damage":21,"enemies":"Replay:Snechameleon","floor":21,"turns":2},{"damage":3,"enemies":"Shelled Parasite and Fungi","floor":22,"turns":2},{"damage":20,"enemies":"Slavers","floor":23,"turns":2},{"damage":0,"enemies":"Gremlin Leader","floor":24,"turns":1}],"seed_played":"2753003174007132845","potions_obtained":[{"floor":2,"key":"REME_GoldPotion"},{"floor":6,"key":"SkillPotion"},{"floor":8,"key":"LiquidBronze"},{"floor":16,"key":"Elixir"},{"floor":21,"key":"Dota2Spire:HealingSalve"},{"floor":23,"key":"Regen Potion"}],"is_trial":true,"path_per_floor":["?","M","M","M","M","E","E","E","T","E","E","M","E","M","R","B",null,"M","M","?","E","M","E","E"],"character_chosen":"THE_SILENT","items_purchased":[],"campfire_rested":0,"item_purchase_floors":[],"current_hp_per_floor":[64,64,64,57,57,57,57,71,71,71,71,71,71,71,71,51,66,71,71,71,50,68,51,51,51],"gold":587,"neow_bonus":"","is_daily":false,"chose_seed":false,"campfire_upgraded":1,"win_rate":0.0,"timestamp":1612275348,"path_taken":["?","M","M","M","M","E","E","E","T","E","E","M","E","?","R","BOSS","M","M","?","?","?","E","E"],"items_purchased_type":[],"build_version":"2020-12-18","purchased_purges":0,"victory":false,"max_hp_per_floor":[71,71,71,71,71,71,71,71,71,71,71,71,71,71,71,71,71,71,71,71,71,71,71,71,71],"card_choices":[],"player_experience":616268,"relics_obtained":[{"floor":2,"key":"Du-Vu Doll"},{"floor":3,"key":"hubris:Backtick"},{"floor":4,"key":"Lizard Tail"},{"floor":5,"key":"TwistedFunnel"},{"floor":6,"key":"Mummified Hand"},{"floor":7,"key":"Vampiric Spirits"},{"floor":8,"key":"Molten Egg 2"},{"floor":9,"key":"Unceasing Top"},{"floor":10,"key":"JudasShadow"},{"floor":11,"key":"Replay:Bottled Steam"},{"floor":12,"key":"AnarchistCookbook"},{"floor":13,"key":"Bronze Scales"},{"floor":14,"key":"Art of War"},{"floor":18,"key":"Bag of Preparation"},{"floor":19,"key":"TheAbacus"},{"floor":21,"key":"DeathBook"},{"floor":22,"key":"DoctorsRemote"},{"floor":23,"key":"ReplayTheSpireMod:TigerMarble"}],"event_choices":[],"is_beta":true,"boss_relics":[{"not_picked":["Pocketwatch","Replay:Frozen Program"],"picked":"ReplayTheSpireMod:Ninjato"},{"not_picked":[]}],"items_purged_floors":[],"is_endless":false,"potions_floor_spawned":[2,6,8,14,16,21,23],"killed_by":"Gremlin Leader","ascension_level":20}}