{"host":"gk9qdtkqd8dwfeg2","time":1612279697,"event":{"mods":["Act Like it!","Aspiration","BaseMod","Colored Powertips","Minty Spire (QoL Compilation)","Quick Restart","Shop Mod","StSLib","TestMod","The Servant 0.9.4","Waifu the Spire","WarShipGirlsR/’ΩΩ¢…Ÿ≈ÆR mod"],"gold_per_floor":[111,111,4,4,20,54,82,130,142,154,166,10,10,38,38,124,124,79,79,79],"floor_reached":19,"language":"ZHS","playtime":626,"items_purged":[],"score":400,"play_id":"9c43bfc4-ce3b-43ed-9be8-a08b57423dc1","local_time":"20210202232817","is_ascension_mode":true,"campfire_choices":[{"floor":11,"key":"REST"},{"data":"Neutralize","floor":13,"key":"SMITH"},{"floor":15,"key":"REST"}],"circlet_count":0,"master_deck":["AscendersBane","Strike_G","Strike_G","Strike_G","Defend_G","Defend_G","Defend_G","Defend_G","Defend_G","Survivor","Neutralize+1","Backflip","Prepared+1","Well Laid Plans","Terror+1","Blade Dance+1","Blur+1","Cloak And Dagger+1","A Thousand Cuts"],"relics":["Ring of the Snake","testmod-TestBox","testmod-Temperance","NeowsBlessing","Toxic Egg 2","testmod-AssaultLearning","MawBank","CeramicFish","aspiration:ChemicalBlood","MerchantsRug","Black Star"],"acts_visited":["Exordium","TheCity"],"potions_floor_usage":[16,18],"damage_taken":[{"damage":0,"enemies":"Jaw Worm","floor":1,"turns":1},{"damage":0,"enemies":"Small Slimes","floor":5,"turns":1},{"damage":0,"enemies":"Lagavulin","floor":6,"turns":1},{"damage":4,"enemies":"Cultist","floor":7,"turns":4},{"damage":36,"enemies":"Gremlin Nob","floor":8,"turns":4},{"damage":2,"enemies":"Blue Slaver","floor":14,"turns":3},{"damage":16,"enemies":"The Guardian","floor":16,"turns":12},{"damage":0,"enemies":"2 Thieves","floor":18,"turns":5},{"damage":0,"enemies":"Masked Bandits","floor":19,"turns":1}],"seed_played":"-3231818402010922409","potions_obtained":[{"floor":5,"key":"Weak Potion"},{"floor":6,"key":"DuplicationPotion"}],"is_trial":false,"path_per_floor":["M","?","$","?","M","E","M","E","T","$","R","$","R","M","R","B",null,"M","?"],"character_chosen":"THE_SILENT","items_purchased":["Prepared+1","Well Laid Plans","MerchantsRug"],"campfire_rested":2,"item_purchase_floors":[3,3,12],"current_hp_per_floor":[59,59,59,48,48,48,44,8,8,8,27,27,27,25,44,28,57,57,57,57],"gold":79,"neow_bonus":"THREE_ENEMY_KILL","is_daily":false,"chose_seed":false,"campfire_upgraded":1,"win_rate":0.0,"timestamp":1612279697,"path_taken":["M","?","$","?","M","E","M","E","T","$","R","?","R","M","R","BOSS","M","?"],"items_purchased_type":["Card","Card","Relic"],"build_version":"2020-12-22","purchased_purges":0,"victory":false,"max_hp_per_floor":[66,66,66,66,66,66,66,66,66,66,66,66,66,66,66,66,66,66,66,66],"card_choices":[{"not_picked":["Bane","Outmaneuver"],"picked":"Backflip","floor":1},{"not_picked":["Footwork","Flying Knee"],"picked":"Terror+1","floor":5},{"not_picked":["Deflect+1","Bouncing Flask+1","Quick Slash"],"picked":"SKIP","floor":6},{"not_picked":["Outmaneuver+1","Dash"],"picked":"Blade Dance+1","floor":7},{"not_picked":["Dodge and Roll+1","Die Die Die"],"picked":"Blur+1","floor":8},{"not_picked":["PiercingWail+1","Bane"],"picked":"Cloak And Dagger+1","floor":14},{"not_picked":["Wraith Form v2","Grand Finale"],"picked":"A Thousand Cuts","floor":16},{"not_picked":["PiercingWail+1","Sucker Punch","Noxious Fumes"],"picked":"SKIP","floor":18}],"player_experience":692115,"relics_obtained":[{"floor":6,"key":"MawBank"},{"floor":8,"key":"CeramicFish"},{"floor":9,"key":"aspiration:ChemicalBlood"}],"event_choices":[{"damage_healed":0,"gold_gain":0,"player_choice":"Success","damage_taken":11,"relics_obtained":["testmod-AssaultLearning"],"max_hp_gain":0,"max_hp_loss":0,"event_name":"Scrap Ooze","floor":4,"gold_loss":0},{"damage_healed":0,"gold_gain":0,"player_choice":"Fought Bandits","damage_taken":0,"max_hp_gain":0,"max_hp_loss":0,"event_name":"Masked Bandits","floor":19,"gold_loss":0}],"is_beta":false,"boss_relics":[{"not_picked":["testmod-DreamHouse","testmod-BloodSacrificeSpiritualization"],"picked":"Black Star"}],"items_purged_floors":[],"is_endless":false,"potions_floor_spawned":[5,6,16],"killed_by":"Masked Bandits","ascension_level":20}}