{"host":"uv231blk40vjdojr","time":1612278267,"event":{"mods":["BaseMod","Bestiary","Minty Spire (QoL Compilation)","Relic Stats"],"gold_per_floor":[117,117,192,192,202,202,233,233,233,260,271,196,196,2,2,74,74,85,85,102,24,36,36,36,36],"floor_reached":24,"language":"ENG","playtime":905,"items_purged":["Strike_P"],"score":404,"play_id":"4ede396f-cff4-4c52-be2c-f00db4907534","local_time":"20210202160427","is_ascension_mode":true,"campfire_choices":[{"data":"Eruption","floor":6,"key":"SMITH"},{"data":"Consecrate","floor":8,"key":"SMITH"},{"data":"Wallop","floor":13,"key":"SMITH"},{"data":"Tantrum","floor":15,"key":"SMITH"},{"floor":23,"key":"REST"}],"circlet_count":0,"master_deck":["AscendersBane","Strike_P","Strike_P","Defend_P","Defend_P","Defend_P","Defend_P","Eruption+1","Vigilance","Wallop+1","LikeWater","CutThroughFate","Consecrate+1","Tantrum+1","EmptyFist","DevaForm","CutThroughFate+1","Wallop","Protect"],"relics":["PureWater","Unceasing Top","Du-Vu Doll","Pantograph","Orichalcum","Membership Card","VioletLotus","Nilry\u0027s Codex"],"acts_visited":["Exordium","TheCity"],"potions_floor_usage":[7,20,22,22],"damage_taken":[{"damage":1,"enemies":"Small Slimes","floor":1,"turns":5},{"damage":2,"enemies":"Cultist","floor":5,"turns":4},{"damage":5,"enemies":"Lagavulin","floor":7,"turns":7},{"damage":10,"enemies":"3 Sentries","floor":10,"turns":3},{"damage":0,"enemies":"2 Louse","floor":11,"turns":1},{"damage":20,"enemies":"Hexaghost","floor":16,"turns":8},{"damage":12,"enemies":"Spheric Guardian","floor":18,"turns":3},{"damage":13,"enemies":"Shell Parasite","floor":20,"turns":2},{"damage":0,"enemies":"Snecko","floor":22,"turns":2},{"damage":40,"enemies":"Slavers","floor":24,"turns":4}],"seed_played":"2662369767124836898","potions_obtained":[{"floor":1,"key":"Ambrosia"},{"floor":10,"key":"DuplicationPotion"},{"floor":18,"key":"Explosive Potion"},{"floor":20,"key":"Ambrosia"}],"is_trial":false,"path_per_floor":["M","?","?","?","M","R","E","R","T","E","M","?","R","$","R","B",null,"M","?","M","$","M","R","E"],"character_chosen":"WATCHER","items_purchased":["Membership Card","EmptyFist","Wallop"],"campfire_rested":1,"item_purchase_floors":[14,14,21],"current_hp_per_floor":[60,60,49,49,47,47,42,42,42,32,32,32,32,32,32,37,56,44,23,10,10,10,28,0,0],"gold":36,"neow_bonus":"ONE_RARE_RELIC","is_daily":false,"chose_seed":false,"campfire_upgraded":4,"win_rate":0.0,"timestamp":1612278267,"path_taken":["M","?","?","?","M","R","E","R","T","E","?","?","R","$","R","BOSS","M","?","M","$","M","R","E"],"items_purchased_type":["Relic","Card","Card"],"build_version":"2020-12-22","purchased_purges":1,"victory":false,"max_hp_per_floor":[62,62,62,62,62,62,62,62,62,62,62,62,62,62,62,62,62,62,62,62,62,62,62,62,62],"relic_stats":{"counters":[10,39],"Pantograph":25,"VioletLotus":[1],"Orichalcum":[24],"obtain_stats":[{"Du-Vu Doll":7,"Nilry\u0027s Codex":19,"Pantograph":9,"VioletLotus":17,"Membership Card":14,"PureWater":0,"Orichalcum":10,"Unceasing Top":0},{"Du-Vu Doll":3,"Nilry\u0027s Codex":7,"Pantograph":3,"VioletLotus":6,"Membership Card":5,"PureWater":0,"Orichalcum":4,"Unceasing Top":0},{"Du-Vu Doll":16,"Nilry\u0027s Codex":31,"Pantograph":16,"VioletLotus":28,"Membership Card":20,"PureWater":0,"Orichalcum":19,"Unceasing Top":0}],"Unceasing Top":[5]},"card_choices":[{"not_picked":["Adaptation","Crescendo"],"picked":"Wallop","floor":1},{"not_picked":["PathToVictory","Evaluate"],"picked":"CutThroughFate","floor":5},{"not_picked":["Meditate","Worship"],"picked":"Consecrate","floor":7},{"not_picked":["WaveOfTheHand","InnerPeace"],"picked":"Tantrum","floor":10},{"not_picked":["Evaluate","Crescendo","WreathOfFlame"],"picked":"SKIP","floor":11},{"not_picked":["Judgement","Devotion"],"picked":"DevaForm","floor":16},{"not_picked":["Prostrate+1","Evaluate"],"picked":"CutThroughFate+1","floor":18},{"not_picked":["ForeignInfluence","Crescendo","Sanctity"],"picked":"SKIP","floor":20},{"not_picked":["Prostrate+1","FollowUp"],"picked":"Protect","floor":22}],"player_experience":736383,"relics_obtained":[{"floor":7,"key":"Du-Vu Doll"},{"floor":9,"key":"Pantograph"},{"floor":10,"key":"Orichalcum"},{"floor":19,"key":"Nilry\u0027s Codex"}],"event_choices":[{"damage_healed":0,"gold_gain":0,"player_choice":"Ignored","damage_taken":0,"max_hp_gain":0,"max_hp_loss":0,"event_name":"Liars Game","floor":2,"gold_loss":0},{"damage_healed":0,"gold_gain":75,"player_choice":"Gather Gold","damage_taken":11,"max_hp_gain":0,"max_hp_loss":0,"event_name":"World of Goop","floor":3,"gold_loss":0},{"damage_healed":0,"gold_gain":0,"player_choice":"1 cards matched","damage_taken":0,"max_hp_gain":0,"max_hp_loss":0,"event_name":"Match and Keep!","floor":4,"gold_loss":0,"cards_obtained":["LikeWater"]},{"cards_removed":["Strike_P"],"damage_healed":0,"gold_gain":0,"player_choice":"Card Removal","damage_taken":0,"max_hp_gain":0,"max_hp_loss":0,"event_name":"The Cleric","floor":12,"gold_loss":75},{"damage_healed":0,"gold_gain":0,"player_choice":"Obtained Book","damage_taken":21,"max_hp_gain":0,"max_hp_loss":0,"event_name":"Cursed Tome","floor":19,"gold_loss":0}],"is_beta":false,"boss_relics":[{"not_picked":["Calling Bell","Black Star"],"picked":"VioletLotus"}],"items_purged_floors":[21],"is_endless":false,"potions_floor_spawned":[1,10,18,20],"killed_by":"Slavers","ascension_level":20}}