{"host":"17jxu4722zcujg93","time":1612247654,"event":{"mods":["BaseMod","Colored Map","Downfall","Minty Spire (QoL Compilation)","StSLib"],"gold_per_floor":[99,119,119,130,130,130,130,158,58,58,78,25,42,42,57,57,57,57],"floor_reached":16,"language":"ENG","playtime":4587,"items_purged":[],"score":100,"play_id":"a2fcee72-fd96-4296-afeb-66b803e6acfe","local_time":"20210201223414","is_ascension_mode":false,"campfire_choices":[{"data":"hexamod:Float","floor":1,"key":"SMITH"},{"data":"hexamod:VolcanoVisage","floor":9,"key":"SMITH"}],"circlet_count":0,"master_deck":["hexamod:Strike","hexamod:Strike","hexamod:Strike","hexamod:Strike","hexamod:Defend","hexamod:Defend","hexamod:Defend","hexamod:Sear","hexamod:Float+1","hexamod:Hexaguard","hexamod:Hexaguard","hexamod:FlamesFromBeyond","hexamod:VolcanoVisage+1","hexamod:StepThrough","hexamod:GhostflameInferno+1","hexamod:Again+1","hexamod:FastForward+1","hexamod:PhantomFireball"],"relics":["hexamod:SpiritBrand","Toxic Egg 2","Ancient Tea Set","downfall:HeartBlessingGreen","Smiling Mask"],"acts_visited":["Exordium"],"potions_floor_usage":[],"damage_taken":[{"damage":1,"enemies":"Jaw Worm","floor":2,"turns":3},{"damage":1,"enemies":"2 Louse","floor":4,"turns":4},{"damage":32,"enemies":"3 Sentries","floor":8,"turns":10},{"damage":0,"enemies":"Cultist","floor":10,"turns":1},{"damage":4,"enemies":"Exordium Thugs","floor":11,"turns":3},{"damage":0,"enemies":"downfall:FleeingMerchant","floor":12,"turns":4},{"damage":0,"enemies":"2 Fungi Beasts","floor":13,"turns":3},{"damage":0,"enemies":"Large Slime","floor":15,"turns":3},{"damage":26,"enemies":"DF_ARCHETYPE_STREAMLINE","floor":16,"turns":6}],"seed_played":"4609475956051885868","potions_obtained":[{"floor":11,"key":"FearPotion"},{"floor":15,"key":"bronze:BurnAndBuffPotion"}],"is_trial":false,"path_per_floor":["R","M","?","M","?","?","T","E","R","M","M","$","M","?","M","B"],"character_chosen":"THE_SPIRIT","items_purchased":["hexamod:Again+1"],"campfire_rested":0,"item_purchase_floors":[12],"current_hp_per_floor":[70,69,69,68,73,73,73,41,41,41,37,37,37,19,19,0,0,0],"gold":57,"neow_bonus":"THREE_CARDS","is_daily":false,"chose_seed":false,"campfire_upgraded":2,"win_rate":0.0,"timestamp":1612247654,"path_taken":["R","M","?","M","?","?","T","E","R","?","M","$","M","?","M","BOSS"],"items_purchased_type":["Card"],"build_version":"2020-12-22","purchased_purges":0,"victory":false,"max_hp_per_floor":[70,70,70,70,75,75,75,75,75,75,75,75,75,75,75,75,75,75],"card_choices":[{"not_picked":["hexamod:RetreatToShadows","hexamod:Firestarter"],"picked":"hexamod:Hexaguard","floor":0},{"not_picked":["hexamod:HauntingEcho","hexamod:RainOfEmbers"],"picked":"hexamod:Hexaguard","floor":2},{"not_picked":["hexamod:AdvancingGuard","hexamod:Incineration"],"picked":"hexamod:FlamesFromBeyond","floor":4},{"not_picked":["hexamod:Incineration","hexamod:StepThrough"],"picked":"hexamod:VolcanoVisage","floor":8},{"not_picked":["hexamod:GhostShield+1","hexamod:HeatMetal"],"picked":"hexamod:StepThrough","floor":10},{"not_picked":["hexamod:RadiantFlame","hexamod:Firestarter","hexamod:RainOfEmbers"],"picked":"SKIP","floor":11},{"not_picked":["hexamod:HeatCrush","hexamod:Hexaguard+1"],"picked":"hexamod:GhostflameInferno+1","floor":12},{"not_picked":["hexamod:AdvancingGuard+1","hexamod:HauntingEcho"],"picked":"hexamod:FastForward+1","floor":13},{"not_picked":["hexamod:BacktrackSmack","hexamod:ChargedBarrage+1"],"picked":"hexamod:PhantomFireball","floor":15}],"player_experience":168670,"relics_obtained":[{"floor":7,"key":"Toxic Egg 2"},{"floor":8,"key":"Ancient Tea Set"}],"event_choices":[{"damage_healed":0,"gold_gain":0,"player_choice":"Donut","damage_taken":0,"max_hp_gain":5,"max_hp_loss":0,"event_name":"Big Fish","floor":5,"gold_loss":0},{"cards_removed":["hexamod:Defend"],"damage_healed":0,"gold_gain":0,"player_choice":"Card Removal","damage_taken":0,"max_hp_gain":0,"max_hp_loss":0,"event_name":"The Cleric","floor":6,"gold_loss":0},{"damage_healed":0,"gold_gain":0,"player_choice":"Success","damage_taken":18,"relics_obtained":["Smiling Mask"],"max_hp_gain":0,"max_hp_loss":0,"event_name":"Scrap Ooze","floor":14,"gold_loss":0}],"is_beta":false,"boss_relics":[],"items_purged_floors":[],"is_endless":false,"potions_floor_spawned":[11,15],"killed_by":"DF_ARCHETYPE_STREAMLINE","ascension_level":0}}