{"host":"jcp2nz6q7v3b3vtq","time":1612283390,"event":{"mods":["BaseMod","Marisa????????","Minty Spire (QoL Compilation)","The Servant 0.9.4"],"gold_per_floor":[118,118,118,43,118,118,83,108,135,135,35,35,46,72,72,170,170,187,198,198,218,143,143,143],"floor_reached":23,"language":"ENG","playtime":630,"items_purged":["Regret","Strike_MRS"],"score":185,"play_id":"d3f74765-a1da-4710-b65d-3533b45978ec","local_time":"20210202172950","daily_mods":["Heirloom","Time Dilation"],"is_ascension_mode":false,"campfire_choices":[{"data":"MasterSpark","floor":6,"key":"SMITH"},{"data":"StarBarrage","floor":10,"key":"SMITH"},{"data":"UpSweep","floor":12,"key":"SMITH"},{"data":"Singularity","floor":15,"key":"SMITH"}],"circlet_count":0,"master_deck":["Strike_MRS","Strike_MRS","Strike_MRS","Defend_MRS","Defend_MRS","Defend_MRS","MasterSpark+1","UpSweep+1","StarBarrage+1","Singularity+1","AlicesGift","Parasite","Parasite","SuperNova","Singularity","Regret","Singularity+1"],"relics":["MiniHakkero","FossilizedHelix","Eternal Feather","Gambling Chip","Nunchaku","ShroomBag","ExperimentalFamiliar"],"acts_visited":["Exordium","TheCity"],"potions_floor_usage":[8,14,23],"damage_taken":[{"damage":0,"enemies":"Small Slimes","floor":1,"turns":3},{"damage":13,"enemies":"3 Sentries","floor":8,"turns":8},{"damage":0,"enemies":"Jaw Worm","floor":13,"turns":2},{"damage":0,"enemies":"The Mushroom Lair","floor":14,"turns":2},{"damage":53,"enemies":"Hexaghost","floor":16,"turns":8},{"damage":5,"enemies":"Chosen","floor":18,"turns":3},{"damage":14,"enemies":"Spheric Guardian","floor":19,"turns":4},{"damage":42,"enemies":"Shelled Parasite and Fungi","floor":21,"turns":4},{"damage":30,"enemies":"Gremlin Leader","floor":23,"turns":2}],"seed_played":"-7954026048487212787","potions_obtained":[{"floor":1,"key":"SteroidPotion"},{"floor":8,"key":"DistilledChaos"},{"floor":18,"key":"DuplicationPotion"}],"is_trial":true,"path_per_floor":["M","?","?","$","?","R","$","E","T","R","$","R","M","?","R","B",null,"M","M","?","M","?","E"],"character_chosen":"MARISA","items_purchased":["StarBarrage"],"campfire_rested":0,"item_purchase_floors":[7],"current_hp_per_floor":[75,75,75,75,64,70,70,57,57,63,63,69,69,69,75,24,75,70,62,62,22,22,0,0],"gold":143,"neow_bonus":"","is_daily":false,"chose_seed":false,"campfire_upgraded":4,"win_rate":0.0,"timestamp":1612283390,"path_taken":["M","?","?","?","?","R","$","E","T","R","$","R","M","?","R","BOSS","M","M","?","?","?","E"],"items_purchased_type":["Card"],"build_version":"2020-12-22","purchased_purges":2,"victory":false,"max_hp_per_floor":[75,75,75,75,75,75,75,75,75,75,75,75,75,75,75,75,75,75,75,75,75,75,75,75],"card_choices":[{"not_picked":["GravityBeat","EnergyRecoil","WitchLeyline"],"picked":"SKIP","floor":1},{"not_picked":["GrandCross","DoubleSpark"],"picked":"Singularity","floor":8},{"not_picked":["MachineGunSpark","IllusionStar"],"picked":"AlicesGift","floor":13},{"not_picked":["ManaRampage","BinaryStars"],"picked":"SuperNova","floor":16},{"not_picked":["DeepEcoloBomb","BlazeAway"],"picked":"Singularity","floor":18},{"not_picked":["DeepEcoloBomb","DoubleSpark","FairyDestructionRay"],"picked":"SKIP","floor":19},{"not_picked":["PowerUp","DeepEcoloBomb"],"picked":"Singularity+1","floor":21}],"player_experience":30629,"relics_obtained":[{"floor":8,"key":"Gambling Chip"},{"floor":9,"key":"Nunchaku"},{"floor":14,"key":"ShroomBag"}],"event_choices":[{"damage_healed":0,"gold_gain":0,"player_choice":"Leave","damage_taken":0,"max_hp_gain":0,"max_hp_loss":0,"event_name":"The Cleric","floor":2,"gold_loss":0},{"damage_healed":0,"gold_gain":0,"player_choice":"Box","damage_taken":0,"relics_obtained":["Eternal Feather"],"max_hp_gain":0,"max_hp_loss":0,"event_name":"Big Fish","floor":3,"gold_loss":0,"cards_obtained":["Regret"]},{"damage_healed":0,"gold_gain":75,"player_choice":"Gather Gold","damage_taken":11,"max_hp_gain":0,"max_hp_loss":0,"event_name":"World of Goop","floor":5,"gold_loss":0},{"damage_healed":0,"gold_gain":0,"player_choice":"Fought Mushrooms","damage_taken":0,"max_hp_gain":0,"max_hp_loss":0,"event_name":"Mushrooms_MRS","floor":14,"gold_loss":0},{"damage_healed":0,"gold_gain":0,"player_choice":"1 cards matched","damage_taken":0,"max_hp_gain":0,"max_hp_loss":0,"event_name":"Match and Keep!","floor":20,"gold_loss":0,"cards_obtained":["Regret"]},{"cards_removed":["Defend_MRS"],"damage_healed":0,"gold_gain":0,"player_choice":"Gave Gold","damage_taken":0,"max_hp_gain":0,"max_hp_loss":0,"event_name":"Beggar","floor":22,"gold_loss":75}],"is_beta":false,"boss_relics":[{"not_picked":["Fusion Hammer","SacredBark"],"picked":"ExperimentalFamiliar"}],"items_purged_floors":[4,11],"is_endless":true,"potions_floor_spawned":[1,8,18],"killed_by":"Gremlin Leader","ascension_level":0}}