{"host":"rih3m63woujmecfd","time":1612263089,"event":{"mods":["BaseMod","Colored Powertips","Downfall","Energized Spire","KinomotoSakuraMod(Ä¾Ö®±¾Ó£)","Marisa£¨ìFÓê¡¡Ä§ÀíÉ³£©","Minty Spire (QoL Compilation)","Reimu£¨²©ÀöÁéÃÎ£©","Relic Stats","Remilia£¨ÀÙÃ×ÀòÑÇ£©","Replay The Spire","RumiaBox-Â¶Ã×æ«µÄÉñÃØºÐ×Ó","Shop Mod","Spicy Shops","StSLib","The Hierophant","The Servant 0.9.4","Waifu the Spire","Youmu£¨»êÆÇÑýÃÎ£©","Yuyuko","[IsaacMod]ÒÔÈö¼âËþ"],"gold_per_floor":[116,133,146,156,0,0,31,62,141,170,186,212,243,275,275,379,379,396,407,30,30,47,47,79,113,140,140,140],"floor_reached":27,"language":"ZHS","playtime":1975,"items_purged":[],"score":526,"play_id":"41b8b099-6b17-4c9c-bab8-8ad2c49120b6","local_time":"20210202185129","daily_mods":["Heirloom","Time Dilation","Flight","downfall:Jewelcrafting","Elite Swarm","Lethality"],"is_ascension_mode":false,"campfire_choices":[{"data":"Authority:ReiMu","floor":15,"key":"SMITH"},{"data":"KamiRite:ReiMu","floor":15,"key":"SMITH"},{"data":"YinYangSange:ReiMu","floor":23,"key":"SMITH"},{"data":"OctopathBindingBorder2:ReiMu","floor":23,"key":"SMITH"}],"circlet_count":0,"master_deck":["Strike_Lin:ReiMu","Strike_Lin:ReiMu","Defend_Lin:ReiMu","NB:ReiMu","Stagnation:ReiMu","Guardian:ExploitGems","Guardian:ExploitGems","Enchanting:ReiMu","PayForSelf:ReiMu","Guardian:Gem_Purple","Guardian:Gem_Blue","KamiRite:ReiMu+1","Normality","Replay:Sluggish","OctopathBindingBorder2:ReiMu+1","Authority:ReiMu","Authority:ReiMu","Authority:ReiMu+1","YinYangSange:ReiMu+1","SubcavityInstant:ReiMu","Shading:ReiMu","KamiRite:ReiMu"],"relics":["FlyPower:ReiMu","HushsDoor","Guardian:PickAxe","Replay:Arrowhead","Chaos","Dream Catcher","Meat on the Bone","Kintsugi","HandDrill","EasyGame_NEW","Toy Ornithopter","SoulBox","Pocketwatch","sneckomod:SneckoTalon","MerchantsRug","FadedRune:ReiMu","Darkstone Periapt","TheBean","CheatingSign:ReiMu","Blood Vial"],"acts_visited":["Exordium","TheCity"],"potions_floor_usage":[7,8,8,14,16,19,25,25],"damage_taken":[{"damage":0,"enemies":"Cultist","floor":1,"turns":3},{"damage":0,"enemies":"Jaw Worm","floor":2,"turns":3},{"damage":0,"enemies":"2 Louse","floor":3,"turns":2},{"damage":0,"enemies":"Looter","floor":4,"turns":3},{"damage":4,"enemies":"Lagavulin","floor":7,"turns":5},{"damage":0,"enemies":"Gremlin Nob","floor":8,"turns":3},{"damage":45,"enemies":"3 Sentries","floor":10,"turns":11},{"damage":0,"enemies":"Large Slime","floor":11,"turns":2},{"damage":27,"enemies":"Gremlin Nob","floor":12,"turns":5},{"damage":21,"enemies":"3 Sentries","floor":13,"turns":5},{"damage":0,"enemies":"Lagavulin","floor":14,"turns":3},{"damage":0,"enemies":"Fading Forest","floor":16,"turns":11},{"damage":28,"enemies":"3 Byrds","floor":18,"turns":3},{"damage":11,"enemies":"2 Thieves","floor":19,"turns":3},{"damage":5,"enemies":"Centurion and Healer","floor":22,"turns":6},{"damage":37,"enemies":"Slavers","floor":24,"turns":4},{"damage":0,"enemies":"Book of Stabbing","floor":25,"turns":3},{"damage":40,"enemies":"Slavers","floor":27,"turns":2}],"seed_played":"1895171085235827156","potions_obtained":[{"floor":1,"key":"LifebloodPotion"},{"floor":4,"key":"Toxic Potion"},{"floor":7,"key":"Weak Potion"},{"floor":10,"key":"Doom Potion"},{"floor":12,"key":"Fire Potion"},{"floor":14,"key":"SneckoOil"},{"floor":16,"key":"ColorlessPotion"},{"floor":22,"key":"Guardian:BlockOnCardUsePotion"},{"floor":24,"key":"Reflective Coating"}],"is_trial":true,"path_per_floor":["M","M","M","M","$","R","E","E","T","E","M","E","E","E","R","B",null,"M","M","$","?","M","R","E","E","T","E"],"character_chosen":"REIMU","items_purchased":["Dream Catcher","MerchantsRug","FadedRune:ReiMu","Darkstone Periapt"],"campfire_rested":0,"item_purchase_floors":[5,20,20,20],"current_hp_per_floor":[65,65,65,65,65,65,61,61,61,28,40,25,16,33,33,48,65,37,43,43,32,39,39,14,36,36,0,0],"gold":140,"neow_bonus":"","is_daily":false,"chose_seed":false,"campfire_upgraded":4,"win_rate":0.0,"timestamp":1612263089,"path_taken":["M","M","M","M","$","R","E","E","T","E","M","E","E","E","R","BOSS","M","M","$","?","M","R","E","E","T","E"],"items_purchased_type":["Relic","Relic","Relic","Relic"],"build_version":"2020-12-22","purchased_purges":0,"victory":false,"max_hp_per_floor":[65,65,65,65,65,65,65,65,65,65,65,65,65,65,65,65,65,65,65,65,70,70,70,70,70,70,70,70],"relic_stats":{"Darkstone Periapt":0,"Blood Vial":2,"Dream Catcher":0,"counters":[18,77],"HandDrill":[6],"obtain_stats":[{"KeepersGift":0,"Chaos":0,"Darkstone Periapt":20,"Damocles":14,"MerchantsRug":20,"SoulBox":17,"sneckomod:SneckoTalon":19,"Replay:Arrowhead":0,"Guardian:PickAxe":0,"Blood Vial":26,"Dream Catcher":5,"TheBean":24,"FadedRune:ReiMu":20,"Diplopia":10,"CheatingSign:ReiMu":25,"HandDrill":9,"Kintsugi":8,"FlyPower:ReiMu":0,"HushsDoor":0,"EasyGame_NEW":12,"Toy Ornithopter":13,"Meat on the Bone":7,"Pocketwatch":18},{"KeepersGift":0,"Chaos":0,"Darkstone Periapt":14,"Damocles":11,"MerchantsRug":14,"SoulBox":12,"sneckomod:SneckoTalon":14,"Replay:Arrowhead":0,"Guardian:PickAxe":0,"Blood Vial":17,"Dream Catcher":4,"TheBean":16,"FadedRune:ReiMu":14,"Diplopia":7,"CheatingSign:ReiMu":17,"HandDrill":6,"Kintsugi":6,"FlyPower:ReiMu":0,"HushsDoor":0,"EasyGame_NEW":9,"Toy Ornithopter":10,"Meat on the Bone":5,"Pocketwatch":13},{"KeepersGift":0,"Chaos":0,"Darkstone Periapt":62,"Damocles":45,"MerchantsRug":62,"SoulBox":56,"sneckomod:SneckoTalon":62,"Replay:Arrowhead":0,"Guardian:PickAxe":0,"Blood Vial":75,"Dream Catcher":11,"TheBean":72,"FadedRune:ReiMu":62,"Diplopia":30,"CheatingSign:ReiMu":75,"HandDrill":19,"Kintsugi":19,"FlyPower:ReiMu":0,"HushsDoor":0,"EasyGame_NEW":37,"Toy Ornithopter":42,"Meat on the Bone":16,"Pocketwatch":59}],"Toy Ornithopter":25,"Meat on the Bone":108,"Pocketwatch":[12]},"card_choices":[{"not_picked":["Amulet:ReiMu","OrbThrow:ReiMu","RainPray2:ReiMu"],"picked":"SKIP","floor":1},{"not_picked":["Bomb","RainPray2:ReiMu"],"picked":"Enchanting:ReiMu","floor":2},{"not_picked":["FantasyBorder:ReiMu","DoubleButterfly:ReiMu"],"picked":"PayForSelf:ReiMu","floor":3},{"not_picked":["EmergencyTakeOff:ReiMu","Crusade:ReiMu","FineLineFantasy:ReiMu"],"picked":"SKIP","floor":4},{"not_picked":["CleanRite:ReiMu","Free:ReiMu"],"picked":"KamiRite:ReiMu","floor":7},{"not_picked":["CleanRite:ReiMu","Determination:ReiMu","Dreaming:ReiMu"],"picked":"SKIP","floor":8},{"not_picked":["CardOfSanctity:ReiMu","BlastKick2:ReiMu","OctopathSalyBorderN:ReiMu"],"picked":"SKIP","floor":10},{"not_picked":["SpringWay:ReiMu","RainPray2:ReiMu"],"picked":"OctopathBindingBorder2:ReiMu","floor":11},{"not_picked":["RunawayExorcism:ReiMu","Dreaming:ReiMu"],"picked":"Authority:ReiMu","floor":12},{"not_picked":["PrayRite:ReiMu","CleanRite:ReiMu"],"picked":"Authority:ReiMu","floor":13},{"not_picked":["KyokaiOfKami:ReiMu","Shading:ReiMu"],"picked":"Authority:ReiMu","floor":14},{"not_picked":["Gathering:ReiMu","EmergencyTakeOff:ReiMu+1","Conquer:ReiMu+1"],"picked":"SKIP","floor":18},{"not_picked":["Amulet:ReiMu","SubcavityInstant:ReiMu+1"],"picked":"YinYangSange:ReiMu","floor":19},{"not_picked":["Intuition:ReiMu","WonderfulDomain:ReiMu"],"picked":"SubcavityInstant:ReiMu","floor":22},{"not_picked":["OctopathSalyBorderN:ReiMu","Free:ReiMu"],"picked":"Shading:ReiMu","floor":24},{"not_picked":["DependentForm:ReiMu","SubcavityFantasy:ReiMu"],"picked":"KamiRite:ReiMu","floor":25}],"player_experience":148042,"relics_obtained":[{"floor":7,"key":"Meat on the Bone"},{"floor":8,"key":"Kintsugi"},{"floor":9,"key":"HandDrill"},{"floor":10,"key":"Diplopia"},{"floor":12,"key":"EasyGame_NEW"},{"floor":13,"key":"Toy Ornithopter"},{"floor":14,"key":"Damocles"},{"floor":18,"key":"Pocketwatch"},{"floor":19,"key":"sneckomod:SneckoTalon"},{"floor":24,"key":"TheBean"},{"floor":25,"key":"CheatingSign:ReiMu"},{"floor":26,"key":"Blood Vial"}],"event_choices":[{"damage_healed":0,"gold_gain":0,"player_choice":"Shed Blood","damage_taken":16,"max_hp_gain":5,"max_hp_loss":0,"event_name":"Forgotten Altar","floor":21,"gold_loss":0}],"is_beta":false,"boss_relics":[{"not_picked":["Ancient Tea Set","CeramicFish"],"picked":"SoulBox"},{"not_picked":[]}],"items_purged_floors":[],"is_endless":true,"potions_floor_spawned":[1,4,7,10,12,14,16,22,24],"killed_by":"Slavers","ascension_level":0}}