{"host":"rnjhaewkefy4rz3c","time":1612285590,"event":{"mods":["2.2 Compatiblity","AchievementEnabler","BaseMod","CCEM2","Colored Map","Minty Spire (QoL Compilation)","Permanent Neow","StSLib"],"gold_per_floor":[111,180,199,10,25,25,38,38,38,38,38,56,56,90,90,193,193,210,210,220,106,121,121,141,141,196,196,223,223,243,243,243],"floor_reached":31,"language":"ENG","playtime":1545,"items_purged":["theextravagant:Flashback"],"score":255,"play_id":"8d16800f-33d9-42e0-891b-3a20072fd875","local_time":"20210202130630","is_ascension_mode":false,"campfire_choices":[{"data":"theextravagant:GlyphOfTime","floor":6,"key":"SMITH"},{"data":"theextravagant:Triumph","floor":10,"key":"SMITH"},{"floor":15,"key":"REST"},{"floor":23,"key":"REST"},{"floor":25,"key":"REST"}],"circlet_count":0,"master_deck":["theextravagant:SlyStrike","theextravagant:SlyStrike","theextravagant:SlyStrike","theextravagant:Fence","theextravagant:Fence","theextravagant:Fence","theextravagant:Fence","theextravagant:QuickAttack","theextravagant:Triumph+1","Mind Blast+1","theextravagant:FocusStab","Apotheosis+1","theextravagant:SharpTalons","theextravagant:GlyphOfTime+1","Master of Strategy+1","theextravagant:SharpTalons","theextravagant:GlyphOfTime","theextravagant:Ambush","theextravagant:Outrun","theextravagant:Tension","theextravagant:Twitch+1","theextravagant:Urgency","theextravagant:GarbageCannon","theextravagant:Ravage+1","theextravagant:SpontaneousStrike"],"relics":["theextravagant:TranslucentFeather","CCEMRelics:FestiveHat","theextravagant:RedPhonoblaster","theextravagant:MoltenLipstick","StrikeDummy","Tiny Chest","Fusion Hammer","Enchiridion","Strawberry","CCEMRelics:SelfSharpeningBlade"],"acts_visited":["Exordium","TheCity"],"potions_floor_usage":[22,28,31],"damage_taken":[{"damage":1,"enemies":"Cultist","floor":1,"turns":4},{"damage":0,"enemies":"Jaw Worm","floor":3,"turns":4},{"damage":0,"enemies":"2 Louse","floor":5,"turns":2},{"damage":8,"enemies":"Large Slime","floor":7,"turns":5},{"damage":2,"enemies":"2 Fungi Beasts","floor":12,"turns":3},{"damage":38,"enemies":"Gremlin Nob","floor":14,"turns":5},{"damage":25,"enemies":"The Guardian","floor":16,"turns":11},{"damage":38,"enemies":"2 Thieves","floor":18,"turns":4},{"damage":10,"enemies":"3 Byrds","floor":20,"turns":5},{"damage":23,"enemies":"Cultist and Chosen","floor":22,"turns":6},{"damage":34,"enemies":"Snake Plant","floor":24,"turns":3},{"damage":25,"enemies":"Gremlin Leader","floor":28,"turns":6},{"damage":17,"enemies":"Chosen and Byrds","floor":30,"turns":5},{"damage":9,"enemies":"Centurion and Healer","floor":31,"turns":3}],"seed_played":"-6782502320053950134","potions_obtained":[{"floor":5,"key":"FairyPotion"},{"floor":16,"key":"DuplicationPotion"},{"floor":18,"key":"Dexterity Potion"},{"floor":24,"key":"FearPotion"}],"is_trial":false,"path_per_floor":["M","T","M","$","M","R","M","?","T","R","$","M","?","E","R","B",null,"M","?","M","$","M","R","M","R","T","?","E","?","M","M"],"character_chosen":"THE_EXTRAVAGANT","items_purchased":["theextravagant:GlyphOfTime","theextravagant:MoltenLipstick","theextravagant:Urgency"],"campfire_rested":3,"item_purchase_floors":[4,4,21],"current_hp_per_floor":[74,74,74,74,74,74,66,66,66,66,66,64,69,31,55,30,80,42,26,16,16,24,48,14,38,45,45,20,20,3,0,0],"gold":243,"neow_bonus":"RANDOM_COMMON_RELIC","is_daily":false,"chose_seed":false,"campfire_upgraded":2,"win_rate":0.0,"timestamp":1612285590,"path_taken":["M","?","M","$","M","R","M","?","T","R","?","?","?","E","R","BOSS","M","?","M","$","M","R","M","R","T","?","E","?","M","M"],"items_purchased_type":["Card","Relic","Card"],"build_version":"2020-12-22","purchased_purges":1,"victory":false,"max_hp_per_floor":[75,75,75,75,75,75,75,75,75,75,75,75,80,80,80,80,80,80,80,80,80,80,80,80,80,87,87,87,87,87,87,87],"card_choices":[{"not_picked":["Metamorphosis+1","Bandage Up+1"],"picked":"Mind Blast+1","floor":1},{"not_picked":["theextravagant:Shake","theextravagant:Firework"],"picked":"theextravagant:FocusStab","floor":1},{"not_picked":["Madness+1","Finesse+1"],"picked":"Apotheosis+1","floor":3},{"not_picked":["theextravagant:Glamour","theextravagant:Ambush"],"picked":"theextravagant:SharpTalons","floor":3},{"not_picked":["Apotheosis+1","Impatience+1"],"picked":"Master of Strategy+1","floor":5},{"not_picked":["theextravagant:Precaution","theextravagant:GustOfWind"],"picked":"theextravagant:Flashback","floor":5},{"not_picked":["theextravagant:PerfectTheBasics","theextravagant:ShootingStar"],"picked":"theextravagant:SharpTalons","floor":7},{"not_picked":["theextravagant:Defy","theextravagant:Pushthrough"],"picked":"theextravagant:GlyphOfTime","floor":12},{"not_picked":["theextravagant:Riot","theextravagant:Masquerade"],"picked":"theextravagant:Ambush","floor":14},{"not_picked":["theextravagant:Antiquity","theextravagant:RiskyStrike"],"picked":"theextravagant:Outrun","floor":16},{"not_picked":["theextravagant:SpontaneousStrike","theextravagant:HeavyBlows"],"picked":"theextravagant:Tension","floor":18},{"not_picked":["theextravagant:SpiritBolt","theextravagant:Ambush"],"picked":"theextravagant:Twitch+1","floor":20},{"not_picked":["theextravagant:Defy","theextravagant:Masquerade"],"picked":"theextravagant:GarbageCannon","floor":22},{"not_picked":["theextravagant:HeavyBlows","theextravagant:GlyphOfPower"],"picked":"theextravagant:Ravage","floor":24},{"not_picked":["theextravagant:PuffUp","theextravagant:Defy"],"picked":"theextravagant:SpontaneousStrike","floor":28},{"not_picked":["theextravagant:RustyBuckler","theextravagant:Shake","theextravagant:Shove"],"picked":"SKIP","floor":30}],"player_experience":491621,"relics_obtained":[{"floor":2,"key":"theextravagant:RedPhonoblaster"},{"floor":9,"key":"StrikeDummy"},{"floor":14,"key":"Tiny Chest"},{"floor":19,"key":"Enchiridion"},{"floor":26,"key":"Strawberry"},{"floor":28,"key":"CCEMRelics:SelfSharpeningBlade"}],"event_choices":[{"cards_removed":["theextravagant:SlyStrike"],"damage_healed":0,"gold_gain":0,"player_choice":"Forget","damage_taken":0,"max_hp_gain":0,"max_hp_loss":0,"event_name":"Living Wall","floor":8,"gold_loss":0},{"damage_healed":0,"gold_gain":0,"player_choice":"Donut","damage_taken":0,"max_hp_gain":5,"max_hp_loss":0,"event_name":"Big Fish","floor":13,"gold_loss":0},{"damage_healed":0,"gold_gain":0,"player_choice":"Obtained Book","damage_taken":16,"max_hp_gain":0,"max_hp_loss":0,"event_name":"Cursed Tome","floor":19,"gold_loss":0},{"damage_healed":0,"gold_gain":0,"player_choice":"Ignored","damage_taken":0,"max_hp_gain":0,"max_hp_loss":0,"event_name":"Vampires","floor":27,"gold_loss":0},{"damage_healed":0,"gold_gain":0,"player_choice":"Upgraded","damage_taken":0,"max_hp_gain":0,"max_hp_loss":0,"event_name":"Upgrade Shrine","floor":29,"gold_loss":0,"cards_upgraded":["theextravagant:Ravage"]}],"is_beta":false,"boss_relics":[{"not_picked":["SacredBark","SlaversCollar"],"picked":"Fusion Hammer"}],"items_purged_floors":[21],"is_endless":false,"potions_floor_spawned":[5,16,18,24],"killed_by":"Centurion and Healer","ascension_level":0}}