{"host":"alk2ftu785mujiir","time":1612299131,"event":{"mods":["BaseMod","Colored Map","Downfall","Minty Spire (QoL Compilation)","StSLib"],"gold_per_floor":[99,116,129,146,146,146,171,21,54,154,181,81,100,120,137,234,234,134,150,166,166,166,176,199,225,125,150,150,179,194,228,246,349,349,349,361,45,45,145,98,98,108,124,124,124,149,449,483,500,500,500,533,58,58,58,58],"floor_reached":57,"language":"ENG","playtime":2816,"items_purged":["Guardian:Strike_Guardian","Guardian:Strike_Guardian"],"score":1428,"play_id":"25c929f0-f4bb-452f-a193-7806e4e40daa","local_time":"20210202155211","is_ascension_mode":true,"campfire_choices":[{"floor":1.0,"key":"RECALL"},{"data":"Guardian:SentryBeam","floor":12.0,"key":"SMITH"},{"data":"Guardian:TwinSlam","floor":18.0,"key":"SMITH"},{"data":"Guardian:WalkerClaw","floor":26.0,"key":"SMITH"},{"data":"Guardian:DonusPower","floor":35.0,"key":"SMITH"},{"data":"Guardian:ExploitGems","floor":44.0,"key":"SMITH"},{"data":"Guardian:ChargeUp","floor":47,"key":"SMITH"},{"floor":54,"key":"REST"}],"circlet_count":0,"master_deck":["Guardian:Strike_Guardian","Guardian:Strike_Guardian","Guardian:Defend_Guardian","Guardian:Defend_Guardian","Guardian:Defend_Guardian","Guardian:Defend_Guardian","Guardian:CurlUp","Guardian:TwinSlam+1","Guardian:ChargeUp+1","Guardian:SentryBeam+1","Guardian:ChargeCore","Guardian:Incinerate","Guardian:TemporalShield","Guardian:DecasProtection","RitualDagger+1","Guardian:PolyBeam","Guardian:WalkerClaw+1","Guardian:ShieldSpikes","Guardian:ChargeUp+1","Guardian:FloatingOrbs","Guardian:DonusPower+1","Guardian:ExploitGems+1","Guardian:GuardianWhirl+1","Guardian:DonusPower+1","Guardian:ChargeUp+1","Guardian:Orbwalk","Guardian:TimeCapacitor"],"relics":["Guardian:ModeShifterPlus","Juzu Bracelet","Bronze Scales","Mercury Hourglass","Guardian:StasisCodex","downfall:HeartBlessingRed","downfall:HeartBlessingGreen","Bag of Preparation","downfall:HeartBlessingBlue","Guardian:PocketSentry","TungstenRod","Vajra","Cursed Key","Ice Cream","downfall:GremlinWheel","Orrery","Anchor","Torii","Art of War","hexamod:BolsterEngine","Nunchaku"],"acts_visited":["Exordium","TheCity","TheBeyond","TheEnding"],"potions_floor_usage":[56,56,56],"damage_taken":[{"damage":2.0,"enemies":"2 Louse","floor":2.0,"turns":3.0},{"damage":1.0,"enemies":"Jaw Worm","floor":3.0,"turns":6.0},{"damage":10.0,"enemies":"Small Slimes","floor":4.0,"turns":4.0},{"damage":3.0,"enemies":"Lagavulin","floor":9.0,"turns":6.0},{"damage":21.0,"enemies":"Gremlin Nob","floor":11.0,"turns":5.0},{"damage":8.0,"enemies":"Gremlin Gang","floor":13.0,"turns":2.0},{"damage":0.0,"enemies":"Exordium Wildlife","floor":14.0,"turns":2.0},{"damage":2.0,"enemies":"Exordium Thugs","floor":15.0,"turns":3.0},{"damage":7.0,"enemies":"WA_ARCHETYPE_RETAIN","floor":16.0,"turns":7.0},{"damage":0.0,"enemies":"Spheric Guardian","floor":19.0,"turns":3.0},{"damage":0.0,"enemies":"3 Byrds","floor":20.0,"turns":2.0},{"damage":6.0,"enemies":"Snake Plant","floor":23.0,"turns":2.0},{"damage":6.0,"enemies":"Slavers","floor":25.0,"turns":4.0},{"damage":0.0,"enemies":"Gremlin Leader","floor":27.0,"turns":5.0},{"damage":0.0,"enemies":"Book of Stabbing","floor":29.0,"turns":4.0},{"damage":3.0,"enemies":"Shelled Parasite and Fungi","floor":30.0,"turns":3.0},{"damage":5.0,"enemies":"Slavers","floor":31.0,"turns":3.0},{"damage":0.0,"enemies":"3 Cultists","floor":32.0,"turns":3.0},{"damage":9.0,"enemies":"DF_ARCHETYPE_CLAW","floor":33.0,"turns":6.0},{"damage":0.0,"enemies":"Orb Walker","floor":36.0,"turns":1.0},{"damage":0.0,"enemies":"downfall:FleeingMerchant","floor":37.0,"turns":4.0},{"damage":0.0,"enemies":"downfall:FleeingMerchant","floor":39.0,"turns":2.0},{"damage":1.0,"enemies":"downfall:FleeingMerchant","floor":40.0,"turns":3.0},{"damage":4.0,"enemies":"3 Darklings","floor":42.0,"turns":3.0},{"damage":5.0,"enemies":"Writhing Mass","floor":43.0,"turns":3.0},{"damage":1,"enemies":"Reptomancer","floor":46,"turns":4},{"damage":0,"enemies":"Nemesis","floor":48,"turns":5},{"damage":0,"enemies":"Transient","floor":49,"turns":5},{"damage":48,"enemies":"IC_BLOCK_ARCHETYPE","floor":50,"turns":13},{"damage":32,"enemies":"downfall:CharBossMerchant","floor":52,"turns":7},{"damage":1,"enemies":"downfall:NeowBoss","floor":55,"turns":12},{"damage":22,"enemies":"downfall:NeowBossFinal","floor":56,"turns":8}],"seed_played":"-6925817319317778582","potions_obtained":[{"floor":3.0,"key":"Guardian:BlockOnCardUsePotion"},{"floor":11.0,"key":"SteroidPotion"},{"floor":13.0,"key":"PowerPotion"},{"floor":16.0,"key":"Energy Potion"},{"floor":21.0,"key":"CultistPotion"},{"floor":25.0,"key":"Guardian:DefensiveModePotion"},{"floor":27.0,"key":"Dexterity Potion"},{"floor":33.0,"key":"Regen Potion"}],"is_trial":false,"path_per_floor":["R","M","M","M","?","?","T","?","E","?","E","R","M","M","M","B",null,"R","M","M","?","?","M","T","E","R","E","?","E","M","E","M","B",null,"R","M","$","?","?","$","T","M","M","R","?","E","R","E","M","B",null,"E","$","R","B","B",null],"character_chosen":"GUARDIAN","items_purchased":["Ice Cream","Guardian:Gem_Synthetic","Orrery","Guardian:TimeCapacitor","hexamod:BolsterEngine","Nunchaku"],"campfire_rested":1,"item_purchase_floors":[37,40,40,53,53,53],"current_hp_per_floor":[80,78,77,67,67,67,67,90,87,87,66,66,58,58,56,49,90,90,90,90,90,90,84,84,78,88,88,88,88,85,80,80,71,100,100,100,100,100,100,99,99,95,90,90,90,89,89,89,89,41,100,68,68,98,97,84],"gold":58,"neow_bonus":"RANDOM_COMMON_RELIC","is_daily":false,"chose_seed":false,"campfire_upgraded":6,"win_rate":0.0,"timestamp":1612299131,"path_taken":["R","M","M","M","?","?","T","?","E","?","E","R","M","M","M","BOSS","R","M","M","?","?","M","T","E","R","E","?","E","M","E","M","BOSS","R","M","$","?","?","?","T","M","M","R","?","E","R","E","M","BOSS","E","$","R","BOSS","BOSS"],"items_purchased_type":["Relic","Card","Relic","Card","Relic","Relic"],"build_version":"2020-12-22","purchased_purges":2,"victory":true,"max_hp_per_floor":[80,80,80,80,80,80,80,90,90,90,90,90,90,90,90,90,90,90,90,90,90,90,90,90,90,100,100,100,100,100,100,100,100,100,100,100,100,100,100,100,100,100,100,100,100,100,100,100,100,100,100,100,100,100,100,100],"card_choices":[{"not_picked":["Guardian:Recover","Guardian:Incinerate"],"picked":"Guardian:Gem_Blue","floor":2.0},{"not_picked":["Guardian:Reroute","Guardian:PolyBeam"],"picked":"Guardian:ChargeUp","floor":3.0},{"not_picked":["Guardian:Reroute","Guardian:BronzeOrb"],"picked":"Guardian:Gem_Crimson","floor":4.0},{"not_picked":["Guardian:Gem_Lightblue","Guardian:ChargeCore"],"picked":"Guardian:SentryBeam","floor":9.0},{"not_picked":["Guardian:CrystalBeam","Guardian:GemFire"],"picked":"Guardian:ChargeCore","floor":11.0},{"not_picked":["Guardian:Preprogram","Guardian:Recover"],"picked":"Guardian:Incinerate","floor":13.0},{"not_picked":["Guardian:TemporalStrike","Guardian:RollAttack"],"picked":"Guardian:TemporalShield","floor":14.0},{"not_picked":["Guardian:MultiBeam","Guardian:Gem_Lightblue"],"picked":"Guardian:Gem_Fragmented","floor":15.0},{"not_picked":["Guardian:SphericShield","Guardian:GemFinder"],"picked":"Guardian:Gem_Orange","floor":16.0},{"not_picked":["Guardian:TemporalShield","Guardian:Incinerate"],"picked":"Guardian:DecasProtection","floor":19.0},{"not_picked":["Guardian:Incinerate","Guardian:Gem_Yellow","Guardian:ChargeCore"],"picked":"SKIP","floor":20.0},{"not_picked":["Guardian:Planning","Guardian:Repulse"],"picked":"Guardian:WalkerClaw","floor":23.0},{"not_picked":["Guardian:RollAttack","Guardian:CrystalBeam+1","Guardian:PrimingBeam+1"],"picked":"SKIP","floor":25.0},{"not_picked":["Guardian:Suspension","Guardian:Gem_Green"],"picked":"Guardian:ShieldSpikes","floor":27.0},{"not_picked":["Guardian:Reroute","Guardian:SentryBeam+1"],"picked":"Guardian:FloatingOrbs","floor":29.0},{"not_picked":["Guardian:Gem_Purple","Guardian:Planning","Guardian:Gem_White"],"picked":"SKIP","floor":30.0},{"not_picked":["Guardian:Gem_Red","Guardian:Emergency"],"picked":"Guardian:DonusPower","floor":31.0},{"not_picked":["Guardian:Gem_Yellow","Guardian:RollAttack"],"picked":"Guardian:ExploitGems","floor":32.0},{"not_picked":["Guardian:SphericShield","Guardian:Gem_Synthetic"],"picked":"Guardian:Gem_Orange","floor":33.0},{"not_picked":["Guardian:PrimingBeam+1","Guardian:TemporalStrike"],"picked":"Guardian:GuardianWhirl+1","floor":36.0},{"not_picked":["Guardian:Suspension","Guardian:Planning+1","Guardian:VentSteam"],"picked":"SKIP","floor":37.0},{"not_picked":["Guardian:TimeBomb","Guardian:ShieldSpikes","Guardian:ChargeCore+1"],"picked":"SKIP","floor":40.0},{"not_picked":["Guardian:Gem_Crimson","Guardian:PiercingHide+1"],"picked":"Guardian:DonusPower+1","floor":40.0},{"not_picked":["Guardian:PrismaticBeam","Guardian:RollAttack"],"picked":"Guardian:Gem_Purple","floor":42.0},{"not_picked":["Guardian:SentryBeam","Guardian:Gem_Purple"],"picked":"Guardian:ChargeUp","floor":43.0},{"not_picked":["Guardian:RollAttack","Guardian:Incinerate","Guardian:ChargeCore+1"],"picked":"SKIP","floor":46},{"not_picked":["Guardian:WalkerClaw+1","Guardian:Planning","Guardian:PrismaticBeam"],"picked":"SKIP","floor":48},{"not_picked":["Guardian:Gem_Red","Guardian:Gem_Lightblue","Guardian:WalkerClaw"],"picked":"SKIP","floor":49},{"not_picked":["Guardian:FloatingOrbs+1","Guardian:FuturePlans"],"picked":"Guardian:Orbwalk","floor":52}],"player_experience":1790118,"relics_obtained":[{"floor":7.0,"key":"Bronze Scales"},{"floor":9.0,"key":"Mercury Hourglass"},{"floor":11.0,"key":"Guardian:StasisCodex"},{"floor":25.0,"key":"Bag of Preparation"},{"floor":27.0,"key":"Guardian:PocketSentry"},{"floor":29.0,"key":"TungstenRod"},{"floor":31.0,"key":"Vajra"},{"floor":39.0,"key":"downfall:GremlinWheel"},{"floor":46,"key":"Anchor"},{"floor":48,"key":"Torii"},{"floor":52,"key":"Art of War"}],"event_choices":[{"damage_healed":0.0,"max_hp_gain":0.0,"max_hp_loss":0.0,"gold_gain":0.0,"event_name":"Living Wall","player_choice":"Grow","floor":6.0,"gold_loss":0.0,"damage_taken":0.0,"cards_upgraded":["Guardian:ChargeUp"]},{"damage_healed":0,"gold_gain":300,"player_choice":"Gold","damage_taken":0,"max_hp_gain":0,"max_hp_loss":0,"event_name":"Wheel of Change","floor":47,"gold_loss":0}],"is_beta":false,"boss_relics":[{"not_picked":["Coffee Dripper","Busted Crown"],"picked":"Guardian:ModeShifterPlus"},{"not_picked":["Guardian:StasisSlotReductionRelic","Velvet Choker"],"picked":"Cursed Key"}],"items_purged_floors":[40,53],"is_endless":false,"potions_floor_spawned":[3,11,13,16,23,25,27,30,33,39,42,46,48],"ascension_level":1}}