{"host":"xx5zt3jtdyh8iun7","time":1612261254,"event":{"mods":["AchievementEnabler","Act Like it!","BaseMod","Downfall","Hallownest","Minty Spire (QoL Compilation)","StSLib","The Marked"],"gold_per_floor":[113,113,131,150,169,194,194,227,277,277,289,289,303,330,330,428,428,439,439,439,456,466,497,497,497,497,557,97,130,141,155,155,251,251,266,266,286,286,302,302,46,66,66,80,80,110,122,138,138,138],"floor_reached":51,"language":"ENG","playtime":4735,"items_purged":["Doubt","Hallownest:attackMasterCycloneSlash"],"score":905,"play_id":"0e936190-4701-43b2-a68d-2cabdb8e3254","local_time":"20210202112054","is_ascension_mode":true,"campfire_choices":[{"data":"Prepared","floor":7,"key":"SMITH"},{"data":"Cloak And Dagger","floor":10,"key":"SMITH"},{"floor":15,"key":"REST"},{"data":"Envenom","floor":32,"key":"SMITH"},{"floor":40,"key":"REST"},{"data":"After Image","floor":45,"key":"SMITH"},{"data":"Calculated Gamble","floor":49,"key":"SMITH"}],"circlet_count":0,"master_deck":["Survivor+1","Neutralize","Cloak And Dagger+1","Blade Dance+1","Prepared+1","Finisher","Sucker Punch","Slice","A Thousand Cuts","Dagger Spray","Envenom+1","Glass Knife","Outmaneuver","Unload","Backstab","Flying Knee","All Out Attack","Bane","Terror","Backflip","Quick Slash","Cloak And Dagger+1","Tactician+1","Sadistic Nature","Infinite Blades","Choke","Prepared","After Image+1","Prepared+1","Prepared+1","Reflex+1","Backflip+1","Calculated Gamble+1","Acrobatics+1"],"relics":["Ring of the Snake","Hallownest:DreamNailRelic","Slimebound:PreparedRelic","Kunai","Bag of Preparation","Hallownest:TeacherSealRelic","Vajra","Pandora\u0027s Box","Gremlin Horn","Sundial","White Beast Statue","War Paint","Paper Crane","SlaversCollar","Bag of Marbles","Eternal Feather","Bronze Scales"],"acts_visited":["Hallownest:Greenpath","Hallownest:CityofTears","Hallownest:KingdomsEdge"],"potions_floor_usage":[5,6,6,6,8,16,16,23,29,30,33,38,38,38,47,50],"damage_taken":[{"damage":0,"enemies":"Hallownest:monsterHuskWarrior","floor":1,"turns":5},{"damage":1,"enemies":"2_ Uuma","floor":3,"turns":5},{"damage":5,"enemies":"Hallownest:monsterHuskGuard","floor":4,"turns":4},{"damage":7,"enemies":"Hallownest:2_Tiktiks_1_Baldur_1_Crawlid","floor":5,"turns":10},{"damage":8,"enemies":"Hallownest:eliteCrystalGuardian","floor":6,"turns":5},{"damage":10,"enemies":"Hallownest:eliteMossKnight","floor":8,"turns":11},{"damage":0,"enemies":"Hallownest:MossCreep_and_Mosskin","floor":11,"turns":3},{"damage":0,"enemies":"Hallownest:monsterFoolEater","floor":13,"turns":3},{"damage":1,"enemies":"Hallownest:eliteVengeflyKing","floor":14,"turns":6},{"damage":26,"enemies":"Hallownest:BossHornet","floor":16,"turns":10},{"damage":0,"enemies":"Hallownest:Guard_and_Sentry","floor":18,"turns":2},{"damage":1,"enemies":"Hallownest:Flukemon_and_Top","floor":21,"turns":3},{"damage":0,"enemies":"Hallownest:monsterShrumalOgre","floor":22,"turns":3},{"damage":15,"enemies":"Hallownest:eliteWatcherKnight","floor":23,"turns":10},{"damage":0,"enemies":"Hallownest:Glutton_and_Coward","floor":27,"turns":6},{"damage":8,"enemies":"Hallownest:eliteSoulWarrior","floor":29,"turns":3},{"damage":1,"enemies":"Hallownest:Master_and_Novice","floor":30,"turns":2},{"damage":0,"enemies":"Hallownest:2_Flukemon","floor":31,"turns":4},{"damage":0,"enemies":"Hallownest:BossSoulMaster","floor":33,"turns":4},{"damage":18,"enemies":"Hallownest:Shield_Heavy","floor":35,"turns":4},{"damage":0,"enemies":"Hallownest:3_Siblings","floor":37,"turns":2},{"damage":11,"enemies":"Hallownest:2_Primals","floor":38,"turns":2},{"damage":17,"enemies":"Hallownest:Xero_Hu_Marmu","floor":39,"turns":5},{"damage":0,"enemies":"Hallownest:2_Wing_and_1_Kings","floor":42,"turns":3},{"damage":0,"enemies":"Hallownest:2_Great","floor":44,"turns":3},{"damage":0,"enemies":"Hallownest:StalkingDevout","floor":46,"turns":2},{"damage":3,"enemies":"Hallownest:monsterPrimalAspid","floor":47,"turns":2},{"damage":0,"enemies":"Hallownest:2_Wing_and_1_Kings","floor":48,"turns":4},{"damage":0,"enemies":"Hallownest:BossGreyPrinceZote","floor":50,"turns":3}],"seed_played":"3912399679611018841","potions_obtained":[{"floor":0,"key":"PowerPotion"},{"floor":0,"key":"SmokeBomb"},{"floor":0,"key":"Dexterity Potion"},{"floor":1,"key":"DuplicationPotion"},{"floor":3,"key":"EntropicBrew"},{"floor":11,"key":"Energy Potion"},{"floor":14,"key":"LiquidMemories"},{"floor":18,"key":"EssenceOfSteel"},{"floor":21,"key":"FearPotion"},{"floor":27,"key":"DuplicationPotion"},{"floor":29,"key":"DistilledChaos"},{"floor":30,"key":"BlessingOfTheForge"},{"floor":31,"key":"PowerPotion"},{"floor":33,"key":"DuplicationPotion"},{"floor":39,"key":"Weak Potion"},{"floor":42,"key":"Energy Potion"},{"floor":44,"key":"SkillPotion"},{"floor":46,"key":"DistilledChaos"},{"floor":47,"key":"Block Potion"}],"is_trial":false,"path_per_floor":["M","?","M","M","M","E","R","E","T","R","M","?","M","E","R","B",null,"M","?","?","M","M","E","?","?","T","M","$","E","M","M","R","B",null,"M","?","M","?","M","R","$","M","T","M","R","E","M","M","R","B",null],"character_chosen":"THE_SILENT","items_purchased":["Sadistic Nature","Infinite Blades","War Paint","Bag of Marbles"],"campfire_rested":2,"item_purchase_floors":[28,28,28,41],"current_hp_per_floor":[70,70,69,64,57,49,49,39,39,39,39,39,39,38,59,33,70,70,70,70,69,69,54,54,54,54,54,54,46,45,45,45,45,70,52,52,52,41,24,45,45,45,45,45,63,63,60,60,70,70],"gold":138,"neow_bonus":"THREE_SMALL_POTIONS","is_daily":false,"chose_seed":false,"campfire_upgraded":5,"win_rate":0.0,"timestamp":1612261254,"path_taken":["M","?","M","M","?","E","R","E","T","R","M","?","?","E","R","BOSS","M","?","?","?","M","E","?","?","T","M","$","E","M","M","R","BOSS","M","?","?","?","M","R","?","M","T","M","R","E","?","M","R","BOSS"],"items_purchased_type":["Card","Card","Relic","Relic"],"build_version":"2020-12-22","purchased_purges":2,"victory":true,"max_hp_per_floor":[70,70,70,70,70,70,70,70,70,70,70,70,70,70,70,70,70,70,70,70,70,70,70,70,70,70,70,70,70,70,70,70,70,70,70,70,70,70,70,70,70,70,70,70,70,70,70,70,70,70],"card_choices":[{"not_picked":["Bane","Endless Agony"],"picked":"Cloak And Dagger","floor":1},{"not_picked":["Acrobatics","Concentrate"],"picked":"Blade Dance","floor":3},{"not_picked":["Cloak And Dagger","Dodge and Roll"],"picked":"Prepared","floor":4},{"not_picked":["Deflect","Distraction"],"picked":"Finisher","floor":5},{"not_picked":["Dodge and Roll","Deadly Poison"],"picked":"Sucker Punch","floor":6},{"not_picked":["Backstab","Dodge and Roll"],"picked":"Slice","floor":8},{"not_picked":["Dagger Spray","Slice"],"picked":"A Thousand Cuts","floor":11},{"not_picked":["Dash","Slice"],"picked":"Tactician","floor":13},{"not_picked":["Deflect","Sucker Punch"],"picked":"Dagger Spray","floor":14},{"not_picked":["Doppelganger","Unload"],"picked":"Envenom","floor":16},{"not_picked":["Masterful Stab","Riddle With Holes+1"],"picked":"Backflip","floor":18},{"not_picked":["Deadly Poison+1","Poisoned Stab"],"picked":"Quick Slash","floor":21},{"not_picked":["Flying Knee+1","Dagger Spray+1"],"picked":"Cloak And Dagger+1","floor":22},{"not_picked":["Sucker Punch+1","Slice+1"],"picked":"Tactician+1","floor":23},{"not_picked":["Dagger Throw","Escape Plan","Bane"],"picked":"SKIP","floor":27},{"not_picked":["Poisoned Stab","Flying Knee"],"picked":"Choke","floor":29},{"not_picked":["Caltrops+1","Sucker Punch","Bane"],"picked":"SKIP","floor":30},{"not_picked":["Quick Slash","Heel Hook+1"],"picked":"Prepared","floor":31},{"not_picked":["Malaise","Venomology"],"picked":"After Image","floor":33},{"not_picked":["Choke+1","Dagger Spray+1","Eviscerate+1"],"picked":"SKIP","floor":35},{"not_picked":["Leg Sweep+1","Cloak And Dagger+1","Eviscerate+1"],"picked":"SKIP","floor":37},{"not_picked":["Infinite Blades+1","Crippling Poison"],"picked":"Reflex+1","floor":39},{"not_picked":["Bane+1","Catalyst"],"picked":"Backflip+1","floor":42},{"not_picked":["Dodge and Roll+1","Bane"],"picked":"Calculated Gamble","floor":44},{"not_picked":["Sucker Punch","Unload"],"picked":"Acrobatics+1","floor":46},{"not_picked":["Deadly Poison","Poisoned Stab+1","Dodge and Roll"],"picked":"SKIP","floor":47},{"not_picked":["Deflect+1","Poisoned Stab","Deadly Poison+1"],"picked":"SKIP","floor":48}],"player_experience":863179,"relics_obtained":[{"floor":6,"key":"Slimebound:PreparedRelic"},{"floor":8,"key":"Kunai"},{"floor":9,"key":"Bag of Preparation"},{"floor":14,"key":"Vajra"},{"floor":23,"key":"Gremlin Horn"},{"floor":26,"key":"White Beast Statue"},{"floor":29,"key":"Paper Crane"},{"floor":43,"key":"Eternal Feather"},{"floor":46,"key":"Bronze Scales"}],"event_choices":[],"is_beta":false,"boss_relics":[{"not_picked":["Tiny House","Calling Bell"],"picked":"Pandora\u0027s Box"},{"not_picked":["SacredBark","bronze:MakeshiftBattery"],"picked":"SlaversCollar"}],"items_purged_floors":[28,41],"is_endless":false,"potions_floor_spawned":[1,3,11,14,18,21,22,27,29,30,31,33,35,37,38,39,42,44,46,47,48],"ascension_level":1}}