{"host":"820xk69ekh5gtclf","time":1612232584,"event":{"mods":["Ascension Unlocker","BaseMod","Curses Come First","Custom Start","Downfall","Minty Spire (QoL Compilation)","StSLib"],"gold_per_floor":[116,131,146,146,158,158,184,184,258,287,306,317,342,361,361,459,459,472,485,2,21,34,64,64,76,76,76,111,122,141,141,141,239,239,249,263,279,279,289,321,336,336,336,363,373,373,399,399,399,399,399,399,112,138,138,138,138],"floor_reached":55,"language":"ENG","playtime":6926,"items_purged":["sneckomod:UnknownX+1"],"score":1023,"play_id":"d1a3bbea-cb46-42fb-bdf9-cf9b60ef9e6b","local_time":"20210201212304","is_ascension_mode":true,"campfire_choices":[{"data":"sneckomod:TailWhip","floor":6.0,"key":"SMITH"},{"data":"sneckomod:UnknownX","floor":8.0,"key":"SMITH"},{"data":"sneckomod:UnlimitedRolls","floor":15.0,"key":"SMITH"},{"floor":24.0,"key":"REST"},{"data":"sneckomod:Strike","floor":27.0,"key":"PURGE"},{"data":"Decay","floor":32.0,"key":"PURGE"},{"data":"sneckomod:Strike","floor":42,"key":"PURGE"},{"data":"sneckomod:Defend","floor":46,"key":"PURGE"},{"floor":49,"key":"RECALL"},{"data":"sneckomod:Defend","floor":52,"key":"PURGE"}],"circlet_count":0,"master_deck":["sneckomod:Defend+1","sneckomod:TailWhip+1","sneckomod:SnekBite","sneckomod:Unknown","sneckomod:Unknown+1","sneckomod:UnknownDraw","sneckomod:UnknownCommonAttack","sneckomod:QuickBite","sneckomod:UnendingSupply","sneckomod:UnendingSupply","sneckomod:ImprovisedGuard","sneckomod:UnendingSupply","sneckomod:UnlimitedRolls+1","sneckomod:UnknownBoss","sneckomod:SoulCleanse","sneckomod:UnknownWeak","sneckomod:UnknownClassSLIMEBOUND","sneckomod:SnakeSap","sneckomod:UnknownExhaust","sneckomod:Restock","sneckomod:WideSting","sneckomod:UnknownBoss","sneckomod:WideSting+1","sneckomod:SoulRoll+1","sneckomod:UnknownWeak"],"relics":["sneckomod:SneckoSoul","Peace Pipe","Gremlin Horn","Strawberry","Ancient Tea Set","Snecko Eye","sneckomod:ConfusingCodex","Strange Spoon","Mercury Hourglass","Ornamental Fan","FossilizedHelix","Busted Crown","The Courier","Bottled Tornado","War Paint","Letter Opener","Incense Burner"],"acts_visited":["Exordium","TheCity","TheBeyond","TheEnding"],"potions_floor_usage":[54,55,55],"damage_taken":[{"damage":0.0,"enemies":"2 Louse","floor":1.0,"turns":3.0},{"damage":0.0,"enemies":"Cultist","floor":2.0,"turns":3.0},{"damage":0.0,"enemies":"Small Slimes","floor":3.0,"turns":4.0},{"damage":11.0,"enemies":"Exordium Wildlife","floor":5.0,"turns":4.0},{"damage":4.0,"enemies":"Gremlin Nob","floor":7.0,"turns":3.0},{"damage":10.0,"enemies":"3 Sentries","floor":10.0,"turns":4.0},{"damage":2.0,"enemies":"Blue Slaver","floor":11.0,"turns":4.0},{"damage":1.0,"enemies":"3 Louse","floor":12.0,"turns":3.0},{"damage":15.0,"enemies":"Gremlin Nob","floor":13.0,"turns":3.0},{"damage":5.0,"enemies":"Looter","floor":14.0,"turns":4.0},{"damage":15.0,"enemies":"Slime Boss","floor":16.0,"turns":5.0},{"damage":24.0,"enemies":"2 Thieves","floor":18.0,"turns":3.0},{"damage":21.0,"enemies":"Spheric Guardian","floor":19.0,"turns":7.0},{"damage":13.0,"enemies":"Shelled Parasite and Fungi","floor":21.0,"turns":4.0},{"damage":2.0,"enemies":"3 Cultists","floor":22.0,"turns":4.0},{"damage":31.0,"enemies":"Book of Stabbing","floor":23.0,"turns":6.0},{"damage":10.0,"enemies":"Snecko","floor":25.0,"turns":4.0},{"damage":14.0,"enemies":"Slavers","floor":28.0,"turns":4.0},{"damage":11.0,"enemies":"Snake Plant","floor":29.0,"turns":2.0},{"damage":16.0,"enemies":"Centurion and Healer","floor":30.0,"turns":9.0},{"damage":0.0,"enemies":"Automaton","floor":33.0,"turns":6.0},{"damage":0.0,"enemies":"3 Shapes","floor":35.0,"turns":2.0},{"damage":0.0,"enemies":"3 Darklings","floor":36.0,"turns":3.0},{"damage":2.0,"enemies":"Writhing Mass","floor":37.0,"turns":5.0},{"damage":7.0,"enemies":"Jaw Worm Horde","floor":39.0,"turns":4.0},{"damage":19,"enemies":"Reptomancer","floor":40,"turns":5},{"damage":8,"enemies":"Maw","floor":41,"turns":6},{"damage":0,"enemies":"Nemesis","floor":44,"turns":3},{"damage":2,"enemies":"Spire Growth","floor":45,"turns":4},{"damage":0,"enemies":"Reptomancer","floor":47,"turns":2},{"damage":87,"enemies":"Time Eater","floor":50,"turns":11},{"damage":9,"enemies":"Shield and Spear","floor":54,"turns":4},{"damage":99,"enemies":"The Heart","floor":55,"turns":14}],"seed_played":"-6460308165599454342","potions_obtained":[{"floor":2.0,"key":"Dexterity Potion"},{"floor":5.0,"key":"Fire Potion"},{"floor":11.0,"key":"AttackPotion"},{"floor":14.0,"key":"DuplicationPotion"}],"is_trial":false,"path_per_floor":["M","M","M","?","M","R","E","R","T","E","M","M","E","M","R","B",null,"M","M","$","M","M","E","R","M","T","R","E","M","M","?","R","B",null,"M","M","M","?","M","E","M","R","T","E","M","R","E","?","R","B",null,"R","$","E","B"],"character_chosen":"THE_SNECKO","items_purchased":["sneckomod:ConfusingCodex","Strange Spoon","sneckomod:UnknownWeak","Letter Opener","sneckomod:UnknownWeak"],"campfire_rested":1,"item_purchase_floors":[20,20,20,53,53],"current_hp_per_floor":[99,99,99,99,88,88,84,84,84,81,79,78,63,58,58,58,106,82,61,61,48,46,15,46,41,41,41,27,16,20,20,20,20,106,106,106,104,104,97,78,70,70,70,70,68,68,68,68,68,47,106,106,106,97,0,0,0],"gold":138,"neow_bonus":"TEN_PERCENT_HP_BONUS","is_daily":false,"chose_seed":false,"campfire_upgraded":3,"win_rate":0.0,"timestamp":1612232584,"path_taken":["M","M","M","?","M","R","E","R","T","E","?","M","E","M","R","BOSS","M","?","$","M","M","E","R","M","T","R","E","M","M","?","R","BOSS","M","M","M","?","M","E","M","R","T","E","M","R","E","?","R","BOSS","R","$","E","BOSS"],"items_purchased_type":["Relic","Relic","Card","Relic","Card"],"build_version":"2020-12-22","purchased_purges":1,"victory":false,"max_hp_per_floor":[99,99,99,99,99,99,99,99,99,106,106,106,106,106,106,106,106,106,106,106,106,106,106,106,106,106,106,106,106,106,106,106,106,106,106,106,106,106,106,106,106,106,106,106,106,106,106,106,106,106,106,106,106,106,106,106,106],"card_choices":[{"not_picked":["sneckomod:UnknownCommonSkill","sneckomod:ImprovisedGuard"],"picked":"sneckomod:UnknownDraw","floor":1.0},{"not_picked":["sneckomod:WideSting","sneckomod:UnknownBlock"],"picked":"sneckomod:UnknownCommonAttack","floor":2.0},{"not_picked":["sneckomod:DiceBoulder","sneckomod:DefensiveFlair"],"picked":"sneckomod:QuickBite","floor":3.0},{"not_picked":["sneckomod:SoulRoll","sneckomod:UnknownUncommonPower"],"picked":"sneckomod:UnendingSupply","floor":5.0},{"not_picked":["sneckomod:Unknown1Cost","sneckomod:Nope"],"picked":"sneckomod:UnknownX","floor":7.0},{"not_picked":["sneckomod:Mudshield","sneckomod:WideSting"],"picked":"sneckomod:UnendingSupply","floor":10.0},{"not_picked":["sneckomod:Unknown1Cost","sneckomod:DiceCrush"],"picked":"sneckomod:ImprovisedGuard","floor":11.0},{"not_picked":["sneckomod:WideSting","sneckomod:UnknownBlock"],"picked":"sneckomod:UnendingSupply","floor":12.0},{"not_picked":["sneckomod:UnknownCommonAttack","sneckomod:MasterEye"],"picked":"sneckomod:UnlimitedRolls","floor":13.0},{"not_picked":["sneckomod:Unknown2Cost","sneckomod:UnknownClassTHE_CHAMP_GRAY","sneckomod:DiceCrush"],"picked":"SKIP","floor":14.0},{"not_picked":["sneckomod:UnknownRareSkill","sneckomod:DangerNoodle"],"picked":"sneckomod:UnknownBoss","floor":16.0},{"not_picked":["sneckomod:DiceBlock","sneckomod:SnekBeam","sneckomod:SoulDraw"],"picked":"SKIP","floor":18.0},{"not_picked":["sneckomod:MasterEye","sneckomod:QuickMove+1"],"picked":"sneckomod:SoulCleanse","floor":19.0},{"not_picked":["sneckomod:SerpentIdol+1","sneckomod:Nope","sneckomod:UnknownUncommonPower+1"],"picked":"SKIP","floor":21.0},{"not_picked":["sneckomod:UnknownCommonSkill","sneckomod:DiceBlock+1"],"picked":"sneckomod:UnknownClassSLIMEBOUND","floor":22.0},{"not_picked":["sneckomod:CheapStock+1","sneckomod:SoulRoll+1","sneckomod:ImprovisedGuard+1"],"picked":"SKIP","floor":23.0},{"not_picked":["sneckomod:SoulRoll","sneckomod:IronFang"],"picked":"sneckomod:SnakeSap","floor":25.0},{"not_picked":["sneckomod:QuickMove","sneckomod:Nope+1"],"picked":"sneckomod:UnknownExhaust","floor":28.0},{"not_picked":["sneckomod:UnknownCommonSkill","sneckomod:UnknownClassSLIMEBOUND"],"picked":"sneckomod:Restock","floor":29.0},{"not_picked":["sneckomod:UnknownBlock","sneckomod:UnknownExhaust"],"picked":"sneckomod:WideSting","floor":30.0},{"not_picked":["sneckomod:UnlimitedRolls","sneckomod:MorePower"],"picked":"sneckomod:UnknownBoss","floor":33.0},{"not_picked":["sneckomod:ImprovisedAttack"],"picked":"SKIP","floor":35.0},{"not_picked":["sneckomod:ImprovisedGuard"],"picked":"SKIP","floor":36.0},{"not_picked":["sneckomod:UnknownClassBLUE+1"],"picked":"SKIP","floor":37.0},{"not_picked":[],"picked":"sneckomod:WideSting+1","floor":39.0},{"not_picked":[],"picked":"sneckomod:SoulRoll+1","floor":40},{"not_picked":["sneckomod:UnknownBlock+1"],"picked":"SKIP","floor":41},{"not_picked":["sneckomod:UnknownUncommonSkill"],"picked":"SKIP","floor":44},{"not_picked":["sneckomod:Unknown2Cost"],"picked":"SKIP","floor":45},{"not_picked":["sneckomod:Unknown2Cost"],"picked":"SKIP","floor":47},{"not_picked":["sneckomod:DefensiveFlair"],"picked":"SKIP","floor":54}],"player_experience":2303359,"relics_obtained":[{"floor":7.0,"key":"Peace Pipe"},{"floor":9.0,"key":"Gremlin Horn"},{"floor":10.0,"key":"Strawberry"},{"floor":13.0,"key":"Ancient Tea Set"},{"floor":23.0,"key":"Mercury Hourglass"},{"floor":26.0,"key":"Ornamental Fan"},{"floor":28.0,"key":"FossilizedHelix"},{"floor":40,"key":"The Courier"},{"floor":44,"key":"Bottled Tornado"},{"floor":47,"key":"War Paint"},{"floor":54,"key":"Incense Burner"}],"event_choices":[{"cards_removed":["sneckomod:Strike"],"damage_healed":0.0,"max_hp_gain":0.0,"max_hp_loss":0.0,"gold_gain":0.0,"event_name":"Purifier","player_choice":"Purged","floor":4.0,"gold_loss":0.0,"damage_taken":0.0},{"damage_healed":0.0,"max_hp_gain":0.0,"max_hp_loss":0.0,"gold_gain":0.0,"event_name":"Forgotten Altar","player_choice":"Smashed Altar","floor":31.0,"gold_loss":0.0,"damage_taken":0.0,"cards_obtained":["Decay"]},{"damage_healed":0.0,"max_hp_gain":0.0,"max_hp_loss":0.0,"gold_gain":0.0,"event_name":"Tomb of Lord Red Mask","player_choice":"Ignored","floor":38.0,"gold_loss":0.0,"damage_taken":0.0},{"damage_healed":0,"gold_gain":0,"player_choice":"Memory 1","damage_taken":0,"max_hp_gain":0,"max_hp_loss":0,"event_name":"SensoryStone","floor":48,"gold_loss":0}],"is_beta":false,"boss_relics":[{"not_picked":["sneckomod:SneckoBoss","Velvet Choker"],"picked":"Snecko Eye"},{"not_picked":["Sozu","Runic Dome"],"picked":"Busted Crown"}],"items_purged_floors":[53],"is_endless":false,"potions_floor_spawned":[2,5,11,14,16,19,21,23,30,33,36,40,44,45,47],"killed_by":"The Heart","ascension_level":1}}