{"host":"spoxbmo2txwgdxt2","time":1612255152,"event":{"mods":["AchievementEnabler","Act Like it!","BaseMod","Colored Powertips","Gensokyo","Hallownest","Lobotomy","LobotomyExtend","Minty Spire (QoL Compilation)","Quick Restart","Shop Mod","StSLib","The Administrix"],"gold_per_floor":[117,117,136,4,4,22,50,50,127,158,158,177,208,138,138,236,236,246,263,263,263],"floor_reached":20,"language":"ZHS","playtime":2610,"items_purged":[],"score":226,"play_id":"5d3ce6b0-8df3-4703-b72a-af632af9456e","local_time":"20210202163912","is_ascension_mode":true,"campfire_choices":[{"data":"AdministrixMod:DeathByGlamour","floor":8.0,"key":"SMITH"},{"data":"AdministrixMod:StarSwordSoul","floor":11.0,"key":"SMITH"},{"data":"AdministrixMod:JustRewards","floor":15.0,"key":"SMITH"}],"circlet_count":0,"master_deck":["AdministrixMod:Strike_Administrix+1","AdministrixMod:Strike_Administrix","AdministrixMod:Strike_Administrix","AdministrixMod:Strike_Administrix","AdministrixMod:RedCloak+1","AdministrixMod:Defend_Administrix","AdministrixMod:Defend_Administrix+1","AdministrixMod:Defend_Administrix","AdministrixMod:Defend_Administrix","AdministrixMod:BlueCloak+1","ShyLook","Injury","OSAHOGD","AdministrixMod:SeventeenArticleLaser+1","AdministrixMod:DeathByGlamour+1","AdministrixMod:FaithfulFlames","BeautyBeast","AdministrixMod:StarSwordSoul+1","Freischutz","AdministrixMod:JustRewards+1","VoidDream","AdministrixMod:HopeInTheDark","AdministrixMod:LightOfYourLife+1","BlackArmy","AdministrixMod:FaithfulFlames"],"relics":["AdministrixMod:ConductorRitualBaton","CogitoBucket","LetterFromLob","Bronze Scales","Moonlight_r","MagicBullet_r","Vajra","Shuriken","Blood Vial","ResearcherNote","Omamori","Ice Cream","Coffee Dripper"],"acts_visited":["Gensokyo:Gensokyo","Hallownest:CityofTears"],"potions_floor_usage":[],"damage_taken":[{"damage":0.0,"enemies":"Gensokyo:Gryphon","floor":1.0,"turns":4.0},{"damage":0.0,"enemies":"Gensokyo:2_Kodama","floor":3.0,"turns":3.0},{"damage":0.0,"enemies":"Gensokyo:3_Fairies","floor":6.0,"turns":2.0},{"damage":8.0,"enemies":"Gensokyo:Mamizou","floor":7.0,"turns":8.0},{"damage":1.0,"enemies":"Gensokyo:Aya","floor":10.0,"turns":3.0},{"damage":10.0,"enemies":"Gensokyo:LivingMonolith","floor":12.0,"turns":3.0},{"damage":0.0,"enemies":"Gensokyo:Cirno","floor":13.0,"turns":5.0},{"damage":31.0,"enemies":"Gensokyo:Yukari","floor":16.0,"turns":9.0},{"damage":0.0,"enemies":"Hallownest:2_Mistakes","floor":18.0,"turns":4.0},{"damage":0.0,"enemies":"Hallownest:Flukemon_and_Top","floor":19.0,"turns":3.0},{"damage":51,"enemies":"Hallownest:Master_and_Novice","floor":20,"turns":4}],"seed_played":"4013735133008472232","potions_obtained":[{"floor":3.0,"key":"Energy Potion"},{"floor":7.0,"key":"Dexterity Potion"},{"floor":10.0,"key":"Swift Potion"},{"floor":16.0,"key":"SteroidPotion"},{"floor":18.0,"key":"Ancient Potion"}],"is_trial":false,"path_per_floor":["M","?","M","COS","?","M","E","R","T","E","R","M","E","?","R","B",null,"M","M","M"],"character_chosen":"TheAdministrix","items_purchased":[],"campfire_rested":0,"item_purchase_floors":[],"current_hp_per_floor":[65,65,65,65,40,40,32,32,32,31,31,25,27,27,27,19,65,65,65,16,16],"gold":263,"neow_bonus":"","is_daily":false,"chose_seed":false,"campfire_upgraded":3,"win_rate":0.0,"timestamp":1612255152,"path_taken":["M","?","M","COS","?","?","E","R","T","E","R","M","E","?","R","BOSS","M","M","M"],"items_purchased_type":[],"build_version":"2020-12-22","purchased_purges":0,"victory":false,"max_hp_per_floor":[65,65,65,65,65,65,65,65,65,65,65,65,65,65,65,65,65,65,65,65,65],"card_choices":[{"not_picked":["PunishingBird","UniverseFragment"],"picked":"ShyLook","floor":1.0},{"not_picked":["AdministrixMod:UnstableVigor","AdministrixMod:CenturiesAscent","AdministrixMod:Transition"],"picked":"SKIP","floor":1.0},{"not_picked":["UniverseFragment","Scorched"],"picked":"OSAHOGD","floor":3.0},{"not_picked":["AdministrixMod:UnstableVigor","AdministrixMod:DiversionaryTactic"],"picked":"AdministrixMod:SeventeenArticleLaser","floor":3.0},{"not_picked":["AdministrixMod:RebukeDesires","AdministrixMod:SyncreticSurge"],"picked":"AdministrixMod:DeathByGlamour","floor":6.0},{"not_picked":["AdministrixMod:RegentEdict","AdministrixMod:RebukeDesires"],"picked":"AdministrixMod:FaithfulFlames","floor":7.0},{"not_picked":["Mercenary","Wellcheers"],"picked":"BeautyBeast","floor":10.0},{"not_picked":["AdministrixMod:HopeInTheDark","AdministrixMod:BrewingCloister"],"picked":"AdministrixMod:StarSwordSoul","floor":10.0},{"not_picked":["AdministrixMod:Transition","AdministrixMod:SipOfSparks","AdministrixMod:UnstableVigor"],"picked":"SKIP","floor":10.0},{"not_picked":["CrumblingArmor","CherryBlossoms"],"picked":"Freischutz","floor":12.0},{"not_picked":["AdministrixMod:NoblePath","AdministrixMod:Metempsychosis"],"picked":"AdministrixMod:JustRewards","floor":12.0},{"not_picked":["AdministrixMod:TouchOfCinnabar","AdministrixMod:HiddenPower","AdministrixMod:NewWardrobe"],"picked":"SKIP","floor":13.0},{"not_picked":["Woodsman","Mercenary"],"picked":"VoidDream","floor":16.0},{"not_picked":["AdministrixMod:BrewingCloister","AdministrixMod:DeathByGlamour"],"picked":"AdministrixMod:HopeInTheDark","floor":16.0},{"not_picked":["AdministrixMod:DiversionaryTactic","AdministrixMod:SipOfSparks+1"],"picked":"AdministrixMod:LightOfYourLife+1","floor":18.0},{"not_picked":["HeroicMonk","FairyFestival"],"picked":"BlackArmy","floor":19.0},{"not_picked":["AdministrixMod:ReachToHeaven","AdministrixMod:BloodlessSapphire"],"picked":"AdministrixMod:FaithfulFlames","floor":19.0}],"player_experience":327370,"relics_obtained":[{"floor":1.0,"key":"LetterFromLob"},{"floor":7.0,"key":"Vajra"},{"floor":9.0,"key":"Shuriken"},{"floor":10.0,"key":"Blood Vial"},{"floor":13.0,"key":"Omamori"}],"event_choices":[],"is_beta":false,"boss_relics":[{"not_picked":["Calling Bell","AdministrixMod:BloodSoakedVeil"],"picked":"Coffee Dripper"}],"items_purged_floors":[],"is_endless":false,"potions_floor_spawned":[3,7,10,16,18],"killed_by":"Hallownest:Master_and_Novice","ascension_level":1}}