{"host":"mgjbkrm6zb65cm01","time":1612277861,"event":{"mods":["ATMod(°¢èªMod)","BaseMod","Conspire","Good Game Mod","Marisa£¨ìFÓê¡¡Ä§ÀíÉ³£©","Minty Spire (QoL Compilation)","Quick Restart","Relic Stats","Replay The Spire","Spicy Shops","StSLib","The Bladedancer","The Servant 0.9.4","UnlockEverythingMod","noobMod"],"gold_per_floor":[113,129,139,150,161,161,189,364,364,376,376,392,409,427,427,531,531,548,559,8,8,27,53,53,78,78,97,117,117,129,143,143,240,240,254,2,2,2,2,2,30,40,65,65,84,98,111,8,8,8,8,8,8,35,35,35],"floor_reached":55,"language":"ZHS","playtime":4494,"items_purged":["Doubt","Strike_B"],"score":772,"play_id":"d492a782-a3e0-4d48-9341-e1e5d37f4b69","local_time":"20210202225741","is_ascension_mode":false,"campfire_choices":[{"data":"Go for the Eyes","floor":6.0,"key":"SMITH"},{"data":"Machine Learning","floor":11.0,"key":"SMITH"},{"floor":15.0,"key":"RECALL"},{"data":"Hologram","floor":24.0,"key":"SMITH"},{"data":"ReplayTheSpireMod:Reroute Power","floor":29.0,"key":"SMITH"},{"data":"Self Repair","floor":32.0,"key":"SMITH"},{"data":"ReplayRNGCard","floor":40.0,"key":"SMITH"},{"data":"Zap","floor":44.0,"key":"SMITH"},{"data":"Scrape","floor":52.0,"key":"SMITH"}],"circlet_count":0,"master_deck":["Strike_B","Strike_B","Defend_B","Defend_B","Defend_B","Zap+1","Dualcast","Double Energy+1","Glacier","Go for the Eyes+1","Coolheaded","Conserve Battery","Sweeping Beam","Machine Learning+1","Hologram+1","Self Repair+1","Compile Driver","Streamline+1","All For One+1","Steam+1","AT_ThunderBolt+1","Streamline+1","Compile Driver","Hologram+1","Conserve Battery+1","ReplayRNGCard+1","Go for the Eyes+1","ReplayTheSpireMod:Reroute Power+1","Stack","Rebound+1","Electrodynamics","Gash","Scrape+1","ReplaySolidLightProjector","AT_WaterDrop","Turbo+1","AT_StudyProgram+1","ReplaySort","Recycle+1","AT_ThreeBodyProblem+1","Redo","Sweeping Beam+1"],"relics":["Cracked Core","REME:ComplimentaryCards","ice","AT_ATBox","NeowsBlessing","ReplayTheSpireMod:Ninjato","Iron Hammer","Empty Cage","Guide Book","Replay:Bottled Eggs","Pen Nib","conspire:IceCreamScoop","Meat on the Bone","conspire:SeveredTorchhead","Membership Card","Replay:Antivirus Software","Vajra","Frozen Eye","AT_MibuBalloonWealth"],"acts_visited":["Exordium","TheCity","TheBeyond","TheEnding"],"potions_floor_usage":[],"damage_taken":[{"damage":0.0,"enemies":"Small Slimes","floor":1.0,"turns":1.0},{"damage":0.0,"enemies":"2 Louse","floor":2.0,"turns":1.0},{"damage":0.0,"enemies":"Cultist","floor":3.0,"turns":1.0},{"damage":5.0,"enemies":"3 Louse","floor":4.0,"turns":4.0},{"damage":2.0,"enemies":"2 Fungi Beasts","floor":5.0,"turns":4.0},{"damage":2.0,"enemies":"Lagavulin","floor":7.0,"turns":12.0},{"damage":1.0,"enemies":"Blue Slaver","floor":10.0,"turns":4.0},{"damage":5.0,"enemies":"Red Slaver","floor":12.0,"turns":4.0},{"damage":3.0,"enemies":"conspire:2 RoseBushes","floor":13.0,"turns":6.0},{"damage":18.0,"enemies":"Exordium Wildlife","floor":14.0,"turns":4.0},{"damage":42.0,"enemies":"Slime Boss","floor":16.0,"turns":13.0},{"damage":3.0,"enemies":"Shell Parasite","floor":18.0,"turns":7.0},{"damage":13.0,"enemies":"Chosen","floor":19.0,"turns":5.0},{"damage":22.0,"enemies":"conspire:HollyBat","floor":22.0,"turns":7.0},{"damage":15.0,"enemies":"Book of Stabbing","floor":23.0,"turns":7.0},{"damage":41.0,"enemies":"Gremlin Leader","floor":25.0,"turns":8.0},{"damage":7.0,"enemies":"3 Cultists","floor":27.0,"turns":5.0},{"damage":6.0,"enemies":"Centurion and Healer","floor":28.0,"turns":5.0},{"damage":29.0,"enemies":"Snake Plant","floor":30.0,"turns":3.0},{"damage":26.0,"enemies":"Shelled Parasite and Fungi","floor":31.0,"turns":5.0},{"damage":38.0,"enemies":"Collector","floor":33.0,"turns":10.0},{"damage":34.0,"enemies":"3 Shapes","floor":35.0,"turns":4.0},{"damage":58.0,"enemies":"Reptomancer","floor":41.0,"turns":8.0},{"damage":0.0,"enemies":"Orb Walker","floor":42.0,"turns":3.0},{"damage":22.0,"enemies":"Sphere and 2 Shapes","floor":45.0,"turns":5.0},{"damage":30.0,"enemies":"Jaw Worm Horde","floor":46.0,"turns":5.0},{"damage":30.0,"enemies":"3 Darklings","floor":47.0,"turns":3.0},{"damage":109.0,"enemies":"Time Eater","floor":50.0,"turns":11.0},{"damage":36.0,"enemies":"Shield and Spear","floor":54.0,"turns":6.0},{"damage":93,"enemies":"The Heart","floor":55,"turns":6}],"seed_played":"-7938616233616763685","potions_obtained":[{"floor":1.0,"key":"Ancient Potion"},{"floor":2.0,"key":"conspire:TimeTravelPotion"},{"floor":5.0,"key":"PowerPotion"},{"floor":12.0,"key":"Energy Potion"},{"floor":14.0,"key":"Strength Potion"},{"floor":16.0,"key":"SpeedPotion"},{"floor":22.0,"key":"Weak Potion"},{"floor":23.0,"key":"Venom Potion"},{"floor":28.0,"key":"SteroidPotion"},{"floor":31.0,"key":"LiquidMemories"},{"floor":33.0,"key":"LiquidBronze"},{"floor":41.0,"key":"ColorlessPotion"},{"floor":45.0,"key":"Weak Potion"},{"floor":49.0,"key":"DuplicationPotion"},{"floor":49.0,"key":"LiquidMemories"}],"is_trial":false,"path_per_floor":["M","M","M","M","M","R","E","?","T","M","R","M","M","M","R","B",null,"M","M","$","?","M","E","R","E","T","M","M","R","M","M","R","B",null,"M","$","?","?","?","R","E","M","T","R","M","M","M","$","R","B",null,"R","$","E","B"],"character_chosen":"DEFECT","items_purchased":["Streamline","Guide Book","Replay:Bottled Eggs","Compile Driver","Membership Card","Scrape","ReplaySolidLightProjector","Frozen Eye","Redo"],"campfire_rested":0,"item_purchase_floors":[20,20,20,20,36,36,36,48,48],"current_hp_per_floor":[75,75,75,70,68,68,66,66,66,65,65,60,67,75,75,43,75,75,72,72,72,57,49,49,75,75,78,79,79,57,50,50,34,96,62,62,62,62,62,62,92,92,92,92,80,72,64,64,64,60,119,119,119,93,0,0],"gold":35,"neow_bonus":"THREE_ENEMY_KILL","is_daily":false,"chose_seed":false,"campfire_upgraded":8,"win_rate":0.0,"timestamp":1612277861,"path_taken":["M","M","M","M","M","R","E","?","T","M","R","M","M","M","R","BOSS","M","M","$","?","M","E","R","E","T","M","M","R","M","?","R","BOSS","M","$","?","?","?","R","E","?","T","R","M","M","M","$","R","BOSS","R","$","E","BOSS"],"items_purchased_type":["Card","Relic","Relic","Card","Relic","Card","Card","Relic","Card"],"build_version":"2020-12-22","purchased_purges":2,"victory":false,"max_hp_per_floor":[75,75,75,75,75,75,75,75,75,75,75,75,75,75,75,75,75,75,75,75,75,75,75,75,75,75,82,85,85,91,96,96,96,96,96,96,96,96,96,96,100,102,102,102,112,112,112,112,112,119,119,119,119,129,129,129],"relic_stats":{"counters":[30,167],"Pen Nib":[20],"obtain_stats":[{"AT_ATBox":0,"ReplayTheSpireMod:Ninjato":7,"NeowsBlessing":0,"Guide Book":20,"AT_MibuBalloonWealth":54,"Vajra":43,"Pen Nib":21,"ice":0,"Empty Cage":17,"conspire:SeveredTorchhead":34,"Frozen Eye":48,"REME:ComplimentaryCards":0,"Iron Hammer":9,"Membership Card":36,"Replay:Bottled Eggs":20,"Replay:Antivirus Software":41,"Cracked Core":0,"conspire:IceCreamScoop":23,"Meat on the Bone":25},{"AT_ATBox":0,"ReplayTheSpireMod:Ninjato":6,"NeowsBlessing":0,"Guide Book":13,"AT_MibuBalloonWealth":29,"Vajra":24,"Pen Nib":13,"ice":0,"Empty Cage":11,"conspire:SeveredTorchhead":21,"Frozen Eye":27,"REME:ComplimentaryCards":0,"Iron Hammer":6,"Membership Card":22,"Replay:Bottled Eggs":13,"Replay:Antivirus Software":23,"Cracked Core":0,"conspire:IceCreamScoop":15,"Meat on the Bone":16},{"AT_ATBox":0,"ReplayTheSpireMod:Ninjato":23,"NeowsBlessing":0,"Guide Book":66,"AT_MibuBalloonWealth":161,"Vajra":131,"Pen Nib":66,"ice":0,"Empty Cage":54,"conspire:SeveredTorchhead":116,"Frozen Eye":144,"REME:ComplimentaryCards":0,"Iron Hammer":23,"Membership Card":120,"Replay:Bottled Eggs":66,"Replay:Antivirus Software":128,"Cracked Core":0,"conspire:IceCreamScoop":80,"Meat on the Bone":88}],"Meat on the Bone":48},"card_choices":[{"not_picked":["Consume","Stack"],"picked":"Glacier","floor":1.0},{"not_picked":["AT_WarpDrive","Steam"],"picked":"Go for the Eyes","floor":2.0},{"not_picked":["Aggregate","Cold Snap"],"picked":"Coolheaded","floor":3.0},{"not_picked":["Static Discharge","Redo"],"picked":"Conserve Battery","floor":4.0},{"not_picked":["Turbo","Consume"],"picked":"Sweeping Beam","floor":5.0},{"not_picked":["Compile Driver","ReplayTheSpireMod:Reroute Power"],"picked":"Machine Learning","floor":7.0},{"not_picked":["Redo","Go for the Eyes"],"picked":"Hologram","floor":10.0},{"not_picked":["Turbo","Sweeping Beam"],"picked":"Self Repair","floor":12.0},{"not_picked":["Ball Lightning","Hologram"],"picked":"Compile Driver","floor":13.0},{"not_picked":["Sweeping Beam","Crystallizer"],"picked":"Streamline","floor":14.0},{"not_picked":["Electrodynamics","Biased Cognition"],"picked":"All For One","floor":16.0},{"not_picked":["Rip and Tear","Barrage"],"picked":"Steam+1","floor":18.0},{"not_picked":["Cold Snap","Rebound+1"],"picked":"AT_ThunderBolt+1","floor":19.0},{"not_picked":["Steam","Ball Lightning"],"picked":"Hologram+1","floor":22.0},{"not_picked":["Rebound","Redo"],"picked":"Conserve Battery+1","floor":23.0},{"not_picked":["Fusion+1","AT_RobotInSpace"],"picked":"ReplayRNGCard","floor":25.0},{"not_picked":["Reprogram","Steam"],"picked":"Go for the Eyes+1","floor":27.0},{"not_picked":["AT_ThunderBolt+1","ReplaySolidLightProjector"],"picked":"ReplayTheSpireMod:Reroute Power","floor":28.0},{"not_picked":["Streamline","AT_HeatAcrobatics"],"picked":"Stack","floor":30.0},{"not_picked":["Ball Lightning","Reboot"],"picked":"Rebound+1","floor":31.0},{"not_picked":["Core Surge","ReplayRNGCard"],"picked":"Electrodynamics","floor":33.0},{"not_picked":["Go for the Eyes+1","Genetic Algorithm+1"],"picked":"Gash","floor":35.0},{"not_picked":["FIFO Queue","Melter+1"],"picked":"Turbo+1","floor":41.0},{"not_picked":["Turbo+1","Ball Lightning"],"picked":"AT_StudyProgram+1","floor":42.0},{"not_picked":["ReplayTheSpireMod:GoodbyeWorld","Rebound"],"picked":"ReplaySort","floor":45.0},{"not_picked":["Leap","Hologram"],"picked":"Recycle+1","floor":46.0},{"not_picked":["BootSequence","ReplayTheSpireMod:Reroute Power"],"picked":"AT_ThreeBodyProblem+1","floor":47.0},{"not_picked":["Chaos","Steam"],"picked":"Sweeping Beam+1","floor":54.0}],"player_experience":118684,"relics_obtained":[{"floor":7.0,"key":"ReplayTheSpireMod:Ninjato"},{"floor":9.0,"key":"Iron Hammer"},{"floor":23.0,"key":"conspire:IceCreamScoop"},{"floor":25.0,"key":"Meat on the Bone"},{"floor":41.0,"key":"Replay:Antivirus Software"},{"floor":43.0,"key":"Vajra"},{"floor":54.0,"key":"AT_MibuBalloonWealth"}],"event_choices":[{"damage_healed":0.0,"max_hp_gain":0.0,"max_hp_loss":0.0,"gold_gain":175.0,"event_name":"Liars Game","player_choice":"AGREE","floor":8.0,"gold_loss":0.0,"damage_taken":0.0,"cards_obtained":["Doubt"]},{"damage_healed":0.0,"max_hp_gain":0.0,"max_hp_loss":0.0,"gold_gain":0.0,"event_name":"WeMeetAgain","player_choice":"Gave Potion","floor":21.0,"gold_loss":0.0,"damage_taken":0.0,"relics_obtained":["Pen Nib"]},{"damage_healed":0.0,"max_hp_gain":0.0,"max_hp_loss":0.0,"gold_gain":0.0,"event_name":"SensoryStone","player_choice":"Memory 1","floor":37.0,"gold_loss":0.0,"damage_taken":0.0},{"damage_healed":0.0,"max_hp_gain":0.0,"max_hp_loss":0.0,"gold_gain":0.0,"event_name":"conspire:Investor","player_choice":"Leave","floor":38.0,"gold_loss":0.0,"damage_taken":0.0},{"damage_healed":0.0,"max_hp_gain":0.0,"max_hp_loss":0.0,"gold_gain":0.0,"event_name":"Match and Keep!","player_choice":"1 cards matched","floor":39.0,"gold_loss":0.0,"damage_taken":0.0,"cards_obtained":["AT_WaterDrop"]}],"is_beta":false,"boss_relics":[{"not_picked":["Kintsugi","conspire:SlowCooker"],"picked":"Empty Cage"},{"not_picked":["Sozu","Calling Bell"],"picked":"conspire:SeveredTorchhead"}],"items_purged_floors":[20,36],"is_endless":false,"potions_floor_spawned":[1,2,5,12,14,16,22,23,28,31,33,41,45],"killed_by":"The Heart","ascension_level":0}}