{"host":"a1eatafr7pisesky","time":1612265339,"event":{"mods":["AchievementEnabler","BaseMod","Colored Map","Keyboard Shortcuts","Minty Spire (QoL Compilation)","Say the Spire","StSLib","SuperFastMode","everything is the same but u backflip on backflip"],"gold_per_floor":[117,67,84,84,100,134,134,161,161,161,44,77,15,33,65,65,139,139,151,167,167,15,31,31,31],"floor_reached":24,"language":"KOR","playtime":650,"items_purged":["Decay"],"score":525,"play_id":"372ff9e0-8d80-4ba1-bfbe-208e028e8ce4","local_time":"20210202202859","is_ascension_mode":true,"campfire_choices":[{"floor":7.0,"key":"REST"},{"floor":16.0,"key":"REST"}],"circlet_count":0,"master_deck":["AscendersBane","Strike_R","Strike_R","Strike_R","Strike_R","Defend_R","Defend_R","Defend_R","Bash","Flex","Wild Strike","Feel No Pain","Inflame","Second Wind","Dark Embrace","Carnage","Power Through","Armaments","Shockwave","Demon Form","Pommel Strike","Fire Breathing"],"relics":["Burning Blood","NeowsBlessing","Dream Catcher","The Courier","FossilizedHelix","Darkstone Periapt","Mummified Hand","Black Star","Membership Card"],"acts_visited":["Exordium","TheCity"],"potions_floor_usage":[],"damage_taken":[{"damage":0.0,"enemies":"Jaw Worm","floor":1.0,"turns":1.0},{"damage":0.0,"enemies":"Cultist","floor":3.0,"turns":1.0},{"damage":0.0,"enemies":"2 Louse","floor":5.0,"turns":1.0},{"damage":56.0,"enemies":"3 Sentries","floor":6.0,"turns":12.0},{"damage":36.0,"enemies":"Lagavulin","floor":8.0,"turns":6.0},{"damage":0.0,"enemies":"3 Sentries","floor":9.0,"turns":1.0},{"damage":0.0,"enemies":"Lagavulin","floor":12.0,"turns":6.0},{"damage":0.0,"enemies":"Exordium Wildlife","floor":14.0,"turns":6.0},{"damage":22.0,"enemies":"3 Sentries","floor":15.0,"turns":9.0},{"damage":11.0,"enemies":"The Guardian","floor":17.0,"turns":10.0},{"damage":43.0,"enemies":"Spheric Guardian","floor":19.0,"turns":8.0},{"damage":12.0,"enemies":"Chosen","floor":20.0,"turns":5.0},{"damage":11.0,"enemies":"Centurion and Healer","floor":23.0,"turns":6.0},{"damage":25,"enemies":"Book of Stabbing","floor":24,"turns":4}],"seed_played":"-1079755387753063197","potions_obtained":[{"floor":5.0,"key":"Dexterity Potion"},{"floor":12.0,"key":"BlessingOfTheForge"},{"floor":15.0,"key":"SteroidPotion"},{"floor":17.0,"key":"Weak Potion"},{"floor":19.0,"key":"SkillPotion"},{"floor":23.0,"key":"SteroidPotion"}],"is_trial":false,"path_per_floor":["M","?","M","?","M","E","R","E","E","T","$","E","$","M","E","R","B",null,"M","M","?","$","M","E"],"character_chosen":"IRONCLAD","items_purchased":["Second Wind","Dark Embrace","Power Through","Membership Card"],"campfire_rested":2,"item_purchase_floors":[11,11,13,22],"current_hp_per_floor":[74,74,75,75,75,25,47,17,23,23,23,29,29,35,19,41,36,65,28,22,28,28,23,0,0],"gold":31,"neow_bonus":"THREE_ENEMY_KILL","is_daily":false,"chose_seed":false,"campfire_upgraded":0,"win_rate":0.0,"timestamp":1612265339,"path_taken":["M","?","M","?","?","E","R","E","E","T","$","E","?","M","E","R","BOSS","M","M","?","$","M","E"],"items_purchased_type":["Card","Card","Card","Relic"],"build_version":"2020-12-22","purchased_purges":1,"victory":false,"max_hp_per_floor":[75,75,75,75,75,75,75,75,75,75,75,75,75,75,75,75,75,75,75,75,81,81,81,81,81],"card_choices":[{"not_picked":["Twin Strike","Thunderclap"],"picked":"Flex","floor":1.0},{"not_picked":["Armaments","Warcry"],"picked":"Wild Strike","floor":3.0},{"not_picked":["Whirlwind","Sever Soul"],"picked":"Feel No Pain","floor":5.0},{"not_picked":["Anger","Havoc","Warcry"],"picked":"SKIP","floor":6.0},{"not_picked":["Clash","Searing Blow"],"picked":"Inflame","floor":7.0},{"not_picked":["Barricade","Seeing Red","Second Wind"],"picked":"SKIP","floor":9.0},{"not_picked":["Cleave","Brutality"],"picked":"Carnage","floor":12.0},{"not_picked":["Havoc","Infernal Blade"],"picked":"Armaments","floor":14.0},{"not_picked":["Reckless Charge","Seeing Red","Spot Weakness"],"picked":"SKIP","floor":15.0},{"not_picked":["Battle Trance","Clothesline"],"picked":"Shockwave","floor":16.0},{"not_picked":["Corruption","Berserk"],"picked":"Demon Form","floor":17.0},{"not_picked":["Clash","Rampage"],"picked":"Pommel Strike","floor":19.0},{"not_picked":["Twin Strike","Seeing Red"],"picked":"Fire Breathing","floor":20.0},{"not_picked":["Headbutt","Thunderclap","Iron Wave"],"picked":"SKIP","floor":23.0}],"player_experience":389878,"relics_obtained":[{"floor":6.0,"key":"Dream Catcher"},{"floor":8.0,"key":"The Courier"},{"floor":10.0,"key":"FossilizedHelix"},{"floor":12.0,"key":"Darkstone Periapt"},{"floor":15.0,"key":"Mummified Hand"}],"event_choices":[{"cards_removed":["Defend_R"],"damage_healed":0.0,"max_hp_gain":0.0,"max_hp_loss":0.0,"gold_gain":0.0,"event_name":"The Cleric","player_choice":"Card Removal","floor":2.0,"gold_loss":50.0,"damage_taken":0.0},{"cards_removed":["Strike_R"],"damage_healed":0.0,"max_hp_gain":0.0,"max_hp_loss":0.0,"gold_gain":0.0,"event_name":"Bonfire Elementals","player_choice":"Offered Basic","floor":4.0,"gold_loss":0.0,"damage_taken":0.0},{"damage_healed":0.0,"max_hp_gain":0.0,"max_hp_loss":0.0,"gold_gain":0.0,"event_name":"Forgotten Altar","player_choice":"Smashed Altar","floor":21.0,"gold_loss":0.0,"damage_taken":0.0,"cards_obtained":["Decay"]}],"is_beta":false,"boss_relics":[{"not_picked":["Sozu","Astrolabe"],"picked":"Black Star"}],"items_purged_floors":[22],"is_endless":false,"potions_floor_spawned":[5,9,12,15,17,19,23],"killed_by":"Book of Stabbing","ascension_level":14}}