{"host":"c44ey07ufggfw2m8","time":1612267551,"event":{"mods":["2.2 Compatiblity","BaseMod","Colored Map","DeckTracker","Highlight Path","Keyboard Shortcuts","Minty Spire (QoL Compilation)","Permanent Neow","Quick Restart","StSLib","SuperFastMode","UnlockEverythingMod"],"gold_per_floor":[109,127,127,143,68,68,100,113,139,139,157,192,247,264,264,360,360,372,247,247,257,40,68,88,98,98,98,129,144,144,144,144,245,245,259,107,107,107,120,120,120,120,120,130,163,181,181,193,193,193],"floor_reached":51,"language":"KOR","playtime":1329,"items_purged":["Strike_P","Strike_P"],"score":1102,"play_id":"76251a58-a181-4e3f-8afe-0f774239d0bd","local_time":"20210202210551","is_ascension_mode":true,"campfire_choices":[{"data":"Eruption","floor":6.0,"key":"SMITH"},{"data":"Omniscience","floor":10.0,"key":"SMITH"},{"data":"SandsOfTime","floor":15.0,"key":"SMITH"},{"data":"Ragnarok","floor":30.0,"key":"SMITH"},{"data":"Wallop","floor":32.0,"key":"SMITH"},{"data":"Prostrate","floor":40.0,"key":"SMITH"},{"data":"Devotion","floor":42.0,"key":"SMITH"},{"floor":47.0,"key":"REST"},{"floor":49,"key":"REST"}],"circlet_count":0,"master_deck":["Defend_P","Eruption+1","Vigilance","Omniscience+1","WheelKick","SandsOfTime+1","InnerPeace","ThirdEye","CrushJoints","FearNoEvil","Tantrum","Halt","ClearTheMind","Ragnarok+1","Prostrate+1","Halt","Wallop+1","Evaluate+1","Necronomicurse","Collect+1","Devotion+1","Adaptation+1","Meditate+1","InnerPeace+1"],"relics":["PureWater","Nunchaku","Oddly Smooth Stone","Vajra","Calipers","VioletLotus","Sling","Akabeko","Toxic Egg 2","Necronomicon","Happy Flower","SlaversCollar","Bag of Preparation","Gremlin Horn","Mercury Hourglass"],"acts_visited":["Exordium","TheCity","TheBeyond"],"potions_floor_usage":[50,50,50],"damage_taken":[{"damage":2.0,"enemies":"Jaw Worm","floor":1.0,"turns":3.0},{"damage":13.0,"enemies":"Small Slimes","floor":2.0,"turns":5.0},{"damage":0.0,"enemies":"Cultist","floor":4.0,"turns":2.0},{"damage":8.0,"enemies":"Lagavulin","floor":7.0,"turns":6.0},{"damage":5.0,"enemies":"Large Slime","floor":8.0,"turns":6.0},{"damage":14.0,"enemies":"3 Louse","floor":11.0,"turns":3.0},{"damage":0.0,"enemies":"Gremlin Nob","floor":12.0,"turns":1.0},{"damage":4.0,"enemies":"Gremlin Nob","floor":13.0,"turns":3.0},{"damage":0.0,"enemies":"Lots of Slimes","floor":14.0,"turns":2.0},{"damage":0.0,"enemies":"Hexaghost","floor":16.0,"turns":6.0},{"damage":5.0,"enemies":"Shell Parasite","floor":18.0,"turns":3.0},{"damage":0.0,"enemies":"Chosen","floor":21.0,"turns":4.0},{"damage":0.0,"enemies":"Slavers","floor":23.0,"turns":1.0},{"damage":5.0,"enemies":"Snecko","floor":24.0,"turns":3.0},{"damage":23.0,"enemies":"Centurion and Healer","floor":25.0,"turns":2.0},{"damage":0.0,"enemies":"Gremlin Leader","floor":28.0,"turns":3.0},{"damage":5.0,"enemies":"3 Cultists","floor":29.0,"turns":4.0},{"damage":6.0,"enemies":"Automaton","floor":33.0,"turns":6.0},{"damage":45.0,"enemies":"3 Shapes","floor":35.0,"turns":2.0},{"damage":0.0,"enemies":"Orb Walker","floor":39.0,"turns":2.0},{"damage":0.0,"enemies":"Jaw Worm Horde","floor":44.0,"turns":2.0},{"damage":0.0,"enemies":"Reptomancer","floor":45.0,"turns":2.0},{"damage":0.0,"enemies":"3 Darklings","floor":46.0,"turns":3.0},{"damage":17,"enemies":"Writhing Mass","floor":48,"turns":4},{"damage":0,"enemies":"Donu and Deca","floor":50,"turns":4}],"seed_played":"1459204446041676408","potions_obtained":[{"floor":2.0,"key":"DistilledChaos"},{"floor":11.0,"key":"Regen Potion"},{"floor":12.0,"key":"Dexterity Potion"},{"floor":14.0,"key":"Weak Potion"},{"floor":16.0,"key":"CultistPotion"},{"floor":18.0,"key":"SneckoOil"},{"floor":25.0,"key":"ColorlessPotion"},{"floor":39.0,"key":"BlessingOfTheForge"},{"floor":44.0,"key":"StancePotion"}],"is_trial":false,"path_per_floor":["M","M","?","M","$","R","E","M","T","R","M","E","?","M","R","B",null,"M","$","?","M","$","E","M","M","T","?","E","M","R","?","R","B",null,"M","$","?","?","M","R","?","R","T","M","E","M","R","M","R","B",null],"character_chosen":"WATCHER","items_purchased":["Prostrate","Wallop","Sling","Bag of Preparation"],"campfire_rested":2,"item_purchase_floors":[19,22,22,36],"current_hp_per_floor":[70,57,57,57,57,57,49,44,44,44,30,30,26,26,26,40,72,67,67,67,67,67,67,62,39,39,23,23,18,18,18,18,12,72,27,27,27,27,27,27,27,27,27,27,27,27,48,31,52,52],"gold":193,"neow_bonus":"TRANSFORM_TWO_CARDS","is_daily":false,"chose_seed":false,"campfire_upgraded":7,"win_rate":0.0,"timestamp":1612267551,"path_taken":["M","M","?","M","$","R","E","M","T","R","M","E","?","M","R","BOSS","M","$","?","M","$","E","?","M","T","?","E","M","R","?","R","BOSS","M","$","?","?","M","R","?","R","T","?","E","M","R","M","R","BOSS"],"items_purchased_type":["Card","Card","Relic","Relic"],"build_version":"2020-12-22","purchased_purges":2,"victory":true,"max_hp_per_floor":[72,72,72,72,72,72,72,72,72,72,72,72,72,72,72,72,72,72,72,72,72,72,72,72,72,72,72,72,72,72,72,72,72,72,72,72,72,72,72,72,72,72,72,72,72,72,72,72,72,72],"card_choices":[{"not_picked":["SashWhip","PathToVictory"],"picked":"SandsOfTime","floor":1.0},{"not_picked":["ThirdEye","Halt"],"picked":"InnerPeace","floor":2.0},{"not_picked":["SashWhip","CrushJoints"],"picked":"ThirdEye","floor":4.0},{"not_picked":["Blasphemy","ThirdEye"],"picked":"CrushJoints","floor":7.0},{"not_picked":["Crescendo","SashWhip"],"picked":"FearNoEvil","floor":8.0},{"not_picked":["BowlingBash","SignatureMove"],"picked":"Tantrum","floor":11.0},{"not_picked":["CutThroughFate","Crescendo"],"picked":"Halt","floor":12.0},{"not_picked":["CrushJoints","Consecrate"],"picked":"ClearTheMind","floor":13.0},{"not_picked":["Fasting2","CutThroughFate","Crescendo"],"picked":"SKIP","floor":14.0},{"not_picked":["SpiritShield","Brilliance"],"picked":"Ragnarok","floor":16.0},{"not_picked":["BowlingBash+1","CrushJoints","SignatureMove"],"picked":"SKIP","floor":18.0},{"not_picked":["ClearTheMind+1","Protect"],"picked":"Halt","floor":21.0},{"not_picked":["Ragnarok","FlurryOfBlows","WreathOfFlame"],"picked":"SKIP","floor":23.0},{"not_picked":["Nirvana","CutThroughFate","ThirdEye"],"picked":"SKIP","floor":24.0},{"not_picked":["Swivel","ClearTheMind"],"picked":"Evaluate+1","floor":25.0},{"not_picked":["Alpha+1","BattleHymn"],"picked":"Collect+1","floor":28.0},{"not_picked":["Study","Indignation+1"],"picked":"Pray+1","floor":29.0},{"not_picked":["Establishment","Omniscience+1"],"picked":"Devotion","floor":33.0},{"not_picked":["Crescendo+1","Collect+1","SashWhip+1"],"picked":"SKIP","floor":35.0},{"not_picked":["Conclude","Evaluate+1","FlurryOfBlows+1"],"picked":"SKIP","floor":39.0},{"not_picked":["EmptyFist+1","Conclude","Crescendo+1"],"picked":"SKIP","floor":44.0},{"not_picked":["EmptyFist+1","Conclude","Crescendo+1"],"picked":"SKIP","floor":44.0},{"not_picked":["Collect+1","Evaluate+1"],"picked":"Adaptation+1","floor":45.0},{"not_picked":["Tantrum","Alpha+1"],"picked":"Meditate+1","floor":46.0},{"not_picked":["Consecrate","FlurryOfBlows+1"],"picked":"InnerPeace+1","floor":48}],"player_experience":106030,"relics_obtained":[{"floor":7.0,"key":"Nunchaku"},{"floor":9.0,"key":"Oddly Smooth Stone"},{"floor":12.0,"key":"Vajra"},{"floor":13.0,"key":"Calipers"},{"floor":23.0,"key":"Akabeko"},{"floor":26.0,"key":"Toxic Egg 2"},{"floor":27.0,"key":"Necronomicon"},{"floor":28.0,"key":"Happy Flower"},{"floor":43.0,"key":"Gremlin Horn"},{"floor":45.0,"key":"Mercury Hourglass"}],"event_choices":[{"cards_removed":["Clumsy"],"damage_healed":0.0,"max_hp_gain":0.0,"max_hp_loss":0.0,"gold_gain":0.0,"event_name":"Living Wall","player_choice":"Forget","floor":3.0,"gold_loss":0.0,"damage_taken":0.0},{"damage_healed":0.0,"max_hp_gain":0.0,"max_hp_loss":0.0,"gold_gain":0.0,"event_name":"Dead Adventurer","player_choice":"Searched \u00271\u0027 times","floor":13.0,"gold_loss":0.0,"damage_taken":0.0},{"cards_removed":["Strike_P"],"damage_healed":0.0,"max_hp_gain":0.0,"max_hp_loss":0.0,"gold_gain":0.0,"event_name":"Purifier","player_choice":"Purged","floor":20.0,"gold_loss":0.0,"damage_taken":0.0},{"damage_healed":0.0,"max_hp_gain":0.0,"max_hp_loss":0.0,"gold_gain":0.0,"event_name":"Cursed Tome","player_choice":"Obtained Book","floor":27.0,"gold_loss":0.0,"damage_taken":16.0},{"cards_removed":["Defend_P"],"damage_healed":0.0,"max_hp_gain":0.0,"max_hp_loss":0.0,"gold_gain":0.0,"event_name":"Bonfire Elementals","player_choice":"Offered Basic","floor":31.0,"gold_loss":0.0,"damage_taken":0.0},{"damage_healed":0.0,"max_hp_gain":0.0,"max_hp_loss":0.0,"gold_gain":0.0,"event_name":"Tomb of Lord Red Mask","player_choice":"Ignored","floor":37.0,"gold_loss":0.0,"damage_taken":0.0},{"cards_removed":["Pray"],"damage_healed":0.0,"max_hp_gain":0.0,"max_hp_loss":0.0,"gold_gain":0.0,"event_name":"Falling","player_choice":"Removed Skill","floor":38.0,"gold_loss":0.0,"damage_taken":0.0},{"cards_removed":["Defend_P"],"damage_healed":0.0,"max_hp_gain":0.0,"max_hp_loss":0.0,"gold_gain":0.0,"event_name":"Purifier","player_choice":"Purged","floor":41.0,"gold_loss":0.0,"damage_taken":0.0}],"is_beta":false,"boss_relics":[{"not_picked":["Snecko Eye","SacredBark"],"picked":"VioletLotus"},{"not_picked":["Calling Bell","Tiny House"],"picked":"SlaversCollar"}],"items_purged_floors":[5,19],"is_endless":false,"potions_floor_spawned":[2,11,12,14,16,18,25,39,44,46],"ascension_level":4}}