{"host":"wshh0nphwn6jv7vj","time":1612225550,"event":{"mods":["BaseMod","Bestiary","Minty Spire (QoL Compilation)","Relic Stats"],"gold_per_floor":[116,128,142,161,176,210,210,237,260,270,303,283,293,309,309,309,309],"floor_reached":16,"language":"ENG","playtime":2169,"items_purged":[],"score":279,"play_id":"1249250f-8fc7-458f-8eda-1f1b01384a46","local_time":"20210201192550","is_ascension_mode":true,"campfire_choices":[{"floor":7,"key":"REST"},{"floor":15,"key":"REST"}],"circlet_count":0,"master_deck":["AscendersBane","Strike_P","Strike_P","Strike_P","Strike_P","Defend_P","Defend_P","Defend_P","Defend_P","Eruption","Vigilance","Collect","InnerPeace","BowlingBash","Vault","MentalFortress","SashWhip","Perseverance","BowlingBash","MentalFortress","Evaluate"],"relics":["Snecko Eye","Centennial Puzzle","Lizard Tail","Happy Flower","Akabeko"],"acts_visited":["Exordium"],"potions_floor_usage":[6,8,13,14],"damage_taken":[{"damage":0.0,"enemies":"Small Slimes","floor":1.0,"turns":2.0},{"damage":1.0,"enemies":"Cultist","floor":2.0,"turns":4.0},{"damage":7,"enemies":"Jaw Worm","floor":3,"turns":3},{"damage":0,"enemies":"Looter","floor":4,"turns":3},{"damage":16,"enemies":"Red Slaver","floor":5,"turns":7},{"damage":15,"enemies":"3 Sentries","floor":6,"turns":17},{"damage":40,"enemies":"Lagavulin","floor":8,"turns":7},{"damage":13,"enemies":"Blue Slaver","floor":10,"turns":5},{"damage":0,"enemies":"Gremlin Nob","floor":11,"turns":3},{"damage":14,"enemies":"Large Slime","floor":13,"turns":7},{"damage":15,"enemies":"Gremlin Gang","floor":14,"turns":3},{"damage":30,"enemies":"Hexaghost","floor":16,"turns":7}],"seed_played":"-1470278340327353793","potions_obtained":[{"floor":1.0,"key":"PowerPotion"},{"floor":2,"key":"BottledMiracle"},{"floor":10,"key":"DistilledChaos"},{"floor":11,"key":"Ancient Potion"},{"floor":12,"key":"BottledMiracle"}],"is_trial":false,"path_per_floor":["M","M","M","M","M","E","R","E","T","M","E","?","M","M","R","B"],"character_chosen":"WATCHER","items_purchased":[],"campfire_rested":2,"item_purchase_floors":[],"current_hp_per_floor":[61,60,53,53,37,22,42,2,2,34,34,34,20,5,25,0,0],"gold":309,"neow_bonus":"BOSS_RELIC","is_daily":false,"chose_seed":false,"campfire_upgraded":0,"win_rate":0.0,"timestamp":1612225550,"path_taken":["M","M","M","M","M","E","R","E","T","M","E","?","M","M","R","BOSS"],"items_purchased_type":[],"build_version":"2020-12-22","purchased_purges":0,"victory":false,"max_hp_per_floor":[68,68,68,68,68,68,68,68,68,68,68,68,68,68,68,68,68],"relic_stats":{"Centennial Puzzle":[15],"Lizard Tail":34,"Happy Flower":[8],"counters":[12,68],"Snecko Eye":[129,109,113,122],"obtain_stats":[{"Centennial Puzzle":6,"Lizard Tail":8,"Happy Flower":9,"Snecko Eye":0,"PureWater":0,"Akabeko":11},{"Centennial Puzzle":6,"Lizard Tail":7,"Happy Flower":7,"Snecko Eye":0,"PureWater":0,"Akabeko":9},{"Centennial Puzzle":36,"Lizard Tail":43,"Happy Flower":43,"Snecko Eye":0,"PureWater":0,"Akabeko":51}]},"card_choices":[{"not_picked":["Halt","SignatureMove"],"picked":"Collect","floor":1.0},{"not_picked":["FlurryOfBlows","FollowUp"],"picked":"InnerPeace","floor":2},{"not_picked":["ReachHeaven","ThirdEye"],"picked":"BowlingBash","floor":3},{"not_picked":["Halt","Tantrum"],"picked":"Vault","floor":4},{"not_picked":["PathToVictory","WaveOfTheHand"],"picked":"MentalFortress","floor":5},{"not_picked":["EmptyBody","ThirdEye"],"picked":"SashWhip","floor":6},{"not_picked":["JustLucky","ThirdEye"],"picked":"Perseverance","floor":8},{"not_picked":["SignatureMove","CrushJoints"],"picked":"BowlingBash","floor":10},{"not_picked":["ThirdEye","CrushJoints"],"picked":"MentalFortress","floor":11},{"not_picked":["PathToVictory","WreathOfFlame","ConjureBlade"],"picked":"SKIP","floor":13},{"not_picked":["Prostrate","Indignation"],"picked":"Evaluate","floor":14}],"player_experience":1627344,"relics_obtained":[{"floor":6,"key":"Centennial Puzzle"},{"floor":8,"key":"Lizard Tail"},{"floor":9,"key":"Happy Flower"},{"floor":11,"key":"Akabeko"}],"event_choices":[{"damage_healed":0,"gold_gain":0,"player_choice":"Bought 1 Potion","damage_taken":0,"max_hp_gain":0,"max_hp_loss":0,"event_name":"The Woman in Blue","floor":12,"gold_loss":0}],"is_beta":false,"boss_relics":[],"items_purged_floors":[],"is_endless":false,"potions_floor_spawned":[1,2,5,10,11],"killed_by":"Hexaghost","ascension_level":17}}