{"host":"o26sfx8ce29lcfco","time":1612289814,"event":{"mods":["2.2 Compatiblity","Bard","BaseMod","Colored Map","Dark Map","Downfall","GifTheSpireLib","Hermit","Hubris","Jorbs\u0027s Wanderer Trilogy","Marisa????????","Minty Spire (QoL Compilation)","Permanent Neow","Quick Restart","Random Character Mod","Rare Cards Sparkle","Replay The Spire","Shop Mod","StSLib","The Bug Knight","The Disciple","The Jungle","The Poker Player","The Runesmith","The Servant 0.9.4"],"gold_per_floor":[366,366,441,441,50,82,82,98,98,98,133,201,201,219,219,324,324,344,344,344,355,98,98,112,112,112,139,158,158,173,193,193,193,193,193],"floor_reached":33,"language":"ENG","playtime":5857,"items_purged":["champ:Strike","champ:LastStand"],"score":298,"play_id":"7494784b-c7ef-4a12-8363-acb0fe842a86","local_time":"20210202181654","is_ascension_mode":false,"campfire_choices":[{"data":"champ:Taunt","floor":7,"key":"SMITH"},{"data":"champ:IgnorePain","floor":10,"key":"SMITH"},{"data":"champ:Strike","floor":15,"key":"PURGE"},{"data":"champ:SwordThrow","floor":23,"key":"SMITH"},{"data":"champ:FanOfKnives","floor":25,"key":"SMITH"},{"data":"champ:Encircle","floor":32,"key":"SMITH"}],"circlet_count":0,"master_deck":["champ:Strike","champ:Defend","champ:Defend","champ:Defend","champ:Defend","champ:Execute+1","champ:Taunt+1","champ:Improvising","champ:IgnorePain+1","Master of Strategy","champ:RecklessLeap","champ:FanOfKnives+1","champ:CalledShot","champ:FocusedBerserking","champ:FanOfKnives","champ:SwordThrow+1","champ:Encircle+1","champ:Shatter+1","champ:Endure+1","champ:Haymaker","champ:AdrenalArmor+1"],"relics":["champ:ChampionCrown","Simple Rune","Peace Pipe","Bottled Tornado","Eternal Feather","champ:LiftRelic","Sozu","hubris:BottledHeart","Sling","Bottled Flame","MutagenicStrength"],"acts_visited":["Exordium","TheCity"],"potions_floor_usage":[11],"damage_taken":[{"damage":20,"enemies":"2 Louse","floor":1,"turns":3},{"damage":37,"enemies":"Replay:BlueRogue","floor":6,"turns":11},{"damage":21,"enemies":"Cultist","floor":8,"turns":3},{"damage":25,"enemies":"3 Sentries","floor":11,"turns":8},{"damage":13,"enemies":"Jaw Worm","floor":14,"turns":3},{"damage":80,"enemies":"Fading Forest","floor":16,"turns":11},{"damage":30,"enemies":"Spheric Guardian","floor":18,"turns":3},{"damage":0,"enemies":"Chosen","floor":21,"turns":6},{"damage":0,"enemies":"3 Cultists","floor":24,"turns":4},{"damage":0,"enemies":"Gremlin Leader","floor":27,"turns":4},{"damage":0,"enemies":"Snake Plant","floor":28,"turns":3},{"damage":0,"enemies":"Shelled Parasite and Fungi","floor":30,"turns":2},{"damage":0,"enemies":"Sentry and Sphere","floor":31,"turns":2},{"damage":7,"enemies":"Champ","floor":33,"turns":6}],"seed_played":"5545378505500899936","potions_obtained":[{"floor":1,"key":"Weak Potion"},{"floor":8,"key":"Elixir"},{"floor":16,"key":"Explosive Potion"}],"is_trial":false,"path_per_floor":["M","?","?","?","$","E","R","M","T","R","E","T","?","M","R_BF","B",null,"M","?","?","M","$","R","M","R","T","E","M","?","M","M","R","B"],"character_chosen":"THE_CHAMP","items_purchased":["champ:IgnorePain","Master of Strategy","Sling"],"campfire_rested":0,"item_purchase_floors":[5,5,22],"current_hp_per_floor":[63,63,52,52,52,45,45,39,39,39,24,24,24,21,30,37,90,90,1,1,1,1,1,1,1,1,1,1,1,1,1,1,0,0,0],"gold":193,"neow_bonus":"TWO_FIFTY_GOLD","is_daily":false,"chose_seed":false,"campfire_upgraded":5,"win_rate":0.0,"timestamp":1612289814,"path_taken":["M","?","?","?","$","E","R","?","T","R","E","?","?","M","R_BF","BOSS","M","?","?","?","$","R","M","R","T","E","M","?","M","M","R","BOSS"],"items_purchased_type":["Card","Card","Relic"],"build_version":"2020-12-22","purchased_purges":2,"victory":false,"max_hp_per_floor":[90,90,90,90,90,90,90,90,90,90,90,90,90,90,90,90,90,90,1,1,1,1,1,1,1,1,1,1,1,1,1,1,1,1,1],"card_choices":[{"not_picked":["champ:CrownThrow","champ:GutPunch"],"picked":"champ:HeartStrike","floor":1},{"not_picked":["champ:HeavySlash","champ:RisingSlash"],"picked":"champ:RecklessLeap","floor":6},{"not_picked":["champ:Circumvent","champ:DefensiveShout"],"picked":"champ:FanOfKnives","floor":8},{"not_picked":["champ:PerfectedStrike","champ:FocusedDefense"],"picked":"champ:CalledShot","floor":11},{"not_picked":["champ:Circumvent","champ:CalledShot"],"picked":"champ:FocusedBerserking","floor":14},{"not_picked":["champ:Improvising","champ:Devastate"],"picked":"champ:LastStand","floor":16},{"not_picked":["champ:PreemptiveStrike","champ:Parry"],"picked":"champ:FanOfKnives","floor":18},{"not_picked":["champ:PreciseThrust","champ:SetATrap+1"],"picked":"champ:Encircle","floor":21},{"not_picked":["champ:EnGarde+1","champ:Haymaker"],"picked":"champ:Shatter+1","floor":24},{"not_picked":["champ:RisingSlash+1","champ:Circumvent+1","champ:Improvising"],"picked":"SKIP","floor":27},{"not_picked":["champ:TornadoPunch","champ:AdrenalArmor+1"],"picked":"champ:Endure+1","floor":28},{"not_picked":["champ:BerserkersShout","champ:PreemptiveStrike"],"picked":"champ:Haymaker","floor":30},{"not_picked":["champ:SetATrap","champ:FanOfKnives"],"picked":"champ:AdrenalArmor+1","floor":31}],"player_experience":311316,"relics_obtained":[{"floor":6,"key":"Simple Rune"},{"floor":9,"key":"Peace Pipe"},{"floor":11,"key":"Bottled Tornado"},{"floor":12,"key":"Eternal Feather"},{"floor":26,"key":"Bottled Flame"}],"event_choices":[{"damage_healed":0,"gold_gain":75,"player_choice":"Gather Gold","damage_taken":11,"max_hp_gain":0,"max_hp_loss":0,"event_name":"World of Goop","floor":3,"gold_loss":0},{"damage_healed":0,"gold_gain":0,"cards_transformed":["champ:Strike"],"player_choice":"Transformed","damage_taken":0,"max_hp_gain":0,"max_hp_loss":0,"event_name":"Transmorgrifier","floor":4,"gold_loss":0,"cards_obtained":["champ:Improvising"]},{"damage_healed":0,"gold_gain":0,"cards_transformed":["champ:HeartStrike"],"player_choice":"Transformed","damage_taken":0,"max_hp_gain":0,"max_hp_loss":0,"event_name":"Transmorgrifier","floor":20,"gold_loss":0,"cards_obtained":["champ:SwordThrow"]},{"damage_healed":0,"gold_gain":0,"player_choice":"Inject Mutagens","damage_taken":0,"relics_obtained":["MutagenicStrength"],"max_hp_gain":0,"max_hp_loss":0,"event_name":"Drug Dealer","floor":29,"gold_loss":0}],"is_beta":false,"boss_relics":[{"not_picked":["bronze:MakeshiftBattery","Kintsugi"],"picked":"Sozu"}],"items_purged_floors":[5,22],"is_endless":false,"potions_floor_spawned":[1,8,16,21,28,30,31],"killed_by":"Champ","ascension_level":0}}