{"host":"106a9i1yxyuuvaq3","time":1612304026,"event":{"mods":["2.2 Compatiblity","A Magickal Journey","AchievementEnabler","Act Like it!","AlwaysNeverKeys","Astrologer","BaseMod","Better Altar","Better Match","Better Note","Better Sensory Stone","Better Skull","Better Third Choice","BetterRewards","Colored Map","Colored Powertips","Defuse TimeMaze Blight","Friendly Minions","Gensokyo","Highlight Path","Hubris","Infinite Spire","KinomotoSakuraMod(????)","LagranYue(???·?)","Lobotomy","Minty Spire (QoL Compilation)","Prisma Mod","Quick Restart","Random Character Button","Relic Filter","Relic Sorter","Replay The Spire","Spicy Shops","StSLib","SuperFastMode","Unceasing Turn Reminder","Waifu the Spire"],"gold_per_floor":[114,127,147,322,336,371,0,13,37,71,71,84,84,84,84,189,189,209,227,244,259,259,259,276,306,329,329,329,364,364,364,364,487,487,536,536,589,589,642,642,642,715,784,860,860,930,1017,1101,1101,1101,1101,1101,416,468,468],"floor_reached":56,"language":"ENG","playtime":4010,"items_purged":["Doubt"],"score":2576,"play_id":"c974f989-6781-4660-9c25-2f96f6489a1f","local_time":"20210202231346","is_ascension_mode":true,"campfire_choices":[{"data":"astrologer:TheChariot","floor":11.0,"key":"SMITH"},{"data":"astrologer:Prestidigitation","floor":15.0,"key":"SMITH"},{"data":"Pot Of Greed","floor":23,"key":"SMITH"},{"data":"Pot Of Greed","floor":27,"key":"SMITH"},{"data":"astrologer:Nova","floor":32,"key":"SMITH"},{"data":"astrologer:Starfield","floor":40,"key":"SMITH"},{"data":"Pot Of Greed","floor":45,"key":"SMITH"},{"data":"astrologer:TheHierophant","floor":49,"key":"SMITH"},{"data":"astrologer:Moonlight","floor":52,"key":"SMITH"}],"circlet_count":0,"master_deck":["astrologer:Defend","astrologer:Defend","astrologer:Defend","astrologer:Defend","astrologer:NorthStar","astrologer:TheFool","astrologer:Judgement+1","astrologer:Moonlight+1","astrologer:Prestidigitation+1","astrologer:Eclipse","astrologer:Radiance","astrologer:TheChariot+1","astrologer:Nova+1","CurseOfTheBell","Pot Of Greed+1","Pot Of Greed+1","astrologer:SolarFlare","astrologer:TheHierophant+1","Bite","Bite","Bite","Bite","Bite","Pot Of Greed+1","astrologer:Starfield+1","Madness+1","astrologer:TheStar+1","astrologer:TheHierophant+1","astrologer:Moonlight+1","hubris:Fate+1"],"relics":["astrologer:SkyMirror","LagranYue:RandomDrawCardRelic","PreservedInsect","hubris:64BitClover","HandDrill","Mango","infinitespire:ShieldingShard","infinitespire:EmpoweringShard","Replay:Rubber Ducky","astrologer:Telescope","Anchor","HornCleat","Replay:Grab Bag","hubris:TerracottaHorce","ReplayTheSpireMod:Onyx Gauntlets","Calling Bell","Mercury Hourglass","Gambling Chip","Grinning Jar","SacredBark","Onion Ring","Meat on the Bone","Juzu Bracelet","infinitespire:Joker Card","Bloody Idol","Blood Vial","infinitespire:EvilPickle","Black Star","Toxic Egg 2","Replay:WaspNest","Mummified Hand","Pear","Gremlin Horn","infinitespire:Bottled Soul","Nunchaku","hubris:MysteriousPyramids","ClockworkSouvenir","ReplayFunnel","Bag of Preparation","Guide Book","Chameleon Ring","Art of War"],"acts_visited":["Exordium","TheCity","TheBeyond","TheEnding"],"potions_floor_usage":[55,55,55],"damage_taken":[{"damage":3.0,"enemies":"Small Slimes","floor":1.0,"turns":2.0},{"damage":0.0,"enemies":"2 Louse","floor":2.0,"turns":3.0},{"damage":0.0,"enemies":"Cultist","floor":3.0,"turns":2.0},{"damage":0.0,"enemies":"2 Fungi Beasts","floor":5.0,"turns":3.0},{"damage":3.0,"enemies":"Lagavulin","floor":6.0,"turns":5.0},{"damage":0.0,"enemies":"Looter","floor":8.0,"turns":1.0},{"damage":10.0,"enemies":"3 Sentries","floor":10.0,"turns":4.0},{"damage":0.0,"enemies":"Exordium Wildlife","floor":12.0,"turns":4.0},{"damage":1.0,"enemies":"The Guardian","floor":16.0,"turns":12.0},{"damage":0.0,"enemies":"Chosen","floor":18.0,"turns":5.0},{"damage":0.0,"enemies":"2 Thieves","floor":19.0,"turns":3.0},{"damage":0.0,"enemies":"Shelled Parasite and Fungi","floor":20.0,"turns":3.0},{"damage":0.0,"enemies":"Cultist and Chosen","floor":21.0,"turns":4.0},{"damage":0,"enemies":"Snake Plant","floor":24,"turns":2},{"damage":0,"enemies":"Book of Stabbing","floor":25,"turns":3},{"damage":0,"enemies":"Replay:Snechameleon","floor":29,"turns":2},{"damage":13,"enemies":"Pondfish","floor":33,"turns":10},{"damage":0,"enemies":"Orb Walker","floor":35,"turns":2},{"damage":0,"enemies":"3 Shapes","floor":37,"turns":3},{"damage":19,"enemies":"Maw","floor":39,"turns":9},{"damage":0,"enemies":"R_Hoarder","floor":42,"turns":5},{"damage":0,"enemies":"Reptomancer","floor":44,"turns":4},{"damage":0,"enemies":"Transient","floor":46,"turns":5},{"damage":0,"enemies":"Nightmare","floor":47,"turns":4},{"damage":0,"enemies":"3 Darklings","floor":48,"turns":2},{"damage":21,"enemies":"Awakened One","floor":50,"turns":7},{"damage":0,"enemies":"Shield and Spear","floor":54,"turns":2},{"damage":0,"enemies":"The Heart","floor":55,"turns":5}],"seed_played":"-7110426368580981788","potions_obtained":[{"floor":5.0,"key":"SteroidPotion"},{"floor":8.0,"key":"Swift Potion"},{"floor":12.0,"key":"DistilledChaos"},{"floor":20.0,"key":"AttackPotion"},{"floor":25,"key":"Regen Potion"},{"floor":48,"key":"infinitespire:BlackPotion"}],"is_trial":false,"path_per_floor":["M","M","M","?","M","E","$","M","T","E","R","M","?","?","R","B",null,"M","M","M","M","AVR","R","M","E","T","R","?","E","?","?","R","B",null,"M","$","M","?","M","R","?","E","T","E","R","M","NM","M","R","B",null,"R","$","E","B",null],"character_chosen":"ASTROLOGER","items_purchased":["astrologer:Judgement","astrologer:Moonlight","PreservedInsect","hubris:64BitClover","HandDrill","astrologer:Prestidigitation","infinitespire:ShieldingShard","infinitespire:EmpoweringShard","ClockworkSouvenir","ReplayFunnel","Bag of Preparation","Guide Book","LifebloodPotion"],"campfire_rested":0,"item_purchase_floors":[0,0,0,0,0,0,7,7,53,53,53,53,53],"current_hp_per_floor":[67,67,67,67,67,78,78,78,78,68,68,68,50,50,50,49,75,75,75,75,75,75,75,75,75,75,75,75,75,58,14,14,41,54,58,58,58,58,49,49,58,58,68,68,68,68,68,68,68,51,64,64,64,68,68],"gold":468,"neow_bonus":"","is_daily":false,"chose_seed":false,"campfire_upgraded":9,"win_rate":0.0,"timestamp":1612304026,"path_taken":["M","M","M","?","M","E","$","M","T","E","R","M","?","?","R","BOSS","M","M","M","M","AVR","R","M","E","T","R","?","E","?","?","R","BOSS","M","$","M","?","M","R","?","E","T","E","R","M","NM","M","R","BOSS","R","$","E","BOSS"],"items_purchased_type":["Card","Card","Relic","Relic","Relic","Card","Relic","Relic","Relic","Relic","Relic","Relic","Potion"],"build_version":"2020-12-22","purchased_purges":1,"victory":true,"max_hp_per_floor":[70,70,70,70,70,84,84,84,84,84,84,84,84,84,84,84,84,84,84,84,84,84,84,84,84,84,84,84,84,58,58,58,58,58,58,58,58,58,58,58,58,58,68,68,68,68,68,68,68,68,68,68,68,68,68],"card_choices":[{"not_picked":["astrologer:Prestidigitation","astrologer:TheEmpress","astrologer:StarOfChange"],"picked":"SKIP","floor":1.0},{"not_picked":["astrologer:FrozenStar","astrologer:ReadTheStars","astrologer:Strength"],"picked":"SKIP","floor":2.0},{"not_picked":["astrologer:Conjunction","astrologer:MeteorShower","astrologer:FrozenStar"],"picked":"SKIP","floor":3.0},{"not_picked":["astrologer:SolarFlare","astrologer:CometStrike","astrologer:Eclipse"],"picked":"SKIP","floor":5.0},{"not_picked":["astrologer:TheHermit","astrologer:CometStrike"],"picked":"astrologer:Eclipse","floor":6.0},{"not_picked":["astrologer:FrozenStar","astrologer:CometStrike"],"picked":"astrologer:Radiance","floor":8.0},{"not_picked":["astrologer:Radiance","astrologer:TheLovers"],"picked":"astrologer:TheChariot","floor":10.0},{"not_picked":["astrologer:Quincunx","astrologer:Opposition","astrologer:NeutronStar"],"picked":"SKIP","floor":12.0},{"not_picked":["astrologer:TheMagician","astrologer:Wish"],"picked":"astrologer:Nova","floor":16.0},{"not_picked":["astrologer:Eclipse","astrologer:FrozenStar+1"],"picked":"astrologer:SolarFlare","floor":18.0},{"not_picked":["astrologer:Moonlight","astrologer:Conjunction","astrologer:NeutronStar"],"picked":"SKIP","floor":19.0},{"not_picked":["astrologer:FrozenStar","astrologer:FadingStar","astrologer:Eclipse"],"picked":"SKIP","floor":20.0},{"not_picked":["astrologer:Opposition+1","astrologer:Still","astrologer:MeteorShower"],"picked":"SKIP","floor":21.0},{"not_picked":["astrologer:CometStrike","astrologer:TheHangedMan"],"picked":"astrologer:TheHierophant","floor":24},{"not_picked":["astrologer:Glimpse","astrologer:FrozenStar+1","astrologer:ReadTheStars"],"picked":"SKIP","floor":25},{"not_picked":["astrologer:Observe","astrologer:SpaceDust","astrologer:Eclipse+1"],"picked":"SKIP","floor":29},{"not_picked":["astrologer:WheelofFortune","astrologer:Trine"],"picked":"astrologer:Starfield","floor":33},{"not_picked":["astrologer:Eclipse","astrologer:TheLovers+1","astrologer:SpaceDust+1"],"picked":"SKIP","floor":35},{"not_picked":["astrologer:MeteorShower+1","astrologer:FrozenStar+1","astrologer:SpaceDust+1"],"picked":"SKIP","floor":37},{"not_picked":["Impatience+1","Poisoned Strike"],"picked":"Madness+1","floor":38},{"not_picked":["astrologer:TheEmperor+1","astrologer:FrozenStar+1"],"picked":"astrologer:TheStar","floor":39},{"not_picked":["astrologer:Conjunction+1","astrologer:SpaceDust+1"],"picked":"astrologer:TheHierophant+1","floor":42},{"not_picked":["astrologer:Still+1","astrologer:Opposition+1"],"picked":"astrologer:Moonlight+1","floor":44},{"not_picked":["astrologer:Stardust+1","astrologer:Retelling+1","astrologer:Conjunction+1"],"picked":"SKIP","floor":46},{"not_picked":["infinitespire:NeuralNetwork","ReplayTheSpireMod:Black Plague"],"picked":"hubris:Fate","floor":47},{"not_picked":["astrologer:TheHermit+1","astrologer:Shine+1","astrologer:Conjunction+1"],"picked":"SKIP","floor":47},{"not_picked":["astrologer:MeteorShower+1","astrologer:Temperance+1","astrologer:Confirmation"],"picked":"SKIP","floor":48},{"not_picked":["astrologer:CrystalBall+1","astrologer:MeteorShower","astrologer:FrozenStar+1"],"picked":"SKIP","floor":54}],"player_experience":175621,"relics_obtained":[{"floor":6.0,"key":"Mango"},{"floor":9.0,"key":"Replay:Rubber Ducky"},{"floor":10.0,"key":"astrologer:Telescope"},{"floor":16.0,"key":"HornCleat"},{"floor":17.0,"key":"Mercury Hourglass"},{"floor":17.0,"key":"Gambling Chip"},{"floor":17.0,"key":"Grinning Jar"},{"floor":25,"key":"Meat on the Bone"},{"floor":26,"key":"Juzu Bracelet"},{"floor":29,"key":"infinitespire:Joker Card"},{"floor":35,"key":"Toxic Egg 2"},{"floor":42,"key":"Replay:WaspNest"},{"floor":42,"key":"Mummified Hand"},{"floor":43,"key":"Pear"},{"floor":44,"key":"Gremlin Horn"},{"floor":44,"key":"infinitespire:Bottled Soul"},{"floor":47,"key":"Nunchaku"},{"floor":47,"key":"hubris:MysteriousPyramids"},{"floor":54,"key":"Chameleon Ring"},{"floor":54,"key":"Art of War"}],"event_choices":[{"damage_healed":0.0,"max_hp_gain":0.0,"max_hp_loss":0.0,"gold_gain":175.0,"event_name":"betterThird:BetterSerpent","player_choice":"AGREE","floor":4.0,"gold_loss":0.0,"damage_taken":147.0},{"damage_healed":0.0,"max_hp_gain":0.0,"max_hp_loss":0.0,"gold_gain":0.0,"event_name":"betterThird:BetterScrap","player_choice":"Relic ","floor":13.0,"gold_loss":0.0,"damage_taken":18.0,"cards_obtained":["hubris:SpecializedCircuitry"]},{"damage_healed":0,"gold_gain":0,"player_choice":"Ignored","damage_taken":0,"max_hp_gain":0,"max_hp_loss":0,"event_name":"betterNote:BetterNote","floor":28,"gold_loss":0,"cards_obtained":["hubris:InfiniteBlow"]},{"damage_healed":0,"gold_gain":0,"player_choice":"Became a vampire","damage_taken":0,"max_hp_gain":0,"max_hp_loss":26,"event_name":"Vampires","floor":30,"gold_loss":0,"cards_obtained":["Bite","Bite","Bite","Bite","Bite"]},{"damage_healed":0,"gold_gain":0,"player_choice":" Idol Vial ","damage_taken":44,"relics_obtained":["Bloody Idol","Blood Vial"],"max_hp_gain":58,"max_hp_loss":14,"event_name":"betterAltar:BetterAltar","floor":31,"potions_obtained":[],"relics_lost":[],"gold_loss":0},{"damage_healed":0,"gold_gain":3,"player_choice":"1","damage_taken":0,"max_hp_gain":0,"max_hp_loss":0,"event_name":"betterStone:BetterStone","floor":38,"gold_loss":0},{"damage_healed":9,"gold_gain":0,"player_choice":"Full Heal","damage_taken":0,"max_hp_gain":0,"max_hp_loss":0,"event_name":"Wheel of Change","floor":41,"gold_loss":0}],"is_beta":false,"boss_relics":[{"not_picked":["hubris:Backtick","ReplayTheSpireMod:SealedPack"],"picked":"Replay:Grab Bag"},{"not_picked":["Abe\u0027s Treasure","Philosopher\u0027s Stone"],"picked":"hubris:TerracottaHorce"},{"not_picked":["Sozu","ChewingGum"],"picked":"ReplayTheSpireMod:Onyx Gauntlets"},{"not_picked":["Ring of Chaos","hubris:HollowSoul"],"picked":"Calling Bell"},{"not_picked":["hubris:RunicObelisk","SlaversCollar"],"picked":"Black Star"}],"items_purged_floors":[22],"is_endless":false,"potions_floor_spawned":[5,8,12,20,25,29,46,48,54],"ascension_level":6}}