{"host":"j7ar7kkzojniygbp","time":1612299551,"event":{"mods":["AchievementEnabler","Aspiration","BaseMod","Colored Map","Conjunction","Conspire","Downfall","Halation","Hermit","Hubris","Infinite Spire","Minty Spire (QoL Compilation)","Replay The Spire","Shop Mod","StSLib","The Blue Laboratory","The Cursed","The Necromancer"],"gold_per_floor":[113,113,113,125,143,143,113,148,148,177,177,224,224,242,242,242,242],"floor_reached":16,"language":"ENG","playtime":1931,"items_purged":[],"score":135,"play_id":"3ea530ae-39b7-4b27-bae0-bddf1930d59e","local_time":"20210202215911","is_ascension_mode":false,"campfire_choices":[{"data":"TheCursedMod:CleanUpWorkshop","floor":6,"key":"SMITH"},{"floor":11,"key":"REST"},{"floor":13,"key":"REST"},{"data":"TheCursedMod:Evocation","floor":15,"key":"SMITH"}],"circlet_count":0,"master_deck":["TheCursedMod:Strike_TheCursed","TheCursedMod:Defend_TheCursed","TheCursedMod:Defend_TheCursed","TheCursedMod:Defend_TheCursed","TheCursedMod:Defend_TheCursed","TheCursedMod:CursedWand","TheCursedMod:CleanUpWorkshop+1","TheCursedMod:Dregs","TheCursedMod:Stigma","TheCursedMod:CursedArmor","TheCursedMod:CursedShiv","TheCursedMod:BloodBarrier","TheCursedMod:RavingStaff","TheCursedMod:RapidMovement","TheCursedMod:SmokeScreen","TheCursedMod:CursedAmulet","TheCursedMod:CursedRelics","TheCursedMod:Evocation+1"],"relics":["TheCursedMod:BlackMagic101","halation:SelfBoilingWater","conspire:GlowingRock","Bottled Lightning","Replay:PocketPolymizer","aspiration:TomeofQuesting"],"acts_visited":["Exordium"],"potions_floor_usage":[16,16,16],"damage_taken":[{"damage":0,"enemies":"2 Louse","floor":1,"turns":3},{"damage":3,"enemies":"conspire:RoseBush","floor":4,"turns":3},{"damage":0,"enemies":"Cultist","floor":5,"turns":2},{"damage":0,"enemies":"Exordium Thugs","floor":7,"turns":5},{"damage":0,"enemies":"Lagavulin","floor":8,"turns":5},{"damage":37,"enemies":"Gremlin Nob","floor":10,"turns":5},{"damage":5,"enemies":"2 Fungi Beasts","floor":14,"turns":3},{"damage":85,"enemies":"Fading Forest","floor":16,"turns":9}],"seed_played":"1932209379802174737","potions_obtained":[{"floor":1,"key":"blueLaboratory:HorrorPotion"},{"floor":4,"key":"blueLaboratory:StoneskinPotion"},{"floor":8,"key":"blueLaboratory:BottleOfRum"},{"floor":14,"key":"Dexterity Potion"}],"is_trial":false,"path_per_floor":["M","?","?","M","M","R","M","E","T","E","R","T","R","M","R","B"],"character_chosen":"THE_CURSED","items_purchased":[],"campfire_rested":2,"item_purchase_floors":[],"current_hp_per_floor":[82,82,82,79,79,79,79,79,79,42,66,66,82,77,77,0,0],"gold":242,"neow_bonus":"TEN_PERCENT_HP_BONUS","is_daily":false,"chose_seed":false,"campfire_upgraded":2,"win_rate":0.0,"timestamp":1612299551,"path_taken":["M","?","?","M","M","R","?","E","T","E","R","?","R","M","R","BOSS"],"items_purchased_type":[],"build_version":"2020-12-22","purchased_purges":0,"victory":false,"max_hp_per_floor":[82,82,82,82,82,82,82,82,82,82,82,82,82,82,82,82,82],"card_choices":[{"not_picked":["TheCursedMod:SurpriseAttack","TheCursedMod:RapidMovement"],"picked":"TheCursedMod:Stigma","floor":1},{"not_picked":["TheCursedMod:BlessingInDisguise","TheCursedMod:SpitefulStrike"],"picked":"TheCursedMod:CursedShiv","floor":4},{"not_picked":["TheCursedMod:CursedAmulet","TheCursedMod:HellsGateOpen"],"picked":"TheCursedMod:BloodBarrier","floor":5},{"not_picked":["TheCursedMod:CursedShiv","TheCursedMod:StingEye"],"picked":"TheCursedMod:RavingStaff","floor":7},{"not_picked":["TheCursedMod:NeowsMight","TheCursedMod:CursedShiv"],"picked":"TheCursedMod:RapidMovement","floor":8},{"not_picked":["TheCursedMod:Obscuration","TheCursedMod:BloodBarrier"],"picked":"TheCursedMod:SmokeScreen","floor":10},{"not_picked":["TheCursedMod:RavingStaff","TheCursedMod:VitalStrike"],"picked":"TheCursedMod:Evocation","floor":14}],"player_experience":19445,"relics_obtained":[{"floor":2,"key":"halation:SelfBoilingWater"},{"floor":8,"key":"conspire:GlowingRock"},{"floor":9,"key":"Bottled Lightning"},{"floor":10,"key":"Replay:PocketPolymizer"},{"floor":12,"key":"aspiration:TomeofQuesting"}],"event_choices":[{"damage_healed":0,"gold_gain":0,"cards_transformed":["TheCursedMod:Strike_TheCursed"],"player_choice":"Transformed","damage_taken":0,"max_hp_gain":0,"max_hp_loss":0,"event_name":"Transmorgrifier","floor":3,"gold_loss":0,"cards_obtained":["TheCursedMod:CursedArmor"]}],"is_beta":false,"boss_relics":[],"items_purged_floors":[],"is_endless":false,"potions_floor_spawned":[1,4,8,14],"killed_by":"Fading Forest","ascension_level":0}}