{"host":"vt6dr1xq3iy14a3e","time":1612278355,"event":{"mods":["AchievementEnabler","BaseMod","Colored Map","DeckTracker","Minty Spire (QoL Compilation)","StSLib","SuperFastMode"],"gold_per_floor":[119,194,37,51,13,13,42,42,92,174,189,189,189,189,189,315,315,336,159,159,177,188,215,215,227,227,227,237,267,25,41,41,144,144,164,26,26,37,54,54,54],"floor_reached":40,"language":"KOR","playtime":2999,"items_purged":["Strike_G","Strike_G","Defend_G"],"score":674,"play_id":"b19b994a-cb77-4233-99d1-cff7d5a468a6","local_time":"20210203000555","is_ascension_mode":true,"campfire_choices":[{"data":"Bouncing Flask","floor":6.0,"key":"SMITH"},{"floor":8.0,"key":"REST"},{"floor":13.0,"key":"REST"},{"data":"Neutralize","floor":15.0,"key":"SMITH"},{"floor":27,"key":"REST"},{"floor":32,"key":"REST"}],"circlet_count":0,"master_deck":["AscendersBane","Strike_G","Defend_G","Defend_G","Survivor","Neutralize+1","Expertise","Bouncing Flask+1","After Image","Deflect+1","Night Terror+1","Underhanded Strike+1","Prepared+1","A Thousand Cuts+1","Backflip+1","Crippling Poison+1","Acrobatics+1","Acrobatics+1","Cloak And Dagger+1","Outmaneuver+1","Reflex+1","Malaise+1","Eviscerate+1","Blade Dance+1","Finisher+1"],"relics":["Sozu","Membership Card","Pen Nib","Toxic Egg 2","The Specimen","Bloody Idol","Astrolabe","Frozen Egg 2","Omamori","Ornamental Fan","Anchor","Happy Flower","InkBottle","Cursed Key","Lantern"],"acts_visited":["Exordium","TheCity","TheBeyond"],"potions_floor_usage":[],"damage_taken":[{"damage":7.0,"enemies":"Jaw Worm","floor":1.0,"turns":4.0},{"damage":5.0,"enemies":"Small Slimes","floor":4.0,"turns":3.0},{"damage":29.0,"enemies":"3 Sentries","floor":7.0,"turns":11.0},{"damage":0.0,"enemies":"2 Louse","floor":11.0,"turns":3.0},{"damage":2.0,"enemies":"Hexaghost","floor":16.0,"turns":11.0},{"damage":5,"enemies":"3 Byrds","floor":18,"turns":4},{"damage":6,"enemies":"2 Thieves","floor":21,"turns":5},{"damage":7,"enemies":"Sentry and Sphere","floor":22,"turns":5},{"damage":32,"enemies":"Gremlin Leader","floor":23,"turns":7},{"damage":0,"enemies":"Cultist and Chosen","floor":25,"turns":5},{"damage":10,"enemies":"Centurion and Healer","floor":28,"turns":6},{"damage":4,"enemies":"Book of Stabbing","floor":29,"turns":6},{"damage":19,"enemies":"Snake Plant","floor":31,"turns":3},{"damage":1,"enemies":"Automaton","floor":33,"turns":7},{"damage":23,"enemies":"3 Darklings","floor":35,"turns":3},{"damage":6,"enemies":"Orb Walker","floor":38,"turns":3},{"damage":9,"enemies":"Maw","floor":39,"turns":4},{"damage":60,"enemies":"Reptomancer","floor":40,"turns":2}],"seed_played":"-7819221460376215683","potions_obtained":[],"is_trial":false,"path_per_floor":["M","?","$","M","$","R","E","R","T","T","M","?","R","?","R","B",null,"M","$","?","M","M","E","?","M","T","R","M","E","$","M","R","B",null,"M","$","?","M","M","E"],"character_chosen":"THE_SILENT","items_purchased":["Membership Card","Frozen Egg 2","Reflex+1","Happy Flower","InkBottle","Lantern"],"campfire_rested":4,"item_purchase_floors":[3,19,30,30,30,36],"current_hp_per_floor":[56,45,45,40,40,40,11,32,32,32,32,29,50,33,33,31,60,55,55,55,59,57,30,30,35,35,56,51,52,52,38,59,63,68,50,50,50,49,45,0,0],"gold":54,"neow_bonus":"BOSS_RELIC","is_daily":false,"chose_seed":false,"campfire_upgraded":2,"win_rate":0.0,"timestamp":1612278355,"path_taken":["M","?","$","M","$","R","E","R","T","?","M","?","R","?","R","BOSS","M","$","?","M","M","E","?","M","T","R","M","E","$","?","R","BOSS","M","$","?","M","M","E"],"items_purchased_type":["Relic","Relic","Card","Relic","Relic","Relic"],"build_version":"2020-12-22","purchased_purges":3,"victory":false,"max_hp_per_floor":[70,70,70,70,70,70,70,70,70,70,70,70,70,70,70,70,70,70,70,70,70,70,70,70,70,70,70,70,70,70,70,70,70,70,70,70,70,70,70,70,70],"card_choices":[{"not_picked":["Underhanded Strike","Calculated Gamble"],"picked":"Expertise","floor":1.0},{"not_picked":["Underhanded Strike","Cloak And Dagger"],"picked":"Bouncing Flask","floor":4.0},{"not_picked":["Outmaneuver","Infinite Blades"],"picked":"After Image","floor":7.0},{"not_picked":["Endless Agony","Caltrops"],"picked":"Deflect+1","floor":11.0},{"not_picked":["Tools of the Trade","Phantasmal Killer+1"],"picked":"Night Terror+1","floor":16.0},{"not_picked":["Eviscerate","Underhanded Strike+1"],"picked":"Backflip+1","floor":18},{"not_picked":["Flying Knee","Accuracy+1"],"picked":"Crippling Poison+1","floor":21},{"not_picked":["Prepared+1","Sucker Punch"],"picked":"Acrobatics+1","floor":22},{"not_picked":["Slice+1","PiercingWail+1"],"picked":"Acrobatics+1","floor":23},{"not_picked":["Dodge and Roll+1","Caltrops+1"],"picked":"Cloak And Dagger+1","floor":25},{"not_picked":["Phantasmal Killer+1","Quick Slash","Poisoned Stab+1"],"picked":"SKIP","floor":28},{"not_picked":["Bouncing Flask+1","Backflip+1"],"picked":"Outmaneuver+1","floor":29},{"not_picked":["Sucker Punch+1","Poisoned Stab+1","Dagger Spray"],"picked":"SKIP","floor":31},{"not_picked":["Phantasmal Killer+1","Doppelganger+1"],"picked":"Malaise+1","floor":33},{"not_picked":["Backflip+1","Expertise+1"],"picked":"Eviscerate+1","floor":35},{"not_picked":["Leg Sweep+1","Choke"],"picked":"Blade Dance+1","floor":38},{"not_picked":["Deflect+1","Backflip+1"],"picked":"Finisher+1","floor":39}],"player_experience":1027277,"relics_obtained":[{"floor":7.0,"key":"Pen Nib"},{"floor":10.0,"key":"Toxic Egg 2"},{"floor":23,"key":"Omamori"},{"floor":26,"key":"Ornamental Fan"},{"floor":29,"key":"Anchor"}],"event_choices":[{"damage_healed":0.0,"max_hp_gain":0.0,"max_hp_loss":0.0,"gold_gain":75.0,"event_name":"World of Goop","player_choice":"Gather Gold","floor":2.0,"gold_loss":0.0,"damage_taken":11.0},{"damage_healed":0.0,"max_hp_gain":0.0,"max_hp_loss":0.0,"gold_gain":0.0,"event_name":"Scrap Ooze","player_choice":"Success","floor":12.0,"gold_loss":0.0,"damage_taken":3.0,"relics_obtained":["The Specimen"]},{"damage_healed":0.0,"max_hp_gain":0.0,"max_hp_loss":0.0,"gold_gain":0.0,"event_name":"Golden Idol","player_choice":"Take Damage","floor":14.0,"gold_loss":0.0,"damage_taken":17.0,"relics_obtained":["Golden Idol"]},{"damage_healed":0,"gold_gain":0,"player_choice":"Gave Idol","damage_taken":0,"relics_obtained":["Bloody Idol"],"max_hp_gain":0,"max_hp_loss":0,"event_name":"Forgotten Altar","floor":20,"relics_lost":["Golden Idol"],"gold_loss":0},{"damage_healed":0,"gold_gain":0,"player_choice":"Got Potions","damage_taken":0,"max_hp_gain":0,"max_hp_loss":0,"event_name":"Lab","floor":24,"gold_loss":0},{"cards_removed":["Strike_G"],"damage_healed":0,"gold_gain":0,"player_choice":"Removed Attack","damage_taken":0,"max_hp_gain":0,"max_hp_loss":0,"event_name":"Falling","floor":37,"gold_loss":0}],"is_beta":false,"boss_relics":[{"not_picked":["Coffee Dripper","Empty Cage"],"picked":"Astrolabe"},{"not_picked":["Velvet Choker","Runic Dome"],"picked":"Cursed Key"}],"items_purged_floors":[5,19,36],"is_endless":false,"potions_floor_spawned":[1,11,16,18,23,29,31],"killed_by":"Reptomancer","ascension_level":10}}