{"host":"22ezjknwheybwqtz","time":1612297867,"event":{"mods":["BaseMod","Minty Spire (QoL Compilation)","Replay The Spire","Shop Mod","StSLib","The Cursed"],"gold_per_floor":[113,133,133,144,162,196,196,216,216,216,14,32,32,53,53,172,172,193,133,149,167,167,167],"floor_reached":22,"language":"ENG","playtime":1100,"items_purged":[],"score":315,"play_id":"18053f4e-ebd7-467a-9356-aedeb885bae0","local_time":"20210203043107","is_ascension_mode":false,"campfire_choices":[{"floor":7,"key":"REST"},{"data":"TheCursedMod:RavingStaff","floor":10,"key":"SMITH"},{"floor":15,"key":"REST"}],"circlet_count":0,"master_deck":["TheCursedMod:Strike_TheCursed","TheCursedMod:Strike_TheCursed","TheCursedMod:Strike_TheCursed","TheCursedMod:Strike_TheCursed","TheCursedMod:Defend_TheCursed","TheCursedMod:Defend_TheCursed","TheCursedMod:Defend_TheCursed","TheCursedMod:Defend_TheCursed","TheCursedMod:CursedWand","TheCursedMod:CleanUpWorkshop","TheCursedMod:Dregs","TheCursedMod:SmokeScreen","TheCursedMod:TacticalStrike","TheCursedMod:RavingStaff+1","TheCursedMod:AntiAging","TheCursedMod:WearCloak","TheCursedMod:CircleOfCorruption","TheCursedMod:Obscuration","TheCursedMod:CursedBoomerang","Injury","TheCursedMod:WearCloak","TheCursedMod:VoidForm","Looming Evil","Clumsy","ReplayTheSpireMod:Doomed","TheCursedMod:SpitefulPlan","TheCursedMod:ManaBullet"],"relics":["TheCursedMod:BlackMagic101","Mirror","Replay:Accelerometer","PreservedInsect","Golden Idol","Replay:Ancient Bell","Oddly Smooth Stone","Pear","TheCursedMod:SoulVessel"],"acts_visited":["Exordium","TheCity"],"potions_floor_usage":[6,14,16,16,20],"damage_taken":[{"damage":7,"enemies":"2 Louse","floor":1,"turns":3},{"damage":5,"enemies":"Cultist","floor":2,"turns":4},{"damage":5,"enemies":"Small Slimes","floor":4,"turns":3},{"damage":4,"enemies":"3 Louse","floor":5,"turns":3},{"damage":43,"enemies":"Lagavulin","floor":6,"turns":6},{"damage":8,"enemies":"2 Fungi Beasts","floor":8,"turns":4},{"damage":7,"enemies":"Lots of Slimes","floor":12,"turns":6},{"damage":4,"enemies":"Exordium Wildlife","floor":14,"turns":3},{"damage":36,"enemies":"The Guardian","floor":16,"turns":13},{"damage":6,"enemies":"Chosen","floor":18,"turns":6},{"damage":26,"enemies":"Spheric Guardian","floor":20,"turns":5},{"damage":40,"enemies":"Centurion and Healer","floor":21,"turns":9},{"damage":49,"enemies":"Masked Bandits","floor":22,"turns":5}],"seed_played":"-1270143233943203186","potions_obtained":[{"floor":4,"key":"SkillPotion"},{"floor":6,"key":"Weak Potion"},{"floor":8,"key":"Toxic Potion"},{"floor":12,"key":"Weak Potion"},{"floor":18,"key":"BlessingOfTheForge"}],"is_trial":false,"path_per_floor":["M","M","?","M","M","E","R","M","T","R","$","M","?","M","R","B",null,"M","?","M","M","?"],"character_chosen":"THE_CURSED","items_purchased":["TheCursedMod:Obscuration","PreservedInsect"],"campfire_rested":2,"item_purchase_floors":[11,11],"current_hp_per_floor":[73,68,68,63,59,16,40,34,34,34,34,29,29,27,52,18,98,98,98,78,49,0,0],"gold":167,"neow_bonus":"RANDOM_EVENT","is_daily":false,"chose_seed":false,"campfire_upgraded":1,"win_rate":0.0,"timestamp":1612297867,"path_taken":["M","M","?","?","M","E","R","?","T","R","$","M","?","M","R","BOSS","M","?","M","M","?"],"items_purchased_type":["Card","Relic"],"build_version":"2020-12-22","purchased_purges":0,"victory":false,"max_hp_per_floor":[80,80,80,80,80,80,80,82,82,82,82,84,84,86,86,88,98,100,100,102,104,104,104],"card_choices":[{"not_picked":["TheCursedMod:SpitefulStrike","TheCursedMod:Stigma"],"picked":"TheCursedMod:SmokeScreen","floor":1},{"not_picked":["TheCursedMod:CursedAmulet","TheCursedMod:Stigma"],"picked":"TheCursedMod:TacticalStrike","floor":2},{"not_picked":["TheCursedMod:CursedMace","TheCursedMod:TroublousMinions"],"picked":"TheCursedMod:RavingStaff","floor":4},{"not_picked":["TheCursedMod:SpreadPlague","TheCursedMod:Stigma"],"picked":"TheCursedMod:AntiAging","floor":5},{"not_picked":["TheCursedMod:Hemoplague","TheCursedMod:CircleOfFlame"],"picked":"TheCursedMod:WearCloak","floor":6},{"not_picked":["TheCursedMod:CursedAmulet","TheCursedMod:CursedBlade"],"picked":"TheCursedMod:CircleOfCorruption","floor":8},{"not_picked":["TheCursedMod:CursedShiv","TheCursedMod:CircleOfFlame"],"picked":"TheCursedMod:CursedBoomerang","floor":12},{"not_picked":["TheCursedMod:Stretching","TheCursedMod:FleshFromBone"],"picked":"TheCursedMod:WearCloak","floor":14},{"not_picked":["TheCursedMod:ParallelWorld","TheCursedMod:AntiAging"],"picked":"TheCursedMod:VoidForm","floor":16},{"not_picked":["Injury","CommonCold"],"picked":"Looming Evil","floor":17},{"not_picked":["ReplayTheSpireMod:Splinters","Regret"],"picked":"Clumsy","floor":17},{"not_picked":["Languid","Regret"],"picked":"ReplayTheSpireMod:Doomed","floor":17},{"not_picked":["TheCursedMod:ReleasedKnowledge","TheCursedMod:CircleOfAmplification+1"],"picked":"TheCursedMod:SpitefulPlan","floor":18},{"not_picked":["TheCursedMod:SpitefulPlan","TheCursedMod:FleshFromBone"],"picked":"TheCursedMod:ManaBullet","floor":20},{"not_picked":["TheCursedMod:CircleOfCorruption","TheCursedMod:CircleOfWindfury","TheCursedMod:Wield"],"picked":"SKIP","floor":21}],"player_experience":81212,"relics_obtained":[{"floor":6,"key":"Mirror"},{"floor":9,"key":"Replay:Accelerometer"}],"event_choices":[{"damage_healed":0,"gold_gain":0,"player_choice":"Donut","damage_taken":0,"max_hp_gain":5,"max_hp_loss":0,"event_name":"Big Fish","floor":0,"gold_loss":0},{"damage_healed":0,"gold_gain":0,"player_choice":"Ignored","damage_taken":0,"max_hp_gain":0,"max_hp_loss":0,"event_name":"Fountain of Cleansing","floor":3,"gold_loss":0},{"damage_healed":0,"gold_gain":0,"player_choice":"Take Wound","damage_taken":0,"relics_obtained":["Golden Idol"],"max_hp_gain":0,"max_hp_loss":0,"event_name":"Golden Idol","floor":13,"gold_loss":0,"cards_obtained":["Injury"]},{"damage_healed":0,"gold_gain":0,"player_choice":"Fought Bandits","damage_taken":0,"max_hp_gain":0,"max_hp_loss":0,"event_name":"Masked Bandits","floor":22,"gold_loss":0}],"is_beta":false,"boss_relics":[{"not_picked":["SlaversCollar","Ectoplasm"],"picked":"Replay:Ancient Bell"},{"not_picked":["Bag of Marbles","Toy Ornithopter"],"picked":"Oddly Smooth Stone"},{"not_picked":["Divine Protection","Replay:Bottled Flurry"],"picked":"Pear"},{"not_picked":["TungstenRod","Ice Cream"],"picked":"TheCursedMod:SoulVessel"}],"items_purged_floors":[],"is_endless":false,"potions_floor_spawned":[4,6,8,12,18],"killed_by":"Masked Bandits","ascension_level":0}}