{"host":"4rvk26w7t08d5zdj","time":1612237244,"event":{"mods":["AchievementEnabler","BaseMod","Colored Powertips","Conspire","Energized Spire","GifTheSpireLib","Minty Spire (QoL Compilation)","Rare Cards Sparkle","Relic Filter Mod","Reliquary","StSLib","The Animator","The Blue Laboratory"],"gold_per_floor":[121,141,316,316,13,13,54,54,54,29,61,61,74,94,94,199,224,243,287,307,307,386,386,386,386],"floor_reached":24,"language":"ENG","playtime":4493,"items_purged":[],"score":196,"play_id":"6e41718d-2b86-4ef2-81e3-419dca1e266e","local_time":"20210201194044","is_ascension_mode":false,"campfire_choices":[{"data":"animator:AcuraShin","floor":6.0,"key":"SMITH"},{"floor":12.0,"key":"REST"},{"data":"animator:Ainz","floor":15,"key":"SMITH"},{"floor":23,"key":"REST"}],"circlet_count":0,"master_deck":["animator:Strike_Elsword","animator:Defend_Elsword","animator:Strike","animator:Strike","animator:Strike","animator:Defend","animator:Defend","animator:Defend+1","animator:Chung","animator:Raven","animator:AcuraShin+1","animator:Rena","animator:Ara","animator:Millim+1","animator:ElricAlphonse","animator:Elsword","animator:NarberalGamma","animator:Ainz+1","animator:Gilgamesh+3","animator:PandorasActor","animator:Rose","animator:Ain"],"relics":["animator:LivingPicture","animator:TheMissingPiece","animator:PurgingStone","Membership Card","animator:Hoodie","WingedGreaves","Shuriken","Black Star","animator:CursedGlyph","reliquary:Stiletto"],"acts_visited":["Exordium","TheCity"],"potions_floor_usage":[14,16,18,20,24],"damage_taken":[{"damage":1.0,"enemies":"Jaw Worm","floor":1.0,"turns":4.0},{"damage":0.0,"enemies":"conspire:RoseBush","floor":2.0,"turns":4.0},{"damage":28.0,"enemies":"3 Sentries","floor":7.0,"turns":12.0},{"damage":0.0,"enemies":"Small Slimes","floor":11.0,"turns":4.0},{"damage":0.0,"enemies":"Exordium Wildlife","floor":13.0,"turns":3.0},{"damage":0,"enemies":"Gremlin Gang","floor":14,"turns":4},{"damage":27,"enemies":"Slime Boss","floor":16,"turns":8},{"damage":11,"enemies":"Shell Parasite","floor":18,"turns":7},{"damage":33,"enemies":"3 Byrds","floor":19,"turns":6},{"damage":30,"enemies":"Centurion and Healer","floor":20,"turns":8},{"damage":24,"enemies":"conspire:HollyBat","floor":24,"turns":7}],"seed_played":"-2690207611436473907","potions_obtained":[{"floor":11.0,"key":"Strength Potion"},{"floor":13.0,"key":"FearPotion"},{"floor":14,"key":"SkillPotion"},{"floor":16,"key":"SkillPotion"},{"floor":20,"key":"blueLaboratory:BottledHope"}],"is_trial":false,"path_per_floor":["M","M","?","?","$","R","E","?","T","?","M","R","M","M","R","B",null,"M","M","M","?","T","R","M"],"character_chosen":"THE_ANIMATOR","items_purchased":["Membership Card","animator:Hoodie","animator:Millim"],"campfire_rested":2,"item_purchase_floors":[5,5,5],"current_hp_per_floor":[65,66,66,59,59,59,31,18,18,18,21,42,45,48,48,21,76,65,32,3,3,3,24,0,0],"gold":386,"neow_bonus":"ONE_RANDOM_RARE_CARD","is_daily":false,"chose_seed":false,"campfire_upgraded":2,"win_rate":0.0,"timestamp":1612237244,"path_taken":["M","M","?","?","$","R","E","?","T","?","M","R","?","M","R","BOSS","M","M","M","?","?","R","?"],"items_purchased_type":["Relic","Relic","Card"],"build_version":"2020-12-22","purchased_purges":0,"victory":false,"max_hp_per_floor":[66,67,67,67,67,67,67,67,67,67,70,70,73,76,76,76,76,76,72,73,73,73,73,73,73],"card_choices":[{"not_picked":["animator:Chung","animator:ElricEdward"],"picked":"animator:Rena","floor":1.0},{"not_picked":["animator:Viivi","animator:RoyMustang"],"picked":"animator:Ara","floor":2.0},{"not_picked":["animator:RoyMustang","animator:Mitsurugi"],"picked":"animator:ElricAlphonse","floor":7.0},{"not_picked":["animator:Rena","animator:Lu"],"picked":"animator:Elsword","floor":11.0},{"not_picked":["animator:Pride","animator:Shion"],"picked":"animator:NarberalGamma","floor":13.0},{"not_picked":["animator:Fredrika","animator:Bozes"],"picked":"animator:Ainz","floor":14},{"not_picked":["animator:Eve","animator:Ainz"],"picked":"animator:Gilgamesh","floor":16},{"not_picked":["animator:Fredrika","animator:Assassin"],"picked":"animator:PandorasActor","floor":18},{"not_picked":["animator:Raven","animator:Lu"],"picked":"animator:Rose","floor":19},{"not_picked":["animator:Cocytus","animator:Sebas"],"picked":"animator:Ain","floor":20}],"player_experience":1067261,"relics_obtained":[{"floor":7.0,"key":"WingedGreaves"},{"floor":9.0,"key":"Shuriken"},{"floor":19,"key":"animator:CursedGlyph"},{"floor":22,"key":"reliquary:Stiletto"}],"event_choices":[{"damage_healed":0.0,"max_hp_gain":0.0,"max_hp_loss":0.0,"gold_gain":175.0,"event_name":"Liars Game","player_choice":"AGREE","floor":3.0,"gold_loss":0.0,"damage_taken":0.0,"cards_obtained":["Doubt"]},{"cards_removed":["Doubt"],"damage_healed":0.0,"max_hp_gain":0.0,"max_hp_loss":0.0,"gold_gain":0.0,"event_name":"Golden Wing","player_choice":"Card Removal","floor":4.0,"gold_loss":0.0,"damage_taken":7.0},{"damage_healed":0.0,"max_hp_gain":0.0,"max_hp_loss":0.0,"gold_gain":0.0,"event_name":"Shining Light","player_choice":"Entered Light","floor":8.0,"gold_loss":0.0,"damage_taken":13.0,"cards_upgraded":["animator:Millim","animator:Defend"]},{"damage_healed":0.0,"max_hp_gain":0.0,"max_hp_loss":0.0,"gold_gain":0.0,"event_name":"World of Goop","player_choice":"Left Gold","floor":10.0,"gold_loss":25.0,"damage_taken":0.0}],"is_beta":false,"boss_relics":[{"not_picked":["energizedSpire:HugeHouse","energizedSpire:NeverEndingSparkler"],"picked":"Black Star"}],"items_purged_floors":[],"is_endless":false,"potions_floor_spawned":[11,13,14,16,20],"killed_by":"conspire:HollyBat","ascension_level":0}}