{"host":"hbel9g7s7ibv8po6","time":1612280652,"event":{"mods":["Act Like it!","BaseMod","Duelist Mod","Minty Spire (QoL Compilation)","StSLib"],"gold_per_floor":[135,135,60,335,355,389,389,403,403,437,437,456,631,661,661,661,661],"floor_reached":16,"language":"ENG","playtime":500,"items_purged":["theDuelist:Sparks"],"score":260,"play_id":"69b40f9c-c4fd-4b78-bd39-1be7d700ed7d","local_time":"20210202234412","is_ascension_mode":true,"campfire_choices":[{"data":"theDuelist:UnionHangar","floor":7.0,"key":"SMITH"},{"data":"theDuelist:MetalDragon","floor":11.0,"key":"SMITH"},{"data":"theDuelist:CardsFromTheSky","floor":15,"key":"SMITH"}],"circlet_count":0,"master_deck":["AscendersBane","theDuelist:Biofalcon","theDuelist:CastleWalls","theDuelist:CastleWalls","theDuelist:Deskbot004","theDuelist:Deskbot004","theDuelist:Deskbot005","theDuelist:Deskbot005","theDuelist:GreenGadget","theDuelist:Sparks","theDuelist:AncientGearGadjiltron","Regret","theDuelist:UnionHangar+1","theDuelist:MetalDragon+1","theDuelist:CardsFromTheSky+1","theDuelist:AncientGearChimera","Doubt"],"relics":["theDuelist:MillenniumPuzzle","theDuelist:CardPoolRelic","theDuelist:CardPoolBasicRelic","theDuelist:BoosterPackPoolRelic","theDuelist:CardPoolAddRelic","theDuelist:CardPoolMinusRelic","theDuelist:CardPoolSaveRelic","theDuelist:CardPoolOptionsRelic","NeowsBlessing","theDuelist:BlessingAnubis","Letter Opener","theDuelist:MillenniumRod","Bird Faced Urn"],"acts_visited":["Exordium"],"potions_floor_usage":[14,16,16],"damage_taken":[{"damage":0.0,"enemies":"Small Slimes","floor":1.0,"turns":2.0},{"damage":0.0,"enemies":"Jaw Worm","floor":5.0,"turns":1.0},{"damage":0.0,"enemies":"Lagavulin","floor":6.0,"turns":1.0},{"damage":12.0,"enemies":"Cultist","floor":8.0,"turns":5.0},{"damage":23.0,"enemies":"Gremlin Nob","floor":10.0,"turns":5.0},{"damage":7.0,"enemies":"Blue Slaver","floor":12.0,"turns":3.0},{"damage":1,"enemies":"Lagavulin","floor":14,"turns":2},{"damage":40,"enemies":"Slime Boss","floor":16,"turns":3}],"seed_played":"-5977928689233417425","potions_obtained":[{"floor":5.0,"key":"theDuelist:DetonatePotion"},{"floor":8.0,"key":"GamblersBrew"},{"floor":10.0,"key":"theDuelist:FireBottle"},{"floor":14,"key":"AttackPotion"}],"is_trial":false,"path_per_floor":["M","?","$","?","M","E","R","M","T","E","R","M","?","E","R","B"],"character_chosen":"THE_DUELIST","items_purchased":[],"campfire_rested":0,"item_purchase_floors":[],"current_hp_per_floor":[72,72,72,72,72,72,72,60,60,37,37,30,30,29,29,0,0],"gold":661,"neow_bonus":"THREE_ENEMY_KILL","is_daily":false,"chose_seed":false,"campfire_upgraded":3,"win_rate":0.0,"timestamp":1612280652,"path_taken":["M","?","$","?","M","E","R","M","T","E","R","?","?","E","R","BOSS"],"items_purchased_type":[],"build_version":"2020-12-22","purchased_purges":1,"victory":false,"max_hp_per_floor":[80,80,80,80,80,80,80,80,80,80,80,80,80,80,80,80,80],"card_choices":[{"not_picked":["theDuelist:Quariongandrax","theDuelist:GenexNeutron","theDuelist:ChaosAncientGearGiant","theDuelist:ArtifactIgnition"],"picked":"theDuelist:AncientGearGadjiltron","floor":1.0},{"not_picked":["theDuelist:Jinzo","theDuelist:CatapultTurtle","theDuelist:ArtifactSanctum"],"picked":"theDuelist:UnionHangar","floor":5.0},{"not_picked":["theDuelist:Hinotama","theDuelist:Reinforcements","theDuelist:BigEye","theDuelist:QuickCharger","theDuelist:LightningVortex"],"picked":"SKIP","floor":6.0},{"not_picked":["theDuelist:Biofalcon","theDuelist:CannonSoldier","theDuelist:FrontlineObserver","theDuelist:TokenVacuum"],"picked":"theDuelist:MetalDragon","floor":8.0},{"not_picked":["theDuelist:CoreBlaster","theDuelist:Deskbot005","theDuelist:Deskbot001","theDuelist:CyberRaider"],"picked":"theDuelist:CardsFromTheSky","floor":10.0},{"not_picked":["theDuelist:ScrapBeast","theDuelist:CyberRaider","theDuelist:Factory100Machines","theDuelist:AncientGearReactorDragon"],"picked":"theDuelist:AncientGearChimera","floor":12.0},{"not_picked":["theDuelist:Oilman","theDuelist:GenexNeutron","theDuelist:BarrelDragon"],"picked":"SKIP","floor":14}],"player_experience":185428,"relics_obtained":[{"floor":6.0,"key":"theDuelist:BlessingAnubis"},{"floor":9.0,"key":"Letter Opener"},{"floor":10.0,"key":"theDuelist:MillenniumRod"},{"floor":14,"key":"Bird Faced Urn"}],"event_choices":[{"damage_healed":0.0,"max_hp_gain":0.0,"max_hp_loss":0.0,"gold_gain":0.0,"event_name":"Egyptian Village","player_choice":"Leave","duelist":true,"floor":2.0,"gold_loss":0.0,"damage_taken":0.0},{"damage_healed":0.0,"max_hp_gain":0.0,"max_hp_loss":0.0,"gold_gain":275.0,"event_name":"Golden Shrine","player_choice":"Desecrate","floor":4.0,"gold_loss":0.0,"damage_taken":0.0,"cards_obtained":["Regret"]},{"damage_healed":0.0,"max_hp_gain":0.0,"max_hp_loss":0.0,"gold_gain":175.0,"event_name":"Liars Game","player_choice":"AGREE","floor":13.0,"gold_loss":0.0,"damage_taken":0.0,"cards_obtained":["Doubt"]}],"is_beta":false,"boss_relics":[],"items_purged_floors":[3],"is_endless":false,"potions_floor_spawned":[5,8,10,14],"killed_by":"Slime Boss","ascension_level":11}}