{"host":"b2j09bgckbzjrujr","time":1612247071,"event":{"mods":["AchievementEnabler","Aspiration","BaseMod","BetterRewards","Colored Map","Colored Powertips","Conspire","Friendly Minions","Infinite Spire","Marisa£®ÏF”Í°°ƒß¿Ì…≥£©","Minty Spire (QoL Compilation)","Quick Restart","Rare Cards Sparkle","Reimu£®≤©¿ˆ¡È√Œ£©","Remilia£®¿Ÿ√◊¿Ú—«£©","Replay The Spire","Shop Mod","StSLib","SuperFastMode","TestMod","The Cursed","The Jungle","The Servant 0.9.4","Waifu the Spire","Youmu£®ªÍ∆«—˝√Œ£©","Yuyuko","[IsaacMod]“‘»ˆº‚À˛","°æπ¶ƒ‹Mod°øªÏ„Á÷Æª∑–ﬁ∏¥≤π∂°"],"gold_per_floor":[111,144,162,180,192,222,236,336,336,365,365,397,362,373,373,468,468,483,24,24,24,24,24,59,59,59,75,85,85,110,0,0,101,101,119,119,519,4,4,4,14,14,14,32,59,59,75,75,174,174],"floor_reached":51,"language":"ZHS","playtime":1477,"items_purged":["Bash"],"score":959,"play_id":"fa590f8d-e5a4-4386-b6e0-3d07338ee33f","local_time":"20210202142431","is_ascension_mode":true,"campfire_choices":[{"floor":11.0,"key":"REST"},{"data":"Perfected Strike","floor":23.0,"key":"SMITH"},{"floor":25.0,"key":"REST"},{"data":"Perfected Strike","floor":29.0,"key":"SMITH"},{"floor":32,"key":"REST"},{"floor":40,"key":"REST"},{"data":"EpicFetus","floor":42,"key":"SMITH"},{"floor":46,"key":"REST"}],"circlet_count":0,"master_deck":["AscendersBane","Strike_R","Strike_R","Strike_R","Strike_R","Strike_R","Defend_R","Defend_R","Defend_R","Defend_R","EpicFetus+1","Perfected Strike+1","ReplayTheSpireMod:LeadingStrike+1","Perfected Strike+1","Perfected Strike+1","ReplayTheSpireMod:Strike From Hell","Bandage Up","Wild Strike+1"],"relics":["Burning Blood","HushsDoor","GuppysPaw","testmod-SaigiyounoYou","NeowsBlessing","UnicornStump","Tea:ReiMu","GnawedLeaf","Nunchaku","Juzu Bracelet","Ring of Chaos","GuppysCollar","Brimstone","Strawberry","MerchantsRug","Golden Egg","Replay:Bottled Flurry","ReplayTheSpireMod:Ninjato","testmod-EnergyCheck","testmod-Charity","Bag of Preparation","Anchor","Bag of Marbles","infinitespire:Magic Flask","GuppysCollar"],"acts_visited":["Exordium","TheCity","TheBeyond"],"potions_floor_usage":[45,45,45,50],"damage_taken":[{"damage":0.0,"enemies":"Small Slimes","floor":1.0,"turns":2.0},{"damage":0.0,"enemies":"conspire:MimicChest","floor":2.0,"turns":1.0},{"damage":0.0,"enemies":"2 Louse","floor":3.0,"turns":1.0},{"damage":1.0,"enemies":"Cultist","floor":4.0,"turns":4.0},{"damage":15.0,"enemies":"Blue Slaver","floor":5.0,"turns":7.0},{"damage":0.0,"enemies":"3 Sentries","floor":6.0,"turns":2.0},{"damage":25.0,"enemies":"Gremlin Gang","floor":7.0,"turns":3.0},{"damage":50.0,"enemies":"Lagavulin","floor":10.0,"turns":8.0},{"damage":30.0,"enemies":"3 Sentries","floor":12.0,"turns":6.0},{"damage":20.0,"enemies":"Large Slime","floor":14.0,"turns":5.0},{"damage":38.0,"enemies":"Slime Boss","floor":16.0,"turns":6.0},{"damage":33.0,"enemies":"Spheric Guardian","floor":18.0,"turns":4.0},{"damage":52.0,"enemies":"Slavers","floor":24.0,"turns":3.0},{"damage":13.0,"enemies":"2 Thieves","floor":27.0,"turns":3.0},{"damage":16.0,"enemies":"Snake Plant","floor":28.0,"turns":4.0},{"damage":43,"enemies":"Book of Stabbing","floor":30,"turns":4},{"damage":109,"enemies":"Collector","floor":33,"turns":7},{"damage":69,"enemies":"3 Darklings","floor":35,"turns":6},{"damage":18,"enemies":"3 Shapes","floor":41,"turns":3},{"damage":49,"enemies":"3 Darklings","floor":44,"turns":5},{"damage":37,"enemies":"Reptomancer","floor":45,"turns":4},{"damage":54,"enemies":"Transient","floor":47,"turns":5},{"damage":243,"enemies":"Replay:Hell Engine","floor":50,"turns":7}],"seed_played":"-7707702635376246552","potions_obtained":[{"floor":1.0,"key":"testmod-TestPotion"},{"floor":5.0,"key":"Toxic Potion"},{"floor":6.0,"key":"Energy Potion"},{"floor":10.0,"key":"EssenceOfSteel"},{"floor":16.0,"key":"Elixir"},{"floor":18.0,"key":"Weak Potion"},{"floor":28.0,"key":"Reflective Coating"},{"floor":33,"key":"Weak Potion"},{"floor":45,"key":"Explosive Potion"}],"is_trial":false,"path_per_floor":["M","?","M","M","M","E","M","?","T","E","R","E","?","M","R_BF","B",null,"M","$","?","?","?","R","E","R","T","M","M","R","E","?","R","B",null,"M","?","?","$","?","R","M","R","T","M","E","R","M","AVR","R_BF","B",null],"character_chosen":"IRONCLAD","items_purchased":["GuppysCollar","Brimstone","Strawberry","MerchantsRug","testmod-Charity","Bag of Preparation","Anchor"],"campfire_rested":5,"item_purchase_floors":[17,19,19,19,38,38,38],"current_hp_per_floor":[80,80,80,80,78,80,71,71,71,40,64,54,74,71,80,58,65,41,48,48,48,48,70,35,57,57,56,49,49,20,20,64,9,58,13,13,13,13,13,57,57,75,75,46,38,61,40,40,41,11],"gold":174,"neow_bonus":"THREE_ENEMY_KILL","is_daily":false,"chose_seed":false,"campfire_upgraded":3,"win_rate":0.0,"timestamp":1612247071,"path_taken":["M","?","M","?","M","E","M","?","T","E","R","E","?","M","R_BF","BOSS","M","$","?","?","?","R","E","R","T","M","M","R","E","?","R","BOSS","M","?","?","?","?","R","M","R","T","M","E","R","M","AVR","R_BF","BOSS"],"items_purchased_type":["Relic","Relic","Relic","Relic","Relic","Relic","Relic"],"build_version":"2020-12-22","purchased_purges":1,"victory":true,"max_hp_per_floor":[80,80,80,80,80,80,80,80,80,80,80,80,80,80,80,80,67,67,74,74,74,74,74,74,74,74,74,74,74,74,74,74,74,74,74,74,74,74,74,74,75,75,75,76,77,77,78,78,79,79],"card_choices":[{"not_picked":[],"picked":"EpicFetus","floor":0.0},{"not_picked":["Flex","conspire:HitWhereItHurts","Metallicize"],"picked":"SKIP","floor":1.0},{"not_picked":["Rampage","Inflame"],"picked":"Bomb","floor":3.0},{"not_picked":["Perfected Strike","Pummel","Fire Breathing"],"picked":"SKIP","floor":4.0},{"not_picked":["Pummel","Fire Breathing"],"picked":"Perfected Strike","floor":4.0},{"not_picked":["Replay:Undeath\u0027s Touch","Pommel Strike"],"picked":"Bomb","floor":5.0},{"not_picked":["Massacre","Body Slam"],"picked":"ReplayTheSpireMod:LeadingStrike","floor":6.0},{"not_picked":["Rampage","ReplayTheSpireMod:Stacked","Metallicize"],"picked":"SKIP","floor":7.0},{"not_picked":["Iron Wave","Reckless Charge","Twin Strike"],"picked":"SKIP","floor":10.0},{"not_picked":["Havoc","Infernal Blade","Thunderclap"],"picked":"SKIP","floor":12.0},{"not_picked":["Inflame","Massacre","Clash"],"picked":"SKIP","floor":14.0},{"not_picked":["Life Link","Iron Wave"],"picked":"Perfected Strike","floor":18.0},{"not_picked":["ReplayTheSpireMod:Limb From Limb+1","Twin Strike"],"picked":"Perfected Strike","floor":24.0},{"not_picked":["Metallicize+1","conspire:ExplosiveBarrier+1","Evolve"],"picked":"SKIP","floor":27.0},{"not_picked":["Sword Boomerang","Cleave+1"],"picked":"ReplayTheSpireMod:Strike From Hell","floor":28.0},{"not_picked":["Metallicize","Power Through","Run Through"],"picked":"SKIP","floor":30},{"not_picked":["Whirlwind","Body Slam+1","Iron Wave"],"picked":"SKIP","floor":35},{"not_picked":["testmod-Reproduce","testmod-TradeIn"],"picked":"Bandage Up","floor":36},{"not_picked":["Anger+1","Shrug It Off+1","ReplayTheSpireMod:Limb From Limb"],"picked":"SKIP","floor":41},{"not_picked":["Body Slam","Searing Blow","Clothesline+1"],"picked":"SKIP","floor":44},{"not_picked":["Blood for Blood","Burning Pact","ReplayTheSpireMod:Stacked"],"picked":"SKIP","floor":45},{"not_picked":["Pummel","Carnage+1"],"picked":"Wild Strike+1","floor":47}],"player_experience":95822,"relics_obtained":[{"floor":2.0,"key":"UnicornStump"},{"floor":6.0,"key":"Tea:ReiMu"},{"floor":9.0,"key":"GnawedLeaf"},{"floor":10.0,"key":"Nunchaku"},{"floor":12.0,"key":"Juzu Bracelet"},{"floor":24.0,"key":"Golden Egg"},{"floor":26.0,"key":"Replay:Bottled Flurry"},{"floor":30,"key":"ReplayTheSpireMod:Ninjato"},{"floor":43,"key":"Diplopia"},{"floor":45,"key":"Bag of Marbles"}],"event_choices":[{"damage_healed":20.0,"max_hp_gain":0.0,"max_hp_loss":0.0,"gold_gain":0.0,"event_name":"The Cleric","player_choice":"Healed","floor":13.0,"gold_loss":35.0,"damage_taken":0.0},{"damage_healed":0.0,"max_hp_gain":0.0,"max_hp_loss":0.0,"gold_gain":0.0,"event_name":"Upgrade Shrine","player_choice":"Upgraded","floor":20.0,"gold_loss":0.0,"damage_taken":0.0,"cards_upgraded":["Perfected Strike"]},{"damage_healed":0,"gold_gain":0,"player_choice":"Paid Fearfully","damage_taken":0,"max_hp_gain":0,"max_hp_loss":0,"event_name":"Masked Bandits","floor":31,"gold_loss":110},{"damage_healed":0,"gold_gain":0,"player_choice":"Memory 1","damage_taken":0,"max_hp_gain":0,"max_hp_loss":0,"event_name":"SensoryStone","floor":36,"gold_loss":0},{"damage_healed":0,"gold_gain":400,"player_choice":"Sell","damage_taken":0,"max_hp_gain":0,"max_hp_loss":0,"event_name":"∂˜¬ÂÀπµƒ≈Ã◊”","floor":37,"relics_lost":["testmod-TestBox"],"gold_loss":0},{"damage_healed":0,"gold_gain":0,"player_choice":"Leave","damage_taken":0,"max_hp_gain":0,"max_hp_loss":0,"event_name":"conspire:Investor","floor":39,"gold_loss":0}],"is_beta":false,"boss_relics":[{"not_picked":["testmod-CardMagician","testmod-BatchProcessingSystem"],"picked":"Ring of Chaos"},{"not_picked":[]},{"not_picked":["Abe\u0027s Treasure","ChewingGum"],"picked":"testmod-EnergyCheck"},{"not_picked":[]}],"items_purged_floors":[38],"is_endless":false,"potions_floor_spawned":[1,5,6,10,12,16,18,28,33,44,45],"ascension_level":10}}