{"host":"4kmvpqjeiacgn1pr","time":1612225833,"event":{"mods":["AchievementEnabler","BaseMod","Better Altar","Better Match","Better Note","Better Sensory Stone","Better Skull","Better Third Choice","Colored Map","Colored Powertips","Curses Come First","Downfall","Highlight Path","Infinite Spire","Minty Spire (QoL Compilation)","Permanent Neow","Quick Restart","Rare Cards Sparkle","Replay The Spire","Shop Mod","Spicy Shops","Spikes Relics","StSLib","Waifu the Spire"],"gold_per_floor":[118,15,15,15,28,28,28,47,47,47,47,63,63,76,76,205,205,218,769,788,788,788],"floor_reached":21,"language":"ENG","playtime":597,"items_purged":[],"score":254,"play_id":"714db3a8-9c3e-4700-9d47-fd7c0c582637","local_time":"20210201193033","is_ascension_mode":true,"campfire_choices":[{"data":"Eviscerate","floor":6,"key":"SMITH"},{"data":"Strike_G","floor":15,"key":"PURGE"}],"circlet_count":0,"master_deck":["AscendersBane","Strike_G","Strike_G","Defend_G","Defend_G","Defend_G","Defend_G","Neutralize","Backstab","Die Die Die","Terror","Eviscerate+1","Underhanded Strike","All Out Attack","Replay:Bag of Tricks","All Out Attack+1","Tools of the Trade+1","Phantasmal Killer","Blade Dance+1","Flying Knee+1"],"relics":["Ring of the Snake","Blue Candle","Golden Idol","ReplayTheSpireMod:Shallot","infinitespire:WardingShard","Black Star"],"acts_visited":["Exordium","TheCity"],"potions_floor_usage":[16,18,21],"damage_taken":[{"damage":4.0,"enemies":"Jaw Worm","floor":1.0,"turns":4.0},{"damage":0,"enemies":"Cultist","floor":5,"turns":2},{"damage":0,"enemies":"Small Slimes","floor":8,"turns":2},{"damage":0,"enemies":"Exordium Thugs","floor":12,"turns":3},{"damage":0,"enemies":"Exordium Wildlife","floor":14,"turns":2},{"damage":9,"enemies":"The Guardian","floor":16,"turns":4},{"damage":9,"enemies":"Spheric Guardian","floor":18,"turns":3},{"damage":0,"enemies":"Chosen","floor":20,"turns":2},{"damage":1,"enemies":"Centurion and Healer","floor":21,"turns":1}],"seed_played":"5027048647610524097","potions_obtained":[{"floor":8,"key":"Elixir"},{"floor":14,"key":"champ:CounterPotion"},{"floor":16,"key":"Toxic Potion"},{"floor":20,"key":"SkillPotion"}],"is_trial":false,"path_per_floor":["M","$","?","?","M","R","?","M","T","$","T","M","?","M","R_BF","B",null,"M","?","M","M"],"character_chosen":"THE_SILENT","items_purchased":["Eviscerate"],"campfire_rested":0,"item_purchase_floors":[2],"current_hp_per_floor":[59,59,54,54,54,54,39,39,39,39,39,39,39,39,39,30,55,46,1,1,0,0],"gold":788,"neow_bonus":"TRANSFORM_TWO_CARDS","is_daily":false,"chose_seed":false,"campfire_upgraded":1,"win_rate":0.0,"timestamp":1612225833,"path_taken":["M","$","?","?","?","R","?","M","T","?","?","M","?","M","R_BF","BOSS","M","?","M","?"],"items_purchased_type":["Card"],"build_version":"2020-12-22","purchased_purges":0,"victory":false,"max_hp_per_floor":[63,63,63,63,63,63,63,63,63,63,63,63,63,63,63,63,63,63,63,63,63,63],"card_choices":[{"not_picked":["ReplayTheSpireMod:Speed Training","Quick Slash"],"picked":"Terror","floor":1.0},{"not_picked":["PiercingWail","Acrobatics"],"picked":"Underhanded Strike","floor":5},{"not_picked":["Flying Knee","ShadowRift"],"picked":"All Out Attack","floor":8},{"not_picked":["Endless Agony","Backflip"],"picked":"Replay:Bag of Tricks","floor":12},{"not_picked":["Sucker Punch","Poisoned Stab"],"picked":"Tools of the Trade","floor":14},{"not_picked":["Bullet Time","A Thousand Cuts"],"picked":"Phantasmal Killer","floor":16},{"not_picked":["Dash+1","Finisher+1"],"picked":"Blade Dance+1","floor":18},{"not_picked":["Dodge and Roll","Backflip+1"],"picked":"Flying Knee+1","floor":20}],"player_experience":415914,"relics_obtained":[{"floor":9,"key":"ReplayTheSpireMod:Shallot"},{"floor":11,"key":"infinitespire:WardingShard"}],"event_choices":[{"cards_removed":["Strike_G"],"damage_healed":0,"gold_gain":0,"player_choice":"Offered Basic","damage_taken":0,"max_hp_gain":0,"max_hp_loss":0,"event_name":"Bonfire Elementals","floor":4,"gold_loss":0},{"damage_healed":0,"gold_gain":0,"player_choice":"Take Damage","damage_taken":15,"relics_obtained":["Golden Idol"],"max_hp_gain":0,"max_hp_loss":0,"event_name":"Golden Idol","floor":7,"gold_loss":0},{"damage_healed":0,"gold_gain":551,"player_choice":"GO GO GO GO GO UP ","damage_taken":52,"relics_obtained":[],"max_hp_gain":0,"max_hp_loss":0,"event_name":"betterSkull:BetterSkull","floor":19,"gold_loss":0,"cards_upgraded":["Tools of the Trade"]}],"is_beta":false,"boss_relics":[{"not_picked":["Replay:Wanted Poster","Snecko Eye"],"picked":"Black Star"}],"items_purged_floors":[],"is_endless":false,"potions_floor_spawned":[8,14,16,20],"killed_by":"Centurion and Healer","ascension_level":10}}