{"host":"hbel9g7s7ibv8po6","time":1612282314,"event":{"mods":["Act Like it!","BaseMod","Duelist Mod","Minty Spire (QoL Compilation)","StSLib"],"gold_per_floor":[136,156,167,242,257,288,305,339,390,406,247,267,267,267,267,372,372,391,316,328,328,340,340,186,216,228,266,278,306,346,358,370,382,382],"floor_reached":33,"language":"ENG","playtime":1357,"items_purged":["theDuelist:Sparks"],"score":646,"play_id":"7ac4af15-7454-4fbb-a0a3-5daa3f16c418","local_time":"20210203001154","is_ascension_mode":true,"campfire_choices":[{"data":"theDuelist:PowerGiant","floor":15.0,"key":"SMITH"},{"data":"theDuelist:PowerGiant","floor":23.0,"key":"SMITH"},{"floor":28.0,"key":"REST"},{"floor":32,"key":"REST"}],"circlet_count":0,"master_deck":["theDuelist:Tuningware","theDuelist:CardsFromTheSky","AscendersBane","theDuelist:Shekhinaga","theDuelist:Deskbot004","theDuelist:FluteKuriboh","theDuelist:SatelliteCannon","theDuelist:JunkKuriboh","theDuelist:FluteKuriboh","theDuelist:Deskbot004","theDuelist:GreenGadget","theDuelist:PowerGiant+1","theDuelist:Deskbot005","theDuelist:PowerGiant+1","theDuelist:UnionHangar","theDuelist:Deskbot005","theDuelist:MachineFactory+1","theDuelist:TurretWarrior+1","Pain"],"relics":["theDuelist:MillenniumPuzzle","theDuelist:CardPoolRelic","theDuelist:CardPoolBasicRelic","theDuelist:BoosterPackPoolRelic","theDuelist:CardPoolAddRelic","theDuelist:CardPoolMinusRelic","theDuelist:CardPoolSaveRelic","theDuelist:CardPoolOptionsRelic","Tiny Chest","Bronze Scales","Red Skull","Black Star","theDuelist:TokenfestPendant","Bronze Scales","theDuelist:BoosterBetterBoostersRelic","MawBank","Juzu Bracelet","theDuelist:MillenniumPeriapt","Molten Egg 2","Paper Crane","Centennial Puzzle","WarpedTongs"],"acts_visited":["Exordium","TheCity"],"potions_floor_usage":[],"damage_taken":[{"damage":2.0,"enemies":"Jaw Worm","floor":1.0,"turns":4.0},{"damage":6.0,"enemies":"Small Slimes","floor":2.0,"turns":4.0},{"damage":0.0,"enemies":"Cultist","floor":3.0,"turns":3.0},{"damage":0.0,"enemies":"Exordium Thugs","floor":5.0,"turns":5.0},{"damage":1.0,"enemies":"Lagavulin","floor":6.0,"turns":5.0},{"damage":9.0,"enemies":"Red Slaver","floor":7.0,"turns":2.0},{"damage":0.0,"enemies":"Gremlin Nob","floor":8.0,"turns":2.0},{"damage":5.0,"enemies":"Looter","floor":10.0,"turns":3.0},{"damage":0.0,"enemies":"Exordium Thugs","floor":12.0,"turns":3.0},{"damage":0.0,"enemies":"Slime Boss","floor":16.0,"turns":1.0},{"damage":0.0,"enemies":"3 Byrds","floor":18.0,"turns":4.0},{"damage":9.0,"enemies":"Spheric Guardian","floor":20.0,"turns":4.0},{"damage":9.0,"enemies":"Cultist and Chosen","floor":22.0,"turns":5.0},{"damage":2.0,"enemies":"theDuelist:KaibaA2","floor":25.0,"turns":2.0},{"damage":24.0,"enemies":"Book of Stabbing","floor":27.0,"turns":3.0},{"damage":6.0,"enemies":"Snake Plant","floor":29.0,"turns":3.0},{"damage":33,"enemies":"Slavers","floor":30,"turns":5},{"damage":30,"enemies":"Champ","floor":33,"turns":5}],"seed_played":"8367806885648557919","potions_obtained":[{"floor":2.0,"key":"theDuelist:ReducerPotion"},{"floor":5.0,"key":"FearPotion"},{"floor":6.0,"key":"theDuelist:FreezingPotion"},{"floor":12.0,"key":"BlessingOfTheForge"},{"floor":16.0,"key":"theDuelist:DestructPotionPotB"}],"is_trial":false,"path_per_floor":["M","M","M","?","M","E","M","E","T","M","$","M","?","?","R","B",null,"M","?","M","T","M","R","?","E","T","E","R","M","E","?","R","B"],"character_chosen":"THE_DUELIST","items_purchased":["theDuelist:FluteKuriboh"],"campfire_rested":2,"item_purchase_floors":[11],"current_hp_per_floor":[49,43,43,32,32,31,22,22,22,17,17,17,17,17,17,17,64,64,64,55,55,46,46,46,44,44,20,44,38,5,5,29,0,0],"gold":382,"neow_bonus":"REMOVE_TWO","is_daily":false,"chose_seed":false,"campfire_upgraded":2,"win_rate":0.0,"timestamp":1612282314,"path_taken":["M","M","M","?","M","E","M","E","T","M","$","M","?","?","R","BOSS","M","?","M","?","?","R","?","E","T","E","R","M","E","?","R","BOSS"],"items_purchased_type":["Card"],"build_version":"2020-12-22","purchased_purges":1,"victory":false,"max_hp_per_floor":[80,80,80,80,80,80,80,80,80,80,80,80,80,80,80,80,80,80,80,80,80,80,80,80,80,80,80,80,80,80,80,80,80,80],"card_choices":[{"not_picked":["theDuelist:GenexNeutron","theDuelist:DigitalBug","theDuelist:JinzoLord","theDuelist:RedGadget"],"picked":"theDuelist:Shekhinaga","floor":1.0},{"not_picked":["theDuelist:LightningVortex","theDuelist:Kuribohrn","theDuelist:GemElephant","theDuelist:DreadnoughtDreadnoid"],"picked":"theDuelist:FluteKuriboh","floor":2.0},{"not_picked":["theDuelist:BlockGolem","theDuelist:GemElephant","theDuelist:LabyrinthWall","theDuelist:LostGuardian"],"picked":"theDuelist:PowerGiant","floor":3.0},{"not_picked":["theDuelist:BigFire","theDuelist:Sangan","theDuelist:JunkSpeeder","theDuelist:WormWarlord"],"picked":"theDuelist:PowerGiant","floor":5.0},{"not_picked":["theDuelist:JunkWarrior","theDuelist:AncientGearChimera","theDuelist:GreenGadget","theDuelist:Jinzo"],"picked":"theDuelist:JunkKuriboh","floor":6.0},{"not_picked":["theDuelist:GravityBlaster","theDuelist:SparkBlaster","theDuelist:AncientGearWorkshop","theDuelist:RainbowBridge","theDuelist:SevenCompleted"],"picked":"SKIP","floor":7.0},{"not_picked":["theDuelist:Biofalcon","theDuelist:ScrapIronScarecrow","theDuelist:GearGigant","theDuelist:ArtifactSanctum"],"picked":"theDuelist:Tuningware","floor":8.0},{"not_picked":["theDuelist:BloodToken","theDuelist:MegatypeToken","theDuelist:RockToken","theDuelist:SpellcasterToken","theDuelist:TrapToken"],"picked":"SKIP","floor":10.0},{"not_picked":["theDuelist:ArtifactSanctum","theDuelist:MachineFactory","theDuelist:OutriggerExtension"],"picked":"theDuelist:UnionHangar","floor":12.0},{"not_picked":["theDuelist:GravityLash","theDuelist:SevenCompleted","theDuelist:SteamTrainKing","theDuelist:Shekhinaga"],"picked":"theDuelist:SatelliteCannon","floor":16.0},{"not_picked":["theDuelist:LimiterRemoval","theDuelist:OutriggerExtension","theDuelist:RevolvingSwitchyard","theDuelist:MachineFactory"],"picked":"theDuelist:CardsFromTheSky","floor":18.0},{"not_picked":["theDuelist:CoreBlaster","theDuelist:Tuningware","theDuelist:Deskbot005+1","theDuelist:GreenGadget+1","theDuelist:DarkFactory"],"picked":"SKIP","floor":20.0},{"not_picked":["theDuelist:CoreBlaster","theDuelist:ScrapIronScarecrow","theDuelist:FrontlineObserver","theDuelist:AncientGearWorkshop","theDuelist:RedGadget"],"picked":"SKIP","floor":22.0},{"not_picked":["theDuelist:CatapultTurtle","theDuelist:RevolvingSwitchyard","theDuelist:UnionHangar+1"],"picked":"theDuelist:MachineFactory+1","floor":25.0},{"not_picked":["theDuelist:CannonSoldier+1","theDuelist:BarrelDragon+1","theDuelist:GenexNeutron+1","theDuelist:Quariongandrax+1","theDuelist:MachineKing+1"],"picked":"SKIP","floor":27.0},{"not_picked":["theDuelist:MachineFactory+1","theDuelist:RevolvingSwitchyard+1","theDuelist:WonderGarage+1","theDuelist:JinzoLord+1"],"picked":"theDuelist:TurretWarrior+1","floor":29.0},{"not_picked":["theDuelist:GravityBlaster+1","theDuelist:LimiterRemoval+1","theDuelist:AncientGearWorkshop+1","theDuelist:PotDuality","theDuelist:SwordsConcealing"],"picked":"SKIP","floor":30}],"player_experience":185928,"relics_obtained":[{"floor":6.0,"key":"Tiny Chest"},{"floor":8.0,"key":"Bronze Scales"},{"floor":9.0,"key":"Red Skull"},{"floor":21.0,"key":"theDuelist:TokenfestPendant"},{"floor":25.0,"key":"theDuelist:BoosterBetterBoostersRelic"},{"floor":25.0,"key":"MawBank"},{"floor":26.0,"key":"Juzu Bracelet"},{"floor":27.0,"key":"theDuelist:MillenniumPeriapt"},{"floor":27.0,"key":"Molten Egg 2"},{"floor":30,"key":"Paper Crane"},{"floor":30,"key":"Centennial Puzzle"}],"event_choices":[{"damage_healed":0.0,"max_hp_gain":0.0,"max_hp_loss":0.0,"gold_gain":75.0,"event_name":"World of Goop","player_choice":"Gather Gold","floor":4.0,"gold_loss":0.0,"damage_taken":11.0},{"damage_healed":0.0,"max_hp_gain":0.0,"max_hp_loss":0.0,"gold_gain":0.0,"event_name":"Tomb of the Nameless","player_choice":"Leave","duelist":true,"floor":13.0,"gold_loss":0.0,"damage_taken":0.0},{"cards_removed":["theDuelist:CastleWalls"],"damage_healed":0.0,"max_hp_gain":0.0,"max_hp_loss":0.0,"gold_gain":0.0,"event_name":"Purifier","player_choice":"Purged","floor":14.0,"gold_loss":0.0,"damage_taken":0.0},{"cards_removed":["theDuelist:Biofalcon"],"damage_healed":0.0,"max_hp_gain":0.0,"max_hp_loss":0.0,"gold_gain":0.0,"event_name":"Beggar","player_choice":"Gave Gold","floor":19.0,"gold_loss":75.0,"damage_taken":0.0},{"damage_healed":0.0,"max_hp_gain":0.0,"max_hp_loss":0.0,"gold_gain":0.0,"event_name":"Relic Duplicator","player_choice":"Duplicated Relic - Bronze Scales","duelist":true,"floor":24.0,"gold_loss":0.0,"damage_taken":0.0},{"damage_healed":0,"gold_gain":0,"player_choice":"Rummage","damage_taken":0,"relics_obtained":["WarpedTongs"],"max_hp_gain":0,"max_hp_loss":0,"event_name":"Accursed Blacksmith","floor":31,"gold_loss":0,"cards_obtained":["Pain"]}],"is_beta":false,"boss_relics":[{"not_picked":["SlaversCollar","Empty Cage"],"picked":"Black Star"}],"items_purged_floors":[11],"is_endless":false,"potions_floor_spawned":[2,5,6,12,16,18,22,25],"killed_by":"Champ","ascension_level":11}}