{"host":"d6v9h08n6lx0nsey","time":1612224937,"event":{"mods":["BaseMod","Downfall","Minty Spire (QoL Compilation)","StSLib"],"gold_per_floor":[113,38,113,125,75,106,106,132,132,209,209,209],"floor_reached":11,"language":"ENG","playtime":310,"items_purged":["Defend_G"],"score":125,"play_id":"2a67eb14-d040-440d-9171-06bb804ab301","local_time":"20210202001537","is_ascension_mode":true,"campfire_choices":[{"data":"Neutralize","floor":7.0,"key":"SMITH"}],"circlet_count":0,"master_deck":["Strike_G","Strike_G","Strike_G","Strike_G","Defend_G","Defend_G","Defend_G","Defend_G","Survivor","Neutralize+1","Tactician","Blade Dance","Cloak And Dagger","Backflip"],"relics":["Ring of the Snake","NeowsBlessing","Gremlin Horn","Girya","Pen Nib","InkBottle"],"acts_visited":[],"potions_floor_usage":[],"damage_taken":[{"damage":0.0,"enemies":"Small Slimes","floor":1.0,"turns":1.0},{"damage":0.0,"enemies":"Jaw Worm","floor":4.0,"turns":1.0},{"damage":0.0,"enemies":"3 Sentries","floor":6.0,"turns":1.0},{"damage":20.0,"enemies":"Lagavulin","floor":8.0,"turns":9.0},{"damage":20.0,"enemies":"Gremlin Nob","floor":11.0,"turns":5.0}],"seed_played":"5038507015822716701","potions_obtained":[{"floor":1.0,"key":"EssenceOfSteel"},{"floor":8.0,"key":"PowerPotion"}],"is_trial":false,"path_per_floor":["M","$","?","M","?","E","R","E","T","T","E"],"character_chosen":"THE_SILENT","items_purchased":[],"campfire_rested":0,"item_purchase_floors":[],"current_hp_per_floor":[70,70,59,59,59,59,59,39,39,39,19,19],"gold":209,"neow_bonus":"THREE_ENEMY_KILL","is_daily":false,"chose_seed":false,"campfire_upgraded":1,"win_rate":0.0,"timestamp":1612224937,"path_taken":["M","$","?","M","?","E","R","E","T","?","E"],"items_purchased_type":[],"build_version":"2020-12-22","purchased_purges":1,"victory":false,"max_hp_per_floor":[70,70,70,70,70,70,70,70,70,70,70,70],"card_choices":[{"not_picked":["Outmaneuver","Endless Agony"],"picked":"Tactician","floor":1.0},{"not_picked":["Underhanded Strike","Outmaneuver"],"picked":"Blade Dance","floor":4.0},{"not_picked":["Heel Hook","Outmaneuver"],"picked":"Cloak And Dagger","floor":6.0},{"not_picked":["Prepared","Deflect"],"picked":"Backflip","floor":8.0}],"player_experience":72234,"relics_obtained":[{"floor":6.0,"key":"Gremlin Horn"},{"floor":8.0,"key":"Girya"},{"floor":9.0,"key":"Pen Nib"},{"floor":10.0,"key":"InkBottle"}],"event_choices":[{"damage_healed":0.0,"max_hp_gain":0.0,"max_hp_loss":0.0,"gold_gain":75.0,"event_name":"World of Goop","player_choice":"Gather Gold","floor":3.0,"gold_loss":0.0,"damage_taken":11.0},{"cards_removed":["Strike_G"],"damage_healed":0.0,"max_hp_gain":0.0,"max_hp_loss":0.0,"gold_gain":0.0,"event_name":"The Cleric","player_choice":"Card Removal","floor":5.0,"gold_loss":50.0,"damage_taken":0.0}],"is_beta":false,"boss_relics":[],"items_purged_floors":[2],"is_endless":false,"potions_floor_spawned":[1,8],"killed_by":"Gremlin Nob","ascension_level":2}}