{"host":"gl5rgsfncjl28cj1","time":1612237690,"event":{"mods":["BaseMod","Colored Map","Highlight Path","Minty Spire (QoL Compilation)","Permanent Neow","StSLib"],"gold_per_floor":[210,3,17,17,33,33,66,66,90,102,42,74,86,116,128,213,225,256,286,310,138,156,156,170,170,170,45,45,71,108,134,134,218,218,234,268,277,297,297,297,135,135,135,145,158,10,10,22,22,22,22],"floor_reached":52,"language":"KOR","playtime":1742,"items_purged":["Strike_G","Strike_G","Defend_G"],"score":1748,"play_id":"57b9127d-aa01-4eda-bf8e-8f1157c4c728","local_time":"20210202124810","is_ascension_mode":true,"campfire_choices":[{"data":"Noxious Fumes","floor":6.0,"key":"SMITH"},{"data":"Deadly Poison","floor":8.0,"key":"SMITH"},{"data":"Bouncing Flask","floor":13.0,"key":"SMITH"},{"data":"Deadly Poison","floor":15.0,"key":"SMITH"},{"floor":23.0,"key":"REST"},{"floor":25.0,"key":"REST"},{"data":"Catalyst","floor":28.0,"key":"SMITH"},{"floor":32.0,"key":"REST"},{"floor":40.0,"key":"REST"},{"data":"Malaise","floor":42.0,"key":"SMITH"},{"data":"Crippling Poison","floor":47.0,"key":"SMITH"},{"floor":49.0,"key":"REST"}],"circlet_count":0,"master_deck":["AscendersBane","Strike_G","Strike_G","Strike_G","Defend_G","Defend_G","Defend_G","Survivor","Neutralize","Deadly Poison+1","Noxious Fumes+1","Dash+1","PiercingWail","Blur","Bouncing Flask+1","Deadly Poison+1","Bullet Time","All Out Attack+1","Dodge and Roll","Catalyst+1","PiercingWail","Crippling Poison+1","Acrobatics","Malaise+1","Quick Slash+1","Catalyst+1","Catalyst+1"],"relics":["Ring of the Snake","Omamori","MawBank","Paper Crane","Cursed Key","CeramicFish","Nunchaku","Philosopher\u0027s Stone","Incense Burner","Chemical X","FossilizedHelix","DollysMirror"],"acts_visited":["Exordium","TheCity","TheBeyond"],"potions_floor_usage":[],"damage_taken":[{"damage":0.0,"enemies":"Small Slimes","floor":1.0,"turns":5.0},{"damage":0.0,"enemies":"2 Louse","floor":3.0,"turns":2.0},{"damage":0.0,"enemies":"Cultist","floor":5.0,"turns":4.0},{"damage":9.0,"enemies":"Lagavulin","floor":7.0,"turns":8.0},{"damage":0.0,"enemies":"2 Fungi Beasts","floor":12.0,"turns":4.0},{"damage":0.0,"enemies":"Exordium Wildlife","floor":14.0,"turns":5.0},{"damage":10.0,"enemies":"The Guardian","floor":16.0,"turns":9.0},{"damage":14.0,"enemies":"Shell Parasite","floor":18.0,"turns":4.0},{"damage":0.0,"enemies":"Spheric Guardian","floor":19.0,"turns":3.0},{"damage":36.0,"enemies":"3 Cultists","floor":20.0,"turns":6.0},{"damage":0.0,"enemies":"Sentry and Sphere","floor":22.0,"turns":4.0},{"damage":7.0,"enemies":"Cultist and Chosen","floor":24.0,"turns":7.0},{"damage":15.0,"enemies":"Snake Plant","floor":29.0,"turns":4.0},{"damage":5.0,"enemies":"Gremlin Leader","floor":30.0,"turns":5.0},{"damage":24.0,"enemies":"3 Cultists","floor":31.0,"turns":7.0},{"damage":50.0,"enemies":"Automaton","floor":33.0,"turns":10.0},{"damage":19.0,"enemies":"3 Darklings","floor":35.0,"turns":5.0},{"damage":0.0,"enemies":"Mind Bloom Boss Battle","floor":36.0,"turns":6.0},{"damage":8.0,"enemies":"Orb Walker","floor":38.0,"turns":3.0},{"damage":0.0,"enemies":"Sphere and 2 Shapes","floor":44.0,"turns":5.0},{"damage":0.0,"enemies":"Spire Growth","floor":45.0,"turns":2.0},{"damage":0.0,"enemies":"Writhing Mass","floor":48.0,"turns":2.0},{"damage":28.0,"enemies":"Time Eater","floor":50.0,"turns":5.0},{"damage":29,"enemies":"Awakened One","floor":51,"turns":15}],"seed_played":"8406960179502375131","potions_obtained":[{"floor":5.0,"key":"Weak Potion"},{"floor":16.0,"key":"SteroidPotion"},{"floor":18.0,"key":"GamblersBrew"},{"floor":24.0,"key":"FairyPotion"},{"floor":33.0,"key":"Explosive Potion"},{"floor":36.0,"key":"Poison Potion"},{"floor":48.0,"key":"PowerPotion"}],"is_trial":false,"path_per_floor":["M","$","M","?","M","R","E","R","T","?","?","M","R","M","R","B",null,"M","M","M","$","M","R","M","R","T","$","R","M","E","M","R","B",null,"M","?","?","M","?","R","$","R","T","M","M","$","R","M","R","B","B",null],"character_chosen":"THE_SILENT","items_purchased":["Noxious Fumes","Dash","Regen Potion","Chemical X","DollysMirror"],"campfire_rested":5,"item_purchase_floors":[2,2,21,41,46],"current_hp_per_floor":[59,59,59,52,52,52,43,43,43,43,43,43,43,43,43,33,58,44,44,8,8,22,41,34,53,53,53,53,38,33,9,28,16,54,35,35,35,27,27,46,46,46,46,46,46,46,46,46,65,37,8],"gold":22,"neow_bonus":"HUNDRED_GOLD","is_daily":false,"chose_seed":false,"campfire_upgraded":7,"win_rate":0.0,"timestamp":1612237690,"path_taken":["M","$","M","?","M","R","E","R","T","?","?","M","R","M","R","BOSS","M","M","M","$","?","R","M","R","T","$","R","M","E","M","R","BOSS","M","?","?","?","?","R","$","R","T","M","M","?","R","M","R","BOSS","BOSS"],"items_purchased_type":["Card","Card","Potion","Relic","Relic"],"build_version":"2020-12-22","purchased_purges":3,"victory":true,"max_hp_per_floor":[66,66,66,66,66,66,66,66,66,66,66,66,66,66,66,66,66,66,66,66,66,66,66,66,66,66,66,66,66,66,66,66,66,66,66,66,66,66,66,66,66,66,66,66,66,66,66,66,66,66,66],"card_choices":[{"not_picked":["Distraction","Blur"],"picked":"Deadly Poison","floor":1.0},{"not_picked":["Flying Knee","Outmaneuver","Dodge and Roll"],"picked":"SKIP","floor":3.0},{"not_picked":["Bane","Flying Knee"],"picked":"PiercingWail","floor":5.0},{"not_picked":["Wraith Form v2","Sucker Punch"],"picked":"Blur","floor":7.0},{"not_picked":["Quick Slash","Slice"],"picked":"Bouncing Flask","floor":12.0},{"not_picked":["Sucker Punch","Quick Slash"],"picked":"Deadly Poison","floor":14.0},{"not_picked":["Envenom","Storm of Steel"],"picked":"Bullet Time","floor":16.0},{"not_picked":["Bane","Prepared"],"picked":"All Out Attack+1","floor":18.0},{"not_picked":["All Out Attack","Finisher"],"picked":"Dodge and Roll","floor":19.0},{"not_picked":["Underhanded Strike","Outmaneuver"],"picked":"Catalyst","floor":20.0},{"not_picked":["Riddle With Holes","Dodge and Roll","Bane"],"picked":"SKIP","floor":22.0},{"not_picked":["Underhanded Strike","Calculated Gamble","Bane"],"picked":"SKIP","floor":24.0},{"not_picked":["Outmaneuver","Setup"],"picked":"PiercingWail","floor":29.0},{"not_picked":["Bane","Venomology"],"picked":"Crippling Poison","floor":30.0},{"not_picked":["Slice","PiercingWail"],"picked":"Acrobatics","floor":31.0},{"not_picked":["Glass Knife","Grand Finale"],"picked":"Malaise","floor":33.0},{"not_picked":["Acrobatics","Heel Hook","Bouncing Flask"],"picked":"SKIP","floor":35.0},{"not_picked":["Prepared","Bane"],"picked":"Quick Slash+1","floor":36.0},{"not_picked":["Riddle With Holes+1","Dagger Throw+1","Blade Dance+1"],"picked":"SKIP","floor":38.0},{"not_picked":["A Thousand Cuts","PiercingWail","Dodge and Roll"],"picked":"SKIP","floor":44.0},{"not_picked":["Endless Agony+1","Dagger Throw","All Out Attack"],"picked":"SKIP","floor":45.0},{"not_picked":["Flying Knee","Dagger Spray","Prepared"],"picked":"SKIP","floor":48.0}],"player_experience":1009484,"relics_obtained":[{"floor":7.0,"key":"Omamori"},{"floor":9.0,"key":"MawBank"},{"floor":26.0,"key":"CeramicFish"},{"floor":30.0,"key":"Nunchaku"},{"floor":36.0,"key":"Incense Burner"},{"floor":43.0,"key":"FossilizedHelix"}],"event_choices":[{"cards_removed":["Defend_G"],"damage_healed":0.0,"max_hp_gain":0.0,"max_hp_loss":0.0,"gold_gain":0.0,"event_name":"Golden Wing","player_choice":"Card Removal","floor":4.0,"gold_loss":0.0,"damage_taken":7.0},{"damage_healed":0.0,"max_hp_gain":0.0,"max_hp_loss":0.0,"gold_gain":0.0,"event_name":"Living Wall","player_choice":"Grow","floor":10.0,"gold_loss":0.0,"damage_taken":0.0,"cards_upgraded":["Dash"]},{"damage_healed":0.0,"max_hp_gain":0.0,"max_hp_loss":0.0,"gold_gain":0.0,"event_name":"WeMeetAgain","player_choice":"Paid Gold","floor":11.0,"gold_loss":72.0,"damage_taken":0.0,"relics_obtained":["Paper Crane"]},{"damage_healed":0.0,"max_hp_gain":0.0,"max_hp_loss":0.0,"gold_gain":0.0,"event_name":"MindBloom","player_choice":"Fight","floor":36.0,"gold_loss":0.0,"damage_taken":0.0},{"damage_healed":0.0,"max_hp_gain":0.0,"max_hp_loss":0.0,"gold_gain":0.0,"event_name":"Duplicator","player_choice":"Copied","floor":37.0,"gold_loss":0.0,"damage_taken":0.0,"cards_obtained":["Catalyst"]},{"damage_healed":0.0,"max_hp_gain":0.0,"max_hp_loss":0.0,"gold_gain":0.0,"event_name":"Tomb of Lord Red Mask","player_choice":"Ignored","floor":39.0,"gold_loss":0.0,"damage_taken":0.0}],"is_beta":false,"boss_relics":[{"not_picked":["Tiny House","SlaversCollar"],"picked":"Cursed Key"},{"not_picked":["Fusion Hammer","Runic Pyramid"],"picked":"Philosopher\u0027s Stone"}],"items_purged_floors":[2,21,27],"is_endless":false,"potions_floor_spawned":[5,16,18,24,33,36,48],"ascension_level":20}}