{"host":"d6gsnuetzz7j8con","time":1612285430,"event":{"mods":["AchievementEnabler","BaseMod","Better Altar","Better Match","Better Note","Better Sensory Stone","Better Skull","Better Third Choice","BetterRewards","Evolution","Minty Spire (QoL Compilation)","Remove Card Discount Mod","StSLib"],"gold_per_floor":[117,82,82,102,118,118,152,152,178,75,188,222,236,236,236,341,341,352,352,352,371,371,388,415,415,415,450,450,482,1,11,11,115,115,134,356,374,374,26,26,59,59,82,132,144,163,182,182,182,182,182,182,107,133,133],"floor_reached":56,"language":"ENG","playtime":10109,"items_purged":["Defend_B","Dualcast","Stack","Blizzard+1","Rebound","Rainbow","Sweeping Beam","Rebound","Rebound","Conserve Battery","Lockon","Static Discharge","Conserve Battery","Zap","Conserve Battery","Gash","Sunder","BootSequence","FTL","Go for the Eyes","Beam Cell","Conserve Battery"],"score":1796,"play_id":"69f56cd5-2b15-4734-a018-cd6df719cb7c","local_time":"20210202120350","is_ascension_mode":false,"campfire_choices":[{"floor":6.0,"key":"RECALL"},{"floor":8.0,"key":"REST"},{"floor":15.0,"key":"REST"},{"floor":28.0,"key":"REST"},{"floor":32.0,"key":"REST"},{"floor":40,"key":"REST"},{"floor":49,"key":"REST"},{"floor":52,"key":"REST"}],"circlet_count":0,"master_deck":["Conserve Battery","Conserve Battery","Conserve Battery+1","Self Repair+1","Compile Driver+1","Meteor Strike+1","Genetic Algorithm","BootSequence","Echo Form","Apotheosis+1","Heatsinks+1","Creative AI","Chaos+1","Echo Form","FTL","Coolheaded+1","Thinking Ahead","Amplify","CurseOfTheBell","White Noise","Reboot","Multi-Cast"],"relics":["FrozenCore","EVO:Axolotl","Sling","Strawberry","Fusion Hammer","betterThird:SlimedRelic","SlaversCollar","TungstenRod","Incense Burner","Darkstone Periapt","Potion Belt","Boot","Lantern","Juzu Bracelet","MealTicket","Pear","Bird Faced Urn","Bag of Preparation","Red Mask","Whetstone","Orrery","Happy Flower","Calling Bell","Lizard Tail","Matryoshka","Orichalcum","Chemical X","Vajra","Nunchaku","Omamori","Ice Cream","Oddly Smooth Stone"],"acts_visited":["Exordium","TheCity","TheBeyond","TheEnding"],"potions_floor_usage":[41,48,54,55],"damage_taken":[{"damage":0.0,"enemies":"Jaw Worm","floor":1.0,"turns":3.0},{"damage":0.0,"enemies":"Small Slimes","floor":4.0,"turns":3.0},{"damage":0.0,"enemies":"Cultist","floor":5.0,"turns":3.0},{"damage":7.0,"enemies":"3 Sentries","floor":7.0,"turns":6.0},{"damage":2.0,"enemies":"Gremlin Nob","floor":12.0,"turns":3.0},{"damage":0.0,"enemies":"Blue Slaver","floor":13.0,"turns":3.0},{"damage":0.0,"enemies":"Hexaghost","floor":16.0,"turns":7.0},{"damage":0.0,"enemies":"3 Byrds","floor":18.0,"turns":5.0},{"damage":0.0,"enemies":"Spheric Guardian","floor":21.0,"turns":6.0},{"damage":10.0,"enemies":"3 Cultists","floor":23.0,"turns":5.0},{"damage":15.0,"enemies":"Slavers","floor":24.0,"turns":5.0},{"damage":28.0,"enemies":"Masked Bandits","floor":27.0,"turns":5.0},{"damage":10.0,"enemies":"Book of Stabbing","floor":29.0,"turns":4.0},{"damage":0.0,"enemies":"Snecko","floor":31.0,"turns":3.0},{"damage":0.0,"enemies":"Champ","floor":33.0,"turns":6.0},{"damage":6.0,"enemies":"Orb Walker","floor":35.0,"turns":3.0},{"damage":0.0,"enemies":"3 Darklings","floor":37.0,"turns":5.0},{"damage":24,"enemies":"Reptomancer","floor":41,"turns":4},{"damage":6,"enemies":"Mind Bloom Boss Battle","floor":44,"turns":5},{"damage":31,"enemies":"Sphere and 2 Shapes","floor":45,"turns":5},{"damage":0,"enemies":"Transient","floor":46,"turns":5},{"damage":21,"enemies":"Spire Growth","floor":47,"turns":5},{"damage":0,"enemies":"Donu and Deca","floor":50,"turns":6},{"damage":0,"enemies":"Shield and Spear","floor":54,"turns":7},{"damage":29,"enemies":"The Heart","floor":55,"turns":6}],"seed_played":"7453424872245188920","potions_obtained":[{"floor":1.0,"key":"Block Potion"},{"floor":4.0,"key":"Explosive Potion"},{"floor":5.0,"key":"Swift Potion"},{"floor":16.0,"key":"Fruit Juice"},{"floor":18.0,"key":"Strength Potion"},{"floor":27.0,"key":"Fire Potion"},{"floor":29.0,"key":"Block Potion"},{"floor":31.0,"key":"Regen Potion"},{"floor":33.0,"key":"Dexterity Potion"},{"floor":45,"key":"Strength Potion"},{"floor":46,"key":"Fruit Juice"},{"floor":48,"key":"FairyPotion"}],"is_trial":false,"path_per_floor":["M","?","?","M","M","R","E","R","T","$","?","E","M","?","R","B",null,"M","?","?","M","?","M","E","?","T","?","R","E","$","M","R","B",null,"M","?","M","?","$","R","E","?","T","?","M","M","M","?","R","B",null,"R","$","E","B",null],"character_chosen":"DEFECT","items_purchased":["Sling","Conserve Battery","Self Repair","Darkstone Periapt","Fruit Juice","Orrery","Thinking Ahead","Happy Flower","Reboot","BlessingOfTheForge","Chemical X","PowerPotion"],"campfire_rested":7,"item_purchase_floors":[0,0,0,0,10,30,30,30,39,39,39,53],"current_hp_per_floor":[45,65,65,72,79,79,79,82,82,87,16,31,38,38,67,79,102,102,102,102,102,102,102,102,83,83,71,101,102,102,102,102,102,108,108,108,108,108,108,108,104,118,118,118,91,117,118,123,123,123,123,123,123,123,108],"gold":133,"neow_bonus":"","is_daily":false,"chose_seed":false,"campfire_upgraded":0,"win_rate":0.0,"timestamp":1612285430,"path_taken":["M","?","?","M","?","R","E","R","T","$","?","E","M","?","R","BOSS","M","?","?","M","?","M","E","?","T","?","R","E","$","M","R","BOSS","M","?","M","?","$","R","E","?","T","?","M","M","M","?","R","BOSS","R","$","E","BOSS"],"items_purchased_type":["Relic","Card","Card","Relic","Potion","Relic","Card","Relic","Card","Potion","Relic","Potion"],"build_version":"2020-12-22","purchased_purges":22,"victory":true,"max_hp_per_floor":[82,82,82,82,82,82,82,82,82,87,87,97,97,97,97,102,102,102,102,102,102,102,102,102,102,102,102,102,102,102,102,102,102,108,108,108,108,108,108,108,108,118,118,118,118,118,118,123,123,123,123,123,123,123,123],"card_choices":[{"not_picked":["Leap","Ball Lightning"],"picked":"Compile Driver","floor":1.0},{"not_picked":["Conserve Battery","Redo"],"picked":"Genetic Algorithm","floor":4.0},{"not_picked":["Hologram","Turbo"],"picked":"White Noise","floor":5.0},{"not_picked":["Stack","Streamline"],"picked":"BootSequence","floor":7.0},{"not_picked":["Cold Snap","Barrage"],"picked":"Lockon","floor":12.0},{"not_picked":["Rebound","Streamline"],"picked":"Echo Form","floor":13.0},{"not_picked":["Biased Cognition","All For One"],"picked":"Meteor Strike","floor":16.0},{"not_picked":["Conserve Battery","Genetic Algorithm"],"picked":"Blizzard+1","floor":18.0},{"not_picked":["Stack+1","Melter"],"picked":"Heatsinks+1","floor":21.0},{"not_picked":["Barrage","Streamline"],"picked":"FTL","floor":23.0},{"not_picked":["Force Field","Darkness+1"],"picked":"Chaos+1","floor":24.0},{"not_picked":["Ball Lightning","Compile Driver"],"picked":"FTL","floor":27.0},{"not_picked":["Recycle","Conserve Battery"],"picked":"Gash","floor":29.0},{"not_picked":["Rebound","Hello World"],"picked":"Sunder","floor":30.0},{"not_picked":["Lockon","Ball Lightning"],"picked":"Coolheaded+1","floor":30.0},{"not_picked":["Stack","Consume"],"picked":"Rainbow","floor":30.0},{"not_picked":["Cold Snap","Steam"],"picked":"Conserve Battery","floor":30.0},{"not_picked":["Leap","Barrage"],"picked":"Go for the Eyes","floor":30.0},{"not_picked":["Blizzard","Barrage"],"picked":"Sweeping Beam","floor":31.0},{"not_picked":["Biased Cognition","Electrodynamics"],"picked":"Amplify","floor":33.0},{"not_picked":["Go for the Eyes","Steam"],"picked":"Beam Cell","floor":35.0},{"not_picked":["Hologram","Compile Driver"],"picked":"White Noise","floor":37.0},{"not_picked":["Leap+1","Chill"],"picked":"Conserve Battery","floor":41},{"not_picked":["Cold Snap+1","Beam Cell+1"],"picked":"Multi-Cast","floor":44},{"not_picked":["Leap","Compile Driver","Barrage+1"],"picked":"SKIP","floor":45},{"not_picked":["Turbo+1","Cold Snap+1"],"picked":"Static Discharge","floor":46},{"not_picked":["Chaos","Stack+1"],"picked":"BootSequence","floor":47},{"not_picked":["Rip and Tear+1","Blizzard","Static Discharge+1"],"picked":"SKIP","floor":54}],"player_experience":87740,"relics_obtained":[{"floor":7.0,"key":"Potion Belt"},{"floor":9.0,"key":"Boot"},{"floor":12.0,"key":"Pear"},{"floor":24.0,"key":"Bag of Preparation"},{"floor":27.0,"key":"Red Mask"},{"floor":29.0,"key":"Whetstone"},{"floor":34.0,"key":"Lizard Tail"},{"floor":34.0,"key":"Matryoshka"},{"floor":34.0,"key":"Orichalcum"},{"floor":41,"key":"Vajra"},{"floor":43,"key":"Nunchaku"},{"floor":43,"key":"Omamori"},{"floor":44,"key":"Ice Cream"},{"floor":54,"key":"Oddly Smooth Stone"}],"event_choices":[{"damage_healed":20.0,"max_hp_gain":0.0,"max_hp_loss":0.0,"gold_gain":0.0,"event_name":"The Cleric","player_choice":"Healed","floor":2.0,"gold_loss":35.0,"damage_taken":0.0},{"damage_healed":0.0,"max_hp_gain":0.0,"max_hp_loss":0.0,"gold_gain":0.0,"cards_transformed":["Rebound"],"event_name":"Transmorgrifier","player_choice":"Transformed","floor":3.0,"gold_loss":0.0,"damage_taken":0.0,"cards_obtained":["Meteor Strike"]},{"damage_healed":0.0,"max_hp_gain":0.0,"max_hp_loss":0.0,"gold_gain":113.0,"event_name":"betterSkull:BetterSkull","player_choice":"RE RE RE UP GO ","floor":11.0,"gold_loss":0.0,"damage_taken":86.0,"cards_upgraded":["Conserve Battery"],"relics_obtained":["Lantern","Juzu Bracelet","MealTicket"]},{"damage_healed":38.0,"max_hp_gain":0.0,"max_hp_loss":97.0,"gold_gain":0.0,"event_name":"betterThird:BetterShining","player_choice":"Embrace","floor":14.0,"gold_loss":0.0,"damage_taken":0.0},{"damage_healed":0.0,"max_hp_gain":0.0,"max_hp_loss":0.0,"gold_gain":0.0,"event_name":"WeMeetAgain","player_choice":"Gave Potion","floor":19.0,"gold_loss":0.0,"damage_taken":0.0,"relics_obtained":["Bird Faced Urn"]},{"damage_healed":0.0,"max_hp_gain":0.0,"max_hp_loss":0.0,"gold_gain":0.0,"event_name":"Upgrade Shrine","player_choice":"Upgraded","floor":20.0,"gold_loss":0.0,"damage_taken":0.0,"cards_upgraded":["Self Repair"]},{"cards_removed":["Apotheosis"],"damage_healed":0.0,"max_hp_gain":0.0,"max_hp_loss":0.0,"gold_gain":0.0,"event_name":"betterNote:BetterNote","player_choice":"Take \u0026 Give","floor":22.0,"gold_loss":0.0,"damage_taken":0.0,"cards_obtained":["Creative AI"]},{"damage_healed":0.0,"max_hp_gain":0.0,"max_hp_loss":20.0,"gold_gain":2.0,"event_name":"betterStone:BetterStone","player_choice":"2","floor":25.0,"gold_loss":0.0,"damage_taken":0.0},{"damage_healed":0.0,"max_hp_gain":0.0,"max_hp_loss":0.0,"gold_gain":0.0,"event_name":"Masked Bandits","player_choice":"Fought Bandits","floor":27.0,"gold_loss":0.0,"damage_taken":0.0},{"damage_healed":0.0,"max_hp_gain":0.0,"max_hp_loss":0.0,"gold_gain":222.0,"event_name":"Tomb of Lord Red Mask","player_choice":"Wore Mask","floor":36.0,"gold_loss":0.0,"damage_taken":0.0},{"cards_removed":["White Noise"],"damage_healed":0.0,"max_hp_gain":0.0,"max_hp_loss":0.0,"gold_gain":0.0,"event_name":"Falling","player_choice":"Removed Skill","floor":38.0,"gold_loss":0.0,"damage_taken":0.0},{"cards_removed":["Meteor Strike"],"damage_healed":4,"gold_gain":0,"player_choice":"Offered Rare","damage_taken":0,"max_hp_gain":10,"max_hp_loss":0,"event_name":"Bonfire Elementals","floor":42,"gold_loss":0},{"damage_healed":0,"gold_gain":0,"player_choice":"Fight","damage_taken":0,"max_hp_gain":0,"max_hp_loss":0,"event_name":"MindBloom","floor":44,"gold_loss":0},{"damage_healed":0,"gold_gain":0,"player_choice":"Got Potions","damage_taken":0,"max_hp_gain":0,"max_hp_loss":0,"event_name":"Lab","floor":48,"gold_loss":0}],"is_beta":false,"boss_relics":[{"not_picked":["Runic Pyramid","Snecko Eye"],"picked":"FrozenCore"},{"not_picked":["Black Star","Inserter"],"picked":"Calling Bell"}],"items_purged_floors":[0,0,0,30,30,39,39,39,39,53,53,53,53,53,53,53,53,53,53,53,53,53],"is_endless":false,"potions_floor_spawned":[1,4,5,16,18,27,29,31,33,45,46],"ascension_level":0}}