{"host":"xvgt0ylb0bh4kid5","time":1612252563,"event":{"mods":["AchievementEnabler","BaseMod","BetterRewards","Colored Map","Downfall","Duelist Mod","Highlight Path","Hubris","Hyrulean Relics","Infinite Spire","Marisa????????","Minty Spire (QoL Compilation)","Rare Cards Sparkle","Reorder Act Four","Replay The Spire","Shop Mod","StSLib","The Animator","The Bladedancer","The Cursed","The Forsaken","The Hierophant","The Jungle","The Necromancer","The Servant 0.9.4","Transform Curses"],"gold_per_floor":[137,151,151,169,188,188,188,214,214,226,296,309,340,340,374,474,474,570,570,586,586,586,605,625,625,625,625,625,641,641,641],"floor_reached":30,"language":"ENG","playtime":3710,"items_purged":[],"score":275,"play_id":"a267b5cd-2f35-4cbe-b49c-e1b8330748f3","local_time":"20210201235603","is_ascension_mode":false,"campfire_choices":[{"floor":9,"key":"RECALL"},{"data":"theDuelist:FairyBox","floor":14,"key":"SMITH"},{"data":"theDuelist:FluteKuriboh","floor":17,"key":"SMITH"},{"floor":25,"key":"REST"},{"floor":27,"key":"REST"}],"circlet_count":0,"master_deck":["theDuelist:CastleWalls","theDuelist:WormWarlord","theDuelist:HappyLover","theDuelist:SpellShatteringArrow","theDuelist:MeteorDestruction","theDuelist:WhiteMagicalHat","theDuelist:CombinationAttack","theDuelist:FairyBox","theDuelist:ScrapFactory","theDuelist:MillenniumGolem","theDuelist:FinalFlame","theDuelist:InfernoFireBlast","theDuelist:GiantSoldier","theDuelist:SummoningCurse","theDuelist:CastleWalls","theDuelist:FairyBox+1","theDuelist:BeaverWarrior","theDuelist:Sparks","theDuelist:GiantSoldier","theDuelist:SwordsRevealing","theDuelist:FluteKuriboh+1","theDuelist:RainbowOverdragon","theDuelist:BeaverWarrior","theDuelist:Sparks","theDuelist:SpiralSpearStrike"],"relics":["theDuelist:MillenniumPuzzle","theDuelist:CardPoolRelic","theDuelist:CardPoolBasicRelic","theDuelist:BoosterPackPoolRelic","theDuelist:CardPoolAddRelic","theDuelist:CardPoolMinusRelic","theDuelist:CardPoolSaveRelic","theDuelist:CardPoolOptionsRelic","theDuelist:CursedHealer","Tiny Chest","infinitespire:Freezer","Pantograph","theDuelist:MillenniumCoin","SacredBark","Gremlin Horn","infinitespire:Bottled Soul","theDuelist:DuelistUrn"],"acts_visited":["Exordium","TheCity"],"potions_floor_usage":[],"damage_taken":[{"damage":0,"enemies":"Small Slimes","floor":1,"turns":5},{"damage":4,"enemies":"Cultist","floor":2,"turns":6},{"damage":2,"enemies":"Jaw Worm","floor":4,"turns":6},{"damage":0,"enemies":"3 Louse","floor":5,"turns":3},{"damage":13,"enemies":"Lagavulin","floor":8,"turns":6},{"damage":0,"enemies":"Exordium Thugs","floor":10,"turns":3},{"damage":0,"enemies":"Gremlin Gang","floor":12,"turns":5},{"damage":0,"enemies":"Replay:BlueRogue","floor":13,"turns":5},{"damage":23,"enemies":"Gremlin Nob","floor":15,"turns":6},{"damage":68,"enemies":"Hexaghost","floor":18,"turns":11},{"damage":19,"enemies":"Chosen","floor":20,"turns":8},{"damage":11,"enemies":"Shell Parasite","floor":23,"turns":7},{"damage":32,"enemies":"Chosen and Byrds","floor":24,"turns":7},{"damage":18,"enemies":"Snecko","floor":29,"turns":9},{"damage":78,"enemies":"Slavers","floor":30,"turns":4}],"seed_played":"702307718238656806","potions_obtained":[{"floor":1,"key":"theDuelist:BottledKuriboh"},{"floor":5,"key":"theDuelist:FusionPotion"},{"floor":12,"key":"theDuelist:TokenPotionB"},{"floor":29,"key":"theDuelist:BurningPotion"}],"is_trial":false,"path_per_floor":["M","M","?","M","M","PTL","PTL","E","R","M","T","M","E","R","E","?","R","B",null,"M","?","AVR","M","M","R","T","R","T","M","E"],"character_chosen":"THE_DUELIST","items_purchased":[],"campfire_rested":2,"item_purchase_floors":[],"current_hp_per_floor":[88,84,88,86,86,86,86,73,73,73,73,73,73,73,50,50,50,7,88,69,69,69,58,26,52,52,78,78,66,0,0],"gold":641,"neow_bonus":"TEN_PERCENT_HP_BONUS","is_daily":false,"chose_seed":false,"campfire_upgraded":2,"win_rate":0.0,"timestamp":1612252563,"path_taken":["M","M","?","M","M","PTL","PTL","E","R","M","T","?","E","R","E","?","R","BOSS","M","?","AVR","M","M","R","?","R","T","M","E"],"items_purchased_type":[],"build_version":"2020-12-22","purchased_purges":0,"victory":false,"max_hp_per_floor":[88,88,88,88,88,88,88,88,88,88,88,88,88,88,88,88,88,88,88,88,88,88,88,88,88,88,88,88,88,88,88],"card_choices":[{"not_picked":["theDuelist:FluteKuriboh","theDuelist:WormApocalypse","theDuelist:MagnumShield","theDuelist:ChaosSeed"],"picked":"theDuelist:SpellShatteringArrow","floor":1},{"not_picked":["theDuelist:DoubleTool","theDuelist:CoreBlaster","theDuelist:CombinationAttack","theDuelist:SpellShatteringArrow"],"picked":"theDuelist:MeteorDestruction","floor":2},{"not_picked":["theDuelist:SparkBlaster","theDuelist:ScrapFactory","theDuelist:DarkBurningMagic","theDuelist:Sangan"],"picked":"theDuelist:InfernoFireBlast","floor":4},{"not_picked":["theDuelist:PineappleBlast","theDuelist:InstantFusion","theDuelist:GravityLash","theDuelist:FeatherShot"],"picked":"theDuelist:SwordsRevealing","floor":5},{"not_picked":["theDuelist:ReinforcementsArmy","theDuelist:DarkCreator","theDuelist:ForbiddenChalice","theDuelist:FutureFusion"],"picked":"theDuelist:WormWarlord","floor":8},{"not_picked":["theDuelist:CoreBlaster","theDuelist:DarkBurningAttack","theDuelist:Eva","theDuelist:CombinationAttack"],"picked":"theDuelist:WhiteMagicalHat","floor":10},{"not_picked":["theDuelist:SpellShatteringArrow","theDuelist:BigFire","theDuelist:RainbowNeos","theDuelist:SparkBlaster"],"picked":"theDuelist:CombinationAttack","floor":12},{"not_picked":["theDuelist:SpellShatteringArrow","theDuelist:Eva","theDuelist:DarkBurningAttack","theDuelist:FusionFire"],"picked":"theDuelist:FairyBox","floor":13},{"not_picked":["theDuelist:EvilswarmHeliotrope","theDuelist:PowerGiant","theDuelist:GiantSoldierSteel","theDuelist:WingedKuriboh"],"picked":"theDuelist:FluteKuriboh","floor":15},{"not_picked":["theDuelist:RainbowNeos","theDuelist:HappyLover","theDuelist:Eva","theDuelist:RainbowKuriboh"],"picked":"theDuelist:RainbowOverdragon","floor":18},{"not_picked":["theDuelist:RainbowNeos","theDuelist:BlueBloodedOni","theDuelist:PurplePainOni","theDuelist:RainbowOverdragon"],"picked":"theDuelist:HappyLover","floor":20},{"not_picked":["theDuelist:DoubleTool","theDuelist:RainbowNeos+1","theDuelist:AfterTheStorm","theDuelist:LegendHeart"],"picked":"theDuelist:FairyBox","floor":23},{"not_picked":["theDuelist:GaiaMidNightSun","theDuelist:GilfordLegend","theDuelist:LightningVortex","theDuelist:EvilswarmHeliotrope"],"picked":"theDuelist:MillenniumGolem","floor":24},{"not_picked":["theDuelist:SpellShatteringArrow","theDuelist:CombinationAttack","theDuelist:SpiritHarp+1","theDuelist:SilverApples"],"picked":"theDuelist:SpiralSpearStrike","floor":29}],"player_experience":105552,"relics_obtained":[{"floor":8,"key":"Tiny Chest"},{"floor":13,"key":"infinitespire:Freezer"},{"floor":15,"key":"Pantograph"},{"floor":26,"key":"infinitespire:Bottled Soul"},{"floor":28,"key":"theDuelist:DuelistUrn"}],"event_choices":[{"damage_healed":0,"gold_gain":0,"player_choice":"Succumb - +25HP/Cursed Relic","duelist":true,"damage_taken":0,"max_hp_gain":0,"max_hp_loss":0,"event_name":"Tomb of the Nameless","floor":3,"gold_loss":0},{"damage_healed":0,"gold_gain":0,"player_choice":"Took item - Received: Millennium Coin","duelist":true,"damage_taken":0,"max_hp_gain":0,"max_hp_loss":0,"event_name":"Millennium Items","floor":16,"gold_loss":0},{"damage_healed":0,"gold_gain":0,"player_choice":"Gave Potion","damage_taken":0,"relics_obtained":["Gremlin Horn"],"max_hp_gain":0,"max_hp_loss":0,"event_name":"WeMeetAgain","floor":21,"gold_loss":0}],"is_beta":false,"boss_relics":[{"not_picked":["Runic Pyramid","Runic Cube"],"picked":"SacredBark"}],"items_purged_floors":[],"is_endless":false,"potions_floor_spawned":[1,5,12,13,18,29],"killed_by":"Slavers","ascension_level":0}}