{"host":"pe7ycb8t2t906so2","time":1612228177,"event":{"mods":["BaseMod","Colored Map","Highlight Path","Minty Spire (QoL Compilation)"],"gold_per_floor":[112,112,124,149,3,34,34,60,60,92,92,105,5,17,17,95,95,109,96,96,96,96],"floor_reached":21,"language":"FRA","playtime":1904,"items_purged":["Strike_R","Strike_R"],"score":381,"play_id":"2dd6e875-3b2c-4ec6-b6f5-c00b72c7be4b","local_time":"20210201200937","is_ascension_mode":true,"campfire_choices":[{"floor":11,"key":"REST"},{"data":"Inflame","floor":15,"key":"SMITH"}],"circlet_count":0,"master_deck":["AscendersBane","Strike_R","Strike_R","Strike_R","Defend_R","Defend_R+1","Defend_R","Defend_R","Bash","Clash","Inflame+1","Shrug It Off+1","Metallicize","Limit Break","True Grit","Evolve","Berserk"],"relics":["Burning Blood","NeowsBlessing","MawBank","Spirit Poop","Letter Opener","Odd Mushroom","Torii","Ornamental Fan","Mark of Pain"],"acts_visited":["Exordium","TheCity"],"potions_floor_usage":[8,14,16,19],"damage_taken":[{"damage":0,"enemies":"2 Louse","floor":1,"turns":1},{"damage":0,"enemies":"Small Slimes","floor":4,"turns":1},{"damage":0,"enemies":"Gremlin Nob","floor":6,"turns":1},{"damage":20,"enemies":"The Mushroom Lair","floor":8,"turns":4},{"damage":25,"enemies":"3 Sentries","floor":10,"turns":12},{"damage":0,"enemies":"Cultist","floor":12,"turns":4},{"damage":1,"enemies":"Exordium Wildlife","floor":14,"turns":6},{"damage":24,"enemies":"Slime Boss","floor":16,"turns":11},{"damage":26,"enemies":"3 Byrds","floor":18,"turns":8},{"damage":9,"enemies":"2 Thieves","floor":19,"turns":4},{"damage":19,"enemies":"Centurion and Healer","floor":21,"turns":6}],"seed_played":"1368735597335226433","potions_obtained":[{"floor":6,"key":"Explosive Potion"},{"floor":12,"key":"Fire Potion"},{"floor":14,"key":"Dexterity Potion"},{"floor":18,"key":"ColorlessPotion"}],"is_trial":false,"path_per_floor":["M","?","?","M","$","E","?","?","T","E","R","M","$","M","R","B",null,"M","M","?","M"],"character_chosen":"IRONCLAD","items_purchased":["Inflame"],"campfire_rested":1,"item_purchase_floors":[5],"current_hp_per_floor":[74,74,74,75,75,75,52,38,38,19,41,47,47,52,52,34,65,45,42,21,2,2],"gold":96,"neow_bonus":"THREE_ENEMY_KILL","is_daily":false,"chose_seed":false,"campfire_upgraded":1,"win_rate":0.0,"timestamp":1612228177,"path_taken":["M","?","?","?","$","E","?","?","T","E","R","M","?","M","R","BOSS","M","M","?","M"],"items_purchased_type":["Card"],"build_version":"2020-12-22","purchased_purges":2,"victory":false,"max_hp_per_floor":[75,75,75,75,75,75,75,75,75,75,75,75,75,75,75,75,75,75,75,80,80,80],"card_choices":[{"not_picked":["Iron Wave","Anger"],"picked":"Clash","floor":1},{"not_picked":["Thunderclap","Sword Boomerang","Body Slam"],"picked":"SKIP","floor":4},{"not_picked":["Dropkick","Sentinel"],"picked":"Shrug It Off","floor":6},{"not_picked":["Body Slam","Sever Soul"],"picked":"Metallicize","floor":8},{"not_picked":["Armaments","Rage"],"picked":"Limit Break","floor":10},{"not_picked":["Twin Strike","Dual Wield"],"picked":"True Grit","floor":12},{"not_picked":["Clothesline","Perfected Strike"],"picked":"Evolve","floor":14},{"not_picked":["Bludgeon","Juggernaut"],"picked":"Berserk","floor":16},{"not_picked":["Clash","Entrench","Clothesline"],"picked":"SKIP","floor":18},{"not_picked":["True Grit","Wild Strike","Uppercut"],"picked":"SKIP","floor":19}],"player_experience":995304,"relics_obtained":[{"floor":6,"key":"Letter Opener"},{"floor":8,"key":"Odd Mushroom"},{"floor":9,"key":"Torii"},{"floor":10,"key":"Ornamental Fan"}],"event_choices":[{"damage_healed":0,"gold_gain":0,"player_choice":"Box","damage_taken":0,"relics_obtained":["MawBank"],"max_hp_gain":0,"max_hp_loss":0,"event_name":"Big Fish","floor":2,"gold_loss":0,"cards_obtained":["Regret"]},{"cards_removed":["Regret"],"damage_healed":0,"gold_gain":0,"player_choice":"Offered Curse","damage_taken":0,"relics_obtained":["Spirit Poop"],"max_hp_gain":0,"max_hp_loss":0,"event_name":"Bonfire Elementals","floor":3,"gold_loss":0},{"damage_healed":0,"gold_gain":0,"player_choice":"Entered Light","damage_taken":23,"max_hp_gain":0,"max_hp_loss":0,"event_name":"Shining Light","floor":7,"gold_loss":0,"cards_upgraded":["Shrug It Off","Defend_R"]},{"damage_healed":0,"gold_gain":0,"player_choice":"Fought Mushrooms","damage_taken":0,"max_hp_gain":0,"max_hp_loss":0,"event_name":"Mushrooms","floor":8,"gold_loss":0},{"damage_healed":0,"gold_gain":0,"player_choice":"Shed Blood","damage_taken":26,"max_hp_gain":5,"max_hp_loss":0,"event_name":"Forgotten Altar","floor":20,"gold_loss":0}],"is_beta":false,"boss_relics":[{"not_picked":["SlaversCollar","Black Blood"],"picked":"Mark of Pain"}],"items_purged_floors":[5,13],"is_endless":false,"potions_floor_spawned":[6,12,14,18],"killed_by":"Centurion and Healer","ascension_level":16}}