{"host":"q9sqrn60n8lvmavn","time":1612227846,"event":{"mods":["AchievementEnabler","AlwaysNeverKeys","BaseMod","Better Third Choice","Better Vampires","Block Reminder","Colored Powertips","Curses Come First","DNKmod","Friendly Minions","Minty Spire (QoL Compilation)","Permanent Neow","Relic Filter Mod","StSLib","Weighted Paths"],"gold_per_floor":[1015,1115,1135,1147,1222,1249,1259,1284,1284,1310,1310,1310,1324,957,957,1061,1061,1079,825,840,853,869,895,895,928,980,581,610,610,626,653,653,751,751,763,818,833,339,354,398,398,0,0,33,51,86,111,141,141,141,141,141,91,126,126],"floor_reached":56,"language":"ENG","playtime":2307,"items_purged":["Strike_R","Bash","Strike_R","Twin Strike"],"score":1971,"play_id":"c4999623-1a10-45a7-b360-12d3705bc554","local_time":"20210201170406","is_ascension_mode":true,"campfire_choices":[{"data":"Barricade","floor":15,"key":"SMITH"},{"data":"Juggernaut","floor":24,"key":"SMITH"},{"data":"Juggernaut","floor":29,"key":"SMITH"},{"data":"Shockwave","floor":32,"key":"SMITH"},{"data":"Brutality","floor":41,"key":"SMITH"},{"data":"Battle Trance","floor":49,"key":"SMITH"},{"data":"Madness","floor":52,"key":"SMITH"}],"circlet_count":0,"master_deck":["Defend_R","Defend_R","Defend_R","Defend_R","True Grit+1","Shrug It Off","Juggernaut+1","Barricade+1","Whirlwind+1","Juggernaut+1","Uppercut","Disarm","Metallicize","Battle Trance+1","Shockwave+1","Sentinel","Brutality+1","Madness+1","Madness","Sentinel+1","Shrug It Off+1"],"relics":["Black Blood","Darkstone Periapt","Sundial","Letter Opener","Happy Flower","Charon\u0027s Ashes","Girya","Pear","Ornamental Fan","Ginger","DollysMirror","Orichalcum","Shuriken","CeramicFish","Lantern","Singing Bowl","Empty Cage","Pocketwatch","Meat on the Bone","InkBottle","Red Mask","Omamori","Question Card","Anchor","Gremlin Horn","Bronze Scales"],"acts_visited":["Exordium","TheCity","TheBeyond","TheEnding"],"potions_floor_usage":[10,16,22,28,31,33,36,55,55],"damage_taken":[{"damage":0,"enemies":"2 Louse","floor":1,"turns":3},{"damage":0,"enemies":"Cultist","floor":3,"turns":3},{"damage":0,"enemies":"Jaw Worm","floor":4,"turns":2},{"damage":18,"enemies":"3 Sentries","floor":6,"turns":9},{"damage":0,"enemies":"2 Fungi Beasts","floor":7,"turns":3},{"damage":23,"enemies":"Lagavulin","floor":8,"turns":5},{"damage":5,"enemies":"Gremlin Nob","floor":10,"turns":3},{"damage":0,"enemies":"Large Slime","floor":13,"turns":3},{"damage":0,"enemies":"The Guardian","floor":16,"turns":7},{"damage":3,"enemies":"Shell Parasite","floor":18,"turns":5},{"damage":4,"enemies":"Chosen","floor":20,"turns":4},{"damage":18,"enemies":"Snake Plant","floor":21,"turns":4},{"damage":23,"enemies":"Centurion and Healer","floor":22,"turns":4},{"damage":31,"enemies":"Slavers","floor":23,"turns":3},{"damage":34,"enemies":"Gremlin Leader","floor":25,"turns":5},{"damage":17,"enemies":"Shelled Parasite and Fungi","floor":28,"turns":3},{"damage":1,"enemies":"Snecko","floor":30,"turns":3},{"damage":5,"enemies":"Book of Stabbing","floor":31,"turns":3},{"damage":0,"enemies":"Champ","floor":33,"turns":7},{"damage":5,"enemies":"3 Shapes","floor":35,"turns":3},{"damage":38,"enemies":"2 Orb Walkers","floor":36,"turns":4},{"damage":4,"enemies":"Orb Walker","floor":37,"turns":3},{"damage":20,"enemies":"3 Darklings","floor":39,"turns":2},{"damage":2,"enemies":"Reptomancer","floor":40,"turns":5},{"damage":8,"enemies":"Giant Head","floor":44,"turns":7},{"damage":68,"enemies":"Reptomancer","floor":46,"turns":5},{"damage":19,"enemies":"Sphere and 2 Shapes","floor":47,"turns":3},{"damage":4,"enemies":"Nemesis","floor":48,"turns":5},{"damage":16,"enemies":"Donu and Deca","floor":50,"turns":8},{"damage":48,"enemies":"Shield and Spear","floor":54,"turns":5},{"damage":31,"enemies":"The Heart","floor":55,"turns":8}],"seed_played":"5607604399198079046","potions_obtained":[{"floor":3,"key":"HeartOfIron"},{"floor":6,"key":"GamblersBrew"},{"floor":13,"key":"SpeedPotion"},{"floor":16,"key":"Explosive Potion"},{"floor":18,"key":"FairyPotion"},{"floor":23,"key":"Strength Potion"},{"floor":25,"key":"LiquidBronze"},{"floor":30,"key":"DistilledChaos"},{"floor":31,"key":"Weak Potion"},{"floor":36,"key":"Fire Potion"},{"floor":39,"key":"ElixirPotion"}],"is_trial":false,"path_per_floor":["M","?","M","M","?","E","M","E","T","E","?","?","M","$","R","B",null,"M","$","M","M","M","E","R","E","T","$","M","R","M","E","R","B",null,"M","?","M","$","M","E","R","?","T","E","?","E","M","E","R","B",null,"R","$","E","B",null],"character_chosen":"IRONCLAD","items_purchased":["Ginger","DollysMirror","Lantern","Metallicize","Battle Trance","Meat on the Bone","Sentinel","EssenceOfSteel","PowerPotion"],"campfire_rested":0,"item_purchase_floors":[14,19,27,27,27,38,38,38,53],"current_hp_per_floor":[100,100,100,100,89,77,83,66,76,77,77,77,83,83,83,89,105,110,110,110,104,93,74,74,52,52,52,47,47,58,67,67,81,106,115,91,101,101,95,105,105,105,105,111,95,53,58,80,80,88,118,118,118,82,75],"gold":126,"neow_bonus":"RANDOM_COMMON_RELIC","is_daily":false,"chose_seed":false,"campfire_upgraded":7,"win_rate":0.0,"timestamp":1612227846,"path_taken":["M","?","?","M","?","E","M","E","T","E","?","?","M","$","R","BOSS","M","?","M","M","M","E","R","E","T","$","M","R","?","E","R","BOSS","M","?","M","$","M","E","R","?","T","E","?","E","M","E","R","BOSS","R","$","E","BOSS"],"items_purchased_type":["Relic","Relic","Relic","Card","Card","Relic","Card","Potion","Potion"],"build_version":"2020-12-22","purchased_purges":4,"victory":true,"max_hp_per_floor":[100,100,100,100,100,100,100,100,110,110,110,110,110,110,110,110,110,110,110,110,110,110,110,110,110,110,110,110,110,110,112,112,114,114,116,118,120,120,122,122,122,122,122,124,124,126,126,128,128,128,128,128,128,128,128],"card_choices":[{"not_picked":["Wild Strike","Body Slam"],"picked":"True Grit","floor":1},{"not_picked":["Perfected Strike","Headbutt"],"picked":"Shrug It Off","floor":3},{"not_picked":["True Grit","Thunderclap"],"picked":"Twin Strike","floor":4},{"not_picked":["Cleave","Bludgeon","Intimidate"],"picked":"SKIP","floor":6},{"not_picked":["Rampage","Warcry","True Grit"],"picked":"SKIP","floor":7},{"not_picked":["Infernal Blade","True Grit"],"picked":"Juggernaut","floor":8},{"not_picked":["Warcry","Twin Strike"],"picked":"Barricade","floor":10},{"not_picked":["Second Wind","Heavy Blade","Feed"],"picked":"SKIP","floor":13},{"not_picked":["Iron Wave","Twin Strike+1"],"picked":"Whirlwind+1","floor":18},{"not_picked":["Combust","Wild Strike","Headbutt"],"picked":"SKIP","floor":20},{"not_picked":["Battle Trance","Cleave"],"picked":"Uppercut","floor":21},{"not_picked":["Whirlwind","Warcry"],"picked":"Disarm","floor":22},{"not_picked":["Wild Strike","Hemokinesis","Warcry"],"picked":"SKIP","floor":23},{"not_picked":["Clash","Offering","Clothesline"],"picked":"SKIP","floor":25},{"not_picked":["Dark Embrace","Clash"],"picked":"Shockwave","floor":28},{"not_picked":["Perfected Strike+1","Feel No Pain","Cleave+1"],"picked":"SKIP","floor":30},{"not_picked":["Warcry+1","Anger","Sword Boomerang"],"picked":"Singing Bowl","floor":31},{"not_picked":["Reaper","Fiend Fire","Feed"],"picked":"Singing Bowl","floor":33},{"not_picked":["Cleave+1","Iron Wave","Thunderclap"],"picked":"Singing Bowl","floor":35},{"not_picked":["Ghostly Armor","Flame Barrier+1","Warcry"],"picked":"Singing Bowl","floor":36},{"not_picked":["Headbutt+1","Spot Weakness","Havoc"],"picked":"Singing Bowl","floor":37},{"not_picked":["Combust","Armaments","Inflame"],"picked":"Singing Bowl","floor":39},{"not_picked":["Intimidate","Dropkick"],"picked":"Brutality","floor":40},{"not_picked":["Thunderclap","Inflame+1","Perfected Strike+1"],"picked":"Singing Bowl","floor":44},{"not_picked":["Rage","Feel No Pain","Fiend Fire","Flex"],"picked":"Singing Bowl","floor":46},{"not_picked":["Perfected Strike","Clothesline","Flex+1"],"picked":"Sentinel+1","floor":47},{"not_picked":["Heavy Blade+1","Impervious","Fire Breathing","Thunderclap"],"picked":"Singing Bowl","floor":48},{"not_picked":["Metallicize","Inflame+1","Pommel Strike"],"picked":"Shrug It Off+1","floor":54}],"player_experience":195213,"relics_obtained":[{"floor":6,"key":"Charon\u0027s Ashes"},{"floor":8,"key":"Girya"},{"floor":9,"key":"Pear"},{"floor":10,"key":"Ornamental Fan"},{"floor":23,"key":"Orichalcum"},{"floor":25,"key":"Shuriken"},{"floor":26,"key":"CeramicFish"},{"floor":31,"key":"Singing Bowl"},{"floor":36,"key":"Pocketwatch"},{"floor":40,"key":"InkBottle"},{"floor":43,"key":"Omamori"},{"floor":44,"key":"Question Card"},{"floor":46,"key":"Anchor"},{"floor":48,"key":"Gremlin Horn"},{"floor":54,"key":"Bronze Scales"}],"event_choices":[{"damage_healed":0,"gold_gain":100,"player_choice":"Pray","damage_taken":0,"max_hp_gain":0,"max_hp_loss":0,"event_name":"Golden Shrine","floor":2,"gold_loss":0},{"damage_healed":0,"gold_gain":75,"player_choice":"Gold","damage_taken":11,"max_hp_gain":0,"max_hp_loss":0,"event_name":"betterThird:BetterGoop","floor":5,"gold_loss":0},{"cards_removed":["Strike_R"],"damage_healed":0,"gold_gain":0,"player_choice":"Forget","damage_taken":0,"max_hp_gain":0,"max_hp_loss":0,"event_name":"Living Wall","floor":11,"gold_loss":0},{"damage_healed":0,"gold_gain":0,"player_choice":"Upgraded","damage_taken":0,"max_hp_gain":0,"max_hp_loss":0,"event_name":"Upgrade Shrine","floor":12,"gold_loss":0,"cards_upgraded":["True Grit"]},{"damage_healed":0,"gold_gain":0,"player_choice":"Fight","damage_taken":0,"max_hp_gain":0,"max_hp_loss":0,"event_name":"Mysterious Sphere","floor":36,"gold_loss":0},{"damage_healed":0,"gold_gain":0,"player_choice":"Paid","damage_taken":0,"relics_obtained":["Red Mask"],"max_hp_gain":0,"max_hp_loss":0,"event_name":"Tomb of Lord Red Mask","floor":42,"gold_loss":398},{"damage_healed":0,"gold_gain":0,"player_choice":"Embrace Madness","damage_taken":16,"max_hp_gain":0,"max_hp_loss":0,"event_name":"Winding Halls","floor":45,"gold_loss":0,"cards_obtained":["Madness","Madness"]}],"is_beta":false,"boss_relics":[{"not_picked":["Mark of Pain","Velvet Choker"],"picked":"Black Blood"},{"not_picked":["Busted Crown","Black Star"],"picked":"Empty Cage"}],"items_purged_floors":[14,19,27,38],"is_endless":false,"potions_floor_spawned":[3,6,13,16,18,23,25,30,31,36,39,46,47,48],"ascension_level":7}}