{"host":"sbes2ysx244eovb1","time":1612271623,"event":{"mods":["Act Like it!","Aspiration","BaseMod","BetterRewards","Colored Map","Colored Powertips","Hubris","KomeijiMod","Minty Spire (QoL Compilation)","Quick Restart","StSLib","SuperFastMode"],"gold_per_floor":[578,187,464,464,464,490,565,352,352,371,371,382,392,411,411,509,509,528,0,400,410,420,449,449,449,473,486,514,514,534,238,238,339,339,356,0,417,870,890,920,150,150,150,150,162,176,207,222,222,222,222,222,144,177,177],"floor_reached":56,"language":"ENG","playtime":3110,"items_purged":[],"score":1397,"play_id":"54b3190f-64ba-45a7-afe2-1b832822056f","local_time":"20210202201343","is_ascension_mode":false,"campfire_choices":[{"data":"Scratch","floor":15.0,"key":"SMITH"},{"data":"Strike_Remiria","floor":24,"key":"SMITH"},{"data":"Strike_Remiria","floor":32,"key":"SMITH"},{"data":"Defend_Remirira","floor":49,"key":"SMITH"},{"data":"Defend_Remirira","floor":52,"key":"SMITH"}],"circlet_count":1,"master_deck":["Strike_Remiria+1","Strike_Remiria+1","Strike_Remiria+1","Strike_Remiria+1","Defend_Remirira+1","Defend_Remirira","Defend_Remirira+1","Defend_Remirira","Absorbed+1","Scratch+1","NaturallyHealing+1","FateMeister+1","RemiliaStretch_Remiria+1","Finesse+1","Warpath+1","NaturallyHealing+1","NaturallyHealing+1","PartStrengthen+1","CombatMeter+1","FierceSweep+1","CombatMeter+1","BathedInBlood+1","BloodCleaner+1","VampirishNight+1","QueenOfMidnight+1","BloodCoagulation+1","BloodPact+1","StigmaNizer+1","DoubleEdge+1","Culling+1","FierceSweep+1","BloodCollect+1","DoubleEdge+1","MiserableFate_Remiria+1","ServantFlier+1","CruelSlaughter+1","BloodCleaner+1","Paradox+1","RitualDagger+1","BloodyMagicSquare+1","Tearing+1","StarOfDavid+1","CurseOfTheBell","BloodySuit+1","TricksterDevil+1","BathedInBlood+1","BathedInBlood+1","DoubleEdge+1","VampireClaw+1","Culling+1","HeartBreak_Remiria+1","StigmaNizer+1","ServantFlier+1","Exsanguinate+1","CurseofVladTepes+1","ThirstForBlood+1","LifeBreak+1","MillenniumVampire+1","BloodyMagicSquare+1"],"relics":["ThirstyCrossSpe","Frozen Egg 2","Molten Egg 2","Mummified Hand","Toxic Egg 2","Juzu Bracelet","hubris:BundleOfHerbs","Lantern","hubris:CrystalStatue","aspiration:HatOfInfinitePower","Circlet","Lee\u0027s Waffle","hubris:Stopwatch","hubris:MedicalManual","White Beast Statue","Sling","GoodDreamPillow","Blue Candle","Prayer Wheel","aspiration:Lifesprig","aspiration:RandomNobGenerator","aspiration:StickyExplosives_weak","Letter Opener","hubris:Towel","Pen Nib","Bottled Tornado","hubris:TenFootPole","OrangePellets","Calling Bell","aspiration:ArtOfWarUpgrade","HornCleat","Ice Cream","Red Mask","Turnip","Whetstone","Ginger","Incense Burner","hubris:EmptyBottle","Ancient Tea Set","StoneCalendar","Centennial Puzzle"],"acts_visited":["Exordium","TheCity","TheBeyond","TheEnding"],"potions_floor_usage":[23,23,33,33,37,38,45,45,48,48,55,55,55,55,55,55],"damage_taken":[{"damage":2.0,"enemies":"Small Slimes","floor":1.0,"turns":3.0},{"damage":19.0,"enemies":"Lagavulin","floor":6.0,"turns":4.0},{"damage":0.0,"enemies":"2 Louse","floor":10.0,"turns":1.0},{"damage":5.0,"enemies":"Jaw Worm","floor":12.0,"turns":2.0},{"damage":8.0,"enemies":"Looter","floor":13.0,"turns":4.0},{"damage":0.0,"enemies":"2 Fungi Beasts","floor":14.0,"turns":2.0},{"damage":42.0,"enemies":"Hexaghost","floor":16.0,"turns":6.0},{"damage":14,"enemies":"Shell Parasite","floor":18,"turns":5},{"damage":28,"enemies":"Chosen","floor":21,"turns":4},{"damage":51,"enemies":"3 Cultists","floor":22,"turns":4},{"damage":15,"enemies":"Gremlin Leader","floor":23,"turns":3},{"damage":8,"enemies":"Cultist and Chosen","floor":27,"turns":3},{"damage":30,"enemies":"Book of Stabbing","floor":28,"turns":3},{"damage":36,"enemies":"Centurion and Healer","floor":30,"turns":4},{"damage":30,"enemies":"hubris:MusketHawk","floor":33,"turns":5},{"damage":16,"enemies":"3 Shapes","floor":35,"turns":4},{"damage":6,"enemies":"3 Darklings","floor":37,"turns":3},{"damage":47,"enemies":"2 Orb Walkers","floor":38,"turns":4},{"damage":8,"enemies":"Sphere and 2 Shapes","floor":39,"turns":3},{"damage":9,"enemies":"Reptomancer","floor":40,"turns":4},{"damage":0,"enemies":"Maw","floor":45,"turns":4},{"damage":9,"enemies":"3 Darklings","floor":46,"turns":5},{"damage":5,"enemies":"Giant Head","floor":47,"turns":3},{"damage":11,"enemies":"Writhing Mass","floor":48,"turns":3},{"damage":20,"enemies":"Donu and Deca","floor":50,"turns":7},{"damage":10,"enemies":"Shield and Spear","floor":54,"turns":5},{"damage":14,"enemies":"The Heart","floor":55,"turns":6}],"seed_played":"4128448592595928457","potions_obtained":[{"floor":6.0,"key":"LiquidBronze"},{"floor":10.0,"key":"SkillPotion"},{"floor":12.0,"key":"Regen Potion"},{"floor":13.0,"key":"LiquidMemories"},{"floor":14.0,"key":"PowerPotion"},{"floor":16.0,"key":"Swift Potion"},{"floor":21,"key":"SteroidPotion"},{"floor":22,"key":"RedTea"},{"floor":27,"key":"LiquidMemories"},{"floor":28,"key":"Strength Potion"},{"floor":33,"key":"Weak Potion"},{"floor":35,"key":"AttackPotion"},{"floor":37,"key":"CalmPotion"},{"floor":38,"key":"PowerPotion"},{"floor":39,"key":"Strength Potion"},{"floor":47,"key":"Weak Potion"}],"is_trial":false,"path_per_floor":["M","$","?","?","T","E","?","$","T","M","?","M","M","M","R","B",null,"M","?","?","M","M","E","R","?","T","M","E","?","M","$","R","B",null,"M","?","M","?","M","E","$","R","T","R","M","M","E","M","R","B",null,"R","$","E","B",null],"character_chosen":"RemiriaScarlet","items_purchased":["Lantern","hubris:CrystalStatue","NaturallyHealing+1","HollowMod:StagPassRelic","FateMeister+1","Lee\u0027s Waffle","RemiliaStretch_Remiria+1","hubris:MedicalManual","White Beast Statue","Sling","NaturallyHealing+1","aspiration:Lifesprig","PartStrengthen+1","hubris:TenFootPole","OrangePellets","Ginger","Incense Burner","hubris:EmptyBottle","DuplicationPotion"],"campfire_rested":0,"item_purchase_floors":[0,0,0,0,0,0,0,2,2,2,2,8,8,31,31,41,41,41,53],"current_hp_per_floor":[105,105,105,105,105,107,96,96,96,96,96,91,95,95,95,107,107,103,103,103,106,86,107,107,107,107,99,107,101,107,107,107,99,107,107,107,101,107,99,90,90,90,90,90,90,106,101,90,90,107,107,107,107,105,99],"gold":177,"neow_bonus":"","is_daily":false,"chose_seed":false,"campfire_upgraded":5,"win_rate":0.0,"timestamp":1612271623,"path_taken":["M","$","?","?","?","E","?","?","T","M","?","M","M","M","R","BOSS","M","?","?","M","M","E","R","?","T","M","E","?","M","$","R","BOSS","M","?","M","?","M","E","$","R","T","R","M","M","E","M","R","BOSS","R","$","E","BOSS"],"items_purchased_type":["Relic","Relic","Card","Undefined","Card","Relic","Card","Relic","Relic","Relic","Card","Relic","Card","Relic","Relic","Relic","Relic","Relic","Potion"],"build_version":"2020-12-22","purchased_purges":0,"victory":true,"max_hp_per_floor":[107,107,107,107,107,107,107,107,107,107,107,107,107,107,107,107,107,107,107,107,107,107,107,107,107,107,107,107,107,107,107,107,107,107,107,107,107,107,107,107,107,107,107,107,107,107,107,107,107,107,107,107,107,107,107],"card_choices":[{"not_picked":["DemonsDinnerFork_Remiria+1","BloodSurge+1"],"picked":"Warpath+1","floor":1.0},{"not_picked":["Feint+1","StigmaNizer+1"],"picked":"NaturallyHealing+1","floor":6.0},{"not_picked":["Feint+1","TricksterDevil+1"],"picked":"CombatMeter+1","floor":10.0},{"not_picked":["BodyStrengthen+1","BloodCleaner+1"],"picked":"FierceSweep+1","floor":10.0},{"not_picked":["Feint+1","FierceSweep+1"],"picked":"CombatMeter+1","floor":12.0},{"not_picked":["BloodySuit+1","NaturallyHealing+1"],"picked":"BathedInBlood+1","floor":12.0},{"not_picked":["ScarletNetherworld+1","FierceSweep+1"],"picked":"BloodCleaner+1","floor":13.0},{"not_picked":["FateCollect+1","DoubleEdge+1","Culling+1"],"picked":"SKIP","floor":13.0},{"not_picked":["RocketKickup+1","BloodySuit+1"],"picked":"VampirishNight+1","floor":14.0},{"not_picked":["Cripple+1","FastHealing+1"],"picked":"QueenOfMidnight+1","floor":14.0},{"not_picked":["Coercion+1","Septette+1"],"picked":"BloodCoagulation+1","floor":16.0},{"not_picked":["SeparateFleshBlood+1","DamonLordCradle_Remiria+1"],"picked":"BloodPact+1","floor":18},{"not_picked":["BloodCleaner+1","FastHealing+1"],"picked":"StigmaNizer+1","floor":18},{"not_picked":["VampirishNight+1","DemonsDinnerFork_Remiria+1"],"picked":"DoubleEdge+1","floor":19},{"not_picked":["VampirishNight+1","ServantFlier+1"],"picked":"Culling+1","floor":19},{"not_picked":["BloodySuit+1","DemonsDinnerFork_Remiria+1"],"picked":"FierceSweep+1","floor":21},{"not_picked":["TricksterDevil+1","DemonLordWalk+1"],"picked":"BloodCollect+1","floor":21},{"not_picked":["BodyStrengthen+1","DemonLordWalk+1"],"picked":"DoubleEdge+1","floor":22},{"not_picked":["BloodCollect+1","DamonLordCradle_Remiria+1"],"picked":"MiserableFate_Remiria+1","floor":22},{"not_picked":["BloodCleaner+1","DemonsDinnerFork_Remiria+1"],"picked":"ServantFlier+1","floor":23},{"not_picked":["Cripple+1","TricksterDevil+1"],"picked":"CruelSlaughter+1","floor":27},{"not_picked":["FateConcerto+1","BodyStrengthen+1"],"picked":"BloodCleaner+1","floor":27},{"not_picked":["VampirishNight+1","CruelSlaughter+1"],"picked":"Paradox+1","floor":28},{"not_picked":["Feint+1","BloodCleaner+1"],"picked":"BloodyMagicSquare+1","floor":30},{"not_picked":["CruelSlaughter+1","FateConcerto+1"],"picked":"Tearing+1","floor":30},{"not_picked":["FateConcerto+1","RedtheNightlessCastle+1"],"picked":"StarOfDavid+1","floor":33},{"not_picked":["Rewrite+1","DemonsDinnerFork_Remiria+1"],"picked":"BloodySuit+1","floor":35},{"not_picked":["SealingFear+1","Warpath+1"],"picked":"TricksterDevil+1","floor":35},{"not_picked":["FierceSweep+1","BloodPact+1"],"picked":"BathedInBlood+1","floor":37},{"not_picked":["DamonLordCradle_Remiria+1","BodyStrengthen+1"],"picked":"BathedInBlood+1","floor":37},{"not_picked":["BloodySuit+1","Coercion+1"],"picked":"DoubleEdge+1","floor":38},{"not_picked":["NaturallyHealing+1","RocketKickup+1"],"picked":"VampireClaw+1","floor":39},{"not_picked":["DemonsDinnerFork_Remiria+1","VampirishNight+1"],"picked":"Culling+1","floor":39},{"not_picked":["StigmaNizer+1","BathedInBlood+1"],"picked":"HeartBreak_Remiria+1","floor":40},{"not_picked":["BloodPact+1","BathedInBlood+1"],"picked":"StigmaNizer+1","floor":45},{"not_picked":["BloodySuit+1","TricksterDevil+1"],"picked":"ServantFlier+1","floor":45},{"not_picked":["CruelSlaughter+1","Warpath+1"],"picked":"Exsanguinate+1","floor":46},{"not_picked":["Impregnable+1","Cripple+1"],"picked":"CurseofVladTepes+1","floor":46},{"not_picked":["BloodSurge+1","ThePrice+1"],"picked":"ThirstForBlood+1","floor":47},{"not_picked":["RocketKickup+1","Feint+1"],"picked":"LifeBreak+1","floor":48},{"not_picked":["ServantFlier+1","BloodCleaner+1"],"picked":"MillenniumVampire+1","floor":48},{"not_picked":["MillenniumVampire+1","Feint+1"],"picked":"BloodyMagicSquare+1","floor":54}],"player_experience":208741,"relics_obtained":[{"floor":5.0,"key":"Blue Candle"},{"floor":6.0,"key":"Prayer Wheel"},{"floor":19,"key":"aspiration:StickyExplosives_weak"},{"floor":23,"key":"Letter Opener"},{"floor":26,"key":"Pen Nib"},{"floor":28,"key":"Bottled Tornado"},{"floor":34,"key":"Art of War"},{"floor":34,"key":"HornCleat"},{"floor":34,"key":"Ice Cream"},{"floor":38,"key":"Turnip"},{"floor":40,"key":"Whetstone"},{"floor":43,"key":"Ancient Tea Set"},{"floor":47,"key":"StoneCalendar"},{"floor":54,"key":"Centennial Puzzle"}],"event_choices":[{"damage_healed":0.0,"max_hp_gain":0.0,"max_hp_loss":0.0,"gold_gain":75.0,"event_name":"World of Goop","player_choice":"Gather Gold","floor":7.0,"gold_loss":0.0,"damage_taken":11.0},{"damage_healed":0.0,"max_hp_gain":0.0,"max_hp_loss":0.0,"gold_gain":0.0,"event_name":"Living Wall","player_choice":"Grow","floor":11.0,"gold_loss":0.0,"damage_taken":0.0,"cards_upgraded":["Absorbed"]},{"damage_healed":0,"gold_gain":0,"player_choice":"Ignored","damage_taken":0,"max_hp_gain":0,"max_hp_loss":0,"event_name":"Ghosts","floor":20,"gold_loss":0},{"damage_healed":0,"gold_gain":0,"player_choice":"Joined the Cult","damage_taken":6,"max_hp_gain":0,"max_hp_loss":0,"event_name":"Nest","floor":29,"gold_loss":0,"cards_obtained":["RitualDagger"]},{"damage_healed":0,"gold_gain":0,"player_choice":"Paid","damage_taken":0,"relics_obtained":["Red Mask"],"max_hp_gain":0,"max_hp_loss":0,"event_name":"Tomb of Lord Red Mask","floor":36,"gold_loss":356},{"damage_healed":0,"gold_gain":0,"player_choice":"Fight","damage_taken":0,"max_hp_gain":0,"max_hp_loss":0,"event_name":"Mysterious Sphere","floor":38,"gold_loss":0}],"is_beta":false,"boss_relics":[{"not_picked":["Empty Cage","hubris:GrandSneckoEye"],"picked":"aspiration:RandomNobGenerator"},{"not_picked":["aspiration:IroncladSkillbook","Runic Dome"],"picked":"Calling Bell"}],"items_purged_floors":[],"is_endless":false,"potions_floor_spawned":[6,10,12,13,14,16,18,21,22,23,27,28,30,33,35,37,38,39,40,45,46,47,48,54],"ascension_level":0}}