{"host":"52m1o8iwwagurbjs","time":1612229758,"event":{"mods":["AchievementEnabler","BaseMod","Bestiary","Colored Powertips","GifTheSpireLib","Minty Spire (QoL Compilation)","Quick Restart","RNG Fix","Relic Stats","StSLib"],"gold_per_floor":[359,359,15,28,43,43,63,97,120,155,172,15,79,97,97,192,192,203,302,302,320,196,196,196],"floor_reached":23,"language":"ENG","playtime":896,"items_purged":["Strike_B"],"score":211,"play_id":"0023cfd2-6515-4835-a04d-b61c1c23b8e6","local_time":"20210201203558","is_ascension_mode":true,"campfire_choices":[{"data":"Coolheaded","floor":6.0,"key":"SMITH"},{"floor":15.0,"key":"REST"}],"circlet_count":0,"master_deck":["Strike_B","Strike_B","Strike_B","Defend_B","Defend_B","Defend_B","Defend_B","Zap","Dualcast","Sweeping Beam","Loop+1","Conserve Battery","Coolheaded+1","Glacier","Hologram","Streamline","Compile Driver","White Noise","Capacitor+1","Ball Lightning","Electrodynamics+1","Fission","Coolheaded","Reinforced Body+1","Turbo"],"relics":["Cracked Core","Frozen Egg 2","Regal Pillow","Boot","Symbiotic Virus","Fusion Hammer"],"acts_visited":["TheCity"],"potions_floor_usage":[],"damage_taken":[{"damage":3.0,"enemies":"2 Louse","floor":1.0,"turns":3.0},{"damage":6.0,"enemies":"Cultist","floor":4.0,"turns":3.0},{"damage":0.0,"enemies":"Small Slimes","floor":5.0,"turns":3.0},{"damage":5.0,"enemies":"Exordium Wildlife","floor":7.0,"turns":7.0},{"damage":9.0,"enemies":"3 Sentries","floor":8.0,"turns":11.0},{"damage":10.0,"enemies":"Lagavulin","floor":10.0,"turns":8.0},{"damage":13.0,"enemies":"Lots of Slimes","floor":11.0,"turns":2.0},{"damage":0.0,"enemies":"Exordium Thugs","floor":14.0,"turns":3.0},{"damage":33.0,"enemies":"The Guardian","floor":16.0,"turns":10.0},{"damage":24.0,"enemies":"3 Byrds","floor":18.0,"turns":3.0},{"damage":19.0,"enemies":"2 Thieves","floor":21.0,"turns":3.0},{"damage":34,"enemies":"Book of Stabbing","floor":23,"turns":7}],"seed_played":"-1425381574331719428","potions_obtained":[{"floor":5.0,"key":"PotionOfCapacity"},{"floor":10.0,"key":"Weak Potion"},{"floor":14.0,"key":"BlessingOfTheForge"},{"floor":16.0,"key":"Dexterity Potion"}],"is_trial":false,"path_per_floor":["M","?","$","M","M","R","M","E","T","E","M","$","?","M","R","B",null,"M","?","?","M","$","E"],"character_chosen":"DEFECT","items_purchased":["Frozen Egg 2","Loop+1","Conserve Battery","Capacitor+1","Ball Lightning","ColorlessPotion","Turbo"],"campfire_rested":1,"item_purchase_floors":[3,3,3,12,12,12,22],"current_hp_per_floor":[51,51,51,45,45,45,40,31,31,21,8,8,8,8,45,12,75,51,51,51,32,32,0,0],"gold":196,"neow_bonus":"TWO_FIFTY_GOLD","is_daily":false,"chose_seed":false,"campfire_upgraded":1,"win_rate":0.0,"timestamp":1612229758,"path_taken":["M","?","$","M","M","R","M","E","T","E","M","$","?","M","R","BOSS","M","?","?","M","$","E"],"items_purchased_type":["Relic","Card","Card","Card","Card","Potion","Card"],"build_version":"2020-12-22","purchased_purges":1,"victory":false,"max_hp_per_floor":[75,75,75,75,75,75,75,75,75,75,75,75,75,75,75,75,75,75,75,75,75,75,75,75],"relic_stats":{"Regal Pillow":15,"counters":[12,63],"Boot":[13],"obtain_stats":[{"Regal Pillow":8,"Fusion Hammer":17,"Frozen Egg 2":3,"Cracked Core":0,"Boot":9,"Symbiotic Virus":10},{"Regal Pillow":5,"Fusion Hammer":9,"Frozen Egg 2":1,"Cracked Core":0,"Boot":5,"Symbiotic Virus":6},{"Regal Pillow":27,"Fusion Hammer":50,"Frozen Egg 2":3,"Cracked Core":0,"Boot":27,"Symbiotic Virus":35}]},"card_choices":[{"not_picked":["Barrage","Stack"],"picked":"Sweeping Beam","floor":1.0},{"not_picked":["Gash","Storm+1"],"picked":"Coolheaded","floor":4.0},{"not_picked":["Undo","Doom and Gloom"],"picked":"Glacier","floor":5.0},{"not_picked":["Go for the Eyes","Conserve Battery"],"picked":"Hologram","floor":7.0},{"not_picked":["Stack","Reprogram"],"picked":"Streamline","floor":8.0},{"not_picked":["Barrage","Leap"],"picked":"Compile Driver","floor":10.0},{"not_picked":["Lockon","Leap"],"picked":"White Noise","floor":11.0},{"not_picked":["Redo","Static Discharge+1"],"picked":"Electrodynamics+1","floor":14.0},{"not_picked":["Thunder Strike","Machine Learning+1"],"picked":"Fission","floor":16.0},{"not_picked":["Cold Snap","Ball Lightning"],"picked":"Coolheaded","floor":18.0},{"not_picked":["Auto Shields","Cold Snap"],"picked":"Reinforced Body+1","floor":21.0}],"player_experience":1277124,"relics_obtained":[{"floor":8.0,"key":"Regal Pillow"},{"floor":9.0,"key":"Boot"},{"floor":10.0,"key":"Symbiotic Virus"}],"event_choices":[{"damage_healed":0.0,"max_hp_gain":0.0,"max_hp_loss":0.0,"gold_gain":0.0,"event_name":"NoteForYourself","player_choice":"Ignored","floor":2.0,"gold_loss":0.0,"damage_taken":0.0},{"damage_healed":0.0,"max_hp_gain":0.0,"max_hp_loss":0.0,"gold_gain":64.0,"event_name":"Golden Wing","player_choice":"Gained Gold","floor":13.0,"gold_loss":0.0,"damage_taken":0.0},{"damage_healed":0.0,"max_hp_gain":0.0,"max_hp_loss":0.0,"gold_gain":99.0,"event_name":"Nest","player_choice":"Stole From Cult","floor":19.0,"gold_loss":0.0,"damage_taken":0.0},{"damage_healed":0.0,"max_hp_gain":0.0,"max_hp_loss":0.0,"gold_gain":0.0,"event_name":"Cursed Tome","player_choice":"Ignored","floor":20.0,"gold_loss":0.0,"damage_taken":0.0}],"is_beta":false,"boss_relics":[{"not_picked":["Calling Bell","SlaversCollar"],"picked":"Fusion Hammer"}],"items_purged_floors":[22],"is_endless":false,"potions_floor_spawned":[5,10,14,16],"killed_by":"Book of Stabbing","ascension_level":1}}