{"host":"w97dq1whmpm6b2tc","time":1612264808,"event":{"mods":["BaseMod","Challenge The Spire","Downfall","Minty Spire (QoL Compilation)","Replay The Spire","StSLib"],"gold_per_floor":[869,411,525,641,758,758,488,234,348,468,583,583,583,583,693,806,922,1037],"floor_reached":19,"language":"ENG","playtime":2972,"items_purged":["Slimebound:Defend_Slimebound","Slimebound:Strike_Slimebound","Slimebound:Tackle","Slimebound:Defend_Slimebound"],"score":3590,"play_id":"80c31ac8-1002-42d8-981a-3c6fdfcdc7e3","local_time":"20210202132008","daily_mods":["challengethespire:Bronze Difficulty","challengethespire:Modded Boss Rush","Uncertain Future"],"is_ascension_mode":false,"campfire_choices":[{"data":"Slimebound:CorrosiveSpit","floor":13.0,"key":"SMITH"},{"data":"Slimebound:Split","floor":14.0,"key":"SMITH"}],"circlet_count":0,"master_deck":["Slimebound:Strike_Slimebound+1","Slimebound:Strike_Slimebound+1","Slimebound:Defend_Slimebound","Slimebound:Defend_Slimebound","Slimebound:Split+1","Slimebound:CorrosiveSpit+1","Slimebound:LeechEnergy+1","Slimebound:Nibble+1","Slimebound:SplitMire+1","Slimebound:DouseInSlime+1","Slimebound:Gluttony+1","Slimebound:LeechingTouch+1","Slimebound:Nibble+1","Slimebound:Replication+1","Slimebound:LeechEnergy+1","Slimebound:SpikyOuterGoop+1","Slimebound:MegaLick+1","Slimebound:SamplingLick+1","Bandage Up+1","Sadistic Nature+1","Slimebound:HauntingLick+1","Slimebound:SamplingLick+1","Slimebound:Dissolve+1","Slimebound:HauntingLick+1","Slimebound:HauntingLick+1","Slimebound:SamplingLick+1","Slimebound:Recycling+1"],"relics":["Slimebound:AbsorbEndCombat","The Courier","Molten Egg 2","Toxic Egg 2","Frozen Egg 2","Happy Flower","Replay:Rubber Ducky","Gremlin Food","Nunchaku","Painkiller Herb","Slimebound:StickyStick","Slimebound:PotencyRelic","Bottled Tornado","Pantograph","ReplayFunnel","ReplayTheSpireMod:Ninjato","Pondfish Scales","Whetstone"],"acts_visited":["Exordium"],"potions_floor_usage":[17,18,18,18],"damage_taken":[{"damage":18.0,"enemies":"Fading Forest","floor":3.0,"turns":11.0},{"damage":0.0,"enemies":"Slime Boss","floor":4.0,"turns":8.0},{"damage":42.0,"enemies":"Hexaghost","floor":5.0,"turns":7.0},{"damage":0.0,"enemies":"Champ","floor":9.0,"turns":5.0},{"damage":0.0,"enemies":"Collector","floor":10.0,"turns":4.0},{"damage":24.0,"enemies":"Pondfish","floor":11.0,"turns":8.0},{"damage":29.0,"enemies":"Awakened One","floor":15.0,"turns":6.0},{"damage":17.0,"enemies":"Replay:Hell Engine","floor":16.0,"turns":4.0},{"damage":29,"enemies":"Time Eater","floor":17,"turns":4},{"damage":20,"enemies":"The Heart","floor":18,"turns":4}],"seed_played":"-3641488633173080068","potions_obtained":[{"floor":3.0,"key":"FairyPotion"},{"floor":9.0,"key":"FairyPotion"},{"floor":10.0,"key":"hexamod:SoulburnPotion"},{"floor":15.0,"key":"EntropicBrew"},{"floor":16,"key":"Slimebound:SlimedPotion"},{"floor":17,"key":"LifebloodPotion"}],"is_trial":true,"path_per_floor":["$","$","M","M","M","T","T","T","?","?","?","T","T","T","?","?","?","?",null],"character_chosen":"SLIMEBOUND","items_purchased":["Slimebound:LeechEnergy+1","Slimebound:Nibble+1","Slimebound:SplitMire+1","Slimebound:DouseInSlime+1","Slimebound:Gluttony+1","Slimebound:LeechingTouch+1","Slimebound:Nibble+1","Happy Flower","Slimebound:MegaLick+1","Slimebound:SamplingLick+1","Bandage Up+1","Sadistic Nature+1"],"campfire_rested":0,"item_purchase_floors":[1,1,2,2,2,2,2,2,7,7,7,8],"current_hp_per_floor":[65,65,47,55,21,21,21,21,35,49,39,39,39,39,41,62,42,45],"gold":1037,"neow_bonus":"","is_daily":false,"chose_seed":false,"campfire_upgraded":2,"win_rate":0.0,"timestamp":1612264808,"path_taken":["$","$","M","M","M","T","T","T","?","?","?","T","T","T","?","?","?","?"],"items_purchased_type":["Card","Card","Card","Card","Card","Card","Card","Relic","Card","Card","Card","Card"],"build_version":"2020-12-22","purchased_purges":4,"victory":true,"max_hp_per_floor":[65,65,65,65,65,65,65,65,65,65,65,65,65,65,65,65,65,65],"card_choices":[],"player_experience":3740691,"relics_obtained":[{"floor":3.0,"key":"Replay:Rubber Ducky"},{"floor":4.0,"key":"Gremlin Food"},{"floor":5.0,"key":"Nunchaku"},{"floor":9.0,"key":"Slimebound:StickyStick"},{"floor":10.0,"key":"Slimebound:PotencyRelic"},{"floor":11.0,"key":"Bottled Tornado"},{"floor":15.0,"key":"ReplayFunnel"},{"floor":16,"key":"ReplayTheSpireMod:Ninjato"},{"floor":17,"key":"Pondfish Scales"},{"floor":18,"key":"Whetstone"}],"event_choices":[],"is_beta":false,"boss_relics":[{"not_picked":["Velvet Choker","Snecko Eye"],"picked":"Painkiller Herb"},{"not_picked":["Kintsugi","Replay:Bronze Core"],"picked":"Pantograph"}],"items_purged_floors":[1,2,7,8],"is_endless":false,"potions_floor_spawned":[3,9,10,15,16,17],"ascension_level":0}}