{"host":"9l1knhxfturzliqa","time":1612237301,"event":{"mods":["BaseMod","Colored Map","Colored Powertips","DeckTracker","Highlight Path","Keyboard Shortcuts","Minty Spire (QoL Compilation)","Random Character Button"],"gold_per_floor":[115,129,139,139,214,214,225,225,249,259,259,276,316,11,11,111,111,138,150,150,163,163,175,274,274,274,296,315,326,356,356,356,456,456,470,470,489,515,534,567,567,585,634,650,550,550,563,82,82,82],"floor_reached":51,"language":"KOR","playtime":4092,"items_purged":["Strike_P","Defend_P","Strike_P"],"score":1086,"play_id":"ccd915dd-8a32-4037-b2c9-467723a186f9","local_time":"20210202124141","is_ascension_mode":true,"campfire_choices":[{"data":"Eruption","floor":6.0,"key":"SMITH"},{"data":"Adaptation","floor":11.0,"key":"SMITH"},{"data":"Secret Technique","floor":15.0,"key":"SMITH"},{"data":"TalkToTheHand","floor":25.0,"key":"SMITH"},{"floor":32.0,"key":"REST"},{"data":"Ragnarok","floor":41,"key":"SMITH"},{"data":"InnerPeace","floor":46,"key":"SMITH"},{"data":"Tantrum","floor":49,"key":"SMITH"}],"circlet_count":0,"master_deck":["Defend_P","Eruption+1","Vigilance","CrushJoints","Halt","EmptyFist","Adaptation+1","Tantrum+1","TalkToTheHand+1","Secret Technique+1","InnerPeace+1","Ragnarok+1","ClearTheMind+1","FearNoEvil+1"],"relics":["HolyWater","CeramicFish","Blood Vial","Enchiridion","Matryoshka","Pocketwatch","Empty Cage","Mummified Hand","Pear","Toy Ornithopter","Thread and Needle"],"acts_visited":["Exordium","TheCity","TheBeyond"],"potions_floor_usage":[50],"damage_taken":[{"damage":3.0,"enemies":"2 Louse","floor":1.0,"turns":4.0},{"damage":0.0,"enemies":"Small Slimes","floor":2.0,"turns":2.0},{"damage":1.0,"enemies":"Jaw Worm","floor":3.0,"turns":2.0},{"damage":2.0,"enemies":"Exordium Wildlife","floor":7.0,"turns":3.0},{"damage":5.0,"enemies":"Blue Slaver","floor":10.0,"turns":2.0},{"damage":0.0,"enemies":"2 Fungi Beasts","floor":12.0,"turns":3.0},{"damage":22.0,"enemies":"Lagavulin","floor":13.0,"turns":6.0},{"damage":16.0,"enemies":"Hexaghost","floor":16.0,"turns":9.0},{"damage":0.0,"enemies":"Spheric Guardian","floor":18.0,"turns":3.0},{"damage":0.0,"enemies":"3 Byrds","floor":19.0,"turns":4.0},{"damage":12.0,"enemies":"Snecko","floor":21.0,"turns":6.0},{"damage":1.0,"enemies":"Centurion and Healer","floor":23.0,"turns":5.0},{"damage":4.0,"enemies":"Snake Plant","floor":27.0,"turns":2.0},{"damage":0.0,"enemies":"Snecko","floor":28.0,"turns":2.0},{"damage":0.0,"enemies":"Cultist and Chosen","floor":29.0,"turns":3.0},{"damage":19.0,"enemies":"Gremlin Leader","floor":30.0,"turns":5.0},{"damage":36.0,"enemies":"Collector","floor":33.0,"turns":9.0},{"damage":0.0,"enemies":"Orb Walker","floor":35.0,"turns":2.0},{"damage":0.0,"enemies":"3 Darklings","floor":37.0,"turns":2.0},{"damage":4.0,"enemies":"Spire Growth","floor":38.0,"turns":4.0},{"damage":18.0,"enemies":"4 Shapes","floor":39.0,"turns":4.0},{"damage":5,"enemies":"Giant Head","floor":40,"turns":5},{"damage":0,"enemies":"3 Darklings","floor":42,"turns":3},{"damage":0,"enemies":"Maw","floor":44,"turns":5},{"damage":5,"enemies":"Sphere and 2 Shapes","floor":47,"turns":2},{"damage":0,"enemies":"Donu and Deca","floor":50,"turns":3}],"seed_played":"-2900749345174258472","potions_obtained":[{"floor":3.0,"key":"FearPotion"},{"floor":7.0,"key":"Strength Potion"},{"floor":12.0,"key":"Fruit Juice"},{"floor":21.0,"key":"PowerPotion"},{"floor":27.0,"key":"SteroidPotion"},{"floor":30.0,"key":"Energy Potion"},{"floor":33.0,"key":"Swift Potion"},{"floor":35.0,"key":"BlessingOfTheForge"},{"floor":39.0,"key":"ColorlessPotion"},{"floor":44,"key":"SpeedPotion"}],"is_trial":false,"path_per_floor":["M","M","M","?","?","R","M","?","T","M","R","M","E","$","R","B",null,"M","M","?","M","?","M","?","R","T","M","M","M","E","?","R","B",null,"M","?","M","M","M","E","R","M","T","M","$","R","M","$","R","B",null],"character_chosen":"WATCHER","items_purchased":["TalkToTheHand","Secret Technique","Thread and Needle","Dexterity Potion"],"campfire_rested":1,"item_purchase_floors":[14,14,48,48],"current_hp_per_floor":[44,44,43,43,32,32,30,54,54,49,49,54,32,32,32,18,62,64,66,50,40,40,41,41,41,41,39,41,43,26,26,49,15,62,64,64,66,64,48,45,45,47,57,59,59,59,56,56,56,63],"gold":82,"neow_bonus":"REMOVE_TWO","is_daily":false,"chose_seed":false,"campfire_upgraded":7,"win_rate":0.0,"timestamp":1612237301,"path_taken":["M","M","M","?","?","R","M","?","T","M","R","M","E","$","R","BOSS","M","M","?","M","?","M","?","R","T","M","M","?","E","?","R","BOSS","M","?","M","M","M","E","R","M","T","M","$","R","M","$","R","BOSS"],"items_purchased_type":["Card","Card","Relic","Potion"],"build_version":"2020-12-22","purchased_purges":3,"victory":true,"max_hp_per_floor":[72,72,72,72,72,72,72,72,72,72,72,77,77,77,77,77,77,77,77,77,77,77,77,77,77,77,77,77,77,77,77,77,77,77,77,73,73,73,73,73,73,73,83,83,83,83,83,83,83,83],"card_choices":[{"not_picked":["FlurryOfBlows","SandsOfTime"],"picked":"CrushJoints","floor":1.0},{"not_picked":["FollowUp","PathToVictory"],"picked":"Halt","floor":2.0},{"not_picked":["CrushJoints","Halt"],"picked":"EmptyFist","floor":3.0},{"not_picked":["Meditate","Protect"],"picked":"Adaptation","floor":7.0},{"not_picked":["JustLucky","FlurryOfBlows","Crescendo"],"picked":"SKIP","floor":10.0},{"not_picked":["CrushJoints","Indignation","Consecrate"],"picked":"SKIP","floor":12.0},{"not_picked":["CutThroughFate","EmptyFist"],"picked":"Tantrum","floor":13.0},{"not_picked":["CarveReality+1","Nirvana"],"picked":"InnerPeace","floor":18.0},{"not_picked":["Sanctity","FollowUp","CutThroughFate"],"picked":"SKIP","floor":19.0},{"not_picked":["SignatureMove","Prostrate","Adaptation"],"picked":"SKIP","floor":21.0},{"not_picked":["Halt","Consecrate","Evaluate"],"picked":"SKIP","floor":23.0},{"not_picked":["ClearTheMind","EmptyBody+1"],"picked":"Ragnarok","floor":27.0},{"not_picked":["Evaluate+1","Swivel+1","Pray+1"],"picked":"SKIP","floor":28.0},{"not_picked":["PathToVictory+1","EmptyMind","Consecrate+1"],"picked":"SKIP","floor":29.0},{"not_picked":["TalkToTheHand+1","Study+1","EmptyBody"],"picked":"SKIP","floor":30.0},{"not_picked":["JustLucky","Protect+1","Prostrate+1"],"picked":"SKIP","floor":35.0},{"not_picked":["Tantrum+1","BowlingBash+1"],"picked":"ClearTheMind+1","floor":37.0},{"not_picked":["FlyingSleeves","Fasting2"],"picked":"FearNoEvil+1","floor":38.0},{"not_picked":["Crescendo+1","EmptyFist+1","ReachHeaven+1"],"picked":"SKIP","floor":39.0},{"not_picked":["Pray","Establishment","Crescendo+1"],"picked":"SKIP","floor":40},{"not_picked":["ReachHeaven","Fasting2+1","FollowUp"],"picked":"SKIP","floor":42},{"not_picked":["WheelKick","ClearTheMind+1","Prostrate+1"],"picked":"SKIP","floor":44},{"not_picked":["Protect+1","ThirdEye","ClearTheMind"],"picked":"SKIP","floor":47}],"player_experience":569336,"relics_obtained":[{"floor":9.0,"key":"CeramicFish"},{"floor":13.0,"key":"Blood Vial"},{"floor":20.0,"key":"Enchiridion"},{"floor":26.0,"key":"Matryoshka"},{"floor":30.0,"key":"Pocketwatch"},{"floor":40,"key":"Mummified Hand"},{"floor":43,"key":"Pear"},{"floor":43,"key":"Toy Ornithopter"}],"event_choices":[{"damage_healed":0.0,"max_hp_gain":0.0,"max_hp_loss":0.0,"gold_gain":0.0,"event_name":"Liars Game","player_choice":"Ignored","floor":4.0,"gold_loss":0.0,"damage_taken":0.0},{"damage_healed":0.0,"max_hp_gain":0.0,"max_hp_loss":0.0,"gold_gain":75.0,"event_name":"World of Goop","player_choice":"Gather Gold","floor":5.0,"gold_loss":0.0,"damage_taken":11.0},{"damage_healed":24.0,"max_hp_gain":0.0,"max_hp_loss":0.0,"gold_gain":0.0,"event_name":"Big Fish","player_choice":"Banana","floor":8.0,"gold_loss":0.0,"damage_taken":0.0},{"damage_healed":0.0,"max_hp_gain":0.0,"max_hp_loss":0.0,"gold_gain":0.0,"event_name":"Cursed Tome","player_choice":"Obtained Book","floor":20.0,"gold_loss":0.0,"damage_taken":16.0},{"damage_healed":0.0,"max_hp_gain":0.0,"max_hp_loss":0.0,"gold_gain":0.0,"event_name":"Vampires","player_choice":"Ignored","floor":22.0,"gold_loss":0.0,"damage_taken":0.0},{"damage_healed":0.0,"max_hp_gain":0.0,"max_hp_loss":0.0,"gold_gain":99.0,"event_name":"Nest","player_choice":"Stole From Cult","floor":24.0,"gold_loss":0.0,"damage_taken":0.0},{"damage_healed":0.0,"max_hp_gain":0.0,"max_hp_loss":0.0,"gold_gain":0.0,"event_name":"Ghosts","player_choice":"Ignored","floor":31.0,"gold_loss":0.0,"damage_taken":0.0},{"damage_healed":0.0,"max_hp_gain":0.0,"max_hp_loss":4.0,"gold_gain":0.0,"event_name":"Winding Halls","player_choice":"Max HP","floor":36.0,"gold_loss":0.0,"damage_taken":0.0}],"is_beta":false,"boss_relics":[{"not_picked":["Ectoplasm","Tiny House"],"picked":"HolyWater"},{"not_picked":["Black Star","Cursed Key"],"picked":"Empty Cage"}],"items_purged_floors":[14,45,48],"is_endless":false,"potions_floor_spawned":[3,7,12,21,23,27,30,33,35,39,44],"ascension_level":7}}