{"host":"njcl8kinlkfw245p","time":1612286074,"event":{"mods":["BaseMod","Block Reminder","Colored Map","Googly Eyes","KinomotoSakuraMod(????)","Minty Spire (QoL Compilation)","StSLib","The Senshi","Unceasing Turn Reminder","everything is the same but u backflip on backflip"],"gold_per_floor":[117,267,286,75,150,176,176,208,208,208,232,252,252,275,275,369,369,382,345,345,345,345,345,17,17,17],"floor_reached":25,"language":"ENG","playtime":1515,"items_purged":["Doubt"],"score":387,"play_id":"d64ceb33-d908-4ea1-a5ca-4238e25776ae","local_time":"20210202091434","is_ascension_mode":true,"campfire_choices":[{"floor":7.0,"key":"REST"},{"floor":13.0,"key":"REST"},{"floor":15.0,"key":"RECALL"},{"floor":23.0,"key":"REST"}],"circlet_count":0,"master_deck":["AscendersBane","theSenshi:SailorKick+1","theSenshi:SailorKick+1","theSenshi:SailorKick+1","theSenshi:SailorKick+1","theSenshi:SailorBlock+1","theSenshi:SailorBlock+1","theSenshi:SailorBlock+1","theSenshi:SailorBlock+1","theSenshi:RoseThrow","theSenshi:MoonPrismPowerMakeUp","theSenshi:SchoolBag","theSenshi:TallSilhouette","theSenshi:SailorPlanetAttack","theSenshi:SailorChibiMoonAssists","theSenshi:SailorMercuryAssists","theSenshi:SaturnsMystery","theSenshi:SailorMercuryAssists","theSenshi:TuxedoSmokingBomber","theSenshi:MoonGorgeousMeditation","theSenshi:InTheNickOfTime","Apotheosis","theSenshi:MoonCrisisMakeUp","theSenshi:MoonPrincessHalation"],"relics":["Fusion Hammer","Pocketwatch","Pantograph","Golden Idol","Velvet Choker","Shuriken","Membership Card"],"acts_visited":["Exordium","TheCity"],"potions_floor_usage":[],"damage_taken":[{"damage":2.0,"enemies":"2 Louse","floor":1.0,"turns":3.0},{"damage":0.0,"enemies":"Jaw Worm","floor":3.0,"turns":4.0},{"damage":34.0,"enemies":"3 Sentries","floor":6.0,"turns":9.0},{"damage":26.0,"enemies":"Gremlin Nob","floor":8.0,"turns":4.0},{"damage":0.0,"enemies":"Cultist","floor":11.0,"turns":3.0},{"damage":14.0,"enemies":"Large Slime","floor":12.0,"turns":7.0},{"damage":15.0,"enemies":"Exordium Thugs","floor":14.0,"turns":4.0},{"damage":40.0,"enemies":"Slime Boss","floor":16.0,"turns":12.0},{"damage":53.0,"enemies":"3 Byrds","floor":18.0,"turns":9.0},{"damage":17.0,"enemies":"2 Thieves","floor":19.0,"turns":5.0},{"damage":25,"enemies":"Slavers","floor":25,"turns":3}],"seed_played":"-3102139389991958236","potions_obtained":[{"floor":1.0,"key":"Strength Potion"},{"floor":8.0,"key":"FearPotion"},{"floor":11.0,"key":"DistilledChaos"},{"floor":18.0,"key":"GamblersBrew"},{"floor":19.0,"key":"AttackPotion"}],"is_trial":false,"path_per_floor":["M","?","M","$","?","E","R","E","T","?","M","M","R","M","R","B",null,"M","M","?","?","?","R","$","E"],"character_chosen":"THE_SENSHI","items_purchased":["theSenshi:TallSilhouette","theSenshi:SailorPlanetAttack","Membership Card","Apotheosis","theSenshi:MoonCrisisMakeUp","theSenshi:MoonPrincessHalation"],"campfire_rested":3,"item_purchase_floors":[4,4,24,24,24,24],"current_hp_per_floor":[66,66,66,66,55,21,43,17,17,17,17,18,38,33,33,28,58,12,5,5,5,5,25,25,0,0],"gold":17,"neow_bonus":"BOSS_RELIC","is_daily":false,"chose_seed":false,"campfire_upgraded":0,"win_rate":0.0,"timestamp":1612286074,"path_taken":["M","?","M","$","?","E","R","E","T","?","M","M","R","M","R","BOSS","M","M","?","?","?","R","$","E"],"items_purchased_type":["Card","Card","Relic","Card","Card","Card"],"build_version":"2020-12-22","purchased_purges":1,"victory":false,"max_hp_per_floor":[75,75,75,75,75,75,75,75,75,68,68,68,68,68,68,68,68,68,68,68,68,68,68,68,68,68],"card_choices":[{"not_picked":["theSenshi:SailorNeptuneAssists","theSenshi:OdangoHead","theSenshi:SailorUranusAssists"],"picked":"SKIP","floor":1.0},{"not_picked":["theSenshi:Sidestep","theSenshi:MarsPride"],"picked":"theSenshi:SchoolBag","floor":3.0},{"not_picked":["theSenshi:JupitersPower","theSenshi:MoonCrisisMakeUp"],"picked":"theSenshi:SailorChibiMoonAssists","floor":6.0},{"not_picked":["theSenshi:MoonlightKnight","theSenshi:DramaticEntrance"],"picked":"theSenshi:SailorMercuryAssists","floor":8.0},{"not_picked":["theSenshi:MoonCrisisMakeUp","theSenshi:MoonCosmicPowerMakeUp"],"picked":"theSenshi:SaturnsMystery","floor":11.0},{"not_picked":["theSenshi:TallSilhouette","theSenshi:SailorNeptuneAssists"],"picked":"theSenshi:SailorMercuryAssists","floor":12.0},{"not_picked":["theSenshi:MoonPower","theSenshi:SupersonicWaves"],"picked":"theSenshi:TuxedoSmokingBomber","floor":14.0},{"not_picked":["theSenshi:StarlightHoneymoonTherapyKiss","theSenshi:MoonEternalMakeUp"],"picked":"theSenshi:MoonGorgeousMeditation","floor":16.0},{"not_picked":["theSenshi:SailorV","theSenshi:SailorChibiMoonAssists"],"picked":"theSenshi:InTheNickOfTime","floor":18.0},{"not_picked":["theSenshi:Sidestep","theSenshi:SailorPlanetPower","theSenshi:MoonPunch"],"picked":"SKIP","floor":19.0}],"player_experience":938434,"relics_obtained":[{"floor":6.0,"key":"Pocketwatch"},{"floor":8.0,"key":"Pantograph"}],"event_choices":[{"damage_healed":0.0,"max_hp_gain":0.0,"max_hp_loss":0.0,"gold_gain":150.0,"event_name":"Liars Game","player_choice":"AGREE","floor":2.0,"gold_loss":0.0,"damage_taken":0.0,"cards_obtained":["Doubt"]},{"damage_healed":0.0,"max_hp_gain":0.0,"max_hp_loss":0.0,"gold_gain":75.0,"event_name":"World of Goop","player_choice":"Gather Gold","floor":5.0,"gold_loss":0.0,"damage_taken":11.0},{"damage_healed":0.0,"max_hp_gain":0.0,"max_hp_loss":7.0,"gold_gain":0.0,"event_name":"Golden Idol","player_choice":"Lose Max HP","floor":10.0,"gold_loss":0.0,"damage_taken":0.0,"relics_obtained":["Golden Idol"]},{"damage_healed":0.0,"max_hp_gain":0.0,"max_hp_loss":0.0,"gold_gain":0.0,"event_name":"Back to Basics","player_choice":"Simplicity","floor":20.0,"gold_loss":0.0,"damage_taken":0.0,"cards_upgraded":["theSenshi:SailorKick","theSenshi:SailorKick","theSenshi:SailorKick","theSenshi:SailorKick","theSenshi:SailorBlock","theSenshi:SailorBlock","theSenshi:SailorBlock","theSenshi:SailorBlock"]},{"damage_healed":0.0,"max_hp_gain":0.0,"max_hp_loss":0.0,"gold_gain":0.0,"event_name":"The Mausoleum","player_choice":"Ignored","floor":21.0,"gold_loss":0.0,"damage_taken":0.0},{"damage_healed":0.0,"max_hp_gain":0.0,"max_hp_loss":0.0,"gold_gain":0.0,"event_name":"WeMeetAgain","player_choice":"Gave Potion","floor":22.0,"gold_loss":0.0,"damage_taken":0.0,"relics_obtained":["Shuriken"]}],"is_beta":false,"boss_relics":[{"not_picked":["Cursed Key","Tiny House"],"picked":"Velvet Choker"}],"items_purged_floors":[4],"is_endless":false,"potions_floor_spawned":[1,8,11,14,18,19],"killed_by":"Slavers","ascension_level":17}}