{"host":"piuz6nvfxy08hmbs","time":1612257690,"event":{"mods":["100% Spire Juice","ATMod(°¢èªMod)","Ascension Reborn","Aspiration","BaseMod","Better Vampires","Better-Laid Plans","BetterRewards","Colored Powertips","Curses Come First","Dark Map","Defuse TimeMaze Blight","Downfall","Energized Spire","Grow up Mod","Minty Spire (QoL Compilation)","Red Circlet Mod","Relic Filter Mod","Reliquary","Remove Card Discount Mod","Replay The Spire","Reworked Bosses","RumiaBox-Â¶Ã×æ«µÄÉñÃØºÐ×Ó","RyuuouÁúÍõ","Shop Mod","Spicy Shops","StSLib","TestMod","Transform Curses","Uncapped","UnlockEverythingMod","Waifu the Spire","Wide Potions","[GremlinLeader]The Maniac","¡¾¹¦ÄÜMod¡¿»ìãçÖ®»·ÐÞ¸´²¹¶¡","¡¾ÒÅÎï¿¨ÅÆ¡¿REMEMod"],"gold_per_floor":[112,146,146,999998539,999998557,999998557,999998557,999998584,999998611,999998611,999998611,999996529,999996529,999996529,999996601,999996728,999996728,999996734,999996764,999996764,999996781,999996880,999996880,999996905,999996905,999996905,999996905,999995884,999994547,999994547,999993888,999993888,999993894,999993894,999993894],"floor_reached":33,"language":"ZHS","playtime":2426,"items_purged":["Demon Form+1","bronze:Strike+1","bronze:Strike+1","bronze:Defend+1","bronze:Strike+1","Guardian:ConstructionForm+1","bronze:Strike+1","bronze:Defend+1","Moonworks:Blazing+1","maniac:TimeForm+1","Slimebound:DuplicatedForm+1","hexamod:HexaLevel+1","champ:GladiatorForm+1","bronze:Defend+1","bronze:Defend+1","Pain","Pride"],"score":383,"play_id":"1e16e151-80ee-4d76-b6bb-94b08ed51e15","local_time":"20210202172130","daily_mods":["Heirloom","Time Dilation","Flight"],"is_ascension_mode":true,"campfire_choices":[{"data":"REME_ShadowForm","floor":6,"key":"SMITH"},{"data":"bronze:Turbo","floor":7,"key":"SMITH"},{"data":"AT_FamilyPortrait","floor":10,"key":"SMITH"},{"data":"bronze:Overheat","floor":11,"key":"SMITH"},{"floor":25,"key":"REST"},{"data":"REME_PuzzleBox","floor":32,"key":"SMITH"}],"circlet_count":0,"master_deck":["Wraith Form v2+1","Echo Form+1","DevaForm+1","bronze:Verify+1","sneckomod:SerpentMind+1","bronze:Replicate+1","REME_ShadowForm+1","AT_FamilyPortrait+1","bronze:Overheat+1","bronze:Turbo+1","Sadistic Nature+1","hexamod:FourthSeal","hexamod:FifthSeal","hexamod:ThirdSeal","hexamod:SixthSeal","hexamod:SecondSeal","hexamod:FlamesFromBeyond+1","hexamod:FlamesFromBeyond+1","hexamod:FifthSeal","bronze:FineTuning","Deep Breath+1","testmod-ChaoticCore","REME_PuzzleBox+1","testmod-FightingIntention","Flash of Steel"],"relics":["bronze:BronzeCore","AT_ATBox","bronze:AnalyticalCore","testmod-TestBox","REME_ComplimentaryCards","testmod-BouquetWithThorns","testmod-AscensionHeart","Bag of Preparation","MerchantsRug","testmod-D¨¦j¨¤vu","Sundial","Eternal Feather","reliquary:RosewoodLute","testmod-IWantAll","Prayer Wheel","Potion Belt","Replay:Bandana","AT_EbonyIvory","Replay:Multitool","bronze:DecasWashers","aspiration:Nostalgia","Moonworks:Homemark","Chemical X","GodSword4","hexamod:CandleOfCauterizing","reliquary:Ember","Red Mask","Enchiridion","reliquary:SilkGlove","Guardian:GemstoneGun","AT_ArchangelStaff","Replay:Towering Pillar of Hats","Pantograph","Toolbox","Whetstone","DollysMirror","Anchor","ReplayTheSpireMod:TigerMarble","MagicDraw3","Guardian:BottledAnomaly","testmod-Register","Strawberry","Pen Nib","Pet Ghost","Regal Pillow","ReplayTheSpireMod:ShopPack"],"acts_visited":["Exordium","TheCity"],"potions_floor_usage":[15],"damage_taken":[{"damage":11.0,"enemies":"Jaw Worm","floor":1.0,"turns":2.0},{"damage":15,"enemies":"Small Slimes","floor":5,"turns":2},{"damage":29,"enemies":"3 Sentries","floor":8,"turns":5},{"damage":0,"enemies":"Lagavulin Event","floor":15,"turns":1},{"damage":0,"enemies":"Fading Forest","floor":16,"turns":11},{"damage":72,"enemies":"Spheric Guardian","floor":18,"turns":4},{"damage":80,"enemies":"Masked Bandits","floor":19,"turns":4},{"damage":50,"enemies":"Shell Parasite","floor":21,"turns":3},{"damage":1014,"enemies":"bossMod:newCollector","floor":33,"turns":3}],"seed_played":"-544838510694474982","potions_obtained":[{"floor":8,"key":"LifebloodPotion"},{"floor":16,"key":"DuplicationPotion"},{"floor":18,"key":"ColorlessPotion"},{"floor":19,"key":"testmod-TimePotion"},{"floor":27,"key":"testmod-TimePotion"}],"is_trial":true,"path_per_floor":["M","?","?","$","M","R","R","E","T","R","R","$","R","?","R","B",null,"M","?","?","M","?","R","T","R","T","?","$","$","R","$","R","B"],"character_chosen":"THE_AUTOMATON","items_purchased":["bronze:Overheat","bronze:Turbo","REME_OnlineShoppingPlatform","MerchantsRug","testmod-D¨¦j¨¤vu","Sundial","Eternal Feather","reliquary:RosewoodLute","testmod-IWantAll","AT_EbonyIvory","Replay:Multitool","bronze:DecasWashers","aspiration:Nostalgia","Chemical X","GodSword4","Sadistic Nature","hexamod:FourthSeal","AT_ArchangelStaff","Replay:Towering Pillar of Hats","Pantograph","Toolbox","Whetstone","DollysMirror","bronze:FineTuning","SmokeBomb","Deep Breath","testmod-ChaoticCore","Anchor","ReplayTheSpireMod:TigerMarble","MagicDraw3","Guardian:BottledAnomaly","testmod-Register","Strawberry","Pen Nib","Pet Ghost","Regal Pillow","ReplayTheSpireMod:ShopPack"],"campfire_rested":1,"item_purchase_floors":[4,4,4,4,4,4,4,4,4,12,12,12,12,12,12,12,12,28,28,28,28,28,28,28,28,28,29,29,29,29,29,29,31,31,31,31,31],"current_hp_per_floor":[79,53,63,73,68,84,100,81,91,107,123,133,209,219,230,240,250,188,118,112,72,82,191,201,316,326,336,346,356,380,397,407,0,0,0],"gold":999993894,"neow_bonus":"","is_daily":false,"chose_seed":false,"campfire_upgraded":5,"win_rate":0.0,"timestamp":1612257690,"path_taken":["M","?","?","$","?","R","R","E","T","R","R","$","R","?","R","BOSS","M","?","?","M","?","R","?","R","T","?","$","$","R","$","R","BOSS"],"items_purchased_type":["Card","Card","Relic","Relic","Relic","Relic","Relic","Relic","Relic","Relic","Relic","Relic","Relic","Relic","Relic","Card","Card","Relic","Relic","Relic","Relic","Relic","Relic","Card","Potion","Card","Card","Relic","Relic","Relic","Relic","Relic","Relic","Relic","Relic","Relic","Relic"],"build_version":"2020-12-22","purchased_purges":17,"victory":false,"max_hp_per_floor":[90,100,110,120,130,140,150,160,170,180,190,200,210,220,230,240,250,260,270,280,290,300,310,320,330,340,350,360,370,380,397,407,407,407,407],"card_choices":[{"not_picked":["bronze:Frontload","bronze:BitShift","hexamod:InspiringFlames"],"picked":"SKIP","floor":1.0},{"not_picked":["bronze:ForLoop","bronze:CloningBeam","bronze:ItsAFeature"],"picked":"SKIP","floor":5},{"not_picked":["bronze:BuggyMess","bronze:ItsAFeature","bronze:DarkDash"],"picked":"SKIP","floor":8},{"not_picked":["hexamod:UnlimitedPower","bronze:CleanCode"],"picked":"hexamod:FifthSeal","floor":16},{"not_picked":["hexamod:FirstSeal","hexamod:FourthSeal"],"picked":"hexamod:ThirdSeal","floor":18},{"not_picked":["hexamod:ThermalTransfer","hexamod:BurningTouch","bronze:DelayedGuard+1"],"picked":"SKIP","floor":18},{"not_picked":["hexamod:ForkedFlame","hexamod:RainOfEmbers+1","bronze:DelayedGuard+1"],"picked":"SKIP","floor":18},{"not_picked":["hexamod:ThirdSeal","hexamod:FourthSeal"],"picked":"hexamod:SixthSeal","floor":19},{"not_picked":["hexamod:SixthSeal","hexamod:ThirdSeal"],"picked":"hexamod:SecondSeal","floor":21},{"not_picked":["hexamod:SwordOfDarkness","bronze:ForceShield"],"picked":"hexamod:FlamesFromBeyond+1","floor":21},{"not_picked":["hexamod:BurningTouch","hexamod:FourthSeal"],"picked":"hexamod:FlamesFromBeyond","floor":21},{"not_picked":["Master of Strategy","testmod-Arrangement"],"picked":"REME_PuzzleBox","floor":31},{"not_picked":["testmod-AssimilatedRune","Apotheosis"],"picked":"testmod-FightingIntention","floor":31},{"not_picked":["testmod-Bloodthirsty","Swift Strike"],"picked":"Flash of Steel","floor":31}],"player_experience":18674,"relics_obtained":[{"floor":2.0,"key":"Bag of Preparation"},{"floor":8,"key":"Potion Belt"},{"floor":9,"key":"Replay:Bandana"},{"floor":19,"key":"Red Mask"},{"floor":20,"key":"Enchiridion"},{"floor":24,"key":"reliquary:SilkGlove"},{"floor":26,"key":"Guardian:GemstoneGun"}],"event_choices":[{"damage_healed":0,"gold_gain":0,"player_choice":"Bought 0 Potions","damage_taken":0,"max_hp_gain":0,"max_hp_loss":0,"event_name":"The Woman in Blue","floor":3,"gold_loss":0},{"damage_healed":0,"gold_gain":0,"player_choice":"Searched \u00272\u0027 times","damage_taken":0,"relics_obtained":["hexamod:CandleOfCauterizing"],"max_hp_gain":0,"max_hp_loss":0,"event_name":"Dead Adventurer","floor":15,"gold_loss":0},{"damage_healed":0,"gold_gain":0,"player_choice":"Fought Bandits","damage_taken":0,"max_hp_gain":0,"max_hp_loss":0,"event_name":"Masked Bandits","floor":19,"gold_loss":0},{"damage_healed":0,"gold_gain":0,"player_choice":"Obtained Book","damage_taken":16,"max_hp_gain":0,"max_hp_loss":0,"event_name":"Cursed Tome","floor":20,"gold_loss":0},{"damage_healed":0,"gold_gain":99,"player_choice":"Stole From Cult","damage_taken":0,"max_hp_gain":0,"max_hp_loss":0,"event_name":"Nest","floor":22,"gold_loss":0},{"damage_healed":0,"gold_gain":0,"player_choice":"Got Potions","damage_taken":0,"max_hp_gain":0,"max_hp_loss":0,"event_name":"Lab","floor":27,"gold_loss":0}],"is_beta":false,"boss_relics":[{"not_picked":["aspiration:SecretTechniqueScroll","REME_DemonsWealth"],"picked":"reliquary:Ember"}],"items_purged_floors":[4,4,4,4,4,4,4,4,4,4,4,4,4,4,4,12,28],"is_endless":true,"potions_floor_spawned":[8,19],"killed_by":"bossMod:newCollector","ascension_level":0}}