{"host":"vumwfieg2b2mnrfl","time":1612226965,"event":{"mods":["AchievementEnabler","BaseMod","Minty Spire (QoL Compilation)","Rare Cards Sparkle","Relic Stats"],"gold_per_floor":[10,10,10,10,25,68,68,111,111,126,151,167,202,148,148,241,241,204,43,43,67,67,67,67],"floor_reached":23,"language":"ENG","playtime":581,"items_purged":[],"score":501,"play_id":"89cb2a1b-516a-4d7a-b313-969a1fb48f15","local_time":"20210201184925","is_ascension_mode":true,"campfire_choices":[{"data":"Armaments","floor":7.0,"key":"SMITH"},{"data":"Armaments","floor":15.0,"key":"SMITH"}],"circlet_count":0,"master_deck":["AscendersBane","Strike_R","Strike_R","Defend_R","Defend_R","Defend_R","Bash","Metamorphosis","Clothesline","Armaments+1","Double Tap","Armaments+1","Impervious","Clothesline+1","Spot Weakness+1","Brutality+1","Ghostly Armor","Battle Trance","Fire Breathing"],"relics":["Burning Blood","Golden Idol","Pen Nib","Meat on the Bone","HornCleat","Champion Belt","Calipers","Bag of Marbles","Strawberry","Astrolabe","Orrery"],"acts_visited":["Exordium","TheCity"],"potions_floor_usage":[21,23],"damage_taken":[{"damage":1.0,"enemies":"Cultist","floor":1.0,"turns":3.0},{"damage":9.0,"enemies":"Jaw Worm","floor":5.0,"turns":3.0},{"damage":8.0,"enemies":"Gremlin Nob","floor":6.0,"turns":3.0},{"damage":0.0,"enemies":"Lagavulin","floor":8.0,"turns":4.0},{"damage":0.0,"enemies":"2 Louse","floor":10.0,"turns":2.0},{"damage":13.0,"enemies":"Exordium Thugs","floor":12.0,"turns":4.0},{"damage":0.0,"enemies":"Gremlin Nob","floor":13.0,"turns":3.0},{"damage":41.0,"enemies":"The Guardian","floor":16.0,"turns":13.0},{"damage":29,"enemies":"2 Thieves","floor":18,"turns":5},{"damage":0,"enemies":"3 Byrds","floor":21,"turns":3},{"damage":52,"enemies":"Gremlin Leader","floor":23,"turns":4}],"seed_played":"-4611109158880225730","potions_obtained":[{"floor":6.0,"key":"Swift Potion"},{"floor":8.0,"key":"Dexterity Potion"},{"floor":10.0,"key":"Regen Potion"},{"floor":16,"key":"LiquidBronze"},{"floor":21,"key":"GamblersBrew"}],"is_trial":false,"path_per_floor":["M","?","?","T","M","E","R","E","T","M","T","M","E","$","R","B",null,"M","$","?","M","?","E"],"character_chosen":"IRONCLAD","items_purchased":["Armaments","Orrery"],"campfire_rested":0,"item_purchase_floors":[14,19],"current_hp_per_floor":[73,47,42,42,51,49,49,55,55,61,61,54,67,67,67,44,73,50,50,50,56,50,0,0],"gold":67,"neow_bonus":"RANDOM_COLORLESS_2","is_daily":false,"chose_seed":true,"campfire_upgraded":2,"win_rate":0.0,"timestamp":1612226965,"path_taken":["M","?","?","?","M","E","R","E","T","M","?","M","E","$","R","BOSS","BOSS","M","$","?","M","?","E"],"items_purchased_type":["Card","Relic"],"build_version":"2020-12-22","purchased_purges":0,"victory":false,"max_hp_per_floor":[75,75,75,75,75,75,75,75,75,75,75,75,82,82,82,82,82,82,82,82,82,82,82,82],"relic_stats":{"counters":[11,47],"Golden Idol":82,"Astrolabe":["Clothesline","Spot Weakness","Brutality"],"Pen Nib":[6],"Champion Belt":[14],"obtain_stats":[{"HornCleat":6,"Calipers":9,"Golden Idol":2,"Strawberry":13,"Astrolabe":17,"Orrery":19,"Pen Nib":3,"Bag of Marbles":11,"Champion Belt":8,"Burning Blood":0,"Meat on the Bone":4},{"HornCleat":3,"Calipers":4,"Golden Idol":1,"Strawberry":7,"Astrolabe":8,"Orrery":9,"Pen Nib":1,"Bag of Marbles":5,"Champion Belt":4,"Burning Blood":0,"Meat on the Bone":1},{"HornCleat":9,"Calipers":13,"Golden Idol":3,"Strawberry":22,"Astrolabe":35,"Orrery":40,"Pen Nib":3,"Bag of Marbles":15,"Champion Belt":13,"Burning Blood":0,"Meat on the Bone":3}],"Burning Blood":60,"Meat on the Bone":24},"card_choices":[{"not_picked":["Secret Technique","Thinking Ahead"],"picked":"Metamorphosis","floor":0.0},{"not_picked":["Sentinel","Intimidate","Sword Boomerang"],"picked":"SKIP","floor":1.0},{"not_picked":["Dark Embrace","Thunderclap"],"picked":"Clothesline","floor":5.0},{"not_picked":["Warcry","Battle Trance"],"picked":"Armaments","floor":6.0},{"not_picked":["Heavy Blade","Clash"],"picked":"Double Tap","floor":8.0},{"not_picked":["Heavy Blade","Pummel","Wild Strike"],"picked":"SKIP","floor":10.0},{"not_picked":["Wild Strike","Blood for Blood","Bloodletting"],"picked":"SKIP","floor":12.0},{"not_picked":["Searing Blow","Carnage","Warcry"],"picked":"SKIP","floor":13.0},{"not_picked":["Reaper","Exhume"],"picked":"Impervious","floor":16},{"not_picked":["Pommel Strike+1","Havoc"],"picked":"Ghostly Armor","floor":18},{"not_picked":["Reckless Charge","Anger"],"picked":"Battle Trance","floor":19},{"not_picked":["Bludgeon","Clothesline"],"picked":"Fire Breathing","floor":19},{"not_picked":["Body Slam","Warcry","Cleave"],"picked":"SKIP","floor":21}],"player_experience":511803,"relics_obtained":[{"floor":4.0,"key":"Meat on the Bone"},{"floor":6.0,"key":"HornCleat"},{"floor":8.0,"key":"Champion Belt"},{"floor":9.0,"key":"Calipers"},{"floor":11.0,"key":"Bag of Marbles"},{"floor":13.0,"key":"Strawberry"}],"event_choices":[{"damage_healed":0.0,"max_hp_gain":0.0,"max_hp_loss":0.0,"gold_gain":0.0,"event_name":"Golden Idol","player_choice":"Take Damage","floor":2.0,"gold_loss":0.0,"damage_taken":26.0,"relics_obtained":["Golden Idol"]},{"damage_healed":0.0,"max_hp_gain":0.0,"max_hp_loss":0.0,"gold_gain":0.0,"event_name":"Scrap Ooze","player_choice":"Success","floor":3.0,"gold_loss":0.0,"damage_taken":5.0,"relics_obtained":["Pen Nib"]},{"cards_removed":["Strike_R"],"damage_healed":0,"gold_gain":0,"player_choice":"Elegance","damage_taken":0,"max_hp_gain":0,"max_hp_loss":0,"event_name":"Back to Basics","floor":20,"gold_loss":0},{"damage_healed":0,"gold_gain":0,"player_choice":"","damage_taken":6,"max_hp_gain":0,"max_hp_loss":0,"event_name":"Knowing Skull","floor":22,"potions_obtained":[],"gold_loss":0,"cards_obtained":[]}],"is_beta":false,"boss_relics":[{"not_picked":["Calling Bell","Tiny House"],"picked":"Astrolabe"}],"items_purged_floors":[],"is_endless":false,"potions_floor_spawned":[6,8,10,16,21],"killed_by":"Gremlin Leader","ascension_level":19}}