{"host":"dn2xyj3kd3d9cfyb","time":1612257119,"event":{"mods":["BaseMod","Colored Powertips","Downfall","Hubris","Marisa£®ÏF”Í°°ƒß¿Ì…≥£©","Minty Spire (QoL Compilation)","READ ME - Guardian Mod","Remilia£®¿Ÿ√◊¿Ú—«£©","Replay The Spire","Shop Mod","StSLib","The Animator","The Construct","The Cursed","The Mystic","The Servant 0.9.4","Youmu£®ªÍ∆«—˝√Œ£©","Yuri Mod","Yuyuko"],"gold_per_floor":[99,99,99,24,24,9,35,47,91,103,134,162,204,271,346,398,398],"floor_reached":16,"language":"ZHS","playtime":702,"items_purged":["Defend_MRS"],"score":113,"play_id":"f0660a61-37bf-467f-a444-95a2d7fe611f","local_time":"20210202171159","is_ascension_mode":true,"campfire_choices":[{"floor":1,"key":"RECALL"},{"floor":10,"key":"REST"}],"circlet_count":0,"master_deck":["Strike_MRS","Strike_MRS","Strike_MRS","Strike_MRS","Defend_MRS","Defend_MRS","Defend_MRS","Defend_MRS","MasterSpark","UpSweep","PulseMagic","GrandCross","MillisecondPulsars","FairyDestructionRay","Acceleration","WitchOfGreed","LuminesStrike"],"relics":["MiniHakkero","downfall:HeartsMalice","Omamori","MawBank","hubris:TinFlute","Replay:Bandana"],"acts_visited":["Exordium"],"potions_floor_usage":[16],"damage_taken":[{"damage":0,"enemies":"Cultist","floor":2,"turns":1},{"damage":0,"enemies":"Jaw Worm","floor":3,"turns":1},{"damage":0,"enemies":"downfall:FleeingMerchant","floor":4,"turns":1},{"damage":5,"enemies":"downfall:FleeingMerchant","floor":6,"turns":4},{"damage":48,"enemies":"Gremlin Nob","floor":9,"turns":5},{"damage":0,"enemies":"Small Slimes","floor":11,"turns":1},{"damage":3,"enemies":"Red Slaver","floor":12,"turns":2},{"damage":11,"enemies":"Lagavulin","floor":13,"turns":7},{"damage":1,"enemies":"2 Fungi Beasts","floor":14,"turns":2},{"damage":9,"enemies":"Blue Slaver","floor":15,"turns":3},{"damage":24,"enemies":"DF_ARCHETYPE_STREAMLINE","floor":16,"turns":3}],"seed_played":"-1090267433871654148","potions_obtained":[{"floor":9,"key":"Adrenaline Potion"},{"floor":12,"key":"Doom Potion"},{"floor":13,"key":"Energy Potion"},{"floor":14,"key":"BlessingOfTheForge"}],"is_trial":false,"path_per_floor":["R","M","M","$","T","$","T","?","E","R","M","M","E","M","M","B"],"character_chosen":"MARISA","items_purchased":[],"campfire_rested":1,"item_purchase_floors":[],"current_hp_per_floor":[75,75,75,75,75,70,70,70,22,44,44,41,30,29,20,0,0],"gold":398,"neow_bonus":"THREE_ENEMY_KILL","is_daily":false,"chose_seed":false,"campfire_upgraded":0,"win_rate":0.0,"timestamp":1612257119,"path_taken":["R","M","M","$","?","$","T","?","E","R","M","M","E","M","M","BOSS"],"items_purchased_type":[],"build_version":"2020-12-22","purchased_purges":1,"victory":false,"max_hp_per_floor":[75,75,75,75,75,75,75,75,75,75,75,75,75,75,75,75,75],"card_choices":[{"not_picked":["Occultation","MachineGunSpark"],"picked":"PulseMagic","floor":2},{"not_picked":["RefractionSpark","UnstableBomb"],"picked":"GrandCross","floor":3},{"not_picked":["DC","6A","UnstableBomb"],"picked":"SKIP","floor":4},{"not_picked":["GalacticHalo","ShootingEcho"],"picked":"MillisecondPulsars","floor":6},{"not_picked":["ManaConvection","DragonMeteor"],"picked":"FairyDestructionRay","floor":9},{"not_picked":["6A","LuminesStrike"],"picked":"Acceleration","floor":11},{"not_picked":["DC","NonDirectionalLaser","GravityBeat"],"picked":"SKIP","floor":12},{"not_picked":["ManaRampage","DoubleSpark"],"picked":"WitchOfGreed","floor":13},{"not_picked":["6A","DoubleSpark","GalacticHalo"],"picked":"SKIP","floor":14},{"not_picked":["MysteriousBeam","ManaConvection"],"picked":"LuminesStrike","floor":15}],"player_experience":587517,"relics_obtained":[{"floor":5,"key":"Omamori"},{"floor":7,"key":"MawBank"},{"floor":9,"key":"hubris:TinFlute"},{"floor":13,"key":"Replay:Bandana"}],"event_choices":[],"is_beta":false,"boss_relics":[],"items_purged_floors":[4],"is_endless":false,"potions_floor_spawned":[9,12,13,14],"killed_by":"DF_ARCHETYPE_STREAMLINE","ascension_level":1}}