{"host":"gbam4pubzz0ipj7u","time":1612246035,"event":{"mods":["BaseMod","Colored Powertips","Conspire","Downfall","Energized Spire","Jorbs\u0027s Wanderer Trilogy","Marisa????????","Minty Spire (QoL Compilation)","Quick Restart","Replay The Spire","Spicy Shops","StSLib","SuperFastMode","egg"],"gold_per_floor":[99,112,162,162,181,211,211,227,255,355,380,180,180,14,30,135,135,135,150,166,176,189,189,212,224,224,244,76,76,111,122,134,235,235,235,252,268,268,71,82,106,6,21,51,51,51,76,91,106,106,106,141,16,16,16,16,16],"floor_reached":56,"language":"ENG","playtime":3426,"items_purged":["Replay:Sluggish","Strike_MRS","Injury"],"score":959,"play_id":"055cea0f-c6d4-4146-b5d6-c030c1c674d3","local_time":"20210201220715","is_ascension_mode":true,"campfire_choices":[{"floor":1.0,"key":"RECALL"},{"data":"EnergyRecoil","floor":12.0,"key":"SMITH"},{"data":"MillisecondPulsars","floor":18.0,"key":"SMITH"},{"data":"OortCloud","floor":23.0,"key":"SMITH"},{"data":"BlazeAway","floor":26.0,"key":"SMITH"},{"data":"CasketOfStar","floor":35.0,"key":"SMITH"},{"data":"UltimateShortwave","floor":42.0,"key":"SMITH"},{"floor":54,"key":"REST"}],"circlet_count":0,"master_deck":["Strike_MRS","Strike_MRS","Strike_MRS","Defend_MRS","Defend_MRS","Defend_MRS","MasterSpark","UpSweep","DoubleSpark","EnergyRecoil+1","SprinkleStarSeal","ManaRampage+1","GalacticHalo","AlicesGift+1","PulseMagic","MillisecondPulsars+1","BlazeAway+1","OortCloud+1","RefractionSpark","EarthLightRay+1","CasketOfStar+1","SporeBomb","EnergyFlow","ShootTheMoon+1","FinalSpark","MagicAbsorber","UltimateShortwave+1","JA","UnstableBomb+1","DoubleSpark+1","MilkyWay+1"],"relics":["BewitchedHakkero","Nunchaku","Matryoshka","Art of War","Simple Rune","Calipers","Bag of Preparation","downfall:HeartBlessingRed","downfall:HeartBlessingGreen","Boot","Bronze Scales","Whetstone","Ring of Searing","Ring of Fury","Strawberry","Replay:Bronze Core","SimpleLauncher","downfall:HeartBlessingBlue","Blue Doll","Pen Nib","Vajra"],"acts_visited":["Exordium","TheCity","TheBeyond","TheEnding"],"potions_floor_usage":[44,50,50],"damage_taken":[{"damage":4.0,"enemies":"2 Louse","floor":2.0,"turns":3.0},{"damage":0.0,"enemies":"Small Slimes","floor":5.0,"turns":2.0},{"damage":8.0,"enemies":"Lagavulin","floor":6.0,"turns":8.0},{"damage":2.0,"enemies":"Jaw Worm","floor":8.0,"turns":2.0},{"damage":21.0,"enemies":"3 Sentries","floor":9.0,"turns":6.0},{"damage":8.0,"enemies":"Lagavulin","floor":11.0,"turns":5.0},{"damage":5.0,"enemies":"downfall:FleeingMerchant","floor":14.0,"turns":4.0},{"damage":2.0,"enemies":"Red Slaver","floor":15.0,"turns":4.0},{"damage":16.0,"enemies":"WA_ARCHETYPE_RETAIN","floor":16.0,"turns":8.0},{"damage":19.0,"enemies":"3 Byrds","floor":19.0,"turns":5.0},{"damage":0.0,"enemies":"Spheric Guardian","floor":20.0,"turns":1.0},{"damage":8.0,"enemies":"Centurion and Healer","floor":21.0,"turns":3.0},{"damage":1.0,"enemies":"Snecko","floor":22.0,"turns":4.0},{"damage":13.0,"enemies":"Shelled Parasite and Fungi","floor":25.0,"turns":3.0},{"damage":0.0,"enemies":"Cultist and Chosen","floor":27.0,"turns":3.0},{"damage":0.0,"enemies":"downfall:FleeingMerchant","floor":28.0,"turns":4.0},{"damage":3.0,"enemies":"Book of Stabbing","floor":30.0,"turns":2.0},{"damage":11.0,"enemies":"3 Cultists","floor":31.0,"turns":4.0},{"damage":8.0,"enemies":"Sentry and Sphere","floor":32.0,"turns":4.0},{"damage":40.0,"enemies":"IC_MUSHROOM_ARCHETYPE","floor":33.0,"turns":5.0},{"damage":11.0,"enemies":"Orb Walker","floor":36.0,"turns":2.0},{"damage":10.0,"enemies":"3 Shapes","floor":37.0,"turns":3.0},{"damage":15.0,"enemies":"downfall:FleeingMerchant","floor":39.0,"turns":3.0},{"damage":4.0,"enemies":"Sphere and 2 Shapes","floor":40.0,"turns":3.0},{"damage":0,"enemies":"Transient","floor":43,"turns":5},{"damage":16,"enemies":"R_Hoarder","floor":44,"turns":4},{"damage":0,"enemies":"Giant Head","floor":47,"turns":4},{"damage":29,"enemies":"Maw","floor":48,"turns":3},{"damage":12,"enemies":"Sphere and 2 Shapes","floor":49,"turns":3},{"damage":13,"enemies":"SI_POISON_ARCHETYPE","floor":50,"turns":5},{"damage":59,"enemies":"downfall:CharBossMerchant","floor":52,"turns":6},{"damage":55,"enemies":"downfall:NeowBoss","floor":55,"turns":9},{"damage":21,"enemies":"downfall:NeowBossFinal","floor":56,"turns":3}],"seed_played":"-1775990249993910455","potions_obtained":[{"floor":3.0,"key":"LiquidMemories"},{"floor":3.0,"key":"Block Potion"},{"floor":3.0,"key":"conspire:TimeTravelPotion"},{"floor":4.0,"key":"ColorlessPotion"},{"floor":6.0,"key":"hexamod:SoulburnPotion"},{"floor":8.0,"key":"sneckomod:MuddlingPotion"},{"floor":9.0,"key":"Adrenaline Potion"},{"floor":15.0,"key":"Energy Potion"},{"floor":21.0,"key":"Explosive Potion"},{"floor":22.0,"key":"Block Potion"},{"floor":25.0,"key":"Weak Potion"},{"floor":33.0,"key":"Dexterity Potion"},{"floor":36.0,"key":"Dexterity Potion"},{"floor":40.0,"key":"hexamod:SoulburnPotion"},{"floor":47,"key":"Fire Potion"}],"is_trial":false,"path_per_floor":["R","M","?","?","M","E","T","M","E","?","E","R","?","$","M","B",null,"R","M","M","M","M","R","T","M","R","M","$","?","E","M","M","B",null,"R","M","M","?","$","M","T","R","M","E","$","?","E","M","M","B",null,"E","$","R","B","B"],"character_chosen":"MARISA","items_purchased":["Boot","SporeBomb","UltimateShortwave","SimpleLauncher"],"campfire_rested":1,"item_purchase_floors":[14,28,39,39],"current_hp_per_floor":[75,71,71,71,71,63,63,61,40,40,32,32,32,27,25,9,75,75,56,56,48,47,47,47,34,34,40,46,46,56,51,49,15,82,82,71,67,67,52,48,48,58,64,54,54,54,60,31,25,18,92,39,39,66,17,0,0],"gold":16,"neow_bonus":"RANDOM_COMMON_RELIC","is_daily":false,"chose_seed":false,"campfire_upgraded":6,"win_rate":0.0,"timestamp":1612246035,"path_taken":["R","M","?","?","?","E","T","M","E","?","E","R","?","$","M","BOSS","R","?","M","M","M","R","T","M","R","?","$","?","E","M","M","BOSS","R","M","M","?","?","M","T","R","M","E","$","?","E","?","M","BOSS","E","$","R","BOSS","BOSS"],"items_purchased_type":["Relic","Card","Card","Relic"],"build_version":"2020-12-22","purchased_purges":3,"victory":false,"max_hp_per_floor":[75,75,75,75,75,75,75,75,75,75,75,75,75,75,75,75,75,75,75,75,75,75,75,75,75,75,75,75,75,82,82,82,82,82,82,82,82,82,82,82,82,92,92,92,92,92,92,92,92,92,92,92,92,92,92,92,92],"card_choices":[{"not_picked":["LuminesStrike","NonDirectionalLaser"],"picked":"DoubleSpark","floor":2.0},{"not_picked":["NonDirectionalLaser","PropBag"],"picked":"EnergyRecoil","floor":3.0},{"not_picked":["DoubleSpark","MilkyWay"],"picked":"SprinkleStarSeal","floor":5.0},{"not_picked":["WitchOfGreed","BinaryStars"],"picked":"ManaRampage","floor":6.0},{"not_picked":["Acceleration","DC","6A"],"picked":"SKIP","floor":8.0},{"not_picked":["StarBarrage","ShootingEcho"],"picked":"GalacticHalo","floor":9.0},{"not_picked":["MilkyWay","DoubleSpark"],"picked":"AlicesGift","floor":11.0},{"not_picked":["AsteroidBelt","WitchOfGreed"],"picked":"PulseMagic","floor":14.0},{"not_picked":["GalacticHalo","MysteriousBeam","GravityBeat"],"picked":"SKIP","floor":15.0},{"not_picked":["CasketOfStar","BinaryStars"],"picked":"MillisecondPulsars","floor":16.0},{"not_picked":["GravityBeat","SprinkleStarSeal"],"picked":"BlazeAway","floor":19.0},{"not_picked":["GravityBeat","EnergyFlow"],"picked":"OortCloud","floor":20.0},{"not_picked":["ShootingEcho","OrrerysSun","LuminesStrike"],"picked":"SKIP","floor":21.0},{"not_picked":["DoubleSpark","AbsoluteMagnitude"],"picked":"RefractionSpark","floor":22.0},{"not_picked":["DragonMeteor+1","OrrerysSun+1"],"picked":"EarthLightRay+1","floor":25.0},{"not_picked":["DoubleSpark","PropBag","GalacticHalo"],"picked":"SKIP","floor":27.0},{"not_picked":["ChargingUp+1","GalacticHalo"],"picked":"CasketOfStar","floor":28.0},{"not_picked":["LuminesStrike+1","WitchOfGreed"],"picked":"EnergyFlow","floor":30.0},{"not_picked":["StarlightTyphoon+1","ShootingEcho"],"picked":"ShootTheMoon+1","floor":31.0},{"not_picked":["GrandCross+1","DoubleSpark","GalacticHalo"],"picked":"SKIP","floor":32.0},{"not_picked":["SuperNova","StarDustReverie"],"picked":"FinalSpark","floor":33.0},{"not_picked":["Occultation","GravityBeat+1","SporeBomb"],"picked":"SKIP","floor":36.0},{"not_picked":["MysteriousBeam+1","DoubleSpark+1","AsteroidBelt"],"picked":"SKIP","floor":37.0},{"not_picked":["Orbital+1","LuminesStrike","GravityBeat"],"picked":"SKIP","floor":39.0},{"not_picked":["OneTimeOff","DC","6A+1"],"picked":"SKIP","floor":40.0},{"not_picked":["OneTimeOff","GrandCross"],"picked":"JA","floor":43},{"not_picked":["ShootingEcho","MeteoricShower+1"],"picked":"UnstableBomb+1","floor":44},{"not_picked":["DarkMatter","PulseMagic"],"picked":"DoubleSpark+1","floor":47},{"not_picked":["AsteroidBelt+1","ShootingEcho+1"],"picked":"MilkyWay+1","floor":48},{"not_picked":["ShootingEcho+1","WitchOfGreed","MysteriousBeam"],"picked":"SKIP","floor":49},{"not_picked":["ShootingEcho","AsteroidBelt+1","StarDustReverie"],"picked":"SKIP","floor":52}],"player_experience":183829,"relics_obtained":[{"floor":6.0,"key":"Matryoshka"},{"floor":7.0,"key":"Art of War"},{"floor":7.0,"key":"Simple Rune"},{"floor":9.0,"key":"Calipers"},{"floor":11.0,"key":"Bag of Preparation"},{"floor":24.0,"key":"Bronze Scales"},{"floor":24.0,"key":"Whetstone"},{"floor":29.0,"key":"Ring of Searing"},{"floor":29.0,"key":"Ring of Fury"},{"floor":30.0,"key":"Strawberry"},{"floor":44,"key":"Blue Doll"},{"floor":47,"key":"Pen Nib"},{"floor":52,"key":"Vajra"}],"event_choices":[{"damage_healed":0.0,"max_hp_gain":0.0,"max_hp_loss":0.0,"gold_gain":0.0,"event_name":"Lab","player_choice":"Got Potions","floor":4.0,"gold_loss":0.0,"damage_taken":0.0}],"is_beta":false,"boss_relics":[{"not_picked":["Kintsugi","Replay:Ancient Bell"],"picked":"BewitchedHakkero"},{"not_picked":["Honey Jar","Runic Pyramid"],"picked":"Replay:Bronze Core"}],"items_purged_floors":[14,28,53],"is_endless":false,"potions_floor_spawned":[6,8,9,15,21,22,25,33,36,40,47,48,49],"killed_by":"downfall:NeowBossFinal","ascension_level":2}}