{"host":"spoxbmo2txwgdxt2","time":1612288748,"event":{"mods":["AchievementEnabler","Act Like it!","BaseMod","Colored Powertips","Gensokyo","Hallownest","Lobotomy","LobotomyExtend","Marisa£®ÏF”Í°°ƒß¿Ì…≥£©","Minty Spire (QoL Compilation)","Quick Restart","Shop Mod","StSLib","The Administrix"],"gold_per_floor":[113,131,151,171,191,218,218,91,116,147,147,147,159,4,4,99,99,110,110,360,372,372,372,407,407,407,420,453,453,464,464,464,567,567,577,595,595,595,595,595,622,639,639,673,32,32,44,61,61,61,61,61,9,9,9],"floor_reached":56,"language":"ZHS","playtime":9503,"items_purged":["FieryBird","Pride"],"score":1427,"play_id":"6b078d74-112e-4d23-9615-af524512e7ea","local_time":"20210203015908","is_ascension_mode":true,"campfire_choices":[{"data":"AdministrixMod:TouchOfCinnabar","floor":7.0,"key":"SMITH"},{"data":"AdministrixMod:ShadowPlay","floor":11.0,"key":"SMITH"},{"floor":15.0,"key":"REST"},{"data":"AdministrixMod:BegetEternity","floor":23.0,"key":"SMITH"},{"data":"AdministrixMod:WickedPunishment","floor":25.0,"key":"SMITH"},{"data":"AdministrixMod:ShadowPlay","floor":32.0,"key":"SMITH"},{"data":"Gensokyo:PrivateSquare","floor":40.0,"key":"SMITH"},{"floor":49.0,"key":"RECALL"},{"data":"AdministrixMod:BattleforgedBonds","floor":52.0,"key":"SMITH"}],"circlet_count":0,"master_deck":["WhiteNight","QueenOfHatred","AdministrixMod:Strike_Administrix","AdministrixMod:Strike_Administrix","AdministrixMod:RedCloak","AdministrixMod:Defend_Administrix","AdministrixMod:Defend_Administrix","AdministrixMod:Defend_Administrix","AdministrixMod:Defend_Administrix","AdministrixMod:BlueCloak","ShyLook","AdministrixMod:TouchOfCinnabar+1","OSAHOGD","AdministrixMod:RebukeDesires","AdministrixMod:DreamsMausoleum","AdministrixMod:JustRewards","AdministrixMod:TouchOfCinnabar+1","AdministrixMod:ShadowPlay+1","Flash of Steel","AdministrixMod:BlueCloak","AdministrixMod:WickedPunishment+1","UniverseFragment","AdministrixMod:BegetEternity+1","AdministrixMod:ShadowPlay+1","AdministrixMod:ShadowPlay+1","QueenBee","AdministrixMod:HarmonicReverence+1","BlackSwan","AdministrixMod:BrewingCloister","GalaxyChild","AdministrixMod:NewWardrobe+1","CENSORED","AdministrixMod:BloodlessSapphire+1","Gensokyo:PrivateSquare+1","AdministrixMod:Schism","AdministrixMod:HarmonicReverence+1","GreedKing","AdministrixMod:ExtolVirtue","AdministrixMod:LifeforceNet","AdministrixMod:BattleforgedBonds+1","AdministrixMod:FuneraryRites+1","Yin"],"relics":["AdministrixMod:ConductorRitualBaton","CogitoBucket","LetterFromLob","TungstenRod","Oddly Smooth Stone","Bag of Preparation","BehaviorAdjustment","AdministrixMod:CrackedTaijitu","AdministrixMod:ElixirOfImmorality","Gensokyo:ConquerorOfFear","Pen Nib","HellTrain","Ornamental Fan","Gensokyo:MosesMiracle","Gensokyo:ChorusOfJoy","SacredBark","InTheNameOfLoveAndHate_r","AtMidnight","SkinProphecy","Moonlight_r","Lizard Tail","Blue Candle","Bottled Tornado","Sling","Bird Faced Urn","Yang_Lob","DeathAngel"],"acts_visited":["Exordium","Gensokyo:Gensokyoer","Gensokyo:Gensokyoest","TheEnding"],"potions_floor_usage":[55,55],"damage_taken":[{"damage":0.0,"enemies":"Small Slimes","floor":1.0,"turns":3.0},{"damage":0.0,"enemies":"Cultist","floor":2.0,"turns":4.0},{"damage":0.0,"enemies":"Jaw Worm","floor":3.0,"turns":5.0},{"damage":2.0,"enemies":"Looter","floor":4.0,"turns":4.0},{"damage":0.0,"enemies":"2 Fungi Beasts","floor":5.0,"turns":5.0},{"damage":18.0,"enemies":"3 Sentries","floor":6.0,"turns":5.0},{"damage":11.0,"enemies":"Gremlin Nob","floor":10.0,"turns":4.0},{"damage":17.0,"enemies":"Blue Slaver","floor":13.0,"turns":4.0},{"damage":12.0,"enemies":"The Guardian","floor":16.0,"turns":15.0},{"damage":0.0,"enemies":"Gensokyo:CosmicMonolith","floor":18.0,"turns":4.0},{"damage":0.0,"enemies":"Gensokyo:2_Gloops","floor":21.0,"turns":4.0},{"damage":6.0,"enemies":"Gensokyo:Koishi","floor":24.0,"turns":8.0},{"damage":32.0,"enemies":"Gensokyo:Wraith","floor":27.0,"turns":7.0},{"damage":0.0,"enemies":"Gensokyo:Reisen","floor":28.0,"turns":4.0},{"damage":8.0,"enemies":"Gensokyo:Swordslinger","floor":30.0,"turns":3.0},{"damage":0.0,"enemies":"Gensokyo:Eternal_Rivals","floor":33.0,"turns":7.0},{"damage":0.0,"enemies":"Gensokyo:3_Bats","floor":35.0,"turns":3.0},{"damage":25.0,"enemies":"Gensokyo:3_Boulders","floor":36.0,"turns":7.0},{"damage":19.0,"enemies":"Gensokyo:Kasen","floor":41.0,"turns":6.0},{"damage":28.0,"enemies":"Gensokyo:4_Bats","floor":42.0,"turns":5.0},{"damage":81.0,"enemies":"Gensokyo:Marisa","floor":44.0,"turns":6.0},{"damage":60.0,"enemies":"Gensokyo:AtlasGolem","floor":47.0,"turns":6.0},{"damage":0.0,"enemies":"Gensokyo:Sharpion","floor":48.0,"turns":5.0},{"damage":18.0,"enemies":"Gensokyo:Scarlet_Devils","floor":50.0,"turns":9.0},{"damage":95.0,"enemies":"Shield and Spear","floor":54.0,"turns":10.0},{"damage":91,"enemies":"The Heart","floor":55,"turns":10}],"seed_played":"-3545429845586692038","potions_obtained":[{"floor":1.0,"key":"LiquidBronze"},{"floor":4.0,"key":"SteroidPotion"},{"floor":10.0,"key":"BlessingOfTheForge"},{"floor":18.0,"key":"Ancient Potion"},{"floor":21.0,"key":"FairyPotion"},{"floor":27.0,"key":"SkillPotion"},{"floor":30.0,"key":"BlessingOfTheForge"},{"floor":36.0,"key":"SteroidPotion"},{"floor":42.0,"key":"FearPotion"},{"floor":47.0,"key":"Dexterity Potion"}],"is_trial":false,"path_per_floor":["M","M","M","M","M","E","R","$","T","E","R","?","M","$","R","B",null,"M","?","?","M","?","R","E","R","T","M","E","?","M","?","R","B",null,"M","M","?","?","?","R","E","M","T","E","$","?","M","M","R","B",null,"R","$","E","B",null],"character_chosen":"TheAdministrix","items_purchased":["AdministrixMod:ShadowPlay","AdministrixMod:CrackedTaijitu","AdministrixMod:LifeforceNet","Sling","Bird Faced Urn","PowerPotion"],"campfire_rested":1,"item_purchase_floors":[8,14,45,45,45,53],"current_hp_per_floor":[65,65,65,63,63,45,45,45,45,34,34,34,17,17,36,39,65,65,65,62,62,62,62,62,62,62,48,48,48,40,40,40,62,62,62,37,49,41,41,41,35,27,27,58,58,58,27,31,31,29,74,74,74,43,40],"gold":9,"neow_bonus":"","is_daily":false,"chose_seed":false,"campfire_upgraded":7,"win_rate":0.0,"timestamp":1612288748,"path_taken":["M","M","M","M","M","E","R","$","T","E","R","?","M","$","R","BOSS","M","?","?","M","?","R","E","R","T","M","E","?","?","?","R","BOSS","M","M","?","?","?","R","E","M","T","E","$","?","M","M","R","BOSS","R","$","E","BOSS"],"items_purchased_type":["Card","Relic","Card","Relic","Relic","Potion"],"build_version":"2020-12-22","purchased_purges":2,"victory":true,"max_hp_per_floor":[65,65,65,65,65,65,65,65,65,65,65,65,65,65,65,65,65,65,65,62,62,62,62,62,62,62,62,62,62,62,62,62,62,62,62,62,62,62,62,62,64,66,66,68,68,68,70,72,72,74,74,74,74,78,80],"card_choices":[{"not_picked":["Murderer","PunishingBird"],"picked":"ShyLook","floor":1.0},{"not_picked":["AdministrixMod:LightOfYourLife","AdministrixMod:NoblePath"],"picked":"AdministrixMod:TouchOfCinnabar","floor":1.0},{"not_picked":["SpiderBud","LongBird"],"picked":"OSAHOGD","floor":2.0},{"not_picked":["AdministrixMod:FuneraryRites","AdministrixMod:RegentEdict"],"picked":"AdministrixMod:RebukeDesires","floor":2.0},{"not_picked":["AdministrixMod:NoblePath","AdministrixMod:RebukeDesires","AdministrixMod:Transition"],"picked":"SKIP","floor":3.0},{"not_picked":["Bloodbath","Woodsman"],"picked":"FieryBird","floor":4.0},{"not_picked":["AdministrixMod:NoblePath","AdministrixMod:ShadowPlay"],"picked":"AdministrixMod:DreamsMausoleum","floor":4.0},{"not_picked":["AdministrixMod:TouchOfCinnabar","AdministrixMod:LightOfYourLife","AdministrixMod:JustRewards"],"picked":"SKIP","floor":5.0},{"not_picked":["AdministrixMod:TouchOfCinnabar","AdministrixMod:LightOfYourLife","AdministrixMod:JustRewards"],"picked":"SKIP","floor":5.0},{"not_picked":["AdministrixMod:TouchOfCinnabar","AdministrixMod:LightOfYourLife"],"picked":"AdministrixMod:JustRewards","floor":5.0},{"not_picked":["Scorched","WhitesApple"],"picked":"CherryBlossoms","floor":6.0},{"not_picked":["AdministrixMod:PassageOfAges","AdministrixMod:DiversionaryTactic"],"picked":"AdministrixMod:TouchOfCinnabar","floor":6.0},{"not_picked":["WallGazer","Wellcheers"],"picked":"QueenOfHatred","floor":10.0},{"not_picked":["AdministrixMod:ImmortalGrace","AdministrixMod:ImmortalPurity"],"picked":"AdministrixMod:ImmortalClarity","floor":10.0},{"not_picked":["VoidDream","Woodsman"],"picked":"UniverseFragment","floor":13.0},{"not_picked":["AdministrixMod:FuneraryRites","AdministrixMod:DiversionaryTactic"],"picked":"AdministrixMod:BegetEternity","floor":13.0},{"not_picked":["AdministrixMod:PassageOfAges","AdministrixMod:QuietConspiracy"],"picked":"AdministrixMod:ShadowPlay","floor":18.0},{"not_picked":["AdministrixMod:TrickOfTheLight+1","AdministrixMod:NoblePath+1","AdministrixMod:FuneraryRites"],"picked":"SKIP","floor":21.0},{"not_picked":["AdministrixMod:DiversionaryTactic","AdministrixMod:ShadowPlay","AdministrixMod:FiendishCrimson+1"],"picked":"SKIP","floor":24.0},{"not_picked":["AdministrixMod:DiversionaryTactic","AdministrixMod:FiendishCrimson+1"],"picked":"AdministrixMod:ShadowPlay","floor":24.0},{"not_picked":["SingingMachine","CrumblingArmor"],"picked":"QueenBee","floor":27.0},{"not_picked":["AdministrixMod:CrackingPangu","AdministrixMod:SipOfSparks+1","AdministrixMod:CenturiesAscent"],"picked":"SKIP","floor":27.0},{"not_picked":["AdministrixMod:CrackingPangu","AdministrixMod:SipOfSparks+1","AdministrixMod:CenturiesAscent"],"picked":"SKIP","floor":27.0},{"not_picked":["AdministrixMod:GuanyinBlessing+1","AdministrixMod:FiendishCrimson","AdministrixMod:PlateOfAntiquity"],"picked":"SKIP","floor":28.0},{"not_picked":["AdministrixMod:Overdrive","AdministrixMod:ReachToHeaven+1"],"picked":"AdministrixMod:HarmonicReverence+1","floor":30.0},{"not_picked":["Porccubus","DespairKnight"],"picked":"BlackSwan","floor":33.0},{"not_picked":["AdministrixMod:HaveItAll","AdministrixMod:TenDesires"],"picked":"AdministrixMod:BrewingCloister","floor":33.0},{"not_picked":["Yin","Porccubus"],"picked":"GalaxyChild","floor":35.0},{"not_picked":["AdministrixMod:SipOfSparks+1","AdministrixMod:ExtolVirtue"],"picked":"AdministrixMod:NewWardrobe+1","floor":35.0},{"not_picked":["NakedNest","SingingMachine"],"picked":"CENSORED","floor":36.0},{"not_picked":["AdministrixMod:Wuji+1","AdministrixMod:SipOfSparks+1"],"picked":"AdministrixMod:BloodlessSapphire+1","floor":36.0},{"not_picked":["AdministrixMod:PassageOfAges+1","AdministrixMod:QuietConspiracy+1"],"picked":"AdministrixMod:Schism","floor":41.0},{"not_picked":["AdministrixMod:ShadowPlay","AdministrixMod:RisingSunPrince+1"],"picked":"AdministrixMod:HarmonicReverence+1","floor":42.0},{"not_picked":["BigBird","Porccubus"],"picked":"GreedKing","floor":44.0},{"not_picked":["AdministrixMod:HarmonicReverence","AdministrixMod:CenturiesAscent"],"picked":"AdministrixMod:ExtolVirtue","floor":44.0},{"not_picked":["LittleHelper","Mercenary"],"picked":"PlagueDoctor","floor":47.0},{"not_picked":["AdministrixMod:ImmortalGrace+1","AdministrixMod:PlateOfAntiquity+1"],"picked":"AdministrixMod:FuneraryRites+1","floor":47.0},{"not_picked":["NothingThere","MeltingLove"],"picked":"Yin","floor":48.0},{"not_picked":["AdministrixMod:NoblePath+1","AdministrixMod:ReachToHeaven","AdministrixMod:Transcension+1"],"picked":"SKIP","floor":48.0},{"not_picked":["AdministrixMod:QuietConspiracy+1","AdministrixMod:DiversionaryTactic+1"],"picked":"AdministrixMod:MixOfMercury+1","floor":54.0}],"player_experience":340266,"relics_obtained":[{"floor":1.0,"key":"LetterFromLob"},{"floor":6.0,"key":"TungstenRod"},{"floor":9.0,"key":"Oddly Smooth Stone"},{"floor":10.0,"key":"Bag of Preparation"},{"floor":21.0,"key":"Gensokyo:ConquerorOfFear"},{"floor":24.0,"key":"Pen Nib"},{"floor":28.0,"key":"Ornamental Fan"},{"floor":35.0,"key":"Gensokyo:MosesMiracle"},{"floor":36.0,"key":"AtMidnight"},{"floor":41.0,"key":"Lizard Tail"},{"floor":43.0,"key":"Blue Candle"},{"floor":44.0,"key":"Bottled Tornado"},{"floor":54.0,"key":"DeathAngel"}],"event_choices":[{"damage_healed":0.0,"max_hp_gain":0.0,"max_hp_loss":0.0,"gold_gain":0.0,"event_name":"Match and Keep!","player_choice":"3 cards matched","floor":12.0,"gold_loss":0.0,"damage_taken":0.0,"cards_obtained":["Flash of Steel","AdministrixMod:BlueCloak","AdministrixMod:WickedPunishment"]}],"is_beta":false,"boss_relics":[{"not_picked":["Philosopher\u0027s Stone","Astrolabe"],"picked":"AdministrixMod:ElixirOfImmorality"},{"not_picked":["Tiny House","Cursed Key"],"picked":"SacredBark"}],"items_purged_floors":[8,45],"is_endless":false,"potions_floor_spawned":[1,4,10,18,21,27,30,36,42,47],"ascension_level":1}}