{"host":"6dypmz777xraikqf","time":1612260255,"event":{"mods":["AchievementEnabler","BaseMod","BetterRewards","Colored Map","Colored Powertips","Downfall","Highlight Path","Hubris","Infinite Spire","Minty Spire (QoL Compilation)","Replay The Spire","StSLib"],"gold_per_floor":[115,130,141,416,436,436,449,469,493,527,527,180,197,197,197,197,197],"floor_reached":16,"language":"ENG","playtime":2996,"items_purged":["Strike_G","Defend_G","Regret"],"score":239,"play_id":"55d7fa0c-b362-4c6f-875a-0dc2d1d99165","local_time":"20210202100415","is_ascension_mode":true,"campfire_choices":[{"floor":6,"key":"REST"},{"floor":11,"key":"REST"},{"floor":15,"key":"REST"}],"circlet_count":0,"master_deck":["AscendersBane","Strike_G","Strike_G+1","Strike_G","Strike_G","Defend_G","Defend_G","Defend_G","Defend_G","Survivor","Neutralize","ReplayTheSpireMod:Scrap Shanks","ReplayTheSpireMod:Scrap Shanks","Fluid Movement","Endless Agony+1","Cloak And Dagger","Toxin Wave","PiercingWail+1","Calculated Gamble","Caltrops","Backflip","Neutralize","Good Instincts"],"relics":["Ring of the Snake","ReplayTheSpireMod:TigerMarble","Lantern","Basket Of Snakes","Whetstone","Akabeko","Gremlin Food"],"acts_visited":["Exordium"],"potions_floor_usage":[10,10,10],"damage_taken":[{"damage":0,"enemies":"infinitespire:Voidling","floor":1,"turns":4},{"damage":0,"enemies":"Small Slimes","floor":2,"turns":1},{"damage":6,"enemies":"Cultist","floor":3,"turns":4},{"damage":7,"enemies":"Red Slaver","floor":5,"turns":4},{"damage":3,"enemies":"3 Louse","floor":7,"turns":4},{"damage":5,"enemies":"Blue Slaver","floor":8,"turns":4},{"damage":39,"enemies":"Gremlin Nob","floor":10,"turns":6},{"damage":7,"enemies":"Exordium Thugs","floor":13,"turns":4},{"damage":49,"enemies":"Slime Boss","floor":16,"turns":12}],"seed_played":"1626880338718809462","potions_obtained":[{"floor":1,"key":"ColorlessPotion"},{"floor":2,"key":"LiquidMemories"},{"floor":5,"key":"ColorlessPotion"}],"is_trial":false,"path_per_floor":["M","M","M","?","M","R","M","M","T","E","R","$","M","?","R","B"],"character_chosen":"THE_SILENT","items_purchased":["ReplayTheSpireMod:TigerMarble","Lantern","ReplayTheSpireMod:Scrap Shanks","ReplayTheSpireMod:Scrap Shanks","Gremlin Food","Caltrops"],"campfire_rested":3,"item_purchase_floors":[0,0,0,0,12,12],"current_hp_per_floor":[49,49,43,43,36,57,54,49,49,10,31,31,24,24,45,0,0],"gold":197,"neow_bonus":"","is_daily":false,"chose_seed":false,"campfire_upgraded":0,"win_rate":0.0,"timestamp":1612260255,"path_taken":["M","?","M","?","M","R","?","M","T","E","R","?","M","?","R","BOSS"],"items_purchased_type":["Relic","Relic","Card","Card","Relic","Card"],"build_version":"2020-12-22","purchased_purges":3,"victory":false,"max_hp_per_floor":[70,70,70,70,70,70,70,70,70,70,70,70,70,70,70,70,70],"card_choices":[{"not_picked":["Poisoned Stab","Skewer"],"picked":"Fluid Movement","floor":1},{"not_picked":["Dagger Spray","Choke","PiercingWail"],"picked":"SKIP","floor":2},{"not_picked":["Dodge and Roll","Sucker Punch"],"picked":"Endless Agony","floor":3},{"not_picked":["Slice","Deadly Poison"],"picked":"Cloak And Dagger","floor":5},{"not_picked":["Fluid Movement","Predator"],"picked":"Toxin Wave","floor":7},{"not_picked":["Masterful Stab","hubris:SlightOfHand"],"picked":"PiercingWail","floor":8},{"not_picked":["Deflect","Malaise"],"picked":"Calculated Gamble","floor":10},{"not_picked":["Flying Knee","Cloak And Dagger"],"picked":"Backflip","floor":13}],"player_experience":183232,"relics_obtained":[{"floor":9,"key":"Whetstone"},{"floor":10,"key":"Akabeko"}],"event_choices":[{"damage_healed":0,"gold_gain":275,"player_choice":"Desecrate","damage_taken":0,"max_hp_gain":0,"max_hp_loss":0,"event_name":"Golden Shrine","floor":4,"gold_loss":0,"cards_obtained":["Regret"]},{"damage_healed":0,"gold_gain":0,"player_choice":"2 cards matched","damage_taken":0,"max_hp_gain":0,"max_hp_loss":0,"event_name":"Match and Keep!","floor":14,"gold_loss":0,"cards_obtained":["Neutralize","Good Instincts"]}],"is_beta":false,"boss_relics":[],"items_purged_floors":[0,0,12],"is_endless":false,"potions_floor_spawned":[1,2,5,8],"killed_by":"Slime Boss","ascension_level":11}}