{"host":"8jwif9mna8ud19ho","time":1612270446,"event":{"mods":["BaseMod","Better Vampires","Marisa£¨ìFÓê¡¡Ä§ÀíÉ³£©","Minty Spire (QoL Compilation)","Reimu£¨²©ÀöÁéÃÎ£©","RumiaBox-Â¶Ã×æ«µÄÉñÃØºÐ×Ó","StSLib","¡¾ÒÅÎï¿¨ÅÆ¡¿REMEMod"],"gold_per_floor":[113,129,129,46,46,80,96,124,124,124,134,134,163,163,163,163,163],"floor_reached":16,"language":"ZHS","playtime":325,"items_purged":[],"score":279,"play_id":"48a9383a-d95a-49ef-bf44-101739a11313","local_time":"20210202205406","is_ascension_mode":true,"campfire_choices":[{"data":"Eruption","floor":12.0,"key":"SMITH"},{"floor":15.0,"key":"REST"}],"circlet_count":0,"master_deck":["AscendersBane","Strike_P+1","Strike_P","Strike_P","Strike_P","Defend_P","Defend_P+1","Defend_P","Defend_P","Eruption+1","Vigilance","REME_Fury","Fasting2"],"relics":["PureWater","REME_ComplimentaryCards","NeowsBlessing","Letter Opener","Blue Candle","Pear","Centennial Puzzle","Bottled Lightning"],"acts_visited":["Exordium"],"potions_floor_usage":[],"damage_taken":[{"damage":0.0,"enemies":"Small Slimes","floor":1.0,"turns":3.0},{"damage":0.0,"enemies":"2 Louse","floor":2.0,"turns":1.0},{"damage":0.0,"enemies":"3 Sentries","floor":6.0,"turns":3.0},{"damage":11.0,"enemies":"Jaw Worm","floor":7.0,"turns":4.0},{"damage":22.0,"enemies":"Gremlin Nob","floor":8.0,"turns":3.0},{"damage":1.0,"enemies":"Looter","floor":11.0,"turns":4.0},{"damage":9.0,"enemies":"Lagavulin","floor":13.0,"turns":6.0},{"damage":0,"enemies":"The Guardian","floor":16,"turns":1}],"seed_played":"-4772237586625594180","potions_obtained":[{"floor":1.0,"key":"GamblersBrew"},{"floor":11.0,"key":"MagicPotion:ReiMu"}],"is_trial":false,"path_per_floor":["M","M","?","$","?","E","M","E","T","?","M","R","E","?","R","B"],"character_chosen":"WATCHER","items_purchased":["Fasting2"],"campfire_rested":1,"item_purchase_floors":[4],"current_hp_per_floor":[61,61,41,41,41,41,30,8,18,13,12,12,3,3,26,26,26],"gold":163,"neow_bonus":"THREE_ENEMY_KILL","is_daily":false,"chose_seed":false,"campfire_upgraded":1,"win_rate":0.0,"timestamp":1612270446,"path_taken":["M","M","?","$","?","E","M","E","T","?","?","R","E","?","R","BOSS"],"items_purchased_type":["Card"],"build_version":"2020-12-22","purchased_purges":0,"victory":false,"max_hp_per_floor":[68,68,68,68,68,68,68,68,78,78,78,78,78,78,78,78,78],"card_choices":[{"not_picked":["WaveOfTheHand","Crescendo","EmptyBody"],"picked":"SKIP","floor":1.0},{"not_picked":["WindmillStrike","Evaluate","EmptyFist"],"picked":"SKIP","floor":2.0},{"not_picked":["FlyingSleeves","Collect","FlurryOfBlows"],"picked":"SKIP","floor":6.0},{"not_picked":["ClearTheMind","JustLucky","Evaluate"],"picked":"SKIP","floor":7.0},{"not_picked":["Halt","SignatureMove","EmptyBody"],"picked":"SKIP","floor":8.0},{"not_picked":["CrushJoints","EmptyMind","EmptyFist"],"picked":"SKIP","floor":11.0},{"not_picked":["ReachHeaven","Protect","Prostrate"],"picked":"SKIP","floor":13.0}],"player_experience":1125301,"relics_obtained":[{"floor":6.0,"key":"Letter Opener"},{"floor":8.0,"key":"Blue Candle"},{"floor":9.0,"key":"Pear"},{"floor":13.0,"key":"Bottled Lightning"}],"event_choices":[{"damage_healed":0.0,"max_hp_gain":0.0,"max_hp_loss":0.0,"gold_gain":0.0,"event_name":"Shining Light","player_choice":"Entered Light","floor":3.0,"gold_loss":0.0,"damage_taken":20.0,"cards_upgraded":["Strike_P","Defend_P"]},{"damage_healed":0.0,"max_hp_gain":0.0,"max_hp_loss":0.0,"gold_gain":0.0,"event_name":"Scrap Ooze","player_choice":"Success","floor":10.0,"gold_loss":0.0,"damage_taken":5.0,"relics_obtained":["Centennial Puzzle"]},{"damage_healed":0.0,"max_hp_gain":0.0,"max_hp_loss":0.0,"gold_gain":0.0,"event_name":"Liars Game","player_choice":"Ignored","floor":14.0,"gold_loss":0.0,"damage_taken":0.0}],"is_beta":false,"boss_relics":[],"items_purged_floors":[],"is_endless":false,"potions_floor_spawned":[1,11],"killed_by":"The Guardian","ascension_level":19}}