{"host":"0k696jvpnlqjk4gh","time":1612298967,"event":{"mods":["AchievementEnabler","BaseMod","Colored Map","Colored Powertips","Minty Spire (QoL Compilation)","Quick Restart"],"gold_per_floor":[118,118,136,68,68,103,121,121,175,275,287,319,319,24,24,124,124,138,63,80,80,179,204,204,204,204],"floor_reached":25,"language":"ENG","playtime":1253,"items_purged":[],"score":286,"play_id":"c6fd504b-834f-494e-a296-912c742d3c4c","local_time":"20210202204927","is_ascension_mode":true,"campfire_choices":[{"floor":8,"key":"REST"},{"floor":13,"key":"REST"},{"floor":15,"key":"RECALL"}],"circlet_count":0,"master_deck":["Zap","Dualcast","CurseOfTheBell","Conserve Battery","Go for the Eyes","Coolheaded","Hello World","Defragment","Loop","Melter","Sweeping Beam","Creative AI","BootSequence","Beam Cell","Melter","Barrage","Reinforced Body","Steam","Cold Snap","Redo+1","Gash","Defragment"],"relics":["Calling Bell","Oddly Smooth Stone","Mummified Hand","Prayer Wheel","FaceOfCleric","Toy Ornithopter","Strawberry","Juzu Bracelet","OrangePellets","Pandora\u0027s Box","MutagenicStrength","MealTicket","Eternal Feather"],"acts_visited":["Exordium","TheCity"],"potions_floor_usage":[6,11,12,23,23],"damage_taken":[{"damage":5,"enemies":"2 Louse","floor":1,"turns":3},{"damage":2,"enemies":"Cultist","floor":3,"turns":5},{"damage":29,"enemies":"Lagavulin","floor":6,"turns":7},{"damage":2,"enemies":"Small Slimes","floor":7,"turns":4},{"damage":18,"enemies":"Gremlin Gang","floor":11,"turns":4},{"damage":3,"enemies":"3 Sentries","floor":12,"turns":10},{"damage":30,"enemies":"Hexaghost","floor":16,"turns":13},{"damage":3,"enemies":"Shell Parasite","floor":18,"turns":5},{"damage":23,"enemies":"2 Thieves","floor":19,"turns":5},{"damage":42,"enemies":"Cultist and Chosen","floor":20,"turns":8},{"damage":30,"enemies":"Slavers","floor":23,"turns":7},{"damage":4,"enemies":"Book of Stabbing","floor":25,"turns":2}],"seed_played":"7480508373562990856","potions_obtained":[{"floor":1,"key":"AttackPotion"},{"floor":3,"key":"BlessingOfTheForge"},{"floor":11,"key":"DistilledChaos"},{"floor":16,"key":"FearPotion"},{"floor":20,"key":"CultistPotion"}],"is_trial":false,"path_per_floor":["M","?","M","$","?","E","M","R","T","?","M","E","R","$","R","B",null,"M","M","M","?","?","E","T","E"],"character_chosen":"DEFECT","items_purchased":["Hello World","Juzu Bracelet","OrangePellets"],"campfire_rested":2,"item_purchase_floors":[4,14,14],"current_hp_per_floor":[70,70,69,69,62,34,33,56,56,56,44,54,80,80,80,51,88,86,64,23,23,23,4,4,0,0],"gold":204,"neow_bonus":"BOSS_RELIC","is_daily":false,"chose_seed":false,"campfire_upgraded":0,"win_rate":0.0,"timestamp":1612298967,"path_taken":["M","?","M","?","?","E","M","R","T","?","?","E","R","$","R","BOSS","M","M","M","?","?","E","?","E"],"items_purchased_type":["Card","Relic","Relic"],"build_version":"2020-12-22","purchased_purges":0,"victory":false,"max_hp_per_floor":[75,75,76,76,76,77,78,78,78,78,79,87,87,87,87,88,88,89,90,91,91,91,92,92,92,92],"card_choices":[{"not_picked":["Go for the Eyes","Undo"],"picked":"Conserve Battery","floor":1},{"not_picked":["Barrage","Force Field","All For One"],"picked":"SKIP","floor":1},{"not_picked":["Turbo","Force Field"],"picked":"Go for the Eyes","floor":3},{"not_picked":["Reprogram","FTL"],"picked":"Coolheaded","floor":3},{"not_picked":["Steam","Multi-Cast","Stack"],"picked":"SKIP","floor":6},{"not_picked":["FTL","Undo"],"picked":"Defragment","floor":7},{"not_picked":["Conserve Battery","Streamline"],"picked":"Loop","floor":7},{"not_picked":["Go for the Eyes","Compile Driver"],"picked":"Melter","floor":11},{"not_picked":["Steam","Coolheaded","Leap"],"picked":"SKIP","floor":11},{"not_picked":["Hyperbeam","Steam"],"picked":"Sweeping Beam","floor":12},{"not_picked":["Machine Learning","Biased Cognition"],"picked":"Creative AI","floor":16},{"not_picked":["Undo+1","Rebound","Gash"],"picked":"SKIP","floor":18},{"not_picked":["White Noise","Rip and Tear+1","Undo+1"],"picked":"SKIP","floor":18},{"not_picked":["Beam Cell+1","Coolheaded"],"picked":"Redo+1","floor":19},{"not_picked":["Turbo","Doom and Gloom","Darkness+1"],"picked":"SKIP","floor":19},{"not_picked":["Chaos","Steam"],"picked":"Gash","floor":20},{"not_picked":["Redo","Go for the Eyes","Turbo"],"picked":"SKIP","floor":20},{"not_picked":["Beam Cell","Consume"],"picked":"Defragment","floor":23}],"player_experience":115916,"relics_obtained":[{"floor":0,"key":"Oddly Smooth Stone"},{"floor":0,"key":"Mummified Hand"},{"floor":0,"key":"Prayer Wheel"},{"floor":6,"key":"Toy Ornithopter"},{"floor":12,"key":"Strawberry"},{"floor":23,"key":"MealTicket"},{"floor":24,"key":"Eternal Feather"}],"event_choices":[{"damage_healed":0,"gold_gain":0,"player_choice":"Trade","damage_taken":0,"relics_obtained":["FaceOfCleric"],"max_hp_gain":0,"max_hp_loss":0,"event_name":"FaceTrader","floor":2,"gold_loss":0},{"cards_removed":["Strike_B"],"damage_healed":0,"gold_gain":0,"player_choice":"Card Removal","damage_taken":7,"max_hp_gain":0,"max_hp_loss":0,"event_name":"Golden Wing","floor":5,"gold_loss":0},{"damage_healed":0,"gold_gain":100,"player_choice":"Pray","damage_taken":0,"max_hp_gain":0,"max_hp_loss":0,"event_name":"Golden Shrine","floor":10,"gold_loss":0},{"damage_healed":0,"gold_gain":0,"player_choice":"Inject Mutagens","damage_taken":0,"relics_obtained":["MutagenicStrength"],"max_hp_gain":0,"max_hp_loss":0,"event_name":"Drug Dealer","floor":21,"gold_loss":0},{"damage_healed":0,"gold_gain":99,"player_choice":"Stole From Cult","damage_taken":0,"max_hp_gain":0,"max_hp_loss":0,"event_name":"Nest","floor":22,"gold_loss":0}],"is_beta":false,"boss_relics":[{"not_picked":["Busted Crown","Coffee Dripper"],"picked":"Pandora\u0027s Box"}],"items_purged_floors":[],"is_endless":false,"potions_floor_spawned":[1,3,11,16,20],"killed_by":"Book of Stabbing","ascension_level":3}}