{"host":"vyjryxuuuxkt43k4","time":1612243198,"event":{"mods":["AchievementEnabler","BaseMod","Colored Map","DeckTracker","Keyboard Shortcuts","Minty Spire (QoL Compilation)","Permanent Neow","Quick Restart","Rare Cards Sparkle","Relic Stats","StSLib","SuperFastMode","everything is the same but u backflip on backflip"],"gold_per_floor":[109,79,98,110,110,110,134,172,172,208,222,238,238,276,276,401,401,419,442,442,442,56,56,83,93,148,178,178,178,193,207,207,308,308,325,336,16,16,36,36,66,66,117,129,146,179,0,26,26,26,26,26,6,37,37],"floor_reached":56,"language":"KOR","playtime":7496,"items_purged":["Strike_B"],"score":1771,"play_id":"b2f6403e-317d-4925-a5b6-1f9104ac95fe","local_time":"20210202141958","is_ascension_mode":true,"campfire_choices":[{"data":"Apotheosis","floor":6.0,"key":"SMITH"},{"data":"Chill","floor":13.0,"key":"SMITH"},{"data":"Sunder","floor":15.0,"key":"SMITH"},{"data":"Seek","floor":23.0,"key":"SMITH"},{"data":"Defragment","floor":29.0,"key":"SMITH"},{"floor":32.0,"key":"RECALL"},{"data":"Genetic Algorithm","floor":40.0,"key":"SMITH"},{"data":"Creative AI","floor":42.0,"key":"SMITH"},{"data":"Echo Form","floor":49.0,"key":"SMITH"},{"data":"Meteor Strike","floor":52.0,"key":"SMITH"}],"circlet_count":0,"master_deck":["AscendersBane","Strike_B","Strike_B","Strike_B","Defend_B","Defend_B","Defend_B+1","Defend_B","Zap","Dualcast","Apotheosis+1","Streamline","FTL+1","Self Repair","Meteor Strike+1","Auto Shields","Chill+1","Steam","Sunder+1","Seek+1","Coolheaded","Tempest","Cold Snap","Defragment+1","Impatience","Genetic Algorithm+1","Compile Driver+1","Coolheaded+1","White Noise+1","Storm+1","Turbo+1","Creative AI+1","Turbo+1","Hologram+1","Echo Form+1","Defragment+1"],"relics":["Cracked Core","Bloody Idol","Prayer Wheel","The Courier","Eternal Feather","Kunai","Nuclear Battery","Membership Card","Shuriken","HornCleat","Torii","Sundial","Busted Crown","Bottled Lightning","Ice Cream","Cables","Question Card","Anchor","Bag of Preparation","Bird Faced Urn","ClockworkSouvenir","War Paint","Whetstone"],"acts_visited":["Exordium","TheCity","TheBeyond","TheEnding"],"potions_floor_usage":[55],"damage_taken":[{"damage":8.0,"enemies":"Small Slimes","floor":1.0,"turns":4.0},{"damage":0.0,"enemies":"Cultist","floor":3.0,"turns":3.0},{"damage":12.0,"enemies":"Jaw Worm","floor":4.0,"turns":3.0},{"damage":0.0,"enemies":"2 Fungi Beasts","floor":7.0,"turns":2.0},{"damage":16.0,"enemies":"Lagavulin","floor":8.0,"turns":5.0},{"damage":0.0,"enemies":"Gremlin Nob","floor":10.0,"turns":2.0},{"damage":12.0,"enemies":"Large Slime","floor":11.0,"turns":5.0},{"damage":0.0,"enemies":"Red Slaver","floor":12.0,"turns":3.0},{"damage":3.0,"enemies":"Lagavulin","floor":14.0,"turns":7.0},{"damage":38.0,"enemies":"Hexaghost","floor":16.0,"turns":11.0},{"damage":11.0,"enemies":"Chosen","floor":18.0,"turns":5.0},{"damage":7.0,"enemies":"3 Byrds","floor":19.0,"turns":4.0},{"damage":8.0,"enemies":"Slavers","floor":24.0,"turns":5.0},{"damage":0.0,"enemies":"Centurion and Healer","floor":25.0,"turns":11.0},{"damage":54.0,"enemies":"Book of Stabbing","floor":27.0,"turns":9.0},{"damage":23.0,"enemies":"Snecko","floor":30.0,"turns":6.0},{"damage":1.0,"enemies":"Shelled Parasite and Fungi","floor":31.0,"turns":6.0},{"damage":36.0,"enemies":"Champ","floor":33.0,"turns":12.0},{"damage":0.0,"enemies":"3 Shapes","floor":35.0,"turns":3.0},{"damage":19.0,"enemies":"3 Darklings","floor":36.0,"turns":6.0},{"damage":2.0,"enemies":"Jaw Worm Horde","floor":39.0,"turns":5.0},{"damage":22.0,"enemies":"Reptomancer","floor":41.0,"turns":6.0},{"damage":0.0,"enemies":"Spire Growth","floor":44.0,"turns":4.0},{"damage":8.0,"enemies":"3 Darklings","floor":45.0,"turns":5.0},{"damage":61.0,"enemies":"Nemesis","floor":46.0,"turns":7.0},{"damage":13.0,"enemies":"Giant Head","floor":48.0,"turns":6.0},{"damage":27.0,"enemies":"Time Eater","floor":50.0,"turns":8.0},{"damage":25,"enemies":"Shield and Spear","floor":54,"turns":6},{"damage":94,"enemies":"The Heart","floor":55,"turns":9}],"seed_played":"-5050298487215846384","potions_obtained":[{"floor":1.0,"key":"Energy Potion"},{"floor":2.0,"key":"Ancient Potion"},{"floor":2.0,"key":"EntropicBrew"},{"floor":10.0,"key":"SpeedPotion"},{"floor":12.0,"key":"DistilledChaos"},{"floor":14.0,"key":"Energy Potion"},{"floor":16.0,"key":"LiquidBronze"},{"floor":19.0,"key":"EntropicBrew"},{"floor":24.0,"key":"Fire Potion"},{"floor":30.0,"key":"ColorlessPotion"},{"floor":39.0,"key":"FocusPotion"},{"floor":41.0,"key":"Block Potion"},{"floor":44.0,"key":"EssenceOfSteel"},{"floor":48.0,"key":"AttackPotion"}],"is_trial":false,"path_per_floor":["M","?","M","M","?","R","M","E","T","E","M","M","R","E","R","B",null,"M","M","?","?","$","R","E","M","T","E","?","R","M","M","R","B",null,"M","M","$","?","M","R","E","R","T","M","M","E","$","E","R","B",null,"R","$","E","B",null],"character_chosen":"DEFECT","items_purchased":["Membership Card","Shuriken","HornCleat","Impatience","Bottled Lightning","Ice Cream","Cables","Bird Faced Urn","ClockworkSouvenir","Energy Potion"],"campfire_rested":0,"item_purchase_floors":[22,22,22,22,37,37,37,47,47,53],"current_hp_per_floor":[42,42,42,30,30,30,30,24,24,24,19,26,35,39,51,20,57,53,56,56,56,56,69,69,69,69,27,27,42,34,48,66,42,62,67,63,63,63,69,69,62,69,69,69,69,23,23,55,69,69,69,69,69,69,15],"gold":37,"neow_bonus":"RANDOM_COLORLESS_2","is_daily":false,"chose_seed":false,"campfire_upgraded":9,"win_rate":0.0,"timestamp":1612243198,"path_taken":["M","?","?","M","?","R","M","E","T","E","M","M","R","E","R","BOSS","M","M","?","?","$","R","E","M","T","E","?","R","M","M","R","BOSS","M","M","$","?","M","R","E","R","T","M","?","E","$","E","R","BOSS","R","$","E","BOSS"],"items_purchased_type":["Relic","Relic","Relic","Card","Relic","Relic","Relic","Relic","Relic","Potion"],"build_version":"2020-12-22","purchased_purges":1,"victory":true,"max_hp_per_floor":[75,75,75,75,69,69,69,69,69,69,69,69,69,69,69,69,69,69,69,69,69,69,69,69,69,69,69,69,69,69,69,69,69,69,69,69,69,69,69,69,69,69,69,69,69,69,69,69,69,69,69,69,69,69,69],"relic_stats":{"Torii":40,"counters":[29,168],"Eternal Feather":88,"Bag of Preparation":[8],"Whetstone":["Compile Driver","FTL"],"War Paint":["Defend_B","Coolheaded"],"Question Card":7,"Cables":[49,25,15,0,9],"Busted Crown":28,"Shuriken":[18],"Sundial":[10],"Bloody Idol":45,"Bird Faced Urn":[105],"Prayer Wheel":12,"Kunai":[21],"obtain_stats":[{"Ice Cream":37,"Torii":24,"Golden Idol":5,"Eternal Feather":10,"The Courier":9,"Bag of Preparation":46,"Whetstone":54,"War Paint":48,"Question Card":41,"Nuclear Battery":17,"Cables":37,"ClockworkSouvenir":47,"Anchor":43,"HornCleat":22,"Busted Crown":34,"Shuriken":22,"Sundial":27,"Bloody Idol":20,"Bird Faced Urn":47,"Prayer Wheel":8,"Kunai":14,"Membership Card":22,"Bottled Lightning":37,"Cracked Core":0},{"Ice Cream":20,"Torii":13,"Golden Idol":3,"Eternal Feather":6,"The Courier":5,"Bag of Preparation":25,"Whetstone":28,"War Paint":26,"Question Card":22,"Nuclear Battery":10,"Cables":20,"ClockworkSouvenir":25,"Anchor":22,"HornCleat":12,"Busted Crown":18,"Shuriken":12,"Sundial":15,"Bloody Idol":12,"Bird Faced Urn":25,"Prayer Wheel":5,"Kunai":9,"Membership Card":12,"Bottled Lightning":20,"Cracked Core":0},{"Ice Cream":112,"Torii":59,"Golden Idol":10,"Eternal Feather":19,"The Courier":17,"Bag of Preparation":139,"Whetstone":159,"War Paint":145,"Question Card":123,"Nuclear Battery":45,"Cables":112,"ClockworkSouvenir":139,"Anchor":123,"HornCleat":54,"Busted Crown":103,"Shuriken":54,"Sundial":79,"Bloody Idol":54,"Bird Faced Urn":139,"Prayer Wheel":17,"Kunai":34,"Membership Card":54,"Bottled Lightning":112,"Cracked Core":0}]},"card_choices":[{"not_picked":["Secret Technique","Violence"],"picked":"Apotheosis","floor":0.0},{"not_picked":["Gash","Turbo"],"picked":"Streamline","floor":1.0},{"not_picked":["Auto Shields","Lockon"],"picked":"FTL","floor":3.0},{"not_picked":["Reprogram","Streamline","Barrage"],"picked":"SKIP","floor":4.0},{"not_picked":["Leap","Cold Snap"],"picked":"Self Repair","floor":7.0},{"not_picked":["Amplify","Gash"],"picked":"Meteor Strike","floor":8.0},{"not_picked":["Barrage","Blizzard","Streamline"],"picked":"SKIP","floor":10.0},{"not_picked":["Loop","Rebound"],"picked":"Auto Shields","floor":11.0},{"not_picked":["Storm","Hello World"],"picked":"Chill","floor":11.0},{"not_picked":["Heatsinks","Leap"],"picked":"Steam","floor":12.0},{"not_picked":["Conserve Battery","Redo","Ball Lightning"],"picked":"SKIP","floor":12.0},{"not_picked":["Sweeping Beam","Thunder Strike"],"picked":"Sunder","floor":14.0},{"not_picked":["Machine Learning","Amplify"],"picked":"Seek","floor":16.0},{"not_picked":["Go for the Eyes","Chill+1"],"picked":"Coolheaded","floor":18.0},{"not_picked":["Go for the Eyes","Heatsinks"],"picked":"Tempest","floor":18.0},{"not_picked":["Melter","Leap"],"picked":"Cold Snap","floor":19.0},{"not_picked":["Go for the Eyes","Redo"],"picked":"Defragment","floor":19.0},{"not_picked":["Lockon","Go for the Eyes"],"picked":"Genetic Algorithm","floor":24.0},{"not_picked":["Multi-Cast","FTL+1"],"picked":"Compile Driver","floor":25.0},{"not_picked":["Stack","Leap+1"],"picked":"Coolheaded","floor":25.0},{"not_picked":["Cold Snap","Go for the Eyes"],"picked":"White Noise+1","floor":27.0},{"not_picked":["Beam Cell","Barrage"],"picked":"Storm+1","floor":30.0},{"not_picked":["Seek","Hello World","Undo"],"picked":"SKIP","floor":30.0},{"not_picked":["Cold Snap+1","Ball Lightning"],"picked":"Turbo+1","floor":31.0},{"not_picked":["Blizzard","Streamline","Barrage+1"],"picked":"SKIP","floor":31.0},{"not_picked":["Amplify","Multi-Cast"],"picked":"Creative AI","floor":33.0},{"not_picked":["Sweeping Beam+1"],"picked":"SKIP","floor":35.0},{"not_picked":["Rip and Tear"],"picked":"SKIP","floor":35.0},{"not_picked":["Sweeping Beam+1"],"picked":"SKIP","floor":35.0},{"not_picked":["Rip and Tear"],"picked":"SKIP","floor":35.0},{"not_picked":["Stack"],"picked":"SKIP","floor":36.0},{"not_picked":["Leap"],"picked":"SKIP","floor":36.0},{"not_picked":["Reprogram"],"picked":"SKIP","floor":39.0},{"not_picked":["Sweeping Beam"],"picked":"SKIP","floor":39.0},{"not_picked":["Reprogram"],"picked":"SKIP","floor":39.0},{"not_picked":["Sweeping Beam"],"picked":"SKIP","floor":39.0},{"not_picked":[],"picked":"Turbo+1","floor":41.0},{"not_picked":["Go for the Eyes+1"],"picked":"Hologram+1","floor":44.0},{"not_picked":["Hologram","Stack"],"picked":"SKIP","floor":44.0},{"not_picked":["White Noise+1"],"picked":"Echo Form","floor":45.0},{"not_picked":["Doom and Gloom+1","Tempest+1"],"picked":"SKIP","floor":45.0},{"not_picked":["White Noise+1","Gash"],"picked":"SKIP","floor":46.0},{"not_picked":["Stack+1","Steam+1"],"picked":"SKIP","floor":48.0},{"not_picked":["Scrape"],"picked":"Defragment+1","floor":54}],"player_experience":600552,"relics_obtained":[{"floor":8.0,"key":"Prayer Wheel"},{"floor":9.0,"key":"The Courier"},{"floor":10.0,"key":"Eternal Feather"},{"floor":14.0,"key":"Kunai"},{"floor":24.0,"key":"Torii"},{"floor":27.0,"key":"Sundial"},{"floor":41.0,"key":"Question Card"},{"floor":43.0,"key":"Anchor"},{"floor":46.0,"key":"Bag of Preparation"},{"floor":48.0,"key":"War Paint"},{"floor":54,"key":"Whetstone"}],"event_choices":[{"damage_healed":0.0,"max_hp_gain":0.0,"max_hp_loss":0.0,"gold_gain":0.0,"event_name":"The Woman in Blue","player_choice":"Bought 2 Potions","floor":2.0,"gold_loss":0.0,"damage_taken":0.0},{"damage_healed":0.0,"max_hp_gain":0.0,"max_hp_loss":6.0,"gold_gain":0.0,"event_name":"Golden Idol","player_choice":"Lose Max HP","floor":5.0,"gold_loss":0.0,"damage_taken":0.0,"relics_obtained":["Golden Idol"]},{"damage_healed":0.0,"max_hp_gain":0.0,"max_hp_loss":0.0,"gold_gain":0.0,"event_name":"Forgotten Altar","player_choice":"Gave Idol","floor":20.0,"relics_lost":["Golden Idol"],"gold_loss":0.0,"damage_taken":0.0,"relics_obtained":["Bloody Idol"]},{"damage_healed":0.0,"max_hp_gain":0.0,"max_hp_loss":0.0,"gold_gain":0.0,"event_name":"Vampires","player_choice":"Ignored","floor":21.0,"gold_loss":0.0,"damage_taken":0.0},{"damage_healed":0.0,"max_hp_gain":0.0,"max_hp_loss":0.0,"gold_gain":0.0,"event_name":"Cursed Tome","player_choice":"Ignored","floor":28.0,"gold_loss":0.0,"damage_taken":0.0},{"damage_healed":0.0,"max_hp_gain":0.0,"max_hp_loss":0.0,"gold_gain":0.0,"event_name":"SecretPortal","player_choice":"Ignored","floor":38.0,"gold_loss":0.0,"damage_taken":0.0}],"is_beta":false,"boss_relics":[{"not_picked":["Philosopher\u0027s Stone","Fusion Hammer"],"picked":"Nuclear Battery"},{"not_picked":["Velvet Choker","SlaversCollar"],"picked":"Busted Crown"}],"items_purged_floors":[22],"is_endless":false,"potions_floor_spawned":[1,10,12,14,16,19,24,30,39,41,44,48],"ascension_level":10}}