{"host":"a00pwxwvvpsg0jw6","time":1612244427,"event":{"mods":["AchievementEnabler","BaseMod","Minty Spire (QoL Compilation)","Replay The Spire","StSLib"],"gold_per_floor":[119,328,503,523,523,523,556,556,607,607,632,414,427,442,442,545,545,545,545],"floor_reached":18,"language":"ENG","playtime":575,"items_purged":["Strike_R"],"score":168,"play_id":"8d2bdc5d-af0b-4658-a720-1e87e9b42b9b","local_time":"20210201234027","is_ascension_mode":false,"campfire_choices":[{"data":"Whirlwind","floor":6,"key":"SMITH"},{"data":"Bash","floor":10,"key":"SMITH"},{"data":"Shrug It Off","floor":15,"key":"SMITH"}],"circlet_count":0,"master_deck":["Strike_R+1","Strike_R+1","Defend_R","Defend_R","Bash+1","Pommel Strike","Metallicize","Doubt","Whirlwind+1","Combust","Brutality","Pommel Strike","Shrug It Off+1","Feed","CommonCold"],"relics":["Burning Blood","Sundial","Dream Catcher","Replay:Baseball","Simple Rune","Chameleon Ring","Blood Vial","Kintsugi"],"acts_visited":["Exordium","TheCity"],"potions_floor_usage":[16,16,16],"damage_taken":[{"damage":3,"enemies":"Small Slimes","floor":1,"turns":3},{"damage":4,"enemies":"2 Louse","floor":4,"turns":3},{"damage":22,"enemies":"Gremlin Nob","floor":7,"turns":4},{"damage":20,"enemies":"3 Sentries","floor":11,"turns":3},{"damage":2,"enemies":"Jaw Worm","floor":13,"turns":3},{"damage":11,"enemies":"Gremlin Gang","floor":14,"turns":3},{"damage":26,"enemies":"Hexaghost","floor":16,"turns":8},{"damage":178,"enemies":"Chosen","floor":18,"turns":3}],"seed_played":"2249554732602213261","potions_obtained":[{"floor":4,"key":"SneckoOil"},{"floor":11,"key":"Block Potion"},{"floor":14,"key":"LifebloodPotion"}],"is_trial":false,"path_per_floor":["M","?","?","M","?","R","E","T","T","R","E","$","M","M","R","B",null,"M"],"character_chosen":"IRONCLAD","items_purchased":["Blood Vial"],"campfire_rested":0,"item_purchase_floors":[12],"current_hp_per_floor":[88,66,66,68,61,61,45,45,45,45,31,31,37,34,34,16,88,0,0],"gold":545,"neow_bonus":"TEN_PERCENT_HP_BONUS","is_daily":false,"chose_seed":false,"campfire_upgraded":3,"win_rate":0.0,"timestamp":1612244427,"path_taken":["M","?","?","M","?","R","E","?","T","R","E","$","M","?","R","BOSS","M"],"items_purchased_type":["Relic"],"build_version":"2020-12-22","purchased_purges":1,"victory":false,"max_hp_per_floor":[88,88,88,88,88,88,88,88,88,88,88,88,88,88,88,88,88,88,88],"card_choices":[{"not_picked":["Replay:Undeath\u0027s Touch","Sword Boomerang"],"picked":"Pommel Strike","floor":1},{"not_picked":["Dual Wield","ReplayTheSpireMod:Strike From Hell"],"picked":"Metallicize","floor":2},{"not_picked":["True Grit","ReplayTheSpireMod:Limb From Limb"],"picked":"Whirlwind","floor":4},{"not_picked":["ReplayTheSpireMod:Strike From Hell","Pummel"],"picked":"Combust","floor":7},{"not_picked":["ReplayTheSpireMod:Strike From Hell","Sword Boomerang"],"picked":"Brutality","floor":11},{"not_picked":["Reckless Charge","Replay:Undeath\u0027s Touch"],"picked":"Pommel Strike","floor":13},{"not_picked":["Perfected Strike","Heavy Blade"],"picked":"Shrug It Off","floor":14},{"not_picked":["Reaper","Impervious"],"picked":"Feed","floor":16}],"player_experience":3076,"relics_obtained":[{"floor":7,"key":"Dream Catcher"},{"floor":8,"key":"Replay:Baseball"},{"floor":9,"key":"Simple Rune"},{"floor":11,"key":"Chameleon Ring"}],"event_choices":[{"damage_healed":0,"gold_gain":175,"player_choice":"AGREE","damage_taken":0,"max_hp_gain":0,"max_hp_loss":0,"event_name":"Liars Game","floor":3,"gold_loss":0,"cards_obtained":["Doubt"]},{"damage_healed":0,"gold_gain":0,"player_choice":"Success","damage_taken":7,"relics_obtained":["Sundial"],"max_hp_gain":0,"max_hp_loss":0,"event_name":"Scrap Ooze","floor":5,"gold_loss":0}],"is_beta":false,"boss_relics":[{"not_picked":["Runic Dome","Cursed Key"],"picked":"Kintsugi"}],"items_purged_floors":[12],"is_endless":false,"potions_floor_spawned":[4,11,14],"killed_by":"Chosen","ascension_level":0}}