{"host":"56d873i5r3uhle0q","time":1612308186,"event":{"mods":["100% Spire Juice","Act Like it!","BaseMod","Block Reminder","Dota2Spire","Gensokyo","Hermit","Lobotomy","LobotomyExtend","Marisa????????","Marked Mod","Minty Spire (QoL Compilation)","Reliquary","Replay The Spire","StSLib","The Animator","The Bug Knight","The Cursed","The Marked","The Servant 0.9.4","Wandering Minibosses","everything is the same but u backflip on backflip","??????REMEMod"],"gold_per_floor":[114,131,161,124,134,181,191,191,191,191,239,239,257,274,274,369,369,384,162,162,217,217,217,217],"floor_reached":23,"language":"ENG","playtime":1351,"items_purged":[],"score":185,"play_id":"b417621a-e1ef-43d7-bbad-d7c2ac27af08","local_time":"20210202162306","is_ascension_mode":false,"campfire_choices":[{"floor":12.0,"key":"REST"},{"floor":15.0,"key":"REST"}],"circlet_count":0,"master_deck":["Strike_G","Strike_G","Strike_G","Strike_G","Strike_G","Defend_G","Defend_G","Defend_G","Defend_G","Defend_G","Survivor+1","Neutralize","hermit:DeadMansHand","Wellcheers","Calculated Gamble","HeroicMonk","REME_GreenPollution","Prepared+1","LittlePrince","REME_CopyPotion+1","Envenom","Acrobatics","REME_GreenPollution","Calculated Gamble+1","Shame","Predator"],"relics":["Ring of the Snake","REME_ComplimentaryCards","CogitoBucket","LetterFromLob","Replay:Accelerometer","Garlic","BehaviorAdjustment","HoveringKite","DollysMirror","BackwardClock"],"acts_visited":["Gensokyo:Gensokyo","Gensokyo:Gensokyoer"],"potions_floor_usage":[21],"damage_taken":[{"damage":0.0,"enemies":"Gensokyo:2_Kodama","floor":1.0,"turns":3.0},{"damage":2.0,"enemies":"Gensokyo:Python","floor":2.0,"turns":5.0},{"damage":4.0,"enemies":"Gensokyo:3_Fairies","floor":3.0,"turns":8.0},{"damage":4.0,"enemies":"Gensokyo:Python_and_Kodama","floor":5.0,"turns":4.0},{"damage":10.0,"enemies":"Gensokyo:VengefulSpirit","floor":7.0,"turns":6.0},{"damage":7.0,"enemies":"Gensokyo:LivingMonolith","floor":11.0,"turns":8.0},{"damage":0.0,"enemies":"Gensokyo:CorruptedTreant","floor":13.0,"turns":3.0},{"damage":13.0,"enemies":"Gensokyo:Kitsune","floor":14.0,"turns":4.0},{"damage":24.0,"enemies":"Gensokyo:Kokoro","floor":16.0,"turns":6.0},{"damage":25.0,"enemies":"Gensokyo:CosmicMonolith","floor":18.0,"turns":6.0},{"damage":26,"enemies":"Gensokyo:3_Dogs","floor":21,"turns":5},{"damage":36,"enemies":"Gensokyo:Tenshi","floor":23,"turns":3}],"seed_played":"7549266558130773079","potions_obtained":[{"floor":2.0,"key":"Weak Potion"},{"floor":3.0,"key":"DuplicationPotion"},{"floor":6.0,"key":"GamblersBrew"},{"floor":11.0,"key":"Languid Potion"},{"floor":13.0,"key":"Regen Potion"},{"floor":16.0,"key":"Block Potion"}],"is_trial":false,"path_per_floor":["M","M","M","$","M","?","M","$","T","M","M","R","M","M","R","B",null,"M","$","?","M","$","E"],"character_chosen":"THE_SILENT","items_purchased":["Prepared+1","REME_GreenPollution","DollysMirror"],"campfire_rested":2,"item_purchase_floors":[4,19,19],"current_hp_per_floor":[70,68,68,68,66,38,31,31,31,31,33,54,54,53,70,54,70,45,45,45,19,19,0,0],"gold":217,"neow_bonus":"","is_daily":false,"chose_seed":false,"campfire_upgraded":0,"win_rate":0.0,"timestamp":1612308186,"path_taken":["M","M","M","$","?","?","M","$","T","M","?","R","M","M","R","BOSS","M","$","?","?","?","E"],"items_purchased_type":["Card","Card","Relic"],"build_version":"2020-12-22","purchased_purges":0,"victory":false,"max_hp_per_floor":[70,70,70,70,70,70,70,70,70,70,70,70,70,70,70,70,70,70,70,70,70,70,70,70],"card_choices":[{"not_picked":["Murderer","HappyTeddy"],"picked":"Wellcheers","floor":1.0},{"not_picked":["PiercingWail","Outmaneuver"],"picked":"Calculated Gamble","floor":1.0},{"not_picked":["Variant","PunishingBird"],"picked":"HeroicMonk","floor":2.0},{"not_picked":["Infinite Blades","Underhanded Strike","REME_GrazeFinale"],"picked":"SKIP","floor":2.0},{"not_picked":["Infinite Blades","Underhanded Strike","REME_GrazeFinale"],"picked":"SKIP","floor":2.0},{"not_picked":["Acrobatics","Dagger Spray"],"picked":"REME_GreenPollution","floor":3.0},{"not_picked":["Blur","Slice","Flying Knee"],"picked":"SKIP","floor":5.0},{"not_picked":["Hidden Blade","Poisoned Stab","Concentrate"],"picked":"SKIP","floor":7.0},{"not_picked":["BeautyBeast","Scorched"],"picked":"LittlePrince","floor":11.0},{"not_picked":["Heel Hook","Concentrate"],"picked":"REME_CopyPotion","floor":11.0},{"not_picked":["Sucker Punch","PiercingWail","Dagger Spray"],"picked":"SKIP","floor":13.0},{"not_picked":["Outmaneuver","Doppelganger","ReplayTheSpireMod:Exploit Weakness"],"picked":"SKIP","floor":14.0},{"not_picked":["Outmaneuver","Doppelganger","ReplayTheSpireMod:Exploit Weakness"],"picked":"SKIP","floor":14.0},{"not_picked":["Malaise","REME_ShadowForm"],"picked":"Envenom","floor":16.0},{"not_picked":["Backflip","Heel Hook"],"picked":"Acrobatics","floor":18.0},{"not_picked":["ReplayTheSpireMod:Shiv Toss","Backstab"],"picked":"Predator","floor":21}],"player_experience":697017,"relics_obtained":[{"floor":1.0,"key":"LetterFromLob"},{"floor":6.0,"key":"Replay:Accelerometer"},{"floor":9.0,"key":"Garlic"}],"event_choices":[],"is_beta":false,"boss_relics":[{"not_picked":["Velvet Choker","ChewingGum"],"picked":"HoveringKite"}],"items_purged_floors":[],"is_endless":false,"potions_floor_spawned":[2,3,7,11,13,16,18],"killed_by":"Gensokyo:Tenshi","ascension_level":0}}