{"host":"gobyjzz6xbwq9f9i","time":1612252159,"event":{"mods":["AchievementEnabler","BaseMod","Bestiary","Colored Map","Minty Spire (QoL Compilation)","Relic Stats"],"gold_per_floor":[419,433,450,460,460,460,491,506,529,30,63,63,78,106,106,206,206,216,228,228,247,247,280,280,293,345,59,79,79,112,129,129,231,231,242,190,34,48,98,98,123,123,199,199,209,240,263,302,314,326,326],"floor_reached":50,"language":"ENG","playtime":2851,"items_purged":[],"score":951,"play_id":"c81ba136-5c11-49e0-9fb2-1ea521fb27bd","local_time":"20210201234919","is_ascension_mode":true,"campfire_choices":[{"floor":6.0,"key":"REST"},{"data":"Caltrops","floor":15.0,"key":"SMITH"},{"floor":24.0,"key":"REST"},{"floor":29.0,"key":"REST"},{"data":"All Out Attack","floor":32.0,"key":"SMITH"},{"data":"Terror","floor":40,"key":"SMITH"},{"floor":42,"key":"REST"},{"floor":49,"key":"RECALL"}],"circlet_count":0,"master_deck":["AscendersBane","Strike_G+1","Strike_G","Strike_G+1","Strike_G","Defend_G","Defend_G","Defend_G","Defend_G","Defend_G","Survivor","Neutralize","Terror+1","Dash","Masterful Stab","All Out Attack+1","Well Laid Plans","Caltrops+1","After Image","Infinite Blades","After Image","Deflect","Predator+1","Backflip","Storm of Steel","Cloak And Dagger","Deadly Poison","Blade Dance+1","PiercingWail+1","Backflip","Slice+1","Infinite Blades","Flechettes"],"relics":["Ring of the Snake","Old Coin","Happy Flower","Anchor","Prayer Wheel","HandDrill","Bag of Preparation","Vajra","Busted Crown","MutagenicStrength","The Specimen","Bronze Scales","Turnip","Orichalcum","Runic Pyramid","PreservedInsect","StoneCalendar","StrikeDummy","MawBank","Akabeko"],"acts_visited":["Exordium","TheCity","TheBeyond"],"potions_floor_usage":[45,48,50,50],"damage_taken":[{"damage":0.0,"enemies":"Small Slimes","floor":1.0,"turns":4.0},{"damage":0.0,"enemies":"2 Louse","floor":2.0,"turns":4.0},{"damage":0.0,"enemies":"Cultist","floor":3.0,"turns":4.0},{"damage":14.0,"enemies":"Lots of Slimes","floor":4.0,"turns":6.0},{"damage":7.0,"enemies":"3 Sentries","floor":7.0,"turns":6.0},{"damage":0.0,"enemies":"3 Louse","floor":8.0,"turns":2.0},{"damage":10.0,"enemies":"Lagavulin","floor":11.0,"turns":4.0},{"damage":0.0,"enemies":"Red Slaver","floor":13.0,"turns":3.0},{"damage":1.0,"enemies":"3 Sentries","floor":14.0,"turns":4.0},{"damage":13.0,"enemies":"The Guardian","floor":16.0,"turns":9.0},{"damage":6.0,"enemies":"3 Byrds","floor":18.0,"turns":4.0},{"damage":18.0,"enemies":"Spheric Guardian","floor":19.0,"turns":4.0},{"damage":21.0,"enemies":"Snake Plant","floor":21.0,"turns":2.0},{"damage":0.0,"enemies":"Gremlin Leader","floor":23.0,"turns":7.0},{"damage":11.0,"enemies":"Shelled Parasite and Fungi","floor":25.0,"turns":6.0},{"damage":0.0,"enemies":"Cultist and Chosen","floor":28.0,"turns":5.0},{"damage":14.0,"enemies":"Book of Stabbing","floor":30.0,"turns":4.0},{"damage":0.0,"enemies":"3 Cultists","floor":31.0,"turns":5.0},{"damage":22.0,"enemies":"Collector","floor":33.0,"turns":9.0},{"damage":0,"enemies":"3 Shapes","floor":35,"turns":4},{"damage":5,"enemies":"3 Darklings","floor":38,"turns":5},{"damage":0,"enemies":"Mind Bloom Boss Battle","floor":39,"turns":6},{"damage":2,"enemies":"Giant Head","floor":41,"turns":6},{"damage":33,"enemies":"Transient","floor":45,"turns":5},{"damage":4,"enemies":"Nemesis","floor":46,"turns":6},{"damage":0,"enemies":"Jaw Worm Horde","floor":47,"turns":2},{"damage":1,"enemies":"Giant Head","floor":48,"turns":7},{"damage":38,"enemies":"Donu and Deca","floor":50,"turns":6}],"seed_played":"9150387355143896113","potions_obtained":[{"floor":1.0,"key":"FearPotion"},{"floor":2.0,"key":"FearPotion"},{"floor":4.0,"key":"GamblersBrew"},{"floor":21.0,"key":"SkillPotion"},{"floor":28.0,"key":"Explosive Potion"},{"floor":30.0,"key":"Explosive Potion"},{"floor":38,"key":"SkillPotion"},{"floor":45,"key":"Ancient Potion"},{"floor":47,"key":"Energy Potion"},{"floor":48,"key":"DistilledChaos"}],"is_trial":false,"path_per_floor":["M","M","M","M","?","R","E","M","T","$","E","?","M","E","R","B",null,"M","M","?","M","?","E","R","M","T","$","M","R","E","M","R","B",null,"M","$","$","M","?","R","E","R","T","?","M","E","M","E","R","B"],"character_chosen":"THE_SILENT","items_purchased":["Prayer Wheel","HandDrill","Strength Potion","Turnip","Blade Dance","PreservedInsect"],"campfire_rested":4,"item_purchase_floors":[10,10,10,27,36,37],"current_hp_per_floor":[63,63,63,49,36,54,47,47,47,47,37,42,42,41,41,28,58,52,34,34,13,13,13,33,22,22,22,22,42,28,28,28,6,53,53,53,53,48,48,48,46,66,66,66,33,29,29,28,28,0,0],"gold":326,"neow_bonus":"ONE_RARE_RELIC","is_daily":false,"chose_seed":false,"campfire_upgraded":3,"win_rate":0.0,"timestamp":1612252159,"path_taken":["M","M","M","M","?","R","E","M","T","$","E","?","M","E","R","BOSS","M","M","?","M","?","E","R","M","T","$","?","R","E","M","R","BOSS","M","?","$","M","?","R","E","R","T","?","M","E","?","E","R","BOSS"],"items_purchased_type":["Relic","Relic","Potion","Relic","Card","Relic"],"build_version":"2020-12-22","purchased_purges":0,"victory":false,"max_hp_per_floor":[63,63,63,63,63,63,63,63,63,63,63,68,68,68,68,68,68,68,68,68,68,68,68,68,68,68,68,68,68,68,68,68,68,68,68,68,68,68,68,68,68,68,68,68,68,68,68,68,68,68,68],"relic_stats":{"Happy Flower":[38],"counters":[28,139],"StoneCalendar":[47],"PreservedInsect":310,"Bag of Preparation":[42],"Orichalcum":[0],"MawBank":48,"Busted Crown":54,"Bronze Scales":[192],"Prayer Wheel":11,"Turnip":[3],"HandDrill":[50],"obtain_stats":[{"Happy Flower":7,"The Specimen":23,"Vajra":14,"StoneCalendar":39,"PreservedInsect":37,"Bag of Preparation":11,"Orichalcum":30,"MawBank":46,"Akabeko":48,"Old Coin":0,"Anchor":9,"Busted Crown":17,"MutagenicStrength":20,"Bronze Scales":26,"Prayer Wheel":10,"Turnip":27,"HandDrill":10,"StrikeDummy":41,"Ring of the Snake":0,"Runic Pyramid":34},{"Happy Flower":5,"The Specimen":14,"Vajra":9,"StoneCalendar":22,"PreservedInsect":20,"Bag of Preparation":7,"Orichalcum":17,"MawBank":25,"Akabeko":27,"Old Coin":0,"Anchor":6,"Busted Crown":10,"MutagenicStrength":12,"Bronze Scales":15,"Prayer Wheel":6,"Turnip":15,"HandDrill":6,"StrikeDummy":23,"Ring of the Snake":0,"Runic Pyramid":19},{"Happy Flower":24,"The Specimen":63,"Vajra":37,"StoneCalendar":107,"PreservedInsect":96,"Bag of Preparation":30,"Orichalcum":78,"MawBank":124,"Akabeko":133,"Old Coin":0,"Anchor":26,"Busted Crown":46,"MutagenicStrength":54,"Bronze Scales":69,"Prayer Wheel":26,"Turnip":69,"HandDrill":26,"StrikeDummy":113,"Ring of the Snake":0,"Runic Pyramid":92}],"Ring of the Snake":[56]},"card_choices":[{"not_picked":["Expertise","Backflip"],"picked":"Terror","floor":1.0},{"not_picked":["Masterful Stab","Dagger Throw"],"picked":"Dash","floor":2.0},{"not_picked":["Backflip","Underhanded Strike"],"picked":"Masterful Stab","floor":3.0},{"not_picked":["Caltrops","Dodge and Roll"],"picked":"All Out Attack","floor":4.0},{"not_picked":["Dagger Throw","Flying Knee","Bane"],"picked":"SKIP","floor":7.0},{"not_picked":["PiercingWail","Dagger Spray"],"picked":"Well Laid Plans","floor":8.0},{"not_picked":["Escape Plan","Infinite Blades"],"picked":"Caltrops","floor":11.0},{"not_picked":["Poisoned Stab","Eviscerate"],"picked":"After Image","floor":13.0},{"not_picked":["Dagger Spray","Cloak And Dagger","Dagger Throw"],"picked":"SKIP","floor":13.0},{"not_picked":["Caltrops","Flechettes"],"picked":"Infinite Blades","floor":14.0},{"not_picked":["Die Die Die","Night Terror"],"picked":"After Image","floor":16.0},{"not_picked":["Flechettes"],"picked":"SKIP","floor":18.0},{"not_picked":["Heel Hook"],"picked":"SKIP","floor":18.0},{"not_picked":[],"picked":"Deflect","floor":19.0},{"not_picked":["Underhanded Strike"],"picked":"SKIP","floor":19.0},{"not_picked":[],"picked":"Predator+1","floor":21.0},{"not_picked":["Underhanded Strike"],"picked":"SKIP","floor":21.0},{"not_picked":["Prepared"],"picked":"SKIP","floor":23.0},{"not_picked":["Endless Agony+1"],"picked":"SKIP","floor":25.0},{"not_picked":["Dagger Throw"],"picked":"SKIP","floor":25.0},{"not_picked":["Riddle With Holes"],"picked":"SKIP","floor":28.0},{"not_picked":["Heel Hook"],"picked":"SKIP","floor":28.0},{"not_picked":["Flying Knee"],"picked":"SKIP","floor":30.0},{"not_picked":[],"picked":"Backflip","floor":31.0},{"not_picked":["Dagger Throw"],"picked":"SKIP","floor":31.0},{"not_picked":[],"picked":"Storm of Steel","floor":33.0},{"not_picked":[],"picked":"Cloak And Dagger","floor":35},{"not_picked":[],"picked":"Deadly Poison","floor":35},{"not_picked":[],"picked":"PiercingWail+1","floor":38},{"not_picked":[],"picked":"Backflip","floor":38},{"not_picked":["Quick Slash+1"],"picked":"SKIP","floor":41},{"not_picked":[],"picked":"Slice+1","floor":45},{"not_picked":["Slice"],"picked":"SKIP","floor":45},{"not_picked":[],"picked":"Infinite Blades","floor":46},{"not_picked":[],"picked":"Flechettes","floor":47},{"not_picked":["Predator+1"],"picked":"SKIP","floor":47},{"not_picked":["Slice"],"picked":"SKIP","floor":48}],"player_experience":1263444,"relics_obtained":[{"floor":7.0,"key":"Happy Flower"},{"floor":9.0,"key":"Anchor"},{"floor":11.0,"key":"Bag of Preparation"},{"floor":14.0,"key":"Vajra"},{"floor":23.0,"key":"The Specimen"},{"floor":26.0,"key":"Bronze Scales"},{"floor":30.0,"key":"Orichalcum"},{"floor":39,"key":"StoneCalendar"},{"floor":41,"key":"StrikeDummy"},{"floor":46,"key":"MawBank"},{"floor":48,"key":"Akabeko"}],"event_choices":[{"damage_healed":0.0,"max_hp_gain":0.0,"max_hp_loss":0.0,"gold_gain":0.0,"event_name":"Shining Light","player_choice":"Entered Light","floor":5.0,"gold_loss":0.0,"damage_taken":13.0,"cards_upgraded":["Strike_G","Strike_G"]},{"damage_healed":0.0,"max_hp_gain":5.0,"max_hp_loss":0.0,"gold_gain":0.0,"event_name":"Big Fish","player_choice":"Donut","floor":12.0,"gold_loss":0.0,"damage_taken":0.0},{"damage_healed":0.0,"max_hp_gain":0.0,"max_hp_loss":0.0,"gold_gain":0.0,"event_name":"Drug Dealer","player_choice":"Inject Mutagens","floor":20.0,"gold_loss":0.0,"damage_taken":0.0,"relics_obtained":["MutagenicStrength"]},{"cards_removed":["Strike_G"],"damage_healed":0.0,"max_hp_gain":0.0,"max_hp_loss":0.0,"gold_gain":0.0,"event_name":"Wheel of Change","player_choice":"Card Removal","floor":22.0,"gold_loss":0.0,"damage_taken":0.0},{"damage_healed":0,"gold_gain":0,"player_choice":"Fight","damage_taken":0,"max_hp_gain":0,"max_hp_loss":0,"event_name":"MindBloom","floor":39,"gold_loss":0},{"damage_healed":0,"gold_gain":0,"player_choice":"Upgraded","damage_taken":0,"max_hp_gain":0,"max_hp_loss":0,"event_name":"Upgrade Shrine","floor":44,"gold_loss":0,"cards_upgraded":["Blade Dance"]}],"is_beta":false,"boss_relics":[{"not_picked":["Velvet Choker","Pandora\u0027s Box"],"picked":"Busted Crown"},{"not_picked":["Cursed Key","Calling Bell"],"picked":"Runic Pyramid"}],"items_purged_floors":[],"is_endless":false,"potions_floor_spawned":[1,2,4,13,21,28,30,31,38,45,47,48],"killed_by":"Donu and Deca","ascension_level":10}}