{"host":"am9dcwhv7hq2nlsk","time":1612264291,"event":{"mods":["ATMod(°¢èªMod)","AchievementEnabler","Act Like it!","Ascension Reborn","Aspiration","BaseMod","BetterRewards","Conspire","Custom Start","Dota2Spire","Marisa£¨ìFÓê¡¡Ä§ÀíÉ³£©","Minty Spire (QoL Compilation)","Reimu£¨²©ÀöÁéÃÎ£©","Remilia£¨ÀÙÃ×ÀòÑÇ£©","Replay The Spire","RumiaBox-Â¶Ã×æ«µÄÉñÃØºÐ×Ó","Shop Mod","Spicy Shops","StSLib","TestMod","The Cursed","The Hierophant","UnlockEverythingMod","[IsaacMod]ÒÔÈö¼âËþ","noobMod","¡¾ÒÅÎï¿¨ÅÆ¡¿REMEMod","óô»ðÖ¸ÄÏ"],"gold_per_floor":[135,135,285,317,317,317,342,82,155,184,195,195,233,173,173,249,249,263,263,19,60,60,87,87,145,145,222,222,11,36,97,97,182,182,228,246,277,119,139,499,66,101,101,166,221,30,49,148,148,184,191,191,191,16,56,71],"floor_reached":57,"language":"ZHS","playtime":2793,"items_purged":["Strike_R","Doubt","Survivor","Thunderclap","Defend_R","Defend_R"],"score":4669,"play_id":"fb8bf5ac-dd63-4ea3-860f-608bb1aca2ce","local_time":"20210202191131","is_ascension_mode":true,"campfire_choices":[{"data":"Armaments","floor":6.0,"key":"SMITH"},{"floor":12.0,"key":"RECALL"},{"data":"HandOfGreed","floor":15.0,"key":"SMITH"},{"data":"Strike_R","floor":24.0,"key":"PURGE"},{"floor":28.0,"key":"DIG"},{"data":"Evolve","floor":32.0,"key":"SMITH"},{"data":"Hemokinesis","floor":53,"key":"PURGE"}],"circlet_count":0,"master_deck":["AscendersBane","Strike_R","Strike_R","Defend_R+2","Defend_R+2","Evolve+1","HandOfGreed+1","Armaments+1","Neutralize","Barricade+1","Whirlwind+1","Double Tap+1","Limit Break+1","Second Wind+1","Midas Touch+1","Trip+1","AT_CaressingTears+1","Wild Strike+1","Wild Strike"],"relics":["Burning Blood","testmod-TestBox","HushsDoor","REME_ComplimentaryCards","AT_ATBox","ice","testmod-BouquetWithThorns","GuppysTail","AT_SeraphEmbrace","Dota2Spire:Butterfly","Dota2Spire:Dagon","GuppysHead","Golden Egg","aspiration:Lifesprig","Vajra","PaintedHorse:ReiMu","Black Star","Mastiff:ReiMu","Simple Rune","testmod-Acrobat","testmod-IndustrialRevolution","Replay:Multitool","Anchor","SSSystem","testmod-Muramasa","Self Forming Clay","testmod-D¨¦j¨¤vu","Replay:PocketPolymizer","Replay:Wax Seal","testmod-OneHitWonder","GodSword4","Dota2Spire:RefresherOrb","GuppysCollar","GuppysPaw","YumHeart","Old Coin","BelialBook","AT_ForceNature","TungstenRod","Chameleon Ring","Dota2Spire:LinkenSphere","Onion Ring","Du-Vu Doll","conspire:DecoderRing","RuthlessExorcism:ReiMu","AT_SilvercatRing","BloodBag","BookOfRevelations","GodSword7"],"acts_visited":["Exordium","TheCity","TheBeyond","TheEnding"],"potions_floor_usage":[51],"damage_taken":[{"damage":0.0,"enemies":"Small Slimes","floor":1.0,"turns":3.0},{"damage":0.0,"enemies":"2 Louse","floor":4.0,"turns":2.0},{"damage":0.0,"enemies":"Gremlin Nob","floor":7.0,"turns":2.0},{"damage":4.0,"enemies":"Replay:BlueRogue","floor":10.0,"turns":2.0},{"damage":0.0,"enemies":"conspire:RoseBush","floor":11.0,"turns":3.0},{"damage":0.0,"enemies":"Looter","floor":13.0,"turns":3.0},{"damage":0.0,"enemies":"Fading Forest","floor":16.0,"turns":13.0},{"damage":0.0,"enemies":"Spheric Guardian","floor":18.0,"turns":2.0},{"damage":0.0,"enemies":"Chosen","floor":21.0,"turns":3.0},{"damage":0.0,"enemies":"REME_1_Revenger","floor":23.0,"turns":2.0},{"damage":4.0,"enemies":"conspire:Head Lice","floor":25.0,"turns":4.0},{"damage":30.0,"enemies":"Slavers","floor":27.0,"turns":3.0},{"damage":18.0,"enemies":"REME_1_Revenger","floor":31.0,"turns":3.0},{"damage":20.0,"enemies":"Pondfish","floor":33.0,"turns":6.0},{"damage":0.0,"enemies":"3 Shapes","floor":35.0,"turns":2.0},{"damage":0.0,"enemies":"Orb Walker","floor":36.0,"turns":2.0},{"damage":0.0,"enemies":"Mind Bloom Boss Battle","floor":37.0,"turns":3.0},{"damage":0.0,"enemies":"3 Darklings","floor":39.0,"turns":3.0},{"damage":3.0,"enemies":"R_Hoarder","floor":40.0,"turns":4.0},{"damage":0.0,"enemies":"Nemesis","floor":42.0,"turns":3.0},{"damage":0.0,"enemies":"R_Hoarder","floor":44.0,"turns":3.0},{"damage":2.0,"enemies":"Transient","floor":45.0,"turns":5.0},{"damage":0.0,"enemies":"Sphere and 2 Shapes","floor":47.0,"turns":1.0},{"damage":30,"enemies":"Time Eater","floor":50,"turns":4},{"damage":58,"enemies":"conspire:OrnateMirror","floor":51,"turns":3},{"damage":0,"enemies":"Shield and Spear","floor":55,"turns":3},{"damage":0,"enemies":"The Heart","floor":56,"turns":5}],"seed_played":"8341038227330797077","potions_obtained":[{"floor":4.0,"key":"BlessingOfTheForge"},{"floor":10.0,"key":"GamblersBrew"},{"floor":11.0,"key":"BloodPotion"},{"floor":25.0,"key":"BloodPotion"},{"floor":31.0,"key":"Venom Potion"},{"floor":36.0,"key":"FearPotion"},{"floor":40.0,"key":"Fruit Juice"},{"floor":45.0,"key":"SkillPotion"},{"floor":47.0,"key":"ColorlessPotion"}],"is_trial":false,"path_per_floor":["M","?","?","M","?","R","E","R","T","E","M","R","M","?","R","B",null,"M","?","$","M","?","E","R","E","T","E","R","$","?","E","R","B",null,"M","M","?","$","M","E","$","E","T","E","M","$","M","?","R","B","B",null,"R","$","E","B",null],"character_chosen":"IRONCLAD","items_purchased":["AT_ArchangelStaff","Evolve","Dota2Spire:Dagon","GuppysHead","HandOfGreed","REME_GoldPotion","aspiration:Lifesprig","Limit Break","Mastiff:ReiMu","Simple Rune","Replay:Wax Seal","GuppysCollar","Trip","YumHeart","AT_ForceNature","TungstenRod","RuthlessExorcism:ReiMu","Fruit Juice","Wild Strike","AT_SilvercatRing"],"campfire_rested":0,"item_purchase_floors":[0,0,0,0,0,0,8,17,20,20,29,34,34,38,41,41,46,46,46,46],"current_hp_per_floor":[27,27,27,33,33,33,39,39,39,41,47,47,53,53,53,71,71,71,71,71,71,56,62,62,64,64,40,40,40,12,14,14,69,57,58,59,61,61,64,72,72,75,75,76,80,60,66,60,88,64,12,74,74,74,82,94],"gold":71,"neow_bonus":"","is_daily":false,"chose_seed":false,"campfire_upgraded":3,"win_rate":0.0,"timestamp":1612264291,"path_taken":["M","?","?","M","?","R","E","R","T","E","?","R","M","?","R","BOSS","M","?","$","?","?","E","R","E","T","E","R","$","?","E","R","BOSS","M","M","?","$","M","E","$","E","T","E","?","$","?","?","R","BOSS","BOSS","R","$","E","BOSS"],"items_purchased_type":["Relic","Card","Relic","Relic","Card","Potion","Relic","Card","Relic","Relic","Relic","Relic","Card","Relic","Relic","Relic","Relic","Potion","Card","Relic"],"build_version":"2020-12-22","purchased_purges":6,"victory":true,"max_hp_per_floor":[75,75,75,75,75,75,75,75,75,75,75,75,75,75,75,75,71,71,71,71,71,71,71,71,71,71,71,71,71,71,71,71,77,57,58,59,61,61,64,72,72,75,75,76,80,94,94,94,94,94,94,94,94,94,94,94],"card_choices":[{"not_picked":[],"picked":"ChaosCard","floor":0.0},{"not_picked":["Havoc","Run Through","Twin Strike"],"picked":"SKIP","floor":1.0},{"not_picked":["Replay:Undeath\u0027s Touch","Pummel"],"picked":"Armaments","floor":4.0},{"not_picked":["Dropkick","AT_IchimonjiDouble"],"picked":"Barricade","floor":7.0},{"not_picked":["Armaments","AT_ManFootWork"],"picked":"Whirlwind","floor":10.0},{"not_picked":["Anger","Heavy Blade","Dual Wield"],"picked":"SKIP","floor":11.0},{"not_picked":["Searing Blow","Anger","Clothesline"],"picked":"SKIP","floor":13.0},{"not_picked":["Fiend Fire","Demon Form"],"picked":"Double Tap","floor":16.0},{"not_picked":["Defy Death+1","Warcry","Replay:Undeath\u0027s Touch"],"picked":"SKIP","floor":18.0},{"not_picked":["Clothesline","Fire Breathing","Body Slam"],"picked":"SKIP","floor":21.0},{"not_picked":["Clash","Shockwave","Wild Strike"],"picked":"SKIP","floor":23.0},{"not_picked":["Clash","Shockwave","Wild Strike"],"picked":"SKIP","floor":23.0},{"not_picked":["Iron Wave","Corruption"],"picked":"Thunderclap","floor":25.0},{"not_picked":["Massacre","ReplayTheSpireMod:Limb From Limb","AT_BodySlamDance+1"],"picked":"SKIP","floor":27.0},{"not_picked":["conspire:HitWhereItHurts","Inflame"],"picked":"Second Wind","floor":31.0},{"not_picked":["Twin Strike+1","Anger","Perfected Strike+1"],"picked":"SKIP","floor":35.0},{"not_picked":["Sentinel","ReplayTheSpireMod:Muscle Training"],"picked":"AT_CaressingTears","floor":36.0},{"not_picked":["Spot Weakness+1","conspire:Purge","Fire Breathing"],"picked":"SKIP","floor":39.0},{"not_picked":["ReplayTheSpireMod:Strike From Hell+1","Rampage+1","Shrug It Off"],"picked":"SKIP","floor":40.0},{"not_picked":["Headbutt","Thunderclap+1","Heavy Blade"],"picked":"SKIP","floor":42.0},{"not_picked":["Dropkick","Body Slam","Reckless Charge+1"],"picked":"SKIP","floor":44.0},{"not_picked":["Thunderclap","Uppercut","Flex"],"picked":"SKIP","floor":45.0},{"not_picked":["Combust","Thunderclap","Rage"],"picked":"SKIP","floor":47.0},{"not_picked":["Replay:Undeath\u0027s Touch","Intimidate"],"picked":"Wild Strike","floor":55}],"player_experience":531337,"relics_obtained":[{"floor":7.0,"key":"Golden Egg"},{"floor":10.0,"key":"Vajra"},{"floor":23.0,"key":"testmod-IndustrialRevolution"},{"floor":23.0,"key":"Replay:Multitool"},{"floor":25.0,"key":"Anchor"},{"floor":25.0,"key":"SSSystem"},{"floor":26.0,"key":"testmod-Muramasa"},{"floor":27.0,"key":"Self Forming Clay"},{"floor":27.0,"key":"testmod-D¨¦j¨¤vu"},{"floor":28.0,"key":"Replay:PocketPolymizer"},{"floor":30.0,"key":"BloodDonationMachine"},{"floor":31.0,"key":"testmod-OneHitWonder"},{"floor":31.0,"key":"GodSword4"},{"floor":37.0,"key":"GuppysPaw"},{"floor":40.0,"key":"Old Coin"},{"floor":40.0,"key":"BelialBook"},{"floor":42.0,"key":"Chameleon Ring"},{"floor":42.0,"key":"Dota2Spire:LinkenSphere"},{"floor":43.0,"key":"Onion Ring"},{"floor":44.0,"key":"Du-Vu Doll"},{"floor":44.0,"key":"conspire:DecoderRing"},{"floor":55,"key":"BookOfRevelations"},{"floor":55,"key":"GodSword7"}],"event_choices":[{"cards_removed":["Injury"],"damage_healed":0.0,"max_hp_gain":0.0,"max_hp_loss":0.0,"gold_gain":0.0,"event_name":"Living Wall","player_choice":"Forget","floor":2.0,"gold_loss":0.0,"damage_taken":0.0},{"damage_healed":0.0,"max_hp_gain":0.0,"max_hp_loss":0.0,"gold_gain":150.0,"event_name":"Liars Game","player_choice":"AGREE","floor":3.0,"gold_loss":0.0,"damage_taken":0.0,"cards_obtained":["Doubt"]},{"damage_healed":0.0,"max_hp_gain":0.0,"max_hp_loss":0.0,"gold_gain":0.0,"event_name":"yidonshenshe","player_choice":"ÈûÇ®","floor":14.0,"gold_loss":60.0,"damage_taken":0.0,"relics_obtained":["PaintedHorse:ReiMu"]},{"damage_healed":0.0,"max_hp_gain":0.0,"max_hp_loss":0.0,"gold_gain":0.0,"event_name":"Ghosts","player_choice":"Ignored","floor":19.0,"gold_loss":0.0,"damage_taken":0.0},{"damage_healed":0.0,"max_hp_gain":0.0,"max_hp_loss":0.0,"gold_gain":0.0,"event_name":"MindBloom","player_choice":"Fight","floor":37.0,"gold_loss":0.0,"damage_taken":0.0}],"is_beta":false,"boss_relics":[{"not_picked":["aspiration:PoetsPen_weak","testmod-TimeTraveler"],"picked":"Black Star"},{"not_picked":[]},{"not_picked":["Runic Pyramid","REME_LowDesire"],"picked":"Dota2Spire:RefresherOrb"},{"not_picked":[]}],"items_purged_floors":[0,8,29,34,41,54],"is_endless":false,"potions_floor_spawned":[4,10,11,16,21,25,31,35,36,40,45,47],"ascension_level":20}}