{"host":"zsnmfqgcm92hlreo","time":1612248647,"event":{"mods":["AchievementEnabler","Act Like it!","BaseMod","Bestiary","Block Reminder","Colored Map","Colored Powertips","Hermit","Jorbs\u0027s Wanderer Trilogy","Minty Spire (QoL Compilation)","Permanent Neow","Quick Restart","Relic Stats","StSLib","Weighted Paths"],"gold_per_floor":[363,363,241,260,272,272,299,299,326,350,370,74,91,102,102,207,207,219,237,247,266,183,217,217,231,231,255,153,188,207,212,212],"floor_reached":31,"language":"ENG","playtime":1433,"items_purged":[],"score":281,"play_id":"e31d0233-e98c-462e-966e-a7a21eb56914","local_time":"20210202005047","is_ascension_mode":false,"campfire_choices":[{"data":"hermit:WideOpen","floor":6.0,"key":"SMITH"},{"data":"hermit:Determination","floor":8.0,"key":"SMITH"},{"data":"hermit:FlashPowder","floor":15.0,"key":"SMITH"}],"circlet_count":0,"master_deck":["hermit:Strike_Hermit","hermit:Strike_Hermit","hermit:Strike_Hermit","hermit:Strike_Hermit","hermit:Defend_Hermit","hermit:Defend_Hermit","hermit:Defend_Hermit","hermit:Defend_Hermit","hermit:Snapshot","hermit:Covet","stsjorbsmod:Withering","hermit:GoldenBullet+1","hermit:WideOpen+1","hermit:PistolWhip","hermit:Determination+1","hermit:Ricochet","hermit:Misfire","hermit:GhostlyPresence","hermit:HeroicBravado","hermit:FlashPowder+1","hermit:Enervate","hermit:BlackWind","hermit:GhostlyPresence","hermit:Glare","hermit:Gestalt","hermit:SprayPray","hermit:Scavenge","hermit:Desperado","hermit:PistolWhip","J.A.X.","hermit:Quickdraw","hermit:Desperado","hermit:ItchyTrigger","hermit:WideOpen+1"],"relics":["hermit:Momento","Akabeko","Art of War","Dream Catcher","Lantern","Fusion Hammer","Happy Flower","Bottled Tornado","MealTicket"],"acts_visited":["Exordium","TheCity"],"potions_floor_usage":[31,31],"damage_taken":[{"damage":4.0,"enemies":"2 Louse","floor":1.0,"turns":3.0},{"damage":11.0,"enemies":"Jaw Worm","floor":4.0,"turns":2.0},{"damage":1.0,"enemies":"Cultist","floor":5.0,"turns":3.0},{"damage":18.0,"enemies":"Lagavulin","floor":7.0,"turns":5.0},{"damage":1.0,"enemies":"Exordium Wildlife","floor":11.0,"turns":2.0},{"damage":1.0,"enemies":"Exordium Thugs","floor":13.0,"turns":3.0},{"damage":0.0,"enemies":"Gremlin Gang","floor":14.0,"turns":3.0},{"damage":1.0,"enemies":"Slime Boss","floor":16.0,"turns":6.0},{"damage":6.0,"enemies":"Shell Parasite","floor":18.0,"turns":4.0},{"damage":0.0,"enemies":"3 Byrds","floor":19.0,"turns":5.0},{"damage":1.0,"enemies":"Centurion and Healer","floor":20.0,"turns":5.0},{"damage":5.0,"enemies":"Snake Plant","floor":21.0,"turns":4.0},{"damage":3.0,"enemies":"Gremlin Leader","floor":23.0,"turns":8.0},{"damage":17.0,"enemies":"3 Cultists","floor":25.0,"turns":5.0},{"damage":4.0,"enemies":"Snecko","floor":27.0,"turns":3.0},{"damage":25.0,"enemies":"Book of Stabbing","floor":29.0,"turns":4.0},{"damage":9.0,"enemies":"Centurion and Healer","floor":30.0,"turns":4.0},{"damage":21,"enemies":"Shelled Parasite and Fungi","floor":31,"turns":2}],"seed_played":"2935358481279007840","potions_obtained":[{"floor":1.0,"key":"SteroidPotion"},{"floor":5.0,"key":"Strength Potion"},{"floor":16.0,"key":"hermit:Tonic"},{"floor":27.0,"key":"Energy Potion"},{"floor":30.0,"key":"Strength Potion"}],"is_trial":false,"path_per_floor":["M","?","$","M","M","R","E","R","T","T","M","$","M","M","R","B",null,"M","M","M","M","$","E","?","M","T","M","$","E","M","M"],"character_chosen":"HERMIT","items_purchased":["hermit:WideOpen","hermit:PistolWhip","Lantern","hermit:HeroicBravado","hermit:Scavenge","hermit:Desperado","hermit:Desperado","hermit:ItchyTrigger"],"campfire_rested":0,"item_purchase_floors":[3,3,12,12,22,22,28,28],"current_hp_per_floor":[71,71,71,60,59,59,41,41,41,41,40,40,39,39,39,38,75,69,69,68,63,63,60,60,43,43,39,39,14,5,0,0],"gold":212,"neow_bonus":"TWO_FIFTY_GOLD","is_daily":false,"chose_seed":false,"campfire_upgraded":3,"win_rate":0.0,"timestamp":1612248647,"path_taken":["M","?","$","M","M","R","E","R","T","?","M","$","M","M","R","BOSS","M","M","M","M","?","E","?","?","T","M","$","E","M","?"],"items_purchased_type":["Card","Card","Relic","Card","Card","Card","Card","Card"],"build_version":"2020-12-22","purchased_purges":0,"victory":false,"max_hp_per_floor":[75,75,75,75,75,75,75,75,75,75,75,75,75,75,75,75,75,75,75,75,75,75,75,75,75,75,75,75,75,75,75,75],"relic_stats":{"Dream Catcher":0,"Happy Flower":[6],"counters":[18,71],"MealTicket":0,"Art of War":[0],"obtain_stats":[{"Dream Catcher":10,"Lantern":12,"Happy Flower":23,"MealTicket":29,"Fusion Hammer":17,"Art of War":9,"Bottled Tornado":26,"hermit:Momento":0,"Akabeko":7},{"Dream Catcher":4,"Lantern":5,"Happy Flower":13,"MealTicket":16,"Fusion Hammer":8,"Art of War":4,"Bottled Tornado":14,"hermit:Momento":0,"Akabeko":4},{"Dream Catcher":13,"Lantern":15,"Happy Flower":53,"MealTicket":65,"Fusion Hammer":27,"Art of War":13,"Bottled Tornado":58,"hermit:Momento":0,"Akabeko":13}]},"card_choices":[{"not_picked":["hermit:PistolWhip","hermit:CursedWeapon"],"picked":"hermit:GoldenBullet","floor":1.0},{"not_picked":["hermit:Quickdraw","hermit:Manifest"],"picked":"hermit:Determination","floor":4.0},{"not_picked":["hermit:Roulette","hermit:TrackingShot"],"picked":"hermit:Ricochet","floor":5.0},{"not_picked":["hermit:Shortfuse","hermit:Spite"],"picked":"hermit:Misfire","floor":7.0},{"not_picked":["hermit:TrackingShot","hermit:ShadowCloak"],"picked":"hermit:GhostlyPresence","floor":11.0},{"not_picked":["hermit:SprayPray","hermit:WideOpen"],"picked":"hermit:FlashPowder","floor":13.0},{"not_picked":["hermit:GoldenBullet","hermit:LowProfile"],"picked":"hermit:Enervate","floor":14.0},{"not_picked":["hermit:Purgatory","hermit:Gambit"],"picked":"hermit:BlackWind","floor":16.0},{"not_picked":["hermit:Vantage","hermit:Virtue"],"picked":"hermit:GhostlyPresence","floor":18.0},{"not_picked":["hermit:Snipe","hermit:Determination"],"picked":"hermit:Glare","floor":19.0},{"not_picked":["hermit:Misfire","hermit:LowProfile"],"picked":"hermit:Gestalt","floor":20.0},{"not_picked":["hermit:Maintenance","hermit:ItchyTrigger"],"picked":"hermit:SprayPray","floor":21.0},{"not_picked":["hermit:FatalDesire","hermit:HighNoon"],"picked":"hermit:PistolWhip","floor":23.0},{"not_picked":["hermit:Coalescence+1","hermit:Glare","hermit:HighCaliber"],"picked":"SKIP","floor":25.0},{"not_picked":["hermit:TrackingShot","hermit:BodyArmor"],"picked":"hermit:Quickdraw","floor":27.0},{"not_picked":["hermit:Spite+1","hermit:LuckOfTheDraw"],"picked":"hermit:WideOpen+1","floor":29.0},{"not_picked":["hermit:TrackingShot","hermit:Quickdraw","hermit:BodyArmor"],"picked":"SKIP","floor":30.0}],"player_experience":987653,"relics_obtained":[{"floor":7.0,"key":"Akabeko"},{"floor":9.0,"key":"Art of War"},{"floor":10.0,"key":"Dream Catcher"},{"floor":23.0,"key":"Happy Flower"},{"floor":26.0,"key":"Bottled Tornado"},{"floor":29.0,"key":"MealTicket"}],"event_choices":[{"damage_healed":0.0,"max_hp_gain":0.0,"max_hp_loss":0.0,"gold_gain":0.0,"event_name":"Living Wall","player_choice":"Grow","floor":2.0,"gold_loss":0.0,"damage_taken":0.0,"cards_upgraded":["hermit:GoldenBullet"]},{"damage_healed":0.0,"max_hp_gain":0.0,"max_hp_loss":0.0,"gold_gain":0.0,"event_name":"Drug Dealer","player_choice":"Obtain J.A.X.","floor":24.0,"gold_loss":0.0,"damage_taken":0.0,"cards_obtained":["J.A.X."]}],"is_beta":false,"boss_relics":[{"not_picked":["SlaversCollar","Velvet Choker"],"picked":"Fusion Hammer"}],"items_purged_floors":[],"is_endless":false,"potions_floor_spawned":[1,5,16,20,27,29,30],"killed_by":"Shelled Parasite and Fungi","ascension_level":0}}