{"host":"zuc5xqvlhed5q6ad","time":1612289788,"event":{"mods":["BaseMod","Block Reminder","Colored Powertips","Halation","Highlight Path","Mimic Mod","Minty Spire (QoL Compilation)","Permanent Neow","Practice Mode","Quick Restart","Spikes Relics","StSLib","UnlockEverythingMod"],"gold_per_floor":[115,132,151,151,170,204,215,215,270,270,36,53,53,64,64,162,162,173,190,24,24,123,123,147,22,49,58,77,77,77],"floor_reached":29,"language":"ENG","playtime":3237,"items_purged":[],"score":227,"play_id":"f86ae931-4866-4626-b309-a50a577b4475","local_time":"20210202211628","is_ascension_mode":false,"campfire_choices":[{"floor":8,"key":"REST"},{"floor":13,"key":"REST"},{"data":"DevaForm","floor":15,"key":"SMITH"},{"floor":23,"key":"REST"},{"floor":27,"key":"REST"}],"circlet_count":0,"master_deck":["Strike_P","Strike_P","Strike_P","Strike_P","Defend_P","Eruption","Vigilance","DevaForm+1","BowlingBash","Prostrate","Halt","Study","SandsOfTime","FlurryOfBlows","Prostrate","Devotion","CarveReality+1","Ragnarok+1","WaveOfTheHand+1","WindmillStrike+1","Prostrate","Apotheosis","FlurryOfBlows","MentalFortress"],"relics":["PureWater","halation:EternalFortune","Blood Vial","Dream Catcher","halation:PinkSoulGem","halation:Sosunser","Astrolabe","CeramicFish","Anchor"],"acts_visited":["Exordium","TheCity"],"potions_floor_usage":[6,7,16,18,28,28,28],"damage_taken":[{"damage":0,"enemies":"Small Slimes","floor":1,"turns":3},{"damage":0,"enemies":"2 Louse","floor":2,"turns":3},{"damage":8,"enemies":"Jaw Worm","floor":3,"turns":6},{"damage":7,"enemies":"Exordium Wildlife","floor":5,"turns":8},{"damage":18,"enemies":"3 Sentries","floor":6,"turns":9},{"damage":0,"enemies":"2 Fungi Beasts","floor":7,"turns":2},{"damage":19,"enemies":"Gremlin Gang","floor":12,"turns":6},{"damage":22,"enemies":"3 Louse","floor":14,"turns":4},{"damage":34,"enemies":"The Guardian","floor":16,"turns":12},{"damage":36,"enemies":"Chosen","floor":18,"turns":6},{"damage":15,"enemies":"2 Thieves","floor":19,"turns":3},{"damage":25,"enemies":"Snecko","floor":24,"turns":4},{"damage":46,"enemies":"Shelled Parasite and Fungi","floor":28,"turns":5},{"damage":11,"enemies":"Snake Plant","floor":29,"turns":2}],"seed_played":"-3460057301998200807","potions_obtained":[{"floor":3,"key":"Energy Potion"},{"floor":6,"key":"SneckoOil"},{"floor":14,"key":"AttackPotion"},{"floor":16,"key":"SkillPotion"},{"floor":24,"key":"BlessingOfTheForge"}],"is_trial":false,"path_per_floor":["M","M","M","?","M","E","M","R","T","?","$","M","R","M","R","B",null,"M","M","$","?","?","R","M","$","T","R","M","M"],"character_chosen":"WATCHER","items_purchased":["halation:Sosunser","SandsOfTime","Apotheosis","PowerPotion","StancePotion"],"campfire_rested":4,"item_purchase_floors":[11,11,20,25,25],"current_hp_per_floor":[72,72,64,67,60,42,44,66,66,66,66,49,71,51,51,19,75,39,26,26,26,26,48,25,25,25,47,3,0,0],"gold":77,"neow_bonus":"ONE_RANDOM_RARE_CARD","is_daily":false,"chose_seed":false,"campfire_upgraded":1,"win_rate":0.0,"timestamp":1612289788,"path_taken":["M","M","M","?","M","E","M","R","T","?","$","M","R","M","R","BOSS","M","M","$","?","?","R","M","$","T","R","?","M"],"items_purchased_type":["Relic","Card","Card","Potion","Potion"],"build_version":"2020-12-22","purchased_purges":0,"victory":false,"max_hp_per_floor":[72,72,72,75,75,75,75,75,75,75,75,75,75,75,75,75,75,75,75,75,75,75,75,75,75,75,75,75,75,75],"card_choices":[{"not_picked":["FlurryOfBlows","Wireheading"],"picked":"BowlingBash","floor":1},{"not_picked":["Evaluate","Protect"],"picked":"Prostrate","floor":2},{"not_picked":["BowlingBash","Crescendo"],"picked":"Halt","floor":3},{"not_picked":["ClearTheMind","SashWhip"],"picked":"Study","floor":5},{"not_picked":["Collect","CrushJoints","WreathOfFlame"],"picked":"SKIP","floor":6},{"not_picked":["BowlingBash","Protect","EmptyFist"],"picked":"SKIP","floor":7},{"not_picked":["Protect","EmptyBody"],"picked":"FlurryOfBlows","floor":12},{"not_picked":["EmptyFist","ReachHeaven"],"picked":"Prostrate","floor":13},{"not_picked":["FlyingSleeves","Halt","Crescendo"],"picked":"SKIP","floor":14},{"not_picked":["DeusExMachina","Judgement"],"picked":"Devotion","floor":16},{"not_picked":["MentalFortress","CrushJoints"],"picked":"WindmillStrike+1","floor":18},{"not_picked":["Worship+1","MentalFortress"],"picked":"Prostrate","floor":19},{"not_picked":["Evaluate","Prostrate"],"picked":"FlurryOfBlows","floor":24},{"not_picked":["PathToVictory","Collect"],"picked":"MentalFortress","floor":27},{"not_picked":["JustLucky","BowlingBash+1","Judgement"],"picked":"SKIP","floor":28}],"player_experience":140261,"relics_obtained":[{"floor":6,"key":"Blood Vial"},{"floor":9,"key":"Dream Catcher"},{"floor":26,"key":"Anchor"}],"event_choices":[{"damage_healed":0,"gold_gain":0,"player_choice":"Opened","damage_taken":0,"relics_obtained":["CeramicFish"],"max_hp_gain":0,"max_hp_loss":0,"event_name":"The Mausoleum","floor":21,"gold_loss":0},{"damage_healed":0,"gold_gain":99,"player_choice":"Stole From Cult","damage_taken":0,"max_hp_gain":0,"max_hp_loss":0,"event_name":"Nest","floor":22,"gold_loss":0}],"is_beta":false,"boss_relics":[{"not_picked":["halation:SmartPhone","Velvet Choker"],"picked":"Astrolabe"}],"items_purged_floors":[],"is_endless":false,"potions_floor_spawned":[3,6,14,16,24],"killed_by":"Snake Plant","ascension_level":0}}