{"host":"Ryley","time":1612241020,"event":{"mods":["BaseMod","Downfall","Minty Spire (QoL Compilation)","StSLib"],"gold_per_floor":[99,118,134,234,66,80,80,112,112,136,236,271,171,171,187,297,297,297,43,43,81,107,107,107,132,132,39,39,39,39,101,121,121,121,121],"floor_reached":33,"language":"ENG","playtime":1328,"items_purged":[],"score":255,"play_id":"87a36c6d-dddb-40a2-a1ea-ff9c22cb49fa","local_time":"20210201224340","is_ascension_mode":false,"campfire_choices":[{"data":"bronze:Replicate","floor":1,"key":"SMITH"},{"data":"bronze:Separator","floor":9,"key":"SMITH"},{"data":"bronze:Mutator","floor":13,"key":"SMITH"},{"data":"bronze:RecursiveStrike","floor":18,"key":"SMITH"},{"data":"bronze:ForceShield","floor":23,"key":"SMITH"},{"data":"bronze:ItsAFeature","floor":26,"key":"SMITH"},{"floor":30,"key":"REST"}],"circlet_count":0,"master_deck":["bronze:Strike","bronze:Strike","bronze:Strike","bronze:Strike","bronze:Defend","bronze:Defend","bronze:Defend","bronze:Defend","bronze:Replicate+1","bronze:Goto","bronze:Separator+1","bronze:Safeguard","bronze:WildBeam","bronze:OilSpill+1","bronze:Mutator+1","bronze:Allocate","bronze:RecursiveStrike+1","bronze:ForceShield+1","bronze:FineTuning+1","bronze:ItsAFeature+1","bronze:WhirlingStrike+1","Purity","bronze:BugBarrage+1"],"relics":["bronze:BronzeCore","PreservedInsect","CeramicFish","Bottled Lightning","Ginger","downfall:HeartBlessingGreen","bronze:MakeshiftBattery","Letter Opener","Sundial","downfall:KnowingSkull"],"acts_visited":["Exordium","TheCity"],"potions_floor_usage":[21,31,33],"damage_taken":[{"damage":3,"enemies":"Small Slimes","floor":2,"turns":3},{"damage":1,"enemies":"Cultist","floor":3,"turns":3},{"damage":0,"enemies":"downfall:FleeingMerchant","floor":5,"turns":4},{"damage":1,"enemies":"Jaw Worm","floor":6,"turns":3},{"damage":3,"enemies":"3 Sentries","floor":8,"turns":5},{"damage":6,"enemies":"2 Fungi Beasts","floor":10,"turns":3},{"damage":11,"enemies":"Lagavulin","floor":12,"turns":4},{"damage":0,"enemies":"Large Slime","floor":15,"turns":4},{"damage":31,"enemies":"IC_STATUS_ARCHETYPE","floor":16,"turns":6},{"damage":9,"enemies":"downfall:FleeingMerchant","floor":19,"turns":4},{"damage":0,"enemies":"Spheric Guardian","floor":21,"turns":3},{"damage":2,"enemies":"3 Byrds","floor":22,"turns":5},{"damage":4,"enemies":"Shelled Parasite and Fungi","floor":25,"turns":4},{"damage":8,"enemies":"downfall:FleeingMerchant","floor":27,"turns":4},{"damage":36,"enemies":"Snecko","floor":31,"turns":5},{"damage":11,"enemies":"Snake Plant","floor":32,"turns":4},{"damage":31,"enemies":"DF_ARCHETYPE_CLAW","floor":33,"turns":3}],"seed_played":"4269775375575232738","potions_obtained":[{"floor":3,"key":"LiquidBronze"},{"floor":8,"key":"bronze:CleanCodePotion"},{"floor":10,"key":"ColorlessPotion"},{"floor":16,"key":"bronze:FreeFunctionsPotion"},{"floor":22,"key":"champ:CounterPotion"},{"floor":31,"key":"LiquidBronze"},{"floor":32,"key":"Strength Potion"}],"is_trial":false,"path_per_floor":["R","M","M","?","$","M","T","E","R","M","?","E","R","?","M","B",null,"R","$","?","M","M","R","T","M","R","$","?","?","R","M","M","B"],"character_chosen":"THE_AUTOMATON","items_purchased":["PreservedInsect","Letter Opener","Purity"],"campfire_rested":1,"item_purchase_floors":[5,19,27],"current_hp_per_floor":[77,74,73,73,73,72,72,69,69,63,63,52,52,52,52,21,77,77,68,68,68,66,66,66,62,62,54,54,47,70,34,23,0,0,0],"gold":121,"neow_bonus":"TEN_PERCENT_HP_BONUS","is_daily":false,"chose_seed":false,"campfire_upgraded":6,"win_rate":0.0,"timestamp":1612241020,"path_taken":["R","M","M","?","$","?","T","E","R","M","?","E","R","?","M","BOSS","R","$","?","M","?","R","T","M","R","$","?","?","R","?","M","BOSS"],"items_purchased_type":["Relic","Relic","Card"],"build_version":"2020-12-18","purchased_purges":0,"victory":false,"max_hp_per_floor":[77,77,77,77,77,77,77,77,77,77,77,77,77,77,77,77,77,77,77,77,77,77,77,77,77,77,77,77,77,77,77,77,77,77,77],"card_choices":[{"not_picked":["bronze:Invalidate","bronze:Turbo"],"picked":"bronze:Separator","floor":2},{"not_picked":["bronze:BuggyMess","bronze:Constructor"],"picked":"bronze:Safeguard","floor":3},{"not_picked":["bronze:Repulsor","bronze:Turbo"],"picked":"bronze:WildBeam","floor":5},{"not_picked":["bronze:Overheat","bronze:DelayedSlice"],"picked":"bronze:OilSpill","floor":6},{"not_picked":["bronze:Overheat","bronze:Repair","bronze:DelayedSlice"],"picked":"SKIP","floor":8},{"not_picked":["bronze:BugBarrage","bronze:ForLoop"],"picked":"bronze:Mutator","floor":10},{"not_picked":["bronze:BronzeArmor","bronze:Backtrace"],"picked":"bronze:Allocate","floor":12},{"not_picked":["bronze:DigitalCarnage","bronze:DarkDash","bronze:GetLatest"],"picked":"SKIP","floor":15},{"not_picked":["bronze:HardenedForm","bronze:SpaghettiCode"],"picked":"bronze:RecursiveStrike","floor":16},{"not_picked":["bronze:Deprecate","bronze:Backtrace+1"],"picked":"bronze:ForceShield","floor":19},{"not_picked":["bronze:Constructor","bronze:CloningBeam+1","bronze:Separator"],"picked":"SKIP","floor":21},{"not_picked":["bronze:DelayedSlice","bronze:OilSpill"],"picked":"bronze:FineTuning+1","floor":22},{"not_picked":["bronze:Overheat","bronze:BuggyMess"],"picked":"bronze:ItsAFeature","floor":25},{"not_picked":["bronze:Turbo","bronze:DarkDash+1"],"picked":"bronze:WhirlingStrike+1","floor":27},{"not_picked":["bronze:Repair","bronze:RecursiveStrike"],"picked":"bronze:BugBarrage+1","floor":31},{"not_picked":["bronze:BitShift","bronze:WhirlingStrike","bronze:DelayedGuard"],"picked":"SKIP","floor":32}],"player_experience":371036,"relics_obtained":[{"floor":7,"key":"CeramicFish"},{"floor":8,"key":"Bottled Lightning"},{"floor":12,"key":"Ginger"},{"floor":24,"key":"Sundial"}],"event_choices":[{"damage_healed":0,"gold_gain":0,"player_choice":"Grow","damage_taken":0,"max_hp_gain":0,"max_hp_loss":0,"event_name":"Living Wall","floor":14,"gold_loss":0,"cards_upgraded":["bronze:OilSpill"]},{"damage_healed":0,"gold_gain":0,"player_choice":"Ignored","damage_taken":0,"max_hp_gain":0,"max_hp_loss":0,"event_name":"NoteForYourself","floor":20,"gold_loss":0},{"damage_healed":0,"gold_gain":0,"player_choice":"Ignored","damage_taken":0,"max_hp_gain":0,"max_hp_loss":0,"event_name":"Ghosts","floor":28,"gold_loss":0}],"is_beta":true,"boss_relics":[{"not_picked":["Busted Crown","Astrolabe"],"picked":"bronze:MakeshiftBattery"}],"items_purged_floors":[],"is_endless":false,"potions_floor_spawned":[3,8,10,16,22,25,31,32],"killed_by":"DF_ARCHETYPE_CLAW","ascension_level":0}}