{"host":"3y2rtlgteqp2nuo3","time":1612266534,"event":{"mods":["2.2 Compatiblity","AchievementEnabler","BaseMod","Colored Map","DeckTracker","Highlight Path","Keyboard Shortcuts","Minty Spire (QoL Compilation)","Permanent Neow","Quick Restart","StSLib","SuperFastMode","everything is the same but u backflip on backflip"],"gold_per_floor":[115,127,127,146,159,159,186,203,203,203,220,249,249,268,268,340,340,350,369,130,149,167,167,167,167,167,187,187,187,207,221,221,300,300,316,316,341,354,354,354,354,354],"floor_reached":41,"language":"KOR","playtime":1000,"items_purged":["Strike_B"],"score":733,"play_id":"052ce177-acc4-4779-9fa6-ecd2f190bd39","local_time":"20210202204854","is_ascension_mode":true,"campfire_choices":[{"data":"FTL","floor":6.0,"key":"SMITH"},{"floor":10.0,"key":"REST"},{"floor":15.0,"key":"REST"},{"data":"Coolheaded","floor":23.0,"key":"SMITH"},{"data":"Blizzard","floor":25.0,"key":"SMITH"},{"floor":29,"key":"REST"},{"data":"Thunder Strike","floor":32,"key":"SMITH"},{"data":"Biased Cognition","floor":40,"key":"SMITH"}],"circlet_count":0,"master_deck":["AscendersBane","Strike_B","Strike_B","Defend_B","Defend_B","Defend_B","Defend_B","Zap","Dualcast","Blizzard+1","Ball Lightning","FTL+1","Beam Cell","Cold Snap","Sweeping Beam","Chill","Thunder Strike+1","Electrodynamics","Rebound","Doom and Gloom+1","Coolheaded+1","Turbo+1","Conserve Battery","Biased Cognition+1","Beam Cell+1","Apotheosis"],"relics":["Cracked Core","DataDisk","Bottled Flame","Cables","Eternal Feather","Sozu","Regal Pillow","Gambling Chip","Cursed Key","Mango"],"acts_visited":["Exordium","TheCity","TheBeyond"],"potions_floor_usage":[27,33],"damage_taken":[{"damage":4.0,"enemies":"2 Louse","floor":1.0,"turns":4.0},{"damage":1.0,"enemies":"Cultist","floor":2.0,"turns":3.0},{"damage":4.0,"enemies":"Jaw Worm","floor":4.0,"turns":3.0},{"damage":6.0,"enemies":"2 Fungi Beasts","floor":5.0,"turns":3.0},{"damage":18.0,"enemies":"Gremlin Nob","floor":7.0,"turns":3.0},{"damage":14.0,"enemies":"Large Slime","floor":8.0,"turns":5.0},{"damage":14.0,"enemies":"3 Louse","floor":11.0,"turns":2.0},{"damage":17.0,"enemies":"3 Sentries","floor":12.0,"turns":4.0},{"damage":0.0,"enemies":"2 Fungi Beasts","floor":14.0,"turns":2.0},{"damage":28.0,"enemies":"The Guardian","floor":16.0,"turns":11.0},{"damage":0.0,"enemies":"2 Thieves","floor":18.0,"turns":4.0},{"damage":4.0,"enemies":"Chosen","floor":19.0,"turns":3.0},{"damage":10.0,"enemies":"3 Cultists","floor":21.0,"turns":4.0},{"damage":18.0,"enemies":"Centurion and Healer","floor":22.0,"turns":5.0},{"damage":23,"enemies":"Snake Plant","floor":27,"turns":3},{"damage":2,"enemies":"Cultist and Chosen","floor":30,"turns":4},{"damage":12,"enemies":"Shelled Parasite and Fungi","floor":31,"turns":5},{"damage":58,"enemies":"Champ","floor":33,"turns":10},{"damage":0,"enemies":"3 Darklings","floor":35,"turns":2},{"damage":6,"enemies":"Mind Bloom Boss Battle","floor":37,"turns":6},{"damage":2,"enemies":"Orb Walker","floor":38,"turns":3},{"damage":90,"enemies":"Giant Head","floor":41,"turns":7}],"seed_played":"-4079291785399473329","potions_obtained":[{"floor":1.0,"key":"PotionOfCapacity"},{"floor":7.0,"key":"Swift Potion"},{"floor":8.0,"key":"ColorlessPotion"}],"is_trial":false,"path_per_floor":["M","M","?","M","M","R","E","M","T","R","M","E","?","M","R","B",null,"M","M","$","M","M","R","?","R","T","M","?","R","M","M","R","B",null,"M","?","?","M","?","R","E"],"character_chosen":"DEFECT","items_purchased":["Regal Pillow"],"campfire_rested":3,"item_purchase_floors":[20],"current_hp_per_floor":[60,59,59,55,49,49,31,17,17,38,24,7,7,7,37,9,56,56,52,52,42,24,36,36,48,48,25,25,71,69,57,69,11,56,56,56,64,62,62,77,0,0],"gold":354,"neow_bonus":"REMOVE_CARD","is_daily":false,"chose_seed":false,"campfire_upgraded":5,"win_rate":0.0,"timestamp":1612266534,"path_taken":["M","M","?","M","M","R","E","?","T","R","M","E","?","M","R","BOSS","M","M","$","M","M","R","?","R","T","M","?","R","M","M","R","BOSS","M","?","?","M","?","R","E"],"items_purchased_type":["Relic"],"build_version":"2020-12-22","purchased_purges":1,"victory":false,"max_hp_per_floor":[71,71,71,71,71,71,71,71,71,71,71,71,71,71,71,71,71,71,71,71,71,71,71,71,71,71,71,71,71,71,71,71,71,71,71,71,85,85,85,85,85,85],"card_choices":[{"not_picked":["Beam Cell","Coolheaded"],"picked":"Blizzard","floor":1.0},{"not_picked":["Beam Cell","Consume"],"picked":"Ball Lightning","floor":2.0},{"not_picked":["Compile Driver","Streamline"],"picked":"FTL","floor":4.0},{"not_picked":["Turbo","Static Discharge"],"picked":"Beam Cell","floor":5.0},{"not_picked":["Doom and Gloom","Redo"],"picked":"Cold Snap","floor":7.0},{"not_picked":["Reinforced Body","Aggregate"],"picked":"Sweeping Beam","floor":8.0},{"not_picked":["Darkness","Storm","Gash"],"picked":"SKIP","floor":11.0},{"not_picked":["Redo","Stack"],"picked":"Chill","floor":12.0},{"not_picked":["Barrage","Gash"],"picked":"Thunder Strike","floor":14.0},{"not_picked":["Machine Learning","All For One"],"picked":"Electrodynamics","floor":16.0},{"not_picked":["Stack","Sweeping Beam"],"picked":"Rebound","floor":18.0},{"not_picked":["Melter","Conserve Battery"],"picked":"Doom and Gloom+1","floor":19.0},{"not_picked":["White Noise","Undo"],"picked":"Coolheaded","floor":21.0},{"not_picked":["Double Energy","Barrage"],"picked":"Turbo+1","floor":22.0},{"not_picked":["Barrage","Hologram"],"picked":"Conserve Battery","floor":27},{"not_picked":["Redo","Barrage","Conserve Battery"],"picked":"SKIP","floor":30},{"not_picked":["Rainbow","Beam Cell","Storm"],"picked":"SKIP","floor":31},{"not_picked":["Amplify","Echo Form"],"picked":"Biased Cognition","floor":33},{"not_picked":["Gash","Conserve Battery"],"picked":"Beam Cell+1","floor":35},{"not_picked":["Rebound","Go for the Eyes+1","Heatsinks"],"picked":"SKIP","floor":38},{"not_picked":["Mind Blast","Impatience"],"picked":"Apotheosis","floor":39}],"player_experience":745959,"relics_obtained":[{"floor":7.0,"key":"Bottled Flame"},{"floor":9.0,"key":"Cables"},{"floor":12.0,"key":"Eternal Feather"},{"floor":26.0,"key":"Gambling Chip"},{"floor":37,"key":"Mango"}],"event_choices":[{"damage_healed":0.0,"max_hp_gain":0.0,"max_hp_loss":0.0,"gold_gain":0.0,"event_name":"WeMeetAgain","player_choice":"Gave Potion","floor":3.0,"gold_loss":0.0,"damage_taken":0.0,"relics_obtained":["DataDisk"]},{"damage_healed":0.0,"max_hp_gain":0.0,"max_hp_loss":0.0,"gold_gain":0.0,"event_name":"Dead Adventurer","player_choice":"Searched \u00270\u0027 times","floor":13.0,"gold_loss":0.0,"damage_taken":0.0},{"damage_healed":0.0,"max_hp_gain":0.0,"max_hp_loss":0.0,"gold_gain":0.0,"event_name":"The Library","player_choice":"Read","floor":24.0,"gold_loss":0.0,"damage_taken":0.0,"cards_obtained":["Coolheaded"]},{"damage_healed":0,"gold_gain":0,"player_choice":"Ignored","damage_taken":0,"max_hp_gain":0,"max_hp_loss":0,"event_name":"Cursed Tome","floor":28,"gold_loss":0},{"cards_removed":["Coolheaded"],"damage_healed":0,"gold_gain":0,"player_choice":"Removed Skill","damage_taken":0,"max_hp_gain":0,"max_hp_loss":0,"event_name":"Falling","floor":36,"gold_loss":0},{"damage_healed":0,"gold_gain":0,"player_choice":"Fight","damage_taken":0,"max_hp_gain":0,"max_hp_loss":0,"event_name":"MindBloom","floor":37,"gold_loss":0},{"damage_healed":0,"gold_gain":0,"player_choice":"Memory 1","damage_taken":0,"max_hp_gain":0,"max_hp_loss":0,"event_name":"SensoryStone","floor":39,"gold_loss":0}],"is_beta":false,"boss_relics":[{"not_picked":["Black Star","Coffee Dripper"],"picked":"Sozu"},{"not_picked":["Philosopher\u0027s Stone","Busted Crown"],"picked":"Cursed Key"}],"items_purged_floors":[20],"is_endless":false,"potions_floor_spawned":[1,7,8,19,22,31,33,38],"killed_by":"Giant Head","ascension_level":16}}