{"host":"soyfmymeou4emntr","time":1612255677,"event":{"mods":["BaseMod","BetterRewards","Minty Spire (QoL Compilation)","Relic Sorter","Relic Stats","StSLib"],"gold_per_floor":[113,113,74,84,94,124,124,134,206,206,220,220,236,266,266,341,341,359,359,369,369,383,401,401,429,429,448,463,490,490,508,508,582,582,596,242,254,266,119,144,144,144],"floor_reached":41,"language":"ENG","playtime":4035,"items_purged":[],"score":979,"play_id":"0daf3ba5-e3d1-495f-81ef-7e14be19b218","local_time":"20210202014757","is_ascension_mode":true,"campfire_choices":[{"data":"Streamline","floor":7.0,"key":"SMITH"},{"data":"Genetic Algorithm","floor":10.0,"key":"SMITH"},{"floor":12.0,"key":"REST"},{"data":"Hologram","floor":15.0,"key":"SMITH"},{"floor":24.0,"key":"REST"},{"floor":30.0,"key":"REST"},{"floor":32,"key":"REST"}],"circlet_count":0,"master_deck":["AscendersBane","Zap","Dualcast","Skim","Static Discharge","Glacier","Streamline+1","Ball Lightning","Genetic Algorithm+1","Hologram+1","Compile Driver","Skim","Meteor Strike","FTL","Heatsinks","Fusion","FTL+1","Gash","Lockon","Coolheaded+1","Cold Snap","Blizzard+1","Sweeping Beam","Defragment","Multi-Cast","Echo Form","Electrodynamics","Rebound","Lockon","Loop","Electrodynamics","Capacitor","Defragment","Auto Shields","Defragment","Coolheaded"],"relics":["Runic Dome","Regal Pillow","Bag of Marbles","Kunai","Pen Nib","Cursed Key","Incense Burner","Bronze Scales","Pandora\u0027s Box","Cables","Bottled Flame"],"acts_visited":["Exordium","TheCity","TheBeyond"],"potions_floor_usage":[31,40],"damage_taken":[{"damage":1.0,"enemies":"Cultist","floor":1.0,"turns":3.0},{"damage":9.0,"enemies":"2 Louse","floor":4.0,"turns":2.0},{"damage":0.0,"enemies":"Small Slimes","floor":5.0,"turns":5.0},{"damage":3.0,"enemies":"Lagavulin","floor":6.0,"turns":6.0},{"damage":19.0,"enemies":"Exordium Thugs","floor":8.0,"turns":4.0},{"damage":0.0,"enemies":"Gremlin Gang","floor":11.0,"turns":3.0},{"damage":0.0,"enemies":"2 Fungi Beasts","floor":13.0,"turns":3.0},{"damage":15.0,"enemies":"3 Sentries","floor":14.0,"turns":7.0},{"damage":34.0,"enemies":"Slime Boss","floor":16.0,"turns":6.0},{"damage":6.0,"enemies":"Shell Parasite","floor":18.0,"turns":4.0},{"damage":0.0,"enemies":"Spheric Guardian","floor":20.0,"turns":3.0},{"damage":32.0,"enemies":"Snake Plant","floor":22.0,"turns":4.0},{"damage":34.0,"enemies":"Cultist and Chosen","floor":23.0,"turns":7.0},{"damage":16.0,"enemies":"Slavers","floor":25.0,"turns":4.0},{"damage":4.0,"enemies":"Snecko","floor":27.0,"turns":5.0},{"damage":0.0,"enemies":"Chosen and Byrds","floor":28.0,"turns":6.0},{"damage":22.0,"enemies":"Gremlin Leader","floor":29.0,"turns":6.0},{"damage":17,"enemies":"Shelled Parasite and Fungi","floor":31,"turns":5},{"damage":22,"enemies":"Automaton","floor":33,"turns":10},{"damage":8,"enemies":"Orb Walker","floor":35,"turns":3},{"damage":4,"enemies":"3 Darklings","floor":37,"turns":4},{"damage":0,"enemies":"Sphere and 2 Shapes","floor":38,"turns":4},{"damage":18,"enemies":"Giant Head","floor":40,"turns":8},{"damage":41,"enemies":"Jaw Worm Horde","floor":41,"turns":2}],"seed_played":"1138481533273974732","potions_obtained":[{"floor":1.0,"key":"FocusPotion"},{"floor":6.0,"key":"SteroidPotion"},{"floor":11.0,"key":"FocusPotion"},{"floor":16.0,"key":"FairyPotion"},{"floor":20.0,"key":"PotionOfCapacity"},{"floor":25.0,"key":"FearPotion"},{"floor":35,"key":"Dexterity Potion"},{"floor":37,"key":"AttackPotion"}],"is_trial":false,"path_per_floor":["M","T","$","M","M","E","R","M","T","R","M","R","M","E","R","B",null,"M","?","M","?","M","M","R","E","T","M","M","E","R","M","R","B",null,"M","$","M","M","$","E","M"],"character_chosen":"DEFECT","items_purchased":["Static Discharge","Capacitor","Cables","Defragment","Coolheaded"],"campfire_rested":4,"item_purchase_floors":[3,36,36,39,39],"current_hp_per_floor":[63,63,63,54,54,51,51,32,32,32,32,68,68,53,53,19,58,52,52,52,52,20,8,44,28,28,24,24,2,38,21,57,35,62,54,54,50,50,50,32,0,0],"gold":144,"neow_bonus":"BOSS_RELIC","is_daily":false,"chose_seed":false,"campfire_upgraded":3,"win_rate":0.0,"timestamp":1612255677,"path_taken":["M","?","$","M","M","E","R","M","T","R","M","R","?","E","R","BOSS","M","?","M","?","?","M","R","E","T","?","M","E","R","M","R","BOSS","M","$","M","M","$","E","M"],"items_purchased_type":["Card","Card","Relic","Card","Card"],"build_version":"2020-12-22","purchased_purges":0,"victory":false,"max_hp_per_floor":[71,71,71,71,71,71,71,71,71,71,71,71,71,71,71,71,71,71,71,71,71,71,71,71,71,71,71,71,71,71,71,71,71,71,71,71,71,71,71,71,71,71],"relic_stats":{"Regal Pillow":60,"counters":[24,114],"Bronze Scales":[88],"Pandora\u0027s Box":["Echo Form","Electrodynamics","Rebound","Lockon","Loop","Electrodynamics"],"Pen Nib":[20],"Kunai":[40],"Cursed Key":0,"obtain_stats":[{"Runic Dome":0,"Regal Pillow":2,"Bottled Flame":40,"Bronze Scales":29,"Pandora\u0027s Box":34,"Pen Nib":14,"Bag of Marbles":6,"Incense Burner":25,"Kunai":9,"Cracked Core":0,"Cursed Key":17,"Cables":36},{"Runic Dome":0,"Regal Pillow":1,"Bottled Flame":23,"Bronze Scales":17,"Pandora\u0027s Box":19,"Pen Nib":8,"Bag of Marbles":4,"Incense Burner":14,"Kunai":5,"Cracked Core":0,"Cursed Key":9,"Cables":20},{"Runic Dome":0,"Regal Pillow":3,"Bottled Flame":112,"Bronze Scales":78,"Pandora\u0027s Box":93,"Pen Nib":33,"Bag of Marbles":16,"Incense Burner":61,"Kunai":20,"Cracked Core":0,"Cursed Key":39,"Cables":96}],"Cables":[15,3,8,0,4]},"card_choices":[{"not_picked":["Turbo","Redo"],"picked":"Skim","floor":1.0},{"not_picked":["Go for the Eyes","Leap"],"picked":"Glacier","floor":4.0},{"not_picked":["Leap","Tempest"],"picked":"Streamline","floor":5.0},{"not_picked":["Storm","Steam"],"picked":"Ball Lightning","floor":6.0},{"not_picked":["Sweeping Beam","Blizzard"],"picked":"Genetic Algorithm","floor":8.0},{"not_picked":["Steam","Ball Lightning"],"picked":"Hologram","floor":11.0},{"not_picked":["Conserve Battery","Turbo"],"picked":"Compile Driver","floor":13.0},{"not_picked":["Steam Power","Stack"],"picked":"Skim","floor":14.0},{"not_picked":["Fission","Rainbow"],"picked":"Meteor Strike","floor":16.0},{"not_picked":["Ball Lightning","Scrape"],"picked":"FTL","floor":18.0},{"not_picked":["Streamline","Redo"],"picked":"FTL+1","floor":20.0},{"not_picked":["Stack","Hello World"],"picked":"Gash","floor":22.0},{"not_picked":["Gash","Barrage"],"picked":"Lockon","floor":23.0},{"not_picked":["All For One","Steam"],"picked":"Coolheaded+1","floor":25.0},{"not_picked":["Reinforced Body","White Noise"],"picked":"Cold Snap","floor":27.0},{"not_picked":["Streamline","Loop"],"picked":"Blizzard+1","floor":28.0},{"not_picked":["Compile Driver","Barrage"],"picked":"Sweeping Beam","floor":29.0},{"not_picked":["Skim","Coolheaded"],"picked":"Defragment","floor":31},{"not_picked":["Machine Learning","Seek"],"picked":"Multi-Cast","floor":33},{"not_picked":["Cold Snap","Compile Driver","Steam+1"],"picked":"SKIP","floor":35},{"not_picked":["Aggregate","Fusion"],"picked":"Defragment","floor":37},{"not_picked":["Reprogram","Stack"],"picked":"Auto Shields","floor":38},{"not_picked":["Heatsinks+1","Streamline+1","Stack"],"picked":"SKIP","floor":40}],"player_experience":2997458,"relics_obtained":[{"floor":2.0,"key":"Regal Pillow"},{"floor":6.0,"key":"Bag of Marbles"},{"floor":9.0,"key":"Kunai"},{"floor":14.0,"key":"Pen Nib"},{"floor":25.0,"key":"Incense Burner"},{"floor":29.0,"key":"Bronze Scales"},{"floor":40,"key":"Bottled Flame"}],"event_choices":[{"damage_healed":0.0,"max_hp_gain":0.0,"max_hp_loss":0.0,"gold_gain":0.0,"cards_transformed":["Strike_B","Strike_B"],"event_name":"Drug Dealer","player_choice":"Became Test Subject","floor":19.0,"gold_loss":0.0,"damage_taken":0.0,"cards_obtained":["Heatsinks","Fusion"]},{"damage_healed":0.0,"max_hp_gain":0.0,"max_hp_loss":0.0,"gold_gain":0.0,"event_name":"Lab","player_choice":"Got Potions","floor":21.0,"gold_loss":0.0,"damage_taken":0.0}],"is_beta":false,"boss_relics":[{"not_picked":["Fusion Hammer","SlaversCollar"],"picked":"Cursed Key"},{"not_picked":["Tiny House","Astrolabe"],"picked":"Pandora\u0027s Box"}],"items_purged_floors":[],"is_endless":false,"potions_floor_spawned":[1,6,11,16,20,25,35,37,38],"killed_by":"Jaw Worm Horde","ascension_level":20}}