{"host":"72j3if4hls1tefkc","time":1612303099,"event":{"mods":["AchievementEnabler","Always Whale","Aspiration","BaseMod","Colored Map","Conspire","FetchMod","Halation","Hubris","Infinite Spire","Minty Spire (QoL Compilation)","Reliquary","Replay The Spire","Shop Mod","StSLib","The Bug Knight","The Construct","The Cursed","The Jungle","The Marked","The Necromancer","The Poker Player"],"gold_per_floor":[111,111,54,54,70,105,55,55,123,139,170,190,200,73,73,178,178,191,157,177,192,192,192,35,49,95,115,143,43,43,75,87,195,207,235,263,289,317,329,367,396,425,437,449,472,484,496,519,531,543,555,567,33,63,63],"floor_reached":56,"language":"ENG","playtime":4224,"items_purged":["Strike_G","Strike_G","Strike_G"],"score":1483,"play_id":"5eee2678-937c-40c9-a25b-64cff631094b","local_time":"20210202145819","is_ascension_mode":false,"campfire_choices":[{"data":"Neutralize","floor":8,"key":"SMITH"},{"data":"Footwork","floor":15,"key":"SMITH"},{"data":"A Thousand Cuts","floor":23,"key":"SMITH"},{"data":"Caltrops","floor":32,"key":"SMITH"},{"data":"Footwork","floor":44,"key":"SMITH"},{"floor":46,"key":"RECALL"},{"data":"Burst","floor":49,"key":"SMITH"},{"data":"Acrobatics","floor":52,"key":"SMITH"}],"circlet_count":0,"master_deck":["Strike_G","Defend_G","Defend_G","Defend_G","Defend_G","Defend_G","Survivor","Neutralize+1","Dodge and Roll","Footwork+1","Footwork+1","Deflect","Adrenaline","Reflex","Backflip","Caltrops+1","Deadly Poison","A Thousand Cuts+1","Backflip","Escape Plan","After Image+1","Acrobatics+1","Acrobatics+1","After Image","ReplayTheSpireMod:Speed Training","Prepared+1","Caltrops+1","Parasite","Deadly Poison+1","Burst+1","Replay:Bootleg Shield Generator"],"relics":["Ring of the Snake","NeowsBlessing","aspiration:HatOfInfinitePower","conspire:GiftBox","infinitespire:EmpoweringShard","reliquary:BallBearing","HoveringKite","hubris:PeanutButter","Oddly Smooth Stone","Vajra","Replay:Rubber Ducky","hubris:Towel","MawBank","hubris:Backtick","Calipers","reliquary:PorcupineQuills","halation:TrafficLight","reliquary:HotPoker"],"acts_visited":["Exordium","TheCity","TheBeyond","TheEnding"],"potions_floor_usage":[50,55,55,55],"damage_taken":[{"damage":0,"enemies":"conspire:RoseBush","floor":1,"turns":1},{"damage":0,"enemies":"Cultist","floor":5,"turns":1},{"damage":0,"enemies":"Replay:BlueRogue","floor":6,"turns":1},{"damage":0,"enemies":"2 Louse","floor":10,"turns":3},{"damage":11,"enemies":"Lagavulin","floor":11,"turns":14},{"damage":0,"enemies":"2 Fungi Beasts","floor":12,"turns":6},{"damage":0,"enemies":"Blue Slaver","floor":13,"turns":5},{"damage":0,"enemies":"Hexaghost","floor":16,"turns":14},{"damage":0,"enemies":"Shell Parasite","floor":18,"turns":6},{"damage":13,"enemies":"2 Thieves","floor":19,"turns":5},{"damage":2,"enemies":"Centurion and Healer","floor":20,"turns":9},{"damage":0,"enemies":"Shelled Parasite and Fungi","floor":21,"turns":8},{"damage":0,"enemies":"Snecko","floor":25,"turns":6},{"damage":0,"enemies":"Sentry and Sphere","floor":27,"turns":7},{"damage":0,"enemies":"conspire:Head Lice","floor":28,"turns":6},{"damage":0,"enemies":"Gremlin Leader","floor":31,"turns":6},{"damage":0,"enemies":"Automaton","floor":33,"turns":11},{"damage":0,"enemies":"3 Shapes","floor":35,"turns":5},{"damage":0,"enemies":"Orb Walker","floor":36,"turns":5},{"damage":0,"enemies":"3 Darklings","floor":37,"turns":5},{"damage":0,"enemies":"Spire Growth","floor":38,"turns":7},{"damage":0,"enemies":"Giant Head","floor":40,"turns":11},{"damage":0,"enemies":"Sphere and 2 Shapes","floor":41,"turns":6},{"damage":0,"enemies":"Writhing Mass","floor":42,"turns":7},{"damage":0,"enemies":"Spire Growth","floor":45,"turns":7},{"damage":0,"enemies":"Transient","floor":48,"turns":5},{"damage":0,"enemies":"Time Eater","floor":50,"turns":15},{"damage":2,"enemies":"Shield and Spear","floor":54,"turns":11},{"damage":0,"enemies":"The Heart","floor":55,"turns":13}],"seed_played":"1814243770068214838","potions_obtained":[{"floor":5,"key":"Elixir"},{"floor":6,"key":"SneckoOil"},{"floor":13,"key":"Strength Potion"},{"floor":16,"key":"Doom Potion"},{"floor":31,"key":"Adrenaline Potion"},{"floor":33,"key":"EssenceOfSteel"},{"floor":39,"key":"PowerPotion"},{"floor":39,"key":"infinitespire:BlackPotion"}],"is_trial":false,"path_per_floor":["M","?","$","T","M","E","?","R","T","M","E","M","M","$","R","B",null,"M","M","M","M","AVR","R","$","M","T","M","E","$","?","E","R","B",null,"M","M","M","M","?","E","M","M","T","R","M","R","?","M","R","B",null,"R","$","E","B",null],"character_chosen":"THE_SILENT","items_purchased":["Footwork","Deadly Poison","Oddly Smooth Stone","Replay:Bootleg Shield Generator","halation:TrafficLight","BlessingOfTheForge"],"campfire_rested":0,"item_purchase_floors":[3,14,24,53,53,53],"current_hp_per_floor":[70,70,70,70,70,70,70,70,70,70,59,59,59,59,59,59,70,70,57,55,55,55,55,55,55,55,55,55,55,55,55,55,55,70,70,70,70,70,70,70,70,70,70,70,70,70,70,70,70,70,70,70,70,68,68],"gold":63,"neow_bonus":"THREE_ENEMY_KILL","is_daily":false,"chose_seed":false,"campfire_upgraded":7,"win_rate":0.0,"timestamp":1612303099,"path_taken":["M","?","$","?","M","E","?","R","T","M","E","M","M","?","R","BOSS","M","M","M","M","AVR","R","$","M","T","M","E","$","?","E","R","BOSS","M","M","M","M","?","E","M","M","T","R","?","R","?","M","R","BOSS","R","$","E","BOSS"],"items_purchased_type":["Card","Card","Relic","Card","Relic","Potion"],"build_version":"2020-12-22","purchased_purges":3,"victory":true,"max_hp_per_floor":[70,70,70,70,70,70,70,70,70,70,70,70,70,70,70,70,70,70,70,70,70,70,70,70,70,70,70,70,70,70,70,70,70,70,70,70,70,70,70,70,70,70,70,70,70,70,70,70,70,70,70,70,70,70,70],"card_choices":[{"not_picked":["Bane","Backflip"],"picked":"Dodge and Roll","floor":1},{"not_picked":["Slice","Deflect","Hidden Blade"],"picked":"SKIP","floor":5},{"not_picked":["Slice","Hidden Blade"],"picked":"Deflect","floor":5},{"not_picked":["Bullet Time","Burst"],"picked":"Adrenaline","floor":6},{"not_picked":["Poison Darts","Dagger Throw","Blade Dance"],"picked":"SKIP","floor":6},{"not_picked":["Choke","Blade Dance"],"picked":"Reflex","floor":10},{"not_picked":["Night Terror","hubris:SlightOfHand"],"picked":"Backflip","floor":11},{"not_picked":["Acrobatics","Masterful Stab"],"picked":"Caltrops","floor":12},{"not_picked":["Cloak And Dagger","Dagger Spray","Flying Knee"],"picked":"SKIP","floor":13},{"not_picked":["Envenom","Doppelganger"],"picked":"A Thousand Cuts","floor":16},{"not_picked":["Prepared","ReplayTheSpireMod:Exploit Weakness"],"picked":"Backflip","floor":18},{"not_picked":["Flechettes","Dagger Throw"],"picked":"Escape Plan","floor":19},{"not_picked":["Backflip","PiercingWail","ReplayTheSpireMod:Tripwire"],"picked":"SKIP","floor":20},{"not_picked":["PiercingWail","Endless Agony","hubris:Counter"],"picked":"SKIP","floor":21},{"not_picked":["ReplayTheSpireMod:Speed Training","hubris:SlightOfHand"],"picked":"After Image","floor":25},{"not_picked":["Skewer+1","Backflip","PiercingWail"],"picked":"SKIP","floor":27},{"not_picked":["Deflect","Catalyst"],"picked":"Acrobatics+1","floor":28},{"not_picked":["Bane","Flechettes"],"picked":"Acrobatics","floor":31},{"not_picked":["Wraith Form v2","Die Die Die"],"picked":"After Image","floor":33},{"not_picked":["Heel Hook","All Out Attack+1","Blur+1"],"picked":"SKIP","floor":35},{"not_picked":["Poisoned Stab+1","Expertise+1"],"picked":"ReplayTheSpireMod:Speed Training","floor":36},{"not_picked":["Hidden Blade","PiercingWail+1"],"picked":"Prepared+1","floor":37},{"not_picked":["Hidden Blade+1","Poisoned Stab+1","ReplayTheSpireMod:Exploit Weakness"],"picked":"SKIP","floor":38},{"not_picked":["Well Laid Plans+1","Dagger Throw+1","Blur"],"picked":"SKIP","floor":40},{"not_picked":["Footwork","Dagger Spray"],"picked":"Caltrops+1","floor":41},{"not_picked":["Well Laid Plans","Backflip"],"picked":"Deadly Poison+1","floor":42},{"not_picked":["Flying Knee","Backflip","Sucker Punch+1"],"picked":"SKIP","floor":45},{"not_picked":["Blur","Caltrops+1"],"picked":"Burst","floor":48},{"not_picked":["Heel Hook","hubris:SlightOfHand","Bane+1"],"picked":"SKIP","floor":54}],"player_experience":344852,"relics_obtained":[{"floor":4,"key":"aspiration:HatOfInfinitePower"},{"floor":6,"key":"conspire:GiftBox"},{"floor":9,"key":"infinitespire:EmpoweringShard"},{"floor":11,"key":"reliquary:BallBearing"},{"floor":26,"key":"Vajra"},{"floor":28,"key":"Replay:Rubber Ducky"},{"floor":31,"key":"MawBank"},{"floor":40,"key":"reliquary:PorcupineQuills"},{"floor":54,"key":"reliquary:HotPoker"}],"event_choices":[{"damage_healed":0,"gold_gain":0,"player_choice":"Bought 0 Potions","damage_taken":0,"max_hp_gain":0,"max_hp_loss":0,"event_name":"The Woman in Blue","floor":2,"gold_loss":0},{"cards_removed":["Strike_G"],"damage_healed":0,"gold_gain":0,"player_choice":"Card Removal","damage_taken":0,"max_hp_gain":0,"max_hp_loss":0,"event_name":"The Cleric","floor":7,"gold_loss":50},{"damage_healed":0,"gold_gain":0,"player_choice":"Got Potions","damage_taken":0,"max_hp_gain":0,"max_hp_loss":0,"event_name":"Lab","floor":39,"gold_loss":0}],"is_beta":false,"boss_relics":[{"not_picked":["aspiration:RunicSpoon","hubris:TerracottaHorce"],"picked":"HoveringKite"},{"not_picked":["Replay:Wanted Poster","SlaversCollar"],"picked":"hubris:Backtick"}],"items_purged_floors":[14,22,29],"is_endless":false,"potions_floor_spawned":[5,6,13,16,18,31,33,37,38,41,42],"ascension_level":0}}