{"host":"c6u7e77myxvw4d0m","time":1612256539,"event":{"mods":["AchievementEnabler","BaseMod","Bestiary","Colored Map","Colored Powertips","Minty Spire (QoL Compilation)","Rare Cards Sparkle","Relic Stats","everything is the same but u backflip on backflip"],"gold_per_floor":[119,119,129,147,163,194,52,78,78,78,108,126,126,137,137,216,216,230,311,311,324,51,51,67,100,189,201,248,273,285,38,38,112,112,131,141,141,153,153,185,203,234,234,234,261,280,291,305,305,305],"floor_reached":51,"language":"ENG","playtime":4382,"items_purged":[],"score":1549,"play_id":"ab828390-3430-432e-ab6f-c1134f301b99","local_time":"20210202110219","is_ascension_mode":true,"campfire_choices":[{"data":"Hemokinesis","floor":13,"key":"SMITH"},{"data":"True Grit","floor":15,"key":"SMITH"},{"data":"Demon Form","floor":23,"key":"SMITH"},{"data":"Flame Barrier","floor":27,"key":"SMITH"},{"data":"Twin Strike","floor":30,"key":"SMITH"},{"data":"Shrug It Off","floor":32,"key":"SMITH"},{"data":"Dual Wield","floor":44,"key":"SMITH"},{"data":"Bash","floor":49,"key":"SMITH"}],"circlet_count":0,"master_deck":["AscendersBane","Strike_R","Strike_R","Strike_R","Strike_R","Strike_R","Defend_R","Defend_R","Defend_R","Defend_R","Bash+1","Iron Wave","Twin Strike+1","Hemokinesis+1","Perfected Strike+1","Shrug It Off+1","True Grit+1","Perfected Strike+1","Pommel Strike+1","Demon Form+1","Pommel Strike+1","Headbutt+1","Flame Barrier+1","Uppercut+1","Pommel Strike+1","Twin Strike+1","Reaper+1","Dual Wield+1","Heavy Blade+1","Perfected Strike+1","Parasite","Disarm"],"relics":["Burning Blood","Meat on the Bone","HornCleat","Molten Egg 2","Oddly Smooth Stone","Pear","Snecko Eye","Bottled Tornado","StrikeDummy","MawBank","Eternal Feather","Darkstone Periapt","Membership Card","Busted Crown","CaptainsWheel","Nunchaku","The Courier","Question Card"],"acts_visited":["Exordium","TheCity","TheBeyond"],"potions_floor_usage":[8,25,28,33,40,47,50,50],"damage_taken":[{"damage":7.0,"enemies":"Cultist","floor":1.0,"turns":4.0},{"damage":4.0,"enemies":"Jaw Worm","floor":3.0,"turns":5.0},{"damage":4.0,"enemies":"2 Louse","floor":4.0,"turns":3.0},{"damage":11,"enemies":"Red Slaver","floor":5,"turns":3},{"damage":32,"enemies":"3 Sentries","floor":6,"turns":8},{"damage":20,"enemies":"Lagavulin","floor":8,"turns":5},{"damage":2,"enemies":"Gremlin Nob","floor":11,"turns":3},{"damage":5,"enemies":"Blue Slaver","floor":12,"turns":2},{"damage":2,"enemies":"Looter","floor":14,"turns":2},{"damage":36,"enemies":"The Guardian","floor":16,"turns":8},{"damage":0,"enemies":"Shell Parasite","floor":18,"turns":3},{"damage":0,"enemies":"Spheric Guardian","floor":21,"turns":2},{"damage":16,"enemies":"Snake Plant","floor":24,"turns":3},{"damage":7,"enemies":"Gremlin Leader","floor":25,"turns":3},{"damage":17,"enemies":"Slavers","floor":28,"turns":4},{"damage":0,"enemies":"Centurion and Healer","floor":29,"turns":3},{"damage":2,"enemies":"Collector","floor":33,"turns":3},{"damage":14,"enemies":"3 Shapes","floor":35,"turns":3},{"damage":6,"enemies":"Orb Walker","floor":36,"turns":2},{"damage":2,"enemies":"Sphere and 2 Shapes","floor":38,"turns":3},{"damage":42,"enemies":"Reptomancer","floor":40,"turns":5},{"damage":0,"enemies":"Transient","floor":41,"turns":6},{"damage":4,"enemies":"Nemesis","floor":42,"turns":5},{"damage":0,"enemies":"Reptomancer","floor":45,"turns":1},{"damage":17,"enemies":"4 Shapes","floor":46,"turns":3},{"damage":0,"enemies":"Writhing Mass","floor":47,"turns":3},{"damage":2,"enemies":"Spire Growth","floor":48,"turns":2},{"damage":51,"enemies":"Donu and Deca","floor":50,"turns":6}],"seed_played":"-723329800618920522","potions_obtained":[{"floor":4.0,"key":"Strength Potion"},{"floor":11,"key":"PowerPotion"},{"floor":24,"key":"CultistPotion"},{"floor":25,"key":"GamblersBrew"},{"floor":33,"key":"DistilledChaos"},{"floor":41,"key":"BlessingOfTheForge"},{"floor":46,"key":"Regen Potion"},{"floor":48,"key":"LiquidMemories"}],"is_trial":false,"path_per_floor":["M","T","M","M","M","E","$","E","T","?","E","M","R","M","R","B",null,"M","T","?","M","$","R","M","E","T","R","E","M","R","$","R","B",null,"M","M","?","M","?","E","M","E","T","R","E","M","M","M","R","B",null],"character_chosen":"IRONCLAD","items_purchased":["DuplicationPotion","True Grit","StrikeDummy","Membership Card","Twin Strike+1","SneckoOil"],"campfire_rested":0,"item_purchase_floors":[7,7,22,31,31,31],"current_hp_per_floor":[74,74,76,78,73,59,59,57,57,57,71,72,72,76,76,58,84,90,90,90,92,92,92,82,81,81,92,81,87,92,92,92,92,92,84,84,74,91,102,80,102,102,102,102,102,96,108,108,108,90],"gold":305,"neow_bonus":"TEN_PERCENT_HP_BONUS","is_daily":false,"chose_seed":false,"campfire_upgraded":8,"win_rate":0.0,"timestamp":1612256539,"path_taken":["M","?","M","M","M","E","$","E","T","?","E","M","R","M","R","BOSS","M","?","?","?","?","R","M","E","T","R","E","M","R","$","R","BOSS","M","M","?","M","?","E","M","E","T","R","E","?","M","M","R","BOSS"],"items_purchased_type":["Potion","Card","Relic","Relic","Card","Potion"],"build_version":"2020-12-22","purchased_purges":0,"victory":true,"max_hp_per_floor":[82,82,82,82,82,82,82,82,82,82,92,92,92,92,92,92,92,92,92,92,92,92,92,92,92,92,92,92,92,92,92,92,92,92,92,92,92,92,102,102,102,102,102,102,102,102,108,108,108,108],"relic_stats":{"Darkstone Periapt":6,"Nunchaku":[3],"Busted Crown":26,"counters":[28,103],"Snecko Eye":[113,130,98,122],"Eternal Feather":16,"MawBank":72,"Question Card":3,"obtain_stats":[{"Darkstone Periapt":28,"Pear":11,"Oddly Smooth Stone":9,"Eternal Feather":26,"The Courier":43,"Bottled Tornado":19,"MawBank":25,"Question Card":45,"Burning Blood":0,"CaptainsWheel":40,"Nunchaku":42,"HornCleat":6,"Busted Crown":34,"Snecko Eye":17,"Molten Egg 2":8,"Membership Card":31,"StrikeDummy":22,"Meat on the Bone":2},{"Darkstone Periapt":15,"Pear":7,"Oddly Smooth Stone":6,"Eternal Feather":14,"The Courier":23,"Bottled Tornado":11,"MawBank":14,"Question Card":24,"Burning Blood":0,"CaptainsWheel":21,"Nunchaku":23,"HornCleat":5,"Busted Crown":17,"Snecko Eye":10,"Molten Egg 2":6,"Membership Card":16,"StrikeDummy":12,"Meat on the Bone":1},{"Darkstone Periapt":58,"Pear":31,"Oddly Smooth Stone":28,"Eternal Feather":54,"The Courier":88,"Bottled Tornado":46,"MawBank":54,"Question Card":89,"Burning Blood":0,"CaptainsWheel":77,"Nunchaku":88,"HornCleat":23,"Busted Crown":64,"Snecko Eye":43,"Molten Egg 2":28,"Membership Card":61,"StrikeDummy":48,"Meat on the Bone":4}],"Burning Blood":141,"Meat on the Bone":36},"card_choices":[{"not_picked":["Shrug It Off","Dropkick"],"picked":"Iron Wave","floor":1.0},{"not_picked":["Corruption","Shockwave"],"picked":"Twin Strike","floor":3.0},{"not_picked":["Anger","Inflame"],"picked":"Hemokinesis","floor":4.0},{"not_picked":["Searing Blow","Havoc"],"picked":"Perfected Strike","floor":5},{"not_picked":["Corruption","Heavy Blade"],"picked":"Shrug It Off","floor":6},{"not_picked":["Sever Soul+1","Burning Pact"],"picked":"Perfected Strike+1","floor":8},{"not_picked":["Headbutt+1","Berserk"],"picked":"Pommel Strike+1","floor":11},{"not_picked":["Clash+1","Iron Wave+1","Shrug It Off"],"picked":"SKIP","floor":12},{"not_picked":["Clash+1","Reckless Charge+1","True Grit"],"picked":"SKIP","floor":14},{"not_picked":["Reaper+1","Bludgeon+1"],"picked":"Demon Form","floor":16},{"not_picked":["Headbutt+1","Anger+1"],"picked":"Pommel Strike+1","floor":18},{"not_picked":["Shrug It Off","Armaments"],"picked":"Headbutt+1","floor":21},{"not_picked":["Second Wind","Thunderclap+1"],"picked":"Flame Barrier","floor":24},{"not_picked":["Iron Wave+1","Flex"],"picked":"Uppercut+1","floor":25},{"not_picked":["Infernal Blade","Anger+1","Bloodletting"],"picked":"SKIP","floor":28},{"not_picked":["Infernal Blade","Anger+1","Bloodletting"],"picked":"SKIP","floor":28},{"not_picked":["Flex","Heavy Blade+1"],"picked":"Pommel Strike+1","floor":29},{"not_picked":["Corruption","Fiend Fire+1"],"picked":"Reaper+1","floor":33},{"not_picked":["Sword Boomerang+1"],"picked":"SKIP","floor":35},{"not_picked":[],"picked":"Dual Wield","floor":36},{"not_picked":[],"picked":"Sadistic Nature","floor":37},{"not_picked":[],"picked":"Heavy Blade+1","floor":38},{"not_picked":["Clash+1"],"picked":"SKIP","floor":40},{"not_picked":["Evolve+1"],"picked":"SKIP","floor":41},{"not_picked":[],"picked":"Perfected Strike+1","floor":42},{"not_picked":["Berserk"],"picked":"SKIP","floor":45},{"not_picked":["Berserk"],"picked":"SKIP","floor":45},{"not_picked":["Body Slam+1","Infernal Blade"],"picked":"SKIP","floor":46},{"not_picked":["Reckless Charge+1","Iron Wave+1"],"picked":"SKIP","floor":47},{"not_picked":["Heavy Blade+1"],"picked":"Disarm","floor":48}],"player_experience":611227,"relics_obtained":[{"floor":2.0,"key":"Meat on the Bone"},{"floor":6,"key":"HornCleat"},{"floor":8,"key":"Molten Egg 2"},{"floor":9,"key":"Oddly Smooth Stone"},{"floor":11,"key":"Pear"},{"floor":19,"key":"Bottled Tornado"},{"floor":25,"key":"MawBank"},{"floor":26,"key":"Eternal Feather"},{"floor":28,"key":"Darkstone Periapt"},{"floor":40,"key":"CaptainsWheel"},{"floor":42,"key":"Nunchaku"},{"floor":43,"key":"The Courier"},{"floor":45,"key":"Question Card"}],"event_choices":[{"damage_healed":0,"gold_gain":0,"player_choice":"Upgraded","damage_taken":0,"max_hp_gain":0,"max_hp_loss":0,"event_name":"Upgrade Shrine","floor":10,"gold_loss":0,"cards_upgraded":["Perfected Strike"]},{"damage_healed":0,"gold_gain":0,"player_choice":"Ignored","damage_taken":0,"max_hp_gain":0,"max_hp_loss":0,"event_name":"N\u0027loth","floor":20,"gold_loss":0},{"damage_healed":0,"gold_gain":0,"player_choice":"Memory 3","damage_taken":10,"max_hp_gain":0,"max_hp_loss":0,"event_name":"SensoryStone","floor":37,"gold_loss":0},{"cards_removed":["Sadistic Nature"],"damage_healed":1,"gold_gain":0,"player_choice":"Offered Rare","damage_taken":0,"max_hp_gain":10,"max_hp_loss":0,"event_name":"Bonfire Elementals","floor":39,"gold_loss":0}],"is_beta":false,"boss_relics":[{"not_picked":["Sozu","Black Star"],"picked":"Snecko Eye"},{"not_picked":["SacredBark","Runic Dome"],"picked":"Busted Crown"}],"items_purged_floors":[],"is_endless":false,"potions_floor_spawned":[4,11,12,14,24,25,33,35,41,42,46,48],"ascension_level":17}}