{"host":"mj8akmyfd5lo602f","time":1612287555,"event":{"mods":["2.2 Compatiblity","Act Like it!","BaseMod","Bestiary","BshForSts","Colored Map","Colored Powertips","Downfall","Highlight Path","Minty Spire (QoL Compilation)","Permanent Neow","Relic Stats","StSLib"],"gold_per_floor":[99,117,102,102,116,116,143,161,161,61,88,102,119,119,132,132,132,132],"floor_reached":16,"language":"ENG","playtime":604,"items_purged":[],"score":102,"play_id":"8c25cc60-c178-4d42-ba16-c3054c60c28f","local_time":"20210202173915","is_ascension_mode":false,"campfire_choices":[{"data":"Slimebound:Split","floor":1,"key":"SMITH"},{"data":"Slimebound:SlimeBarrage","floor":10,"key":"SMITH"}],"circlet_count":0,"master_deck":["Slimebound:Strike_Slimebound","Slimebound:Strike_Slimebound","Slimebound:Defend_Slimebound","Slimebound:Defend_Slimebound","Slimebound:Defend_Slimebound","Slimebound:Defend_Slimebound","Slimebound:Split+1","Slimebound:CorrosiveSpit","Slimebound:AcidTongue","Slimebound:GoopSpray","Slimebound:SlimeBarrage+1","Slimebound:SplitSpecialist","Slimebound:Prepare","Slimebound:PressTheAttack","Slimebound:Darklings"],"relics":["Slimebound:AbsorbEndCombat","Blood Vial","Kunai","downfall:HeartBlessingBlue","Bag of Marbles","Eternal Feather"],"acts_visited":["Exordium"],"potions_floor_usage":[16],"damage_taken":[{"damage":8,"enemies":"Jaw Worm","floor":2,"turns":5},{"damage":0,"enemies":"downfall:FleeingMerchant","floor":3,"turns":4},{"damage":1,"enemies":"Cultist","floor":5,"turns":4},{"damage":0,"enemies":"Small Slimes","floor":8,"turns":3},{"damage":13,"enemies":"Lagavulin","floor":11,"turns":6},{"damage":9,"enemies":"3 Louse","floor":12,"turns":2},{"damage":18,"enemies":"Exordium Thugs","floor":13,"turns":4},{"damage":2,"enemies":"Gremlin Gang","floor":15,"turns":4},{"damage":70,"enemies":"IC_STATUS_ARCHETYPE","floor":16,"turns":8}],"seed_played":"1122270306338972920","potions_obtained":[{"floor":5,"key":"ColorlessPotion"},{"floor":11,"key":"champ:CounterPotion"},{"floor":13,"key":"Energy Potion"}],"is_trial":false,"path_per_floor":["R","M","$","?","M","?","T","M","T","R","E","M","M","?","M","B"],"character_chosen":"SLIMEBOUND","items_purchased":[],"campfire_rested":0,"item_purchase_floors":[],"current_hp_per_floor":[65,63,65,65,65,65,65,65,65,75,64,59,47,44,48,0,0,0],"gold":132,"neow_bonus":"TRANSFORM_CARD","is_daily":false,"chose_seed":false,"campfire_upgraded":2,"win_rate":0.0,"timestamp":1612287555,"path_taken":["R","M","$","?","M","?","T","M","?","R","E","?","M","?","M","BOSS"],"items_purchased_type":[],"build_version":"2020-12-22","purchased_purges":0,"victory":false,"max_hp_per_floor":[65,65,65,65,65,65,65,65,65,75,75,75,75,75,75,75,75,75],"relic_stats":{"Blood Vial":8,"counters":[9,39],"Eternal Feather":0,"Kunai":[0],"obtain_stats":[{"Blood Vial":6,"downfall:HeartBlessingBlue":10,"Eternal Feather":14,"Slimebound:AbsorbEndCombat":0,"Bag of Marbles":11,"Kunai":9},{"Blood Vial":3,"downfall:HeartBlessingBlue":4,"Eternal Feather":7,"Slimebound:AbsorbEndCombat":0,"Bag of Marbles":5,"Kunai":4},{"Blood Vial":12,"downfall:HeartBlessingBlue":15,"Eternal Feather":27,"Slimebound:AbsorbEndCombat":0,"Bag of Marbles":21,"Kunai":15}]},"card_choices":[{"not_picked":["Slimebound:SplitBruiser","Slimebound:GoopTackle","Slimebound:ForwardTackle"],"picked":"SKIP","floor":2},{"not_picked":["Slimebound:MassFeed","Slimebound:ForwardTackle"],"picked":"Slimebound:GoopSpray","floor":3},{"not_picked":["Slimebound:Schlurp","Slimebound:SplitLeeching"],"picked":"Slimebound:SlimeBarrage","floor":5},{"not_picked":["Slimebound:Dissolve","Slimebound:LeechingTouch","Slimebound:RejuvenatingLick"],"picked":"SKIP","floor":8},{"not_picked":["Slimebound:SlimeBrawl","Slimebound:Prepare"],"picked":"Slimebound:SplitSpecialist","floor":11},{"not_picked":["Slimebound:GoopSpray","Slimebound:PressTheAttack"],"picked":"Slimebound:Prepare","floor":12},{"not_picked":["Slimebound:RollThrough","Slimebound:GoopSpray"],"picked":"Slimebound:PressTheAttack","floor":13},{"not_picked":["Slimebound:Replication","Slimebound:SplitLeeching"],"picked":"Slimebound:Darklings","floor":15}],"player_experience":470814,"relics_obtained":[{"floor":9,"key":"Kunai"},{"floor":11,"key":"Bag of Marbles"}],"event_choices":[{"damage_healed":0,"gold_gain":0,"player_choice":"Success","damage_taken":3,"relics_obtained":["Eternal Feather"],"max_hp_gain":0,"max_hp_loss":0,"event_name":"Scrap Ooze","floor":14,"gold_loss":0}],"is_beta":false,"boss_relics":[],"items_purged_floors":[],"is_endless":false,"potions_floor_spawned":[5,11,13,15],"killed_by":"IC_STATUS_ARCHETYPE","ascension_level":0}}