{"host":"rwmcmr2m88k7tuzm","time":1612291686,"event":{"mods":["BaseMod","BetterRewards","Conspire","Downfall","Hubris","Infinite Spire","Minty Spire (QoL Compilation)","Quick Restart","Replay The Spire","Shop Mod","StSLib","SuperFastMode","The Hayseed"],"gold_per_floor":[119,141,316,316,341,341,360,130,153,199,238,238,238,264,264,381,381,406,452,452,473,119,129,129],"floor_reached":23,"language":"ENG","playtime":487,"items_purged":["Doubt","Pain"],"score":289,"play_id":"8372741f-3bd4-483c-b2ea-1da20a4c54ca","local_time":"20210202184806","is_ascension_mode":false,"campfire_choices":[{"floor":6,"key":"REST"},{"floor":12,"key":"REST"},{"data":"Metallicize","floor":15,"key":"SMITH"}],"circlet_count":0,"master_deck":["Strike_R+1","Strike_R+1","Strike_R","Strike_R","Strike_R","Defend_R","Defend_R","Defend_R","Defend_R","Bash","ReplayTheSpireMod:LeadingStrike","Pommel Strike","Metallicize+1","Spot Weakness","Demon Form"],"relics":["Burning Blood","ClockworkSouvenir","WingedGreaves","MealTicket","Guide Book","Replay:Bandana","Champion Belt","Blue Candle","conspire:TopHat","Medical Kit","Potion Belt","PreservedInsect","Replay:Lucky Slots","StoneCalendar","HandDrill","King of Hearts","ReplayTheSpireMod:Spearhead","conspire:Dentures","hubris:OldNail","WarpedTongs","Strawberry","MutagenicStrength","Bottled Tornado"],"acts_visited":["Exordium","TheCity"],"potions_floor_usage":[16,16,23],"damage_taken":[{"damage":0.0,"enemies":"2 Louse","floor":1.0,"turns":4.0},{"damage":4,"enemies":"Cultist","floor":2,"turns":3},{"damage":0,"enemies":"Small Slimes","floor":5,"turns":2},{"damage":7,"enemies":"Looter","floor":7,"turns":2},{"damage":24,"enemies":"conspire:MimicChest","floor":10,"turns":5},{"damage":22,"enemies":"Lagavulin","floor":11,"turns":4},{"damage":10,"enemies":"3 Louse","floor":14,"turns":3},{"damage":43,"enemies":"Hexaghost","floor":16,"turns":7},{"damage":15,"enemies":"Shell Parasite","floor":18,"turns":5},{"damage":36,"enemies":"Chosen","floor":21,"turns":5},{"damage":66,"enemies":"Nightmare","floor":23,"turns":5}],"seed_played":"2460800837864076761","potions_obtained":[{"floor":2,"key":"Fire Potion"},{"floor":11,"key":"Dexterity Potion"},{"floor":16,"key":"AttackPotion"}],"is_trial":false,"path_per_floor":["M","M","?","?","M","R","M","$","T","?","E","R","?","M","R","B",null,"M","T","?","M","$","NM"],"character_chosen":"IRONCLAD","items_purchased":["ClockworkSouvenir","WingedGreaves","MealTicket","Guide Book","Replay:Bandana","Champion Belt","Blue Candle","conspire:TopHat","Medical Kit","Potion Belt","PreservedInsect","Replay:Lucky Slots","StoneCalendar","HandDrill","King of Hearts","Bottled Tornado"],"campfire_rested":2,"item_purchase_floors":[0,0,0,0,0,0,0,0,0,0,0,0,0,0,8,22],"current_hp_per_floor":[38,40,40,40,46,70,69,80,80,62,46,70,70,66,66,29,80,71,78,78,48,63,0,0],"gold":129,"neow_bonus":"","is_daily":false,"chose_seed":false,"campfire_upgraded":1,"win_rate":0.0,"timestamp":1612291686,"path_taken":["M","M","?","?","?","R","M","$","T","?","E","R","?","?","R","BOSS","M","?","?","M","?","NM"],"items_purchased_type":["Relic","Relic","Relic","Relic","Relic","Relic","Relic","Relic","Relic","Relic","Relic","Relic","Relic","Relic","Relic","Relic"],"build_version":"2020-12-22","purchased_purges":2,"victory":false,"max_hp_per_floor":[80,80,80,80,80,80,80,80,80,80,80,80,80,80,80,80,80,80,87,87,87,87,87,87],"card_choices":[{"not_picked":["Shrug It Off","Havoc","Perfected Strike"],"picked":"SKIP","floor":1},{"not_picked":["Shrug It Off","Pommel Strike"],"picked":"ReplayTheSpireMod:LeadingStrike","floor":2},{"not_picked":["Warcry","Havoc","Run Through"],"picked":"SKIP","floor":5},{"not_picked":["Wild Strike","Body Slam"],"picked":"Pommel Strike","floor":7},{"not_picked":["Twin Strike","Massacre"],"picked":"Metallicize","floor":10},{"not_picked":["Berserk","Corruption"],"picked":"Spot Weakness","floor":11},{"not_picked":["Anger","Sword Boomerang","Havoc"],"picked":"SKIP","floor":14},{"not_picked":["Bludgeon","conspire:HitWhereItHurts"],"picked":"Demon Form","floor":16},{"not_picked":["Run Through","Perfected Strike","Power Through"],"picked":"SKIP","floor":18},{"not_picked":["Feel No Pain","Disarm+1","Iron Wave+1"],"picked":"SKIP","floor":21}],"player_experience":192933,"relics_obtained":[{"floor":9,"key":"ReplayTheSpireMod:Spearhead"},{"floor":10,"key":"conspire:Dentures"},{"floor":11,"key":"hubris:OldNail"},{"floor":19,"key":"Strawberry"}],"event_choices":[{"damage_healed":0,"gold_gain":175,"player_choice":"AGREE","damage_taken":0,"max_hp_gain":0,"max_hp_loss":0,"event_name":"Liars Game","floor":3,"gold_loss":0,"cards_obtained":["Doubt"]},{"damage_healed":0,"gold_gain":0,"player_choice":"Ignored","damage_taken":0,"max_hp_gain":0,"max_hp_loss":0,"event_name":"Transmorgrifier","floor":4,"gold_loss":0},{"damage_healed":0,"gold_gain":0,"player_choice":"Rummage","damage_taken":0,"relics_obtained":["WarpedTongs"],"max_hp_gain":0,"max_hp_loss":0,"event_name":"Accursed Blacksmith","floor":13,"gold_loss":0,"cards_obtained":["Pain"]},{"damage_healed":0,"gold_gain":0,"player_choice":"Inject Mutagens","damage_taken":0,"relics_obtained":["MutagenicStrength"],"max_hp_gain":0,"max_hp_loss":0,"event_name":"Drug Dealer","floor":20,"gold_loss":0}],"is_beta":false,"boss_relics":[{"not_picked":["conspire:SeveredTorchhead","hubris:BlackHole","infinitespire:Cupcake"]}],"items_purged_floors":[8,22],"is_endless":false,"potions_floor_spawned":[2,11,16],"killed_by":"Nightmare","ascension_level":0}}