{"host":"knspyp6dy614fx6e","time":1612252971,"event":{"mods":["ATMod(°¢èªMod)","Aspiration","BaseMod","Better Altar","Better Skull","Better Third Choice","Card Filter","DeckTracker","Dota2Spire","Energized Spire","Jedi Mod","Minty Spire (QoL Compilation)","Quick Restart","Relic Filter Mod","Relic Stats","Reliquary","Shop Mod","Spicy Shops","StSLib","TestMod","Waifu the Spire","¡¾ÒÅÎï¿¨ÅÆ¡¿REMEMod"],"gold_per_floor":[111,131,146,162,172,187,187,213,267,206,281,281,292,303,303,303,303],"floor_reached":16,"language":"ZHS","playtime":528,"items_purged":[],"score":262,"play_id":"939dc21a-384c-414f-acb2-282efebbaf95","local_time":"20210202160251","is_ascension_mode":true,"campfire_choices":[{"data":"Searing Blow","floor":7,"key":"SMITH"},{"data":"Searing Blow+1","floor":12,"key":"SMITH"},{"data":"Searing Blow+2","floor":15,"key":"SMITH"}],"circlet_count":0,"master_deck":["AscendersBane","Strike_R","Strike_R","Strike_R","Strike_R","Strike_R","Defend_R","Defend_R","Defend_R","Defend_R","Bash","Searing Blow+3","Ghostly Armor+1","Headbutt","Reckless Charge","Sentinel+1","Whirlwind"],"relics":["Burning Blood","AT_ATBox","testmod-TestBox","REME_ComplimentaryCards","reliquary:Knoch","Toy Ornithopter","War Paint","betterThird:SlimedRelic"],"acts_visited":["Exordium"],"potions_floor_usage":[6,8,8,16],"damage_taken":[{"damage":1.0,"enemies":"Cultist","floor":1.0,"turns":4.0},{"damage":14.0,"enemies":"Jaw Worm","floor":2.0,"turns":4.0},{"damage":2.0,"enemies":"Small Slimes","floor":3.0,"turns":5.0},{"damage":1,"enemies":"Looter","floor":4,"turns":4},{"damage":17,"enemies":"3 Louse","floor":5,"turns":3},{"damage":45,"enemies":"Exordium Wildlife","floor":6,"turns":7},{"damage":0,"enemies":"3 Sentries","floor":8,"turns":8},{"damage":11,"enemies":"Looter","floor":13,"turns":3},{"damage":21,"enemies":"Blue Slaver","floor":14,"turns":5},{"damage":31,"enemies":"The Guardian","floor":16,"turns":5}],"seed_played":"812586694178711990","potions_obtained":[{"floor":2.0,"key":"BloodPotion"},{"floor":5,"key":"Dota2Spire:HealingSalve"},{"floor":6,"key":"jedi:StrikingPotion"},{"floor":8,"key":"DuplicationPotion"}],"is_trial":false,"path_per_floor":["M","M","M","M","M","M","R","E","T","?","T","R","M","M","R","B"],"character_chosen":"IRONCLAD","items_purchased":[],"campfire_rested":0,"item_purchase_floors":[],"current_hp_per_floor":[73,65,69,74,63,39,39,63,63,52,52,52,47,32,32,6,6],"gold":303,"neow_bonus":"RANDOM_COMMON_RELIC","is_daily":false,"chose_seed":false,"campfire_upgraded":3,"win_rate":0.0,"timestamp":1612252971,"path_taken":["M","M","M","M","M","?","R","E","T","?","?","R","?","M","R","BOSS"],"items_purchased_type":[],"build_version":"2020-12-22","purchased_purges":0,"victory":false,"max_hp_per_floor":[75,75,75,75,75,75,75,75,75,75,75,75,75,75,75,75,75],"relic_stats":{"counters":[10,48],"War Paint":["Sentinel","Ghostly Armor"],"obtain_stats":[{"AT_ATBox":0,"testmod-TestBox":0,"betterThird:SlimedRelic":10,"reliquary:Knoch":0,"War Paint":9,"Burning Blood":0,"Toy Ornithopter":8,"REME_ComplimentaryCards":0},{"AT_ATBox":0,"testmod-TestBox":0,"betterThird:SlimedRelic":7,"reliquary:Knoch":0,"War Paint":7,"Burning Blood":0,"Toy Ornithopter":7,"REME_ComplimentaryCards":0},{"AT_ATBox":0,"testmod-TestBox":0,"betterThird:SlimedRelic":35,"reliquary:Knoch":0,"War Paint":35,"Burning Blood":0,"Toy Ornithopter":35,"REME_ComplimentaryCards":0}],"Burning Blood":54,"Toy Ornithopter":5},"card_choices":[{"not_picked":["Body Slam","Sever Soul"],"picked":"Searing Blow","floor":1.0},{"not_picked":["Carnage","Dark Embrace"],"picked":"Ghostly Armor","floor":2.0},{"not_picked":["Havoc","Disarm"],"picked":"Headbutt","floor":3.0},{"not_picked":["Cleave","Twin Strike"],"picked":"Reckless Charge","floor":4},{"not_picked":["Sever Soul","Cleave"],"picked":"Sentinel","floor":5},{"not_picked":["Combust","Havoc","Wild Strike"],"picked":"SKIP","floor":6},{"not_picked":["Perfected Strike","Disarm"],"picked":"Whirlwind","floor":8},{"not_picked":["Clash","Sword Boomerang","Havoc"],"picked":"SKIP","floor":13},{"not_picked":["Sword Boomerang","Clash","Twin Strike"],"picked":"SKIP","floor":14}],"player_experience":303709,"relics_obtained":[{"floor":8,"key":"Toy Ornithopter"},{"floor":9,"key":"War Paint"}],"event_choices":[{"damage_healed":0,"gold_gain":0,"player_choice":"Slimed","damage_taken":11,"max_hp_gain":0,"max_hp_loss":0,"event_name":"betterThird:BetterGoop","floor":10,"gold_loss":61}],"is_beta":false,"boss_relics":[],"items_purged_floors":[],"is_endless":false,"potions_floor_spawned":[2,5,6,8],"killed_by":"The Guardian","ascension_level":20}}