{"host":"ga4s3hj9m6nkn6gp","time":1612290278,"event":{"mods":["AchievementEnabler","BaseMod","Bestiary","Colored Powertips","Highlight Path","Minty Spire (QoL Compilation)","Relic Stats","everything is the same but u backflip on backflip"],"gold_per_floor":[112,262,282,301,22,22,32,64,101,113,125,165,77,77,77,148,148,166,166,81,81,96,131,183,183,183,16,42,57,57,57],"floor_reached":30,"language":"ENG","playtime":1665,"items_purged":["Doubt","Regret"],"score":548,"play_id":"4e4a5249-94d2-4497-a9ab-e7c95c80f774","local_time":"20210202192438","is_ascension_mode":true,"campfire_choices":[{"data":"Catalyst","floor":6.0,"key":"SMITH"},{"data":"Crippling Poison","floor":10.0,"key":"SMITH"},{"data":"Leg Sweep","floor":15.0,"key":"SMITH"},{"floor":25,"key":"REST"}],"circlet_count":0,"master_deck":["AscendersBane","Strike_G","Strike_G","Defend_G","Defend_G","Defend_G","Defend_G","Defend_G","Survivor","Neutralize","Crippling Poison+1","Quick Slash","Deadly Poison","Corpse Explosion","Catalyst+1","Leg Sweep+1","Night Terror","CurseOfTheBell","Poisoned Stab","Reflex+1","Backflip+1","Concentrate+1"],"relics":["Ring of the Snake","MawBank","Toy Ornithopter","Orichalcum","Calling Bell","Blood Vial","Toxic Egg 2","Unceasing Top","Oddly Smooth Stone","Nilry\u0027s Codex","Lantern","Potion Belt","Matryoshka","Strawberry","Turnip"],"acts_visited":["Exordium","TheCity"],"potions_floor_usage":[23,30,30],"damage_taken":[{"damage":0.0,"enemies":"Small Slimes","floor":1.0,"turns":4.0},{"damage":2.0,"enemies":"Jaw Worm","floor":3.0,"turns":6.0},{"damage":0.0,"enemies":"2 Louse","floor":4.0,"turns":2.0},{"damage":9.0,"enemies":"Looter","floor":7.0,"turns":4.0},{"damage":14.0,"enemies":"Lagavulin","floor":8.0,"turns":5.0},{"damage":14.0,"enemies":"Gremlin Nob","floor":12.0,"turns":3.0},{"damage":7.0,"enemies":"The Guardian","floor":16.0,"turns":10.0},{"damage":0.0,"enemies":"3 Byrds","floor":18.0,"turns":2.0},{"damage":13.0,"enemies":"2 Thieves","floor":22.0,"turns":3.0},{"damage":32,"enemies":"Slavers","floor":23,"turns":3},{"damage":33,"enemies":"Gremlin Leader","floor":28,"turns":5},{"damage":5,"enemies":"Snecko","floor":29,"turns":6},{"damage":8,"enemies":"Colosseum Slavers","floor":30,"turns":3},{"damage":30,"enemies":"Colosseum Nobs","floor":30,"turns":3}],"seed_played":"-3206023355477659067","potions_obtained":[{"floor":3.0,"key":"Poison Potion"},{"floor":7.0,"key":"Weak Potion"},{"floor":16.0,"key":"PowerPotion"},{"floor":22.0,"key":"Dexterity Potion"},{"floor":23,"key":"FearPotion"},{"floor":28,"key":"Explosive Potion"}],"is_trial":false,"path_per_floor":["M","?","M","M","$","R","M","E","T","R","?","E","$","?","R","B",null,"M","?","?","?","M","E","T","R","T","$","E","M","?"],"character_chosen":"THE_SILENT","items_purchased":["Corpse Explosion","Catalyst","Strawberry"],"campfire_rested":1,"item_purchase_floors":[5,5,27],"current_hp_per_floor":[65,65,63,63,63,63,54,40,40,40,40,31,31,24,24,17,58,65,65,65,44,33,8,8,29,29,36,5,2,0,0],"gold":57,"neow_bonus":"TEN_PERCENT_HP_BONUS","is_daily":false,"chose_seed":false,"campfire_upgraded":3,"win_rate":0.0,"timestamp":1612290278,"path_taken":["M","?","M","M","$","R","M","E","T","R","?","E","$","?","R","BOSS","M","?","?","?","M","E","?","R","T","?","E","?","?"],"items_purchased_type":["Card","Card","Relic"],"build_version":"2020-12-22","purchased_purges":2,"victory":false,"max_hp_per_floor":[72,72,72,72,72,72,72,72,72,72,72,72,72,72,72,72,72,72,72,72,72,72,72,72,72,72,79,79,79,79,79],"relic_stats":{"Blood Vial":14,"counters":[14,59],"Turnip":[0],"Orichalcum":[84],"MawBank":60,"obtain_stats":[{"Potion Belt":24,"Lantern":23,"Nilry\u0027s Codex":21,"Oddly Smooth Stone":20,"Orichalcum":12,"MawBank":8,"Calling Bell":17,"Blood Vial":17,"Matryoshka":26,"Strawberry":27,"Turnip":28,"Toxic Egg 2":17,"Toy Ornithopter":11,"Unceasing Top":17,"Ring of the Snake":0},{"Potion Belt":10,"Lantern":10,"Nilry\u0027s Codex":8,"Oddly Smooth Stone":8,"Orichalcum":6,"MawBank":5,"Calling Bell":7,"Blood Vial":7,"Matryoshka":10,"Strawberry":10,"Turnip":11,"Toxic Egg 2":7,"Toy Ornithopter":5,"Unceasing Top":7,"Ring of the Snake":0},{"Potion Belt":42,"Lantern":42,"Nilry\u0027s Codex":36,"Oddly Smooth Stone":36,"Orichalcum":24,"MawBank":21,"Calling Bell":34,"Blood Vial":34,"Matryoshka":42,"Strawberry":42,"Turnip":47,"Toxic Egg 2":34,"Toy Ornithopter":21,"Unceasing Top":34,"Ring of the Snake":0}],"Toy Ornithopter":25,"Unceasing Top":[3],"Ring of the Snake":[28]},"card_choices":[{"not_picked":["Outmaneuver","Blade Dance"],"picked":"Crippling Poison","floor":1.0},{"not_picked":["Terror","Riddle With Holes"],"picked":"Quick Slash","floor":3.0},{"not_picked":["Cloak And Dagger","Expertise"],"picked":"Deadly Poison","floor":4.0},{"not_picked":["All Out Attack","Sucker Punch","Bane"],"picked":"SKIP","floor":7.0},{"not_picked":["Endless Agony","Calculated Gamble","Flechettes"],"picked":"SKIP","floor":8.0},{"not_picked":["Noxious Fumes","Deadly Poison"],"picked":"Leg Sweep","floor":12.0},{"not_picked":["Tools of the Trade","After Image"],"picked":"Night Terror","floor":16.0},{"not_picked":["Flying Knee","All Out Attack","Underhanded Strike"],"picked":"SKIP","floor":18.0},{"not_picked":["Dash","Cloak And Dagger+1","Slice+1"],"picked":"SKIP","floor":22.0},{"not_picked":["Terror+1","Masterful Stab"],"picked":"Backflip+1","floor":23},{"not_picked":["Predator","Flying Knee"],"picked":"Concentrate+1","floor":28},{"not_picked":["Dagger Throw+1","Blade Dance+1","Crippling Poison+1"],"picked":"SKIP","floor":29}],"player_experience":725400,"relics_obtained":[{"floor":8.0,"key":"MawBank"},{"floor":12.0,"key":"Orichalcum"},{"floor":17.0,"key":"Blood Vial"},{"floor":17.0,"key":"Toxic Egg 2"},{"floor":17.0,"key":"Unceasing Top"},{"floor":21.0,"key":"Nilry\u0027s Codex"},{"floor":23,"key":"Lantern"},{"floor":24,"key":"Potion Belt"},{"floor":26,"key":"Matryoshka"},{"floor":28,"key":"Turnip"}],"event_choices":[{"damage_healed":0.0,"max_hp_gain":0.0,"max_hp_loss":0.0,"gold_gain":150.0,"event_name":"Liars Game","player_choice":"AGREE","floor":2.0,"gold_loss":0.0,"damage_taken":0.0,"cards_obtained":["Doubt"]},{"damage_healed":0.0,"max_hp_gain":0.0,"max_hp_loss":0.0,"gold_gain":0.0,"event_name":"Big Fish","player_choice":"Box","floor":11.0,"gold_loss":0.0,"damage_taken":0.0,"relics_obtained":["Toy Ornithopter"],"cards_obtained":["Regret"]},{"cards_removed":["Strike_G"],"damage_healed":0.0,"max_hp_gain":0.0,"max_hp_loss":0.0,"gold_gain":0.0,"event_name":"Golden Wing","player_choice":"Card Removal","floor":14.0,"gold_loss":0.0,"damage_taken":7.0},{"damage_healed":0.0,"max_hp_gain":0.0,"max_hp_loss":0.0,"gold_gain":0.0,"cards_transformed":["Strike_G","Strike_G"],"event_name":"Drug Dealer","player_choice":"Became Test Subject","floor":19.0,"gold_loss":0.0,"damage_taken":0.0,"cards_obtained":["Poisoned Stab","Reflex"]},{"damage_healed":0.0,"max_hp_gain":0.0,"max_hp_loss":0.0,"gold_gain":0.0,"event_name":"Addict","player_choice":"Obtained Relic","floor":20.0,"gold_loss":85.0,"damage_taken":0.0,"relics_obtained":["Oddly Smooth Stone"]},{"damage_healed":0.0,"max_hp_gain":0.0,"max_hp_loss":0.0,"gold_gain":0.0,"event_name":"Cursed Tome","player_choice":"Obtained Book","floor":21.0,"gold_loss":0.0,"damage_taken":21.0},{"damage_healed":0,"gold_gain":0,"player_choice":"Fight","damage_taken":0,"max_hp_gain":0,"max_hp_loss":0,"event_name":"Colosseum","floor":30,"gold_loss":0},{"damage_healed":0,"gold_gain":0,"player_choice":"Fought Nobs","damage_taken":0,"max_hp_gain":0,"max_hp_loss":0,"event_name":"Colosseum","floor":30,"gold_loss":0}],"is_beta":false,"boss_relics":[{"not_picked":["Tiny House","SlaversCollar"],"picked":"Calling Bell"}],"items_purged_floors":[5,13],"is_endless":false,"potions_floor_spawned":[3,7,16,22,23,28,30],"killed_by":"Colosseum Nobs","ascension_level":20}}