{"host":"hcgx0xuxlgmwc1io","time":1612290818,"event":{"mods":["BaseMod","Downfall","Minty Spire (QoL Compilation)","StSLib","The Cursed"],"gold_per_floor":[118,118,134,155,178,178,222,222,245,279,303,303,80,80,80,201,201,224,244,244,258,258,258,298,298,347,472,486,526,526,526,526,646,709,734,734,734,734,332,365,390,423,423,423,423,423,446,469,469,469],"floor_reached":51,"language":"ENG","playtime":2939,"items_purged":[],"score":776,"play_id":"cd39687d-2b2f-4da4-a8b8-97ffa770cc9e","local_time":"20210202153338","is_ascension_mode":false,"campfire_choices":[{"floor":6,"key":"REST"},{"floor":12,"key":"REST"},{"floor":15,"key":"REST"},{"data":"TheCursedMod:SpitefulPlan","floor":23,"key":"SMITH"},{"floor":25,"key":"REST"},{"floor":32,"key":"REST"},{"floor":45,"key":"REST"},{"floor":49,"key":"REST"}],"circlet_count":0,"master_deck":["TheCursedMod:Strike_TheCursed","TheCursedMod:Strike_TheCursed","TheCursedMod:Strike_TheCursed","TheCursedMod:Strike_TheCursed+1","TheCursedMod:Defend_TheCursed","TheCursedMod:Defend_TheCursed+1","TheCursedMod:Defend_TheCursed","TheCursedMod:Defend_TheCursed","TheCursedMod:CursedWand","TheCursedMod:CleanUpWorkshop","TheCursedMod:Dregs","TheCursedMod:WearCloak","Injury","TheCursedMod:CircleOfCorruption","TheCursedMod:SpreadPlague","TheCursedMod:DemonSword","TheCursedMod:Obscuration","TheCursedMod:CircleOfCorruption+1","TheCursedMod:EmpowerCircles","TheCursedMod:SpitefulPlan+1","TheCursedMod:CircleOfAbyss","TheCursedMod:RapidMovement","TheCursedMod:AbyssShockwave+1","Necronomicurse","TheCursedMod:CircleOfAmplification","TheCursedMod:ReleasedStrength","TheCursedMod:CursedShiv","TheCursedMod:VoidForm","TheCursedMod:FleshFromBone","Writhe","TheCursedMod:AntiAging","TheCursedMod:CursedArmor","TheCursedMod:Grudge","Discovery","Master of Strategy","TheCursedMod:SurpriseAttack","TheCursedMod:SpreadPlague+1","TheCursedMod:SpitefulStrike+1","TheCursedMod:WearCloak+1","TheCursedMod:SurpriseAttack+1","TheCursedMod:WearCloak+1"],"relics":["TheCursedMod:BlackMagicAdvanced","Golden Idol","Toy Ornithopter","Bag of Marbles","Happy Flower","Bronze Scales","Juzu Bracelet","Necronomicon","Blood Vial","Art of War","TheCursedMod:BloodyHarpoon","Unceasing Top","TheCursedMod:CrystalBall","WingedGreaves","Tiny House","Strange Spoon","Eternal Feather","Shuriken","Vajra"],"acts_visited":["Exordium","TheCity","TheBeyond"],"potions_floor_usage":[5,16,27,27,33,47,50],"damage_taken":[{"damage":8,"enemies":"2 Louse","floor":1,"turns":2},{"damage":1,"enemies":"Jaw Worm","floor":3,"turns":5},{"damage":5,"enemies":"Small Slimes","floor":4,"turns":3},{"damage":9,"enemies":"Gremlin Gang","floor":5,"turns":4},{"damage":20,"enemies":"Lagavulin","floor":7,"turns":6},{"damage":23,"enemies":"3 Sentries","floor":10,"turns":11},{"damage":0,"enemies":"3 Louse","floor":11,"turns":3},{"damage":4,"enemies":"The Guardian","floor":16,"turns":9},{"damage":2,"enemies":"Chosen","floor":18,"turns":5},{"damage":1,"enemies":"Shell Parasite","floor":19,"turns":4},{"damage":27,"enemies":"Snake Plant","floor":21,"turns":3},{"damage":12,"enemies":"Book of Stabbing","floor":24,"turns":4},{"damage":7,"enemies":"Colosseum Slavers","floor":27,"turns":3},{"damage":0,"enemies":"Colosseum Nobs","floor":27,"turns":2},{"damage":0,"enemies":"Chosen and Byrds","floor":28,"turns":4},{"damage":24,"enemies":"Slavers","floor":29,"turns":3},{"damage":41,"enemies":"Champ","floor":33,"turns":8},{"damage":0,"enemies":"Orb Walker","floor":35,"turns":1},{"damage":14,"enemies":"Nemesis","floor":40,"turns":7},{"damage":6,"enemies":"3 Darklings","floor":41,"turns":2},{"damage":74,"enemies":"Giant Head","floor":42,"turns":9},{"damage":0,"enemies":"Transient","floor":47,"turns":5},{"damage":52,"enemies":"Writhing Mass","floor":48,"turns":6},{"damage":83,"enemies":"Awakened One","floor":50,"turns":12}],"seed_played":"-852853502671083034","potions_obtained":[{"floor":4,"key":"Explosive Potion"},{"floor":5,"key":"ColorlessPotion"},{"floor":16,"key":"Weak Potion"},{"floor":21,"key":"Swift Potion"},{"floor":24,"key":"Strength Potion"},{"floor":34,"key":"Dexterity Potion"},{"floor":40,"key":"FearPotion"},{"floor":41,"key":"FairyPotion"}],"is_trial":false,"path_per_floor":["M","?","M","M","M","R","E","?","T","E","M","R","$","?","R","B",null,"M","M","?","M","?","R","E","R","T","?","M","E","?","?","R","B",null,"M","?","?","?","$","E","M","E","T","?","R","?","M","M","R","B",null],"character_chosen":"THE_CURSED","items_purchased":["Juzu Bracelet","TheCursedMod:SpitefulPlan","Master of Strategy","Strange Spoon","TheCursedMod:SurpriseAttack"],"campfire_rested":7,"item_purchase_floors":[13,13,39,39,39],"current_hp_per_floor":[74,74,73,68,59,82,62,50,50,27,27,51,51,35,59,60,82,80,79,63,36,36,36,24,48,48,55,57,35,29,29,53,19,87,87,87,87,87,87,77,73,3,3,3,51,51,58,8,59,18],"gold":469,"neow_bonus":"TEN_PERCENT_HP_BONUS","is_daily":false,"chose_seed":false,"campfire_upgraded":1,"win_rate":0.0,"timestamp":1612290818,"path_taken":["M","?","M","M","M","R","E","?","T","E","M","R","$","?","R","BOSS","M","M","?","M","?","R","E","R","T","?","M","E","?","?","R","BOSS","M","?","?","?","$","E","M","E","T","?","R","?","M","M","R","BOSS"],"items_purchased_type":["Relic","Card","Card","Relic","Card"],"build_version":"2020-12-22","purchased_purges":0,"victory":true,"max_hp_per_floor":[82,82,82,82,82,82,82,82,82,82,82,82,82,82,82,82,82,82,82,82,82,82,82,82,82,82,82,82,82,82,82,82,82,87,87,87,87,87,87,91,91,93,93,93,93,93,93,93,93,95],"card_choices":[{"not_picked":["TheCursedMod:VitalStrike","TheCursedMod:SpitefulPray"],"picked":"TheCursedMod:WearCloak","floor":1},{"not_picked":["TheCursedMod:Stigma","TheCursedMod:WearCloak"],"picked":"TheCursedMod:CircleOfCorruption","floor":3},{"not_picked":["TheCursedMod:Obscuration","TheCursedMod:Torture"],"picked":"TheCursedMod:SpreadPlague","floor":4},{"not_picked":["TheCursedMod:Stigma","TheCursedMod:FuryStrike"],"picked":"TheCursedMod:DemonSword","floor":5},{"not_picked":["TheCursedMod:Evocation","TheCursedMod:WearCloak"],"picked":"TheCursedMod:Obscuration","floor":7},{"not_picked":["TheCursedMod:Stretching","TheCursedMod:DoubleShield"],"picked":"TheCursedMod:CircleOfCorruption","floor":10},{"not_picked":["TheCursedMod:CursedShiv","TheCursedMod:ReleasedKnowledge"],"picked":"TheCursedMod:EmpowerCircles","floor":11},{"not_picked":["TheCursedMod:ShockAndAwe","TheCursedMod:ParallelWorld"],"picked":"TheCursedMod:CircleOfAbyss","floor":16},{"not_picked":["TheCursedMod:Stretching","TheCursedMod:CursedMace+1"],"picked":"TheCursedMod:RapidMovement","floor":18},{"not_picked":["TheCursedMod:AshesToAshes+1","TheCursedMod:VitalStrike"],"picked":"TheCursedMod:AbyssShockwave+1","floor":19},{"not_picked":["TheCursedMod:RapidMovement","TheCursedMod:FuryStrike+1"],"picked":"TheCursedMod:CircleOfAmplification","floor":21},{"not_picked":["TheCursedMod:Stigma","TheCursedMod:OutForBlood"],"picked":"TheCursedMod:ReleasedStrength","floor":24},{"not_picked":["TheCursedMod:Torture+1","TheCursedMod:CursedAmulet"],"picked":"TheCursedMod:CursedShiv","floor":27},{"not_picked":["TheCursedMod:CircleOfCorruption","TheCursedMod:Hemoplague+1"],"picked":"TheCursedMod:VoidForm","floor":28},{"not_picked":["TheCursedMod:Stigma","TheCursedMod:StingEye+1"],"picked":"TheCursedMod:FleshFromBone","floor":29},{"not_picked":["TheCursedMod:OutForBlood","TheCursedMod:ShockAndAwe"],"picked":"TheCursedMod:AntiAging","floor":33},{"not_picked":["TheCursedMod:RavingStaff","TheCursedMod:TacticalStrike"],"picked":"TheCursedMod:CursedArmor","floor":34},{"not_picked":["TheCursedMod:Torture","TheCursedMod:CursedSpellbook"],"picked":"TheCursedMod:Grudge","floor":35},{"not_picked":["Finesse","Trip"],"picked":"Discovery","floor":36},{"not_picked":["TheCursedMod:Torture+1","TheCursedMod:Stretching+1"],"picked":"TheCursedMod:SpreadPlague+1","floor":40},{"not_picked":["TheCursedMod:FuryStrike+1","TheCursedMod:FleshFromBone+1"],"picked":"TheCursedMod:SpitefulStrike+1","floor":41},{"not_picked":["TheCursedMod:CursedRelics","TheCursedMod:CursedBlade"],"picked":"TheCursedMod:WearCloak+1","floor":42},{"not_picked":["TheCursedMod:CursedArmor+1","TheCursedMod:CursedStaff"],"picked":"TheCursedMod:SurpriseAttack+1","floor":47},{"not_picked":["TheCursedMod:Wield","TheCursedMod:CircleOfAmplification"],"picked":"TheCursedMod:WearCloak+1","floor":48}],"player_experience":67339,"relics_obtained":[{"floor":7,"key":"Toy Ornithopter"},{"floor":9,"key":"Happy Flower"},{"floor":10,"key":"Bronze Scales"},{"floor":20,"key":"Necronomicon"},{"floor":24,"key":"Blood Vial"},{"floor":26,"key":"Art of War"},{"floor":27,"key":"TheCursedMod:BloodyHarpoon"},{"floor":27,"key":"Unceasing Top"},{"floor":29,"key":"TheCursedMod:CrystalBall"},{"floor":40,"key":"Eternal Feather"},{"floor":42,"key":"Shuriken"},{"floor":43,"key":"Vajra"}],"event_choices":[{"damage_healed":0,"gold_gain":0,"player_choice":"Take Wound","damage_taken":0,"relics_obtained":["Golden Idol"],"max_hp_gain":0,"max_hp_loss":0,"event_name":"Golden Idol","floor":2,"gold_loss":0,"cards_obtained":["Injury"]},{"damage_healed":0,"gold_gain":0,"player_choice":"Success","damage_taken":12,"relics_obtained":["Bag of Marbles"],"max_hp_gain":0,"max_hp_loss":0,"event_name":"Scrap Ooze","floor":8,"gold_loss":0},{"damage_healed":0,"gold_gain":0,"player_choice":"Entered Light","damage_taken":16,"max_hp_gain":0,"max_hp_loss":0,"event_name":"Shining Light","floor":14,"gold_loss":0,"cards_upgraded":["TheCursedMod:Defend_TheCursed","TheCursedMod:CircleOfCorruption"]},{"damage_healed":0,"gold_gain":0,"player_choice":"Obtained Book","damage_taken":16,"max_hp_gain":0,"max_hp_loss":0,"event_name":"Cursed Tome","floor":20,"gold_loss":0},{"damage_healed":0,"gold_gain":0,"player_choice":"Ignored","damage_taken":0,"max_hp_gain":0,"max_hp_loss":0,"event_name":"Ghosts","floor":22,"gold_loss":0},{"damage_healed":0,"gold_gain":0,"player_choice":"Fight","damage_taken":0,"max_hp_gain":0,"max_hp_loss":0,"event_name":"Colosseum","floor":27,"gold_loss":0},{"damage_healed":0,"gold_gain":0,"player_choice":"Fought Nobs","damage_taken":0,"max_hp_gain":0,"max_hp_loss":0,"event_name":"Colosseum","floor":27,"gold_loss":0},{"damage_healed":0,"gold_gain":0,"player_choice":"","damage_taken":6,"max_hp_gain":0,"max_hp_loss":0,"event_name":"Knowing Skull","floor":30,"potions_obtained":[],"gold_loss":0,"cards_obtained":[]},{"damage_healed":0,"gold_gain":0,"player_choice":"Opened","damage_taken":0,"relics_obtained":["WingedGreaves"],"max_hp_gain":0,"max_hp_loss":0,"event_name":"The Mausoleum","floor":31,"gold_loss":0,"cards_obtained":["Writhe"]},{"damage_healed":0,"gold_gain":0,"player_choice":"Memory 1","damage_taken":0,"max_hp_gain":0,"max_hp_loss":0,"event_name":"SensoryStone","floor":36,"gold_loss":0},{"damage_healed":0,"gold_gain":0,"player_choice":"Ignored","damage_taken":0,"max_hp_gain":0,"max_hp_loss":0,"event_name":"Tomb of Lord Red Mask","floor":37,"gold_loss":0},{"damage_healed":0,"gold_gain":0,"player_choice":"Ignored","damage_taken":0,"max_hp_gain":0,"max_hp_loss":0,"event_name":"SecretPortal","floor":38,"gold_loss":0},{"damage_healed":0,"gold_gain":0,"player_choice":"Ignored","damage_taken":0,"max_hp_gain":0,"max_hp_loss":0,"event_name":"NoteForYourself","floor":44,"gold_loss":0},{"damage_healed":0,"gold_gain":0,"player_choice":"Ignored","damage_taken":0,"max_hp_gain":0,"max_hp_loss":0,"event_name":"The Moai Head","floor":46,"gold_loss":0}],"is_beta":false,"boss_relics":[{"not_picked":["Coffee Dripper","Fusion Hammer"],"picked":"TheCursedMod:BlackMagicAdvanced"},{"not_picked":["Philosopher\u0027s Stone","SlaversCollar"],"picked":"Tiny House"}],"items_purged_floors":[],"is_endless":false,"potions_floor_spawned":[4,5,16,21,24,27,40,41],"ascension_level":0}}