{"host":"87fdiiwflhrwsj8a","time":1612307300,"event":{"mods":["Aspiration","BaseMod","Better Match","Better Third Choice","BetterRewards","Colored Map","Conspire","GifTheSpireLib","Infinite Spire","Minty Spire (QoL Compilation)","Quick Restart","Relic Sorter","Replay The Spire","StSLib","Stuff the Spire","The Marked","The Servant 0.9.4"],"gold_per_floor":[110,110,33,33,33,63,80,100,153,153,170,187,199,199,199,301,301,317,329,329,349,360,386,399,399,451,451,478,489,489,514,514,615,615,630,646,646,660,670,695,695,706,778,791,822,833,845,845,845,946,946,946,946,962,662,671,686,690,696,722,181,196,213,313,337,337,413,413,428,428,447,447,453,476,476,502,527,546,575,126,126,126,126,215,215,216,242,242,238,174,199,199,198,198,198,198,198,198,211,211,270,270,285,294,305,150,165,165,165,165,165,176,205,205,225,238,238,341,341,353,378,166,441,453,453,463,463,463,481,501,409,409,448,448,481,481,481],"floor_reached":136,"language":"ENG","playtime":7885,"items_purged":[],"score":3656,"play_id":"de5bcd0d-0985-4a2a-bd6e-8974c72bbcce","local_time":"20210202180820","is_ascension_mode":false,"campfire_choices":[{"floor":10.0,"key":"REST"},{"data":"Advance","floor":15.0,"key":"SMITH"},{"data":"Ricochet","floor":25.0,"key":"SMITH"},{"floor":32.0,"key":"REST"},{"data":"BottledTime","floor":41.0,"key":"SMITH"},{"floor":49.0,"key":"REST"},{"data":"Defend_S","floor":66.0,"key":"PURGE"},{"data":"SoulSculpture","floor":81.0,"key":"SMITH"},{"data":"infinitespire:Collect","floor":83.0,"key":"SMITH"},{"data":"FlawlessForm","floor":92.0,"key":"SMITH"},{"data":"TheWorld","floor":95.0,"key":"SMITH"},{"data":"InstantArmor","floor":98.0,"key":"SMITH"},{"data":"FloweringNight","floor":100.0,"key":"SMITH"},{"data":"Solidify","floor":108.0,"key":"SMITH"},{"data":"DualDimension","floor":110.0,"key":"SMITH"},{"data":"InstantArmor","floor":117.0,"key":"SMITH"},{"data":"BestPractice","floor":125.0,"key":"SMITH"},{"data":"Solidify","floor":127.0,"key":"SMITH"},{"data":"Alleviate","floor":134.0,"key":"SMITH"}],"circlet_count":0,"master_deck":["Strike_S+3","Strike_S+2","Strike_S+1","Strike_S+1","Defend_S+2","Defend_S+1","Defend_S+1","KidneyShot+1","Exchange","Ricochet+1","BottledTime","BestPractice","Starlight","InstantArmor+1","Advance+1","BottledTime+1","infinitespire:Collect+1","LightFlow+1","Potential+1","TimeWarp","BottledTime+1","TimeWarp","Moonlight","Rearm","InstantArmor+1","SoulSculpture+1","InstantArmor+1","ShatteredReality+1","Ricochet+1","LightFlow+1","InstantArmor+1","FastForward+1","Revamp+1","Initiator+1","FloweringNight+1","infinitespire:Punishment+1","BottledTime","PendulumOfEternity+1","TheWorld+1","Rearm+1","Rearm","BestPractice+1","Advance","Collapse+1","SoulSculpture+1","DualDimension+1","Solidify+1","FlawlessForm+1","Collapse+1","Advance+1","SoulSculpture+1","Potential+1","Solidify+1","Alleviate+1","Luminosity+1","DoubleEdge+1","SoulSculpture+1","Initiator+1","Collapse+1","SoulSculpture+1"],"relics":["SplendidAttire","Shuriken","Akabeko","Potion Belt","aspiration:Lifesprig","OrangePellets","Painkiller Herb","CaptainsWheel","infinitespire:Beetle Shell","infinitespire:Lucky Rock","Mummified Hand","MutagenicStrength","Boot","Black Star","Replay:Bottled Steam","Matryoshka","White Beast Statue","Molten Egg 2","Smiling Mask","conspire:Boomerang","aspiration:SecretTechniqueScroll","StuffTheSpire:BottledEssence","StuffTheSpire:Kangaroo","MealTicket","StuffTheSpire:OldFever","Divine Protection","Tiny Chest","PocketWatch","Oddly Smooth Stone","aspiration:TrustyKnives","CeramicFish","Kunai","Pen Nib","Guide Book","conspire:RunicOctahedron","Onion Ring","conspire:TopHat","Simple Rune","ReplayTheSpireMod:TigerMarble","War Paint","Happy Flower","Letter Opener","Bottled Lightning","Replay:Ringing Soul","Frozen Eye","conspire:RoyalGoblet","aspiration:ChemicalBlood","StuffTheSpire:GrapeVine","Meat on the Bone","Bag of Marbles","Eternal Feather","StuffTheSpire:Barrel","Bag of Preparation","infinitespire:Eraser","infinitespire:CursedDice","Frozen Egg 2","aspiration:TomeofQuesting","Whetstone","ReplayTheSpireMod:CursedCoin","Omamori","Anchor","infinitespire:Midas Blood","conspire:GiftBox","Orichalcum"],"acts_visited":["Exordium","TheCity","TheBeyond","Exordium","TheCity","TheBeyond","Exordium","TheCity"],"potions_floor_usage":[],"damage_taken":[{"damage":0.0,"enemies":"Small Slimes","floor":1.0,"turns":1.0},{"damage":4.0,"enemies":"3 Sentries","floor":6.0,"turns":5.0},{"damage":0.0,"enemies":"2 Louse","floor":7.0,"turns":2.0},{"damage":6.0,"enemies":"Jaw Worm","floor":8.0,"turns":2.0},{"damage":0.0,"enemies":"Exordium Wildlife","floor":11.0,"turns":2.0},{"damage":7.0,"enemies":"3 Louse","floor":12.0,"turns":2.0},{"damage":0.0,"enemies":"Large Slime","floor":13.0,"turns":3.0},{"damage":25.0,"enemies":"The Guardian","floor":16.0,"turns":7.0},{"damage":0.0,"enemies":"3 Byrds","floor":18.0,"turns":3.0},{"damage":0.0,"enemies":"Chosen","floor":19.0,"turns":2.0},{"damage":0.0,"enemies":"Snake Plant","floor":21.0,"turns":2.0},{"damage":0.0,"enemies":"Sentry and Sphere","floor":22.0,"turns":2.0},{"damage":31.0,"enemies":"Slavers","floor":23.0,"turns":4.0},{"damage":0.0,"enemies":"3 Cultists","floor":24.0,"turns":3.0},{"damage":6.0,"enemies":"Gremlin Leader","floor":28.0,"turns":3.0},{"damage":4.0,"enemies":"Cultist and Chosen","floor":29.0,"turns":2.0},{"damage":0.0,"enemies":"conspire:MimicChest","floor":31.0,"turns":3.0},{"damage":22.0,"enemies":"Automaton","floor":33.0,"turns":5.0},{"damage":4.0,"enemies":"3 Shapes","floor":35.0,"turns":2.0},{"damage":0.0,"enemies":"3 Darklings","floor":36.0,"turns":2.0},{"damage":19.0,"enemies":"4 Shapes","floor":38.0,"turns":4.0},{"damage":0.0,"enemies":"Jaw Worm Horde","floor":39.0,"turns":2.0},{"damage":0.0,"enemies":"Giant Head","floor":40.0,"turns":4.0},{"damage":0.0,"enemies":"Sphere and 2 Shapes","floor":42.0,"turns":2.0},{"damage":0.0,"enemies":"Maw","floor":44.0,"turns":4.0},{"damage":36.0,"enemies":"Nightmare","floor":45.0,"turns":6.0},{"damage":0.0,"enemies":"3 Darklings","floor":46.0,"turns":2.0},{"damage":4.0,"enemies":"Jaw Worm Horde","floor":47.0,"turns":3.0},{"damage":18.0,"enemies":"Awakened One","floor":50.0,"turns":8.0},{"damage":0.0,"enemies":"Small Slimes","floor":52.0,"turns":1.0},{"damage":0.0,"enemies":"Jaw Worm","floor":54.0,"turns":1.0},{"damage":0.0,"enemies":"2 Louse","floor":56.0,"turns":1.0},{"damage":0.0,"enemies":"3 Sentries","floor":57.0,"turns":2.0},{"damage":0.0,"enemies":"Exordium Wildlife","floor":58.0,"turns":1.0},{"damage":15.0,"enemies":"Nightmare","floor":59.0,"turns":3.0},{"damage":0.0,"enemies":"Large Slime","floor":62.0,"turns":1.0},{"damage":0.0,"enemies":"Red Slaver","floor":63.0,"turns":1.0},{"damage":0.0,"enemies":"Exordium Thugs","floor":65.0,"turns":1.0},{"damage":0.0,"enemies":"Fading Forest","floor":67.0,"turns":3.0},{"damage":0.0,"enemies":"3 Byrds","floor":69.0,"turns":1.0},{"damage":0.0,"enemies":"Spheric Guardian","floor":71.0,"turns":1.0},{"damage":0.0,"enemies":"Snake Plant","floor":73.0,"turns":1.0},{"damage":0.0,"enemies":"Nightmare","floor":74.0,"turns":2.0},{"damage":0.0,"enemies":"Slavers","floor":76.0,"turns":1.0},{"damage":0.0,"enemies":"Centurion and Healer","floor":78.0,"turns":1.0},{"damage":0.0,"enemies":"Book of Stabbing","floor":79.0,"turns":1.0},{"damage":0.0,"enemies":"conspire:MysteriousRune","floor":84.0,"turns":1.0},{"damage":0.0,"enemies":"3 Shapes","floor":86.0,"turns":1.0},{"damage":0.0,"enemies":"Orb Walker","floor":87.0,"turns":1.0},{"damage":0.0,"enemies":"Writhing Mass","floor":89.0,"turns":2.0},{"damage":0.0,"enemies":"Nemesis","floor":91.0,"turns":1.0},{"damage":0.0,"enemies":"Jaw Worm Horde","floor":93.0,"turns":1.0},{"damage":0.0,"enemies":"Reptomancer","floor":99.0,"turns":1.0},{"damage":0.0,"enemies":"Awakened One","floor":101.0,"turns":2.0},{"damage":0.0,"enemies":"Jaw Worm","floor":103.0,"turns":1.0},{"damage":0.0,"enemies":"Cultist","floor":104.0,"turns":1.0},{"damage":0.0,"enemies":"Small Slimes","floor":105.0,"turns":1.0},{"damage":0.0,"enemies":"Looter","floor":107.0,"turns":1.0},{"damage":0.0,"enemies":"Exordium Thugs","floor":112.0,"turns":1.0},{"damage":0.0,"enemies":"Lagavulin","floor":113.0,"turns":1.0},{"damage":0.0,"enemies":"3 Louse","floor":115.0,"turns":1.0},{"damage":0.0,"enemies":"Looter","floor":116.0,"turns":1.0},{"damage":0.0,"enemies":"Slime Boss","floor":118.0,"turns":1.0},{"damage":0.0,"enemies":"3 Byrds","floor":120.0,"turns":1.0},{"damage":0.0,"enemies":"Spheric Guardian","floor":124.0,"turns":1.0},{"damage":0.0,"enemies":"Shelled Parasite and Fungi","floor":126.0,"turns":1.0},{"damage":0.0,"enemies":"Snake Plant","floor":129.0,"turns":1.0},{"damage":0.0,"enemies":"3 Cultists","floor":130.0,"turns":1.0},{"damage":0.0,"enemies":"Snecko","floor":131.0,"turns":1.0},{"damage":0.0,"enemies":"Gremlin Leader","floor":133.0,"turns":1.0},{"damage":0.0,"enemies":"infinitespire:LordOfFortification","floor":135.0,"turns":8.0}],"seed_played":"-5840803304626297283","potions_obtained":[{"floor":1.0,"key":"Energy Potion"},{"floor":11.0,"key":"SteroidPotion"},{"floor":12.0,"key":"CultistPotion"},{"floor":13.0,"key":"Strength Potion"},{"floor":16.0,"key":"DuplicationPotion"},{"floor":28.0,"key":"Dexterity Potion"},{"floor":29.0,"key":"PowerPotion"},{"floor":45.0,"key":"Block Potion"},{"floor":47.0,"key":"PowerPotion"},{"floor":50.0,"key":"Cursed Concoction"},{"floor":52.0,"key":"Strength Potion"},{"floor":115.0,"key":"FearPotion"},{"floor":135.0,"key":"ColorlessPotion"}],"is_trial":false,"path_per_floor":["M","?","$","?","?","E","M","M","T","R","M","M","M","AVR","R","B",null,"?","?","AVR","?","?","E","?","T","T","?","E","?","?","?","T","B",null,"?","?","?","?","?","E","T","?","T","?","NM","?","?","AVR","T","B",null,"?","?","?","T","?","E","?","NM","T","T","?","?","?","?","T","B",null,"?","?","?","T","?","NM","?","E","T","?","E","T","T","?","T","B",null,"?","?","?","?","T","E","T","?","T","T","T","T","T","E","T","B",null,"?","?","?","T","?","T","?","T","T","?","E","?","?","?","T","B",null,"?","T","T","?","?","T","?","T","T","?","?","?","?","E","T","B",null],"character_chosen":"THE_SERVANT","items_purchased":["Shuriken","Akabeko","Ricochet","Comet","MealTicket","StuffTheSpire:OldFever","Kunai","Pen Nib","Guide Book","Replay:Ringing Soul","Frozen Eye","DualDimension","Collapse+1","Bag of Preparation","ReplayTheSpireMod:CursedCoin","Omamori","Anchor","Luminosity+1"],"campfire_rested":3,"item_purchase_floors":[0,0,0,3,55,55,61,61,61,80,80,80,90,106,122,122,122,122],"current_hp_per_floor":[51,48,48,48,35,31,31,25,25,44,44,37,37,37,37,12,65,65,65,65,65,65,34,34,34,34,34,28,24,24,24,43,21,65,61,61,61,42,42,42,42,42,42,42,6,6,2,2,21,3,65,65,65,65,65,65,65,65,50,50,65,65,65,65,65,65,65,65,65,65,65,65,65,65,65,65,65,65,65,68,68,68,68,71,71,71,74,74,74,77,80,80,80,80,80,80,80,80,80,80,83,83,83,83,83,83,83,83,88,88,88,88,88,88,91,91,91,94,94,97,97,100,100,100,100,103,103,103,103,106,106,106,109,109,112,112,112],"gold":481,"neow_bonus":"","is_daily":false,"chose_seed":false,"campfire_upgraded":15,"win_rate":0.0,"timestamp":1612307300,"path_taken":["M","?","$","?","?","E","M","M","T","R","M","M","M","AVR","R","BOSS","?","?","AVR","?","?","E","?","T","T","?","E","?","?","?","T","BOSS","?","?","?","?","?","E","T","?","T","?","NM","?","?","AVR","T","BOSS","?","?","?","T","?","E","?","NM","T","T","?","?","?","?","T","BOSS","?","?","?","?","?","NM","?","E","T","?","E","T","T","?","T","BOSS","?","?","?","?","T","E","T","?","T","T","?","T","T","E","T","BOSS","?","?","?","T","?","T","?","T","T","?","E","?","?","?","T","BOSS","?","?","T","?","?","T","?","T","T","?","?","?","?","E","T","BOSS"],"items_purchased_type":["Relic","Relic","Card","Card","Relic","Relic","Relic","Relic","Relic","Relic","Relic","Card","Card","Relic","Relic","Relic","Relic","Card"],"build_version":"2020-12-22","purchased_purges":0,"victory":false,"max_hp_per_floor":[65,65,65,65,65,65,65,65,65,65,65,65,65,65,65,65,65,65,65,65,65,65,65,65,65,65,65,65,65,65,65,65,65,65,65,65,65,65,65,65,65,65,65,65,65,65,65,65,65,65,65,65,65,65,65,65,65,65,65,65,65,65,65,65,65,65,65,65,65,65,65,65,65,65,65,65,65,65,65,68,68,68,68,71,71,71,74,74,74,77,80,80,80,80,80,80,80,80,80,80,83,83,83,83,83,83,83,83,88,88,88,88,88,88,91,91,91,94,94,97,97,100,100,100,100,103,103,103,103,106,106,106,109,109,112,112,112],"card_choices":[{"not_picked":["ReturningBlade","Sabotage"],"picked":"BottledTime","floor":1.0},{"not_picked":["Rewind","Unruled","Spin"],"picked":"SKIP","floor":6.0},{"not_picked":["Rewind","Unruled","Spin"],"picked":"SKIP","floor":6.0},{"not_picked":["Unruled","Snipe"],"picked":"BestPractice","floor":7.0},{"not_picked":["StarChef","Misdirection"],"picked":"Starlight","floor":8.0},{"not_picked":["Replace","Rewind"],"picked":"InstantArmor","floor":11.0},{"not_picked":["BestPractice","ShatteredReality"],"picked":"Advance","floor":12.0},{"not_picked":["Alleviate","GearUp"],"picked":"BottledTime","floor":13.0},{"not_picked":["Solidify","TheWorld"],"picked":"LightFlow","floor":16.0},{"not_picked":["Foresight+1","StarChef+1"],"picked":"Potential+1","floor":18.0},{"not_picked":["Defy","BestPractice","StarChef"],"picked":"SKIP","floor":19.0},{"not_picked":["WasteNot+1","Hightail","Defy"],"picked":"SKIP","floor":21.0},{"not_picked":["Read","SpecialFormula"],"picked":"TimeWarp","floor":22.0},{"not_picked":["Shuttle","Rearm"],"picked":"BottledTime","floor":23.0},{"not_picked":["Snipe","FastForward+1"],"picked":"TimeWarp","floor":24.0},{"not_picked":["BottledTime+1","DoubleEdge"],"picked":"Moonlight","floor":28.0},{"not_picked":["DualDimension","DoubleEdge"],"picked":"Rearm","floor":29.0},{"not_picked":["ShatteredReality+1","Comet+1"],"picked":"InstantArmor+1","floor":31.0},{"not_picked":["Solidify","PendulumOfEternity"],"picked":"SoulSculpture","floor":33.0},{"not_picked":["Spin+1","ShiftingGears"],"picked":"InstantArmor+1","floor":35.0},{"not_picked":["Misdirection","DoubleEdge+1","Alleviate+1"],"picked":"SKIP","floor":36.0},{"not_picked":["Spin+1","Starlight"],"picked":"ShatteredReality","floor":38.0},{"not_picked":["Spin+1","GearUp"],"picked":"Ricochet+1","floor":39.0},{"not_picked":["Replace","Unruled+1"],"picked":"LightFlow","floor":40.0},{"not_picked":["Contraction+1","Unruled","RealityMarble"],"picked":"SKIP","floor":42.0},{"not_picked":["ShatteredReality+1","TimeWarp+1","Defy"],"picked":"SKIP","floor":44.0},{"not_picked":["Spin+1","Alleviate"],"picked":"InstantArmor","floor":45.0},{"not_picked":["Starlight+1","Spin+1"],"picked":"FastForward+1","floor":46.0},{"not_picked":["BottledTime","Ricochet+1"],"picked":"Revamp+1","floor":47.0},{"not_picked":["Deny","Solidify"],"picked":"Initiator+1","floor":50.0},{"not_picked":["Ricochet+1","Starlight+1","Alleviate"],"picked":"SKIP","floor":52.0},{"not_picked":["StarChef","Potential+1","Defy"],"picked":"SKIP","floor":54.0},{"not_picked":["Hightail","ShatteredReality+1"],"picked":"FloweringNight","floor":56.0},{"not_picked":["Sabotage+1","Replace","Misdirection"],"picked":"SKIP","floor":57.0},{"not_picked":["Replace","Sabotage+1","Rewind"],"picked":"SKIP","floor":58.0},{"not_picked":["ReplayTheSpireMod:Echoes of Time","infinitespire:NeuralNetwork"],"picked":"infinitespire:Punishment","floor":59.0},{"not_picked":["Alleviate","Unruled+1"],"picked":"BottledTime","floor":59.0},{"not_picked":["Comet+1","ReturningBlade+1","Potential+1"],"picked":"SKIP","floor":62.0},{"not_picked":["InstantArmor","Ricochet+1","Revamp"],"picked":"SKIP","floor":63.0},{"not_picked":["Starlight+1","Moonlight+1"],"picked":"PendulumOfEternity+1","floor":65.0},{"not_picked":["MurderousAura","Initiator+1"],"picked":"TheWorld","floor":67.0},{"not_picked":["Unruled+1","Rewind+1"],"picked":"Rearm","floor":69.0},{"not_picked":["Revamp","FastForward"],"picked":"Rearm","floor":71.0},{"not_picked":["Spin+1","Rearm","MoonPhase"],"picked":"SKIP","floor":73.0},{"not_picked":["BottledTime","Desolation+1"],"picked":"BestPractice","floor":74.0},{"not_picked":["Sunlight+1","Desolation+1"],"picked":"Advance","floor":76.0},{"not_picked":["Ricochet+1","TimeWarp+1"],"picked":"Collapse+1","floor":78.0},{"not_picked":["GearUp","BottledTime"],"picked":"SoulSculpture+1","floor":79.0},{"not_picked":["PendulumOfEternity+1","Initiator+1"],"picked":"Solidify","floor":84.0},{"not_picked":["Rewind","Ricochet+1","Rearm"],"picked":"SKIP","floor":86.0},{"not_picked":["DoubleEdge+1","Contraction+1"],"picked":"FlawlessForm","floor":87.0},{"not_picked":["Barrier+1","Rewind+1","Spin+1"],"picked":"SKIP","floor":89.0},{"not_picked":["WasteNot","Rewind"],"picked":"Advance+1","floor":91.0},{"not_picked":["Shuttle+1","Starlight+1","Unruled+1"],"picked":"SKIP","floor":93.0},{"not_picked":["TimeWarp+1","Revamp","FastForward+1"],"picked":"SKIP","floor":99.0},{"not_picked":["Deny","FloweringNight"],"picked":"SoulSculpture+1","floor":101.0},{"not_picked":["BottledTime","Sabotage+1","Ricochet+1"],"picked":"SKIP","floor":103.0},{"not_picked":["Spin+1","BottledTime","ShatteredReality+1"],"picked":"SKIP","floor":104.0},{"not_picked":["Defy","Spin+1","Desolation+1"],"picked":"SKIP","floor":105.0},{"not_picked":["Alleviate","Spin+1","Replace"],"picked":"SKIP","floor":107.0},{"not_picked":["Rearm","Starlight+1","Reset"],"picked":"SKIP","floor":112.0},{"not_picked":["InstantArmor","Sabotage+1","Defy"],"picked":"SKIP","floor":113.0},{"not_picked":["FanOfKnives+1","ShatteredReality+1"],"picked":"Potential+1","floor":115.0},{"not_picked":["Rewind","Moonlight+1","Desolation+1"],"picked":"SKIP","floor":116.0},{"not_picked":["KillingDoll+1","FloweringNight+1"],"picked":"Solidify","floor":118.0},{"not_picked":["Revamp","Potential+1"],"picked":"Alleviate","floor":120.0},{"not_picked":["BottledTime+1","Starlight+1","Ricochet+1"],"picked":"SKIP","floor":124.0},{"not_picked":["SpecialFormula","Alleviate"],"picked":"DoubleEdge+1","floor":126.0},{"not_picked":["Moonlight+1","Barrier","Starlight+1"],"picked":"SKIP","floor":129.0},{"not_picked":["WasteNot+1","RealityMarble+1"],"picked":"SoulSculpture+1","floor":130.0},{"not_picked":["SpecialFormula","Rearm+1","Ricochet+1"],"picked":"SKIP","floor":131.0},{"not_picked":["SpecialFormula","Rearm+1","Ricochet+1"],"picked":"SKIP","floor":131.0},{"not_picked":["FlawlessForm+1","Solidify"],"picked":"Initiator+1","floor":133.0},{"not_picked":["Initiator+1","Alleviate"],"picked":"Collapse+1","floor":133.0},{"not_picked":["FlawlessForm+1","PendulumOfEternity+1"],"picked":"SoulSculpture+1","floor":135.0}],"player_experience":2544914,"relics_obtained":[{"floor":6.0,"key":"aspiration:Lifesprig"},{"floor":23.0,"key":"infinitespire:Beetle Shell"},{"floor":26.0,"key":"infinitespire:Lucky Rock"},{"floor":28.0,"key":"Mummified Hand"},{"floor":31.0,"key":"Boot"},{"floor":40.0,"key":"Replay:Bottled Steam"},{"floor":40.0,"key":"Matryoshka"},{"floor":43.0,"key":"White Beast Statue"},{"floor":43.0,"key":"Molten Egg 2"},{"floor":45.0,"key":"Smiling Mask"},{"floor":45.0,"key":"conspire:Boomerang"},{"floor":57.0,"key":"Divine Protection"},{"floor":57.0,"key":"Tiny Chest"},{"floor":59.0,"key":"PocketWatch"},{"floor":59.0,"key":"Oddly Smooth Stone"},{"floor":60.0,"key":"aspiration:TrustyKnives"},{"floor":60.0,"key":"CeramicFish"},{"floor":72.0,"key":"Onion Ring"},{"floor":74.0,"key":"conspire:TopHat"},{"floor":74.0,"key":"Simple Rune"},{"floor":76.0,"key":"ReplayTheSpireMod:TigerMarble"},{"floor":76.0,"key":"War Paint"},{"floor":77.0,"key":"Happy Flower"},{"floor":79.0,"key":"Letter Opener"},{"floor":79.0,"key":"Bottled Lightning"},{"floor":91.0,"key":"aspiration:ChemicalBlood"},{"floor":91.0,"key":"StuffTheSpire:GrapeVine"},{"floor":94.0,"key":"Meat on the Bone"},{"floor":96.0,"key":"Bag of Marbles"},{"floor":99.0,"key":"Eternal Feather"},{"floor":99.0,"key":"StuffTheSpire:Barrel"},{"floor":111.0,"key":"infinitespire:Eraser"},{"floor":113.0,"key":"infinitespire:CursedDice"},{"floor":113.0,"key":"Frozen Egg 2"},{"floor":121.0,"key":"Whetstone"},{"floor":128.0,"key":"infinitespire:Midas Blood"},{"floor":133.0,"key":"conspire:GiftBox"},{"floor":133.0,"key":"Orichalcum"}],"event_choices":[{"damage_healed":0.0,"max_hp_gain":0.0,"max_hp_loss":0.0,"gold_gain":0.0,"event_name":"betterThird:BetterScrap","player_choice":"Relic ","floor":2.0,"gold_loss":0.0,"damage_taken":3.0,"cards_obtained":["Toxin Wave"]},{"damage_healed":0.0,"max_hp_gain":0.0,"max_hp_loss":0.0,"gold_gain":0.0,"event_name":"Golden Wing","player_choice":"Ignored","floor":4.0,"gold_loss":0.0,"damage_taken":0.0},{"damage_healed":48.0,"max_hp_gain":0.0,"max_hp_loss":65.0,"gold_gain":0.0,"event_name":"betterThird:BetterShining","player_choice":"Upgrade","floor":5.0,"gold_loss":0.0,"damage_taken":13.0,"cards_upgraded":["Strike_S","KidneyShot"]},{"damage_healed":0.0,"max_hp_gain":0.0,"max_hp_loss":0.0,"gold_gain":0.0,"event_name":"Drug Dealer","player_choice":"Inject Mutagens","floor":30.0,"gold_loss":0.0,"damage_taken":0.0,"relics_obtained":["MutagenicStrength"]},{"cards_removed":["Comet"],"damage_healed":0.0,"max_hp_gain":0.0,"max_hp_loss":0.0,"gold_gain":0.0,"event_name":"Falling","player_choice":"Removed Attack","floor":37.0,"gold_loss":0.0,"damage_taken":0.0},{"damage_healed":0.0,"max_hp_gain":0.0,"max_hp_loss":0.0,"gold_gain":100.0,"event_name":"Wheel of Change","player_choice":"Gold","floor":64.0,"gold_loss":0.0,"damage_taken":0.0},{"damage_healed":0.0,"max_hp_gain":0.0,"max_hp_loss":7.0,"gold_gain":0.0,"event_name":"betterThird:BetterWriting","player_choice":"Simplicity","floor":75.0,"gold_loss":0.0,"damage_taken":0.0},{"damage_healed":0.0,"max_hp_gain":0.0,"max_hp_loss":0.0,"gold_gain":0.0,"event_name":"Vampires","player_choice":"Ignored","floor":82.0,"gold_loss":0.0,"damage_taken":0.0},{"damage_healed":0.0,"max_hp_gain":0.0,"max_hp_loss":0.0,"gold_gain":0.0,"event_name":"The Woman in Blue","player_choice":"Bought 0 Potions","floor":88.0,"gold_loss":0.0,"damage_taken":0.0},{"damage_healed":0.0,"max_hp_gain":5.0,"max_hp_loss":0.0,"gold_gain":0.0,"event_name":"Big Fish","player_choice":"Donut","floor":109.0,"gold_loss":0.0,"damage_taken":0.0},{"damage_healed":0.0,"max_hp_gain":0.0,"max_hp_loss":0.0,"gold_gain":0.0,"event_name":"WeMeetAgain","player_choice":"Gave Potion","floor":114.0,"gold_loss":0.0,"damage_taken":0.0,"relics_obtained":["aspiration:TomeofQuesting"]},{"damage_healed":0.0,"max_hp_gain":0.0,"max_hp_loss":0.0,"gold_gain":275.0,"event_name":"Golden Shrine","player_choice":"Desecrate","floor":123.0,"gold_loss":0.0,"damage_taken":0.0,"cards_obtained":["Regret"]},{"damage_healed":0.0,"max_hp_gain":0.0,"max_hp_loss":0.0,"gold_gain":0.0,"event_name":"Vampires","player_choice":"Ignored","floor":132.0,"gold_loss":0.0,"damage_taken":0.0}],"is_beta":false,"boss_relics":[{"not_picked":["Calling Bell","SplendidAttire"],"picked":"Painkiller Herb"},{"not_picked":["Tiny House","Replay:Bronze Core"],"picked":"Black Star"},{"not_picked":["Replay:Ancient Bell","SacredBark"],"picked":"StuffTheSpire:Kangaroo"},{"not_picked":["Replay:Wanted Poster","ReplayTheSpireMod:DimensionalGlitch"],"picked":"conspire:RunicOctahedron"},{"not_picked":["Replay:Grab Bag","Abe\u0027s Treasure"],"picked":"conspire:RoyalGoblet"},{"not_picked":["ReplayTheSpireMod:SealedPack","aspiration:RunicSpoon","Pandora\u0027s Box"]},{"not_picked":["ReplayTheSpireMod:DimensionalGlitch","StuffTheSpire:ModemDavis"],"picked":"SplendidAttire"}],"items_purged_floors":[],"is_endless":true,"potions_floor_spawned":[1,11,12,13,16,18,19,28,29,33,35,40,44,45,46,47,50,52,54,56,57,58,59,62,63,65,67,69,71,73,74,76,78,79,84,86,87,89,91,93,99,101,103,104,105,107,112,113,115,116,118,120,124,126,129,130,131,133,135],"ascension_level":0}}