{"host":"sav7uxregyirlf69","time":1612276159,"event":{"mods":["AchievementEnabler","BaseMod","Colored Map","DeckTracker","Keyboard Shortcuts","Minty Spire (QoL Compilation)","READ ME - Guardian Mod","StSLib","SuperFastMode"],"gold_per_floor":[15,31,31,31,46,46,85,85,130,153,197,197,211,224,224,314,314,338,338,338,361,25,65,65,85,85,85,85,85],"floor_reached":28,"language":"KOR","playtime":414,"items_purged":["Strike_R"],"score":496,"play_id":"62205868-b4e9-49ea-9b4b-9016e1843ba6","local_time":"20210202232919","is_ascension_mode":true,"campfire_choices":[{"data":"Sword Boomerang","floor":6,"key":"SMITH"},{"data":"Carnage","floor":8,"key":"SMITH"},{"data":"Evolve","floor":12,"key":"SMITH"},{"data":"Rage","floor":15,"key":"SMITH"},{"data":"Shrug It Off","floor":24,"key":"SMITH"}],"circlet_count":0,"master_deck":["AscendersBane","Strike_R","Defend_R","Defend_R","Defend_R","Bash","Sword Boomerang+1","Shrug It Off+1","Injury","Flame Barrier","Twin Strike","Carnage+1","Cleave","Evolve+1","Rage+1","Reckless Charge","Twin Strike+1","Double Tap+1","Combust+1","Necronomicurse","True Grit+1","Discovery","Corruption"],"relics":["Burning Blood","Du-Vu Doll","Golden Idol","Potion Belt","Red Skull","Astrolabe","Necronomicon","Happy Flower","Pantograph","Mercury Hourglass"],"acts_visited":["Exordium","TheCity"],"potions_floor_usage":[7,21,23,28,28],"damage_taken":[{"damage":4,"enemies":"2 Louse","floor":1,"turns":3},{"damage":5,"enemies":"Small Slimes","floor":2,"turns":3},{"damage":0,"enemies":"Cultist","floor":5,"turns":3},{"damage":7,"enemies":"Lagavulin","floor":7,"turns":4},{"damage":16,"enemies":"Exordium Wildlife","floor":10,"turns":4},{"damage":17,"enemies":"3 Sentries","floor":11,"turns":6},{"damage":6,"enemies":"Exordium Thugs","floor":13,"turns":3},{"damage":17,"enemies":"Gremlin Gang","floor":14,"turns":3},{"damage":25,"enemies":"Slime Boss","floor":16,"turns":7},{"damage":29,"enemies":"Shell Parasite","floor":18,"turns":5},{"damage":0,"enemies":"Chosen","floor":21,"turns":1},{"damage":8,"enemies":"Slavers","floor":23,"turns":4},{"damage":0,"enemies":"Snecko","floor":25,"turns":2},{"damage":69,"enemies":"Gremlin Leader","floor":28,"turns":5}],"seed_played":"-8816738251285977089","potions_obtained":[{"floor":5,"key":"FearPotion"},{"floor":10,"key":"SpeedPotion"},{"floor":13,"key":"BloodPotion"},{"floor":14,"key":"Ancient Potion"},{"floor":16,"key":"DistilledChaos"},{"floor":21,"key":"Weak Potion"},{"floor":25,"key":"Regen Potion"}],"is_trial":false,"path_per_floor":["M","M","?","?","M","R","E","R","T","M","E","R","M","M","R","B",null,"M","?","?","M","$","E","R","M","T","$","E"],"character_chosen":"IRONCLAD","items_purchased":["Discovery","Happy Flower"],"campfire_rested":0,"item_purchase_floors":[22,22],"current_hp_per_floor":[70,71,71,71,75,75,74,74,74,64,53,53,53,42,42,23,62,39,18,33,54,54,52,52,58,58,58,0,0],"gold":85,"neow_bonus":"ONE_RARE_RELIC","is_daily":false,"chose_seed":false,"campfire_upgraded":5,"win_rate":0.0,"timestamp":1612276159,"path_taken":["M","M","?","?","M","R","E","R","T","?","E","R","M","M","R","BOSS","M","?","?","?","$","E","R","M","T","$","E"],"items_purchased_type":["Card","Relic"],"build_version":"2020-12-22","purchased_purges":1,"victory":false,"max_hp_per_floor":[75,75,75,75,75,75,75,75,75,75,75,75,75,75,75,75,75,75,75,75,75,75,75,75,75,75,75,75,75],"card_choices":[{"not_picked":["Armaments","Rampage"],"picked":"Sword Boomerang","floor":1},{"not_picked":["Warcry","Rampage"],"picked":"Shrug It Off","floor":2},{"not_picked":["Havoc","Rampage"],"picked":"Twin Strike","floor":5},{"not_picked":["Power Through","Berserk"],"picked":"Carnage","floor":7},{"not_picked":["Flex","Twin Strike"],"picked":"Cleave","floor":10},{"not_picked":["Shrug It Off","Sentinel"],"picked":"Evolve","floor":11},{"not_picked":["Searing Blow","Shrug It Off"],"picked":"Rage","floor":13},{"not_picked":["Shrug It Off","Burning Pact"],"picked":"Reckless Charge","floor":14},{"not_picked":["Headbutt","Body Slam","Perfected Strike"],"picked":"SKIP","floor":18},{"not_picked":["Clash","Perfected Strike"],"picked":"True Grit+1","floor":21},{"not_picked":["Perfected Strike","Armaments","Twin Strike"],"picked":"SKIP","floor":23},{"not_picked":["Sword Boomerang","Twin Strike+1"],"picked":"Corruption","floor":25}],"player_experience":1462872,"relics_obtained":[{"floor":7,"key":"Potion Belt"},{"floor":11,"key":"Red Skull"},{"floor":19,"key":"Necronomicon"},{"floor":23,"key":"Pantograph"},{"floor":26,"key":"Mercury Hourglass"}],"event_choices":[{"damage_healed":0,"gold_gain":0,"player_choice":"Take Wound","damage_taken":0,"relics_obtained":["Golden Idol"],"max_hp_gain":0,"max_hp_loss":0,"event_name":"Golden Idol","floor":3,"gold_loss":0,"cards_obtained":["Injury"]},{"damage_healed":0,"gold_gain":0,"cards_transformed":["Strike_R"],"player_choice":"Transformed","damage_taken":0,"max_hp_gain":0,"max_hp_loss":0,"event_name":"Transmorgrifier","floor":4,"gold_loss":0,"cards_obtained":["Flame Barrier"]},{"damage_healed":0,"gold_gain":0,"player_choice":"Obtained Book","damage_taken":21,"max_hp_gain":0,"max_hp_loss":0,"event_name":"Cursed Tome","floor":19,"gold_loss":0},{"damage_healed":15,"gold_gain":0,"player_choice":"Heal","damage_taken":0,"max_hp_gain":0,"max_hp_loss":0,"event_name":"The Library","floor":20,"gold_loss":0}],"is_beta":false,"boss_relics":[{"not_picked":["Coffee Dripper","Black Blood"],"picked":"Astrolabe"}],"items_purged_floors":[22],"is_endless":false,"potions_floor_spawned":[5,10,13,14,16,21,25],"killed_by":"Gremlin Leader","ascension_level":20}}