{"host":"0fmi5fguj5lvt8pf","time":1612233159,"event":{"mods":["BaseMod","Colored Map","Curses Come First","Downfall","Minty Spire (QoL Compilation)","Permanent Neow","StSLib"],"gold_per_floor":[99,99,109,109,123,134,134,146,161,161,172,172,172,187,207,304,304,304,321,57,57,142,167,220,220,240,43,58,70,70,70,82,180,180,180,198,210,222,263,292,318,331,331,344,371,71,71,71,84,84,84,84],"floor_reached":50,"language":"ENG","playtime":2543,"items_purged":["Regret"],"score":548,"play_id":"6e2dc1d9-5bb2-4583-9734-d6fab26a329a","local_time":"20210201183239","is_ascension_mode":false,"campfire_choices":[{"data":"sneckomod:DiceBoulder","floor":1.0,"key":"SMITH"},{"data":"sneckomod:DiceBoulder+1","floor":10.0,"key":"SMITH"},{"data":"sneckomod:DiceBoulder+2","floor":12.0,"key":"SMITH"},{"data":"sneckomod:Cheat","floor":18.0,"key":"SMITH"},{"floor":25.0,"key":"RECALL"},{"data":"sneckomod:DiceBoulder+3","floor":30.0,"key":"SMITH"},{"data":"sneckomod:Cheat","floor":35.0,"key":"SMITH"},{"data":"sneckomod:DiceBoulder+4","floor":43.0,"key":"SMITH"},{"floor":46,"key":"REST"}],"circlet_count":0,"master_deck":["sneckomod:Defend","sneckomod:SnekBite","sneckomod:DiceBoulder+5","sneckomod:IronFang","sneckomod:QuickMove","sneckomod:QuickBite","sneckomod:Cheat+1","sneckomod:QuickMove+1","sneckomod:Unknown0Cost+1","expansioncontent:DashGenerateEvil","expansioncontent:QuickStudy","sneckomod:SoulCleanse","sneckomod:RainOfDice+1","sneckomod:Cheat+1","sneckomod:SoulRoll+1"],"relics":["sneckomod:SneckoSoul","sneckomod:SneckoTalon","hexamod:BolsterEngine","Pen Nib","Busted Crown","Ice Cream","Mercury Hourglass","PreservedInsect","Juzu Bracelet","downfall:HeartBlessingRed","downfall:HeartBlessingGreen","downfall:HeartBlessingBlue"],"acts_visited":["Exordium","TheCity","TheBeyond"],"potions_floor_usage":[45,50,50],"damage_taken":[{"damage":6.0,"enemies":"Jaw Worm","floor":3.0,"turns":2.0},{"damage":3.0,"enemies":"Cultist","floor":5.0,"turns":2.0},{"damage":7.0,"enemies":"2 Louse","floor":6.0,"turns":3.0},{"damage":15.0,"enemies":"Blue Slaver","floor":8.0,"turns":2.0},{"damage":3.0,"enemies":"2 Fungi Beasts","floor":9.0,"turns":2.0},{"damage":10.0,"enemies":"Exordium Thugs","floor":11.0,"turns":2.0},{"damage":3.0,"enemies":"Large Slime","floor":14.0,"turns":2.0},{"damage":2.0,"enemies":"Gremlin Gang","floor":15.0,"turns":3.0},{"damage":33.0,"enemies":"DF_ARCHETYPE_STREAMLINE","floor":16.0,"turns":6.0},{"damage":2.0,"enemies":"Chosen","floor":19.0,"turns":2.0},{"damage":3.0,"enemies":"downfall:FleeingMerchant","floor":20.0,"turns":4.0},{"damage":9.0,"enemies":"downfall:FleeingMerchant","floor":21.0,"turns":3.0},{"damage":0.0,"enemies":"Spheric Guardian","floor":26.0,"turns":1.0},{"damage":0.0,"enemies":"downfall:FleeingMerchant","floor":27.0,"turns":4.0},{"damage":2.0,"enemies":"Cultist and Chosen","floor":28.0,"turns":4.0},{"damage":11.0,"enemies":"Snake Plant","floor":29.0,"turns":4.0},{"damage":4.0,"enemies":"Shelled Parasite and Fungi","floor":32.0,"turns":5.0},{"damage":13.0,"enemies":"WA_ARCHETYPE_CALM","floor":33.0,"turns":5.0},{"damage":1.0,"enemies":"Orb Walker","floor":36.0,"turns":2.0},{"damage":5.0,"enemies":"3 Darklings","floor":37.0,"turns":3.0},{"damage":10.0,"enemies":"Transient","floor":38.0,"turns":5.0},{"damage":0.0,"enemies":"downfall:FleeingMerchant","floor":39.0,"turns":3.0},{"damage":10.0,"enemies":"Giant Head","floor":40.0,"turns":6.0},{"damage":0.0,"enemies":"Sphere and 2 Shapes","floor":42.0,"turns":2.0},{"damage":0.0,"enemies":"Maw","floor":44.0,"turns":4.0},{"damage":46,"enemies":"Nemesis","floor":45,"turns":5},{"damage":11,"enemies":"Spire Growth","floor":49,"turns":3},{"damage":90,"enemies":"IC_BLOCK_ARCHETYPE","floor":50,"turns":10}],"seed_played":"8478516088253209252","potions_obtained":[{"floor":3.0,"key":"Block Potion"},{"floor":9.0,"key":"BlessingOfTheForge"},{"floor":11.0,"key":"EntropicBrew"},{"floor":29.0,"key":"SneckoOil"},{"floor":33.0,"key":"Energy Potion"},{"floor":45,"key":"sneckomod:CheatPotion"}],"is_trial":false,"path_per_floor":["R","?","M","?","M","M","T","M","M","R","M","R","?","M","M","B",null,"R","M","$","?","?","T","T","R","M","$","M","M","R","?","M","B",null,"R","M","M","M","$","E","T","M","R","M","E","R","?","?","M","B"],"character_chosen":"THE_SNECKO","items_purchased":["expansioncontent:DashGenerateEvil","expansioncontent:QuickStudy","Ice Cream"],"campfire_rested":1,"item_purchase_floors":[20,27,39],"current_hp_per_floor":[90,90,84,84,81,74,74,59,56,56,46,46,46,43,41,8,90,90,88,85,76,62,62,62,62,62,62,60,49,49,79,75,62,90,90,89,84,74,74,64,64,64,64,64,18,58,58,58,47,0,0,0],"gold":84,"neow_bonus":"TRANSFORM_CARD","is_daily":false,"chose_seed":false,"campfire_upgraded":7,"win_rate":0.0,"timestamp":1612233159,"path_taken":["R","?","M","?","?","M","T","M","M","R","M","R","?","?","M","BOSS","R","M","$","?","?","?","T","R","M","$","M","M","R","?","M","BOSS","R","M","M","M","$","E","T","M","R","M","E","R","?","?","M","BOSS"],"items_purchased_type":["Card","Card","Relic"],"build_version":"2020-12-22","purchased_purges":1,"victory":false,"max_hp_per_floor":[90,90,90,90,90,90,90,90,90,90,90,90,90,90,90,90,90,90,90,90,90,90,90,90,90,90,90,90,90,90,90,90,90,90,90,90,90,90,90,90,90,90,90,90,90,100,100,100,100,100,100,100],"card_choices":[{"not_picked":["sneckomod:UnknownClassBLUE","sneckomod:Unknown0Cost"],"picked":"sneckomod:IronFang","floor":3.0},{"not_picked":["sneckomod:SoulRoll","sneckomod:UnknownClassGREEN","sneckomod:UnknownClassGUARDIAN"],"picked":"SKIP","floor":5.0},{"not_picked":["sneckomod:UnendingSupply","sneckomod:Memorize","sneckomod:Unknown2Cost"],"picked":"SKIP","floor":6.0},{"not_picked":["sneckomod:UnknownClassHEXA_GHOST_PURPLE","sneckomod:Unknown1Cost","sneckomod:UnknownCommonSkill"],"picked":"SKIP","floor":8.0},{"not_picked":["sneckomod:UnknownClassHEXA_GHOST_PURPLE","sneckomod:UnknownClassTHE_CHAMP_GRAY","sneckomod:UnknownClassGREEN"],"picked":"SKIP","floor":9.0},{"not_picked":["sneckomod:WideSting","sneckomod:Unknown1Cost"],"picked":"sneckomod:QuickMove","floor":11.0},{"not_picked":["sneckomod:ImprovisedAttack","sneckomod:Memorize","sneckomod:UnknownX"],"picked":"SKIP","floor":14.0},{"not_picked":["sneckomod:UnknownStrength","sneckomod:UnknownCommonSkill","sneckomod:Unknown1Cost"],"picked":"SKIP","floor":15.0},{"not_picked":["sneckomod:DangerNoodle","sneckomod:UnknownRareSkill"],"picked":"sneckomod:Cheat","floor":16.0},{"not_picked":["sneckomod:UnknownCommonAttack","sneckomod:UnknownStrength"],"picked":"sneckomod:QuickMove+1","floor":19.0},{"not_picked":["sneckomod:Unknown2Cost+1","sneckomod:UnknownClassGREEN"],"picked":"sneckomod:Unknown0Cost+1","floor":20.0},{"not_picked":["sneckomod:SnakeSap","sneckomod:UnknownClassGREEN","sneckomod:QuickMove"],"picked":"SKIP","floor":26.0},{"not_picked":["sneckomod:UnknownClassTHE_BRONZE_AUTOMATON+1","sneckomod:UnknownBlock","sneckomod:Unknown0Cost"],"picked":"SKIP","floor":27.0},{"not_picked":["sneckomod:Nope","sneckomod:QuickBite"],"picked":"sneckomod:SoulCleanse","floor":28.0},{"not_picked":["sneckomod:UnknownClassBLUE","sneckomod:Memorize+1","sneckomod:SerpentIdol+1"],"picked":"SKIP","floor":29.0},{"not_picked":["sneckomod:UnknownBlock","sneckomod:DiceCrush"],"picked":"sneckomod:RainOfDice+1","floor":32.0},{"not_picked":["sneckomod:SerpentMind","sneckomod:Transmogrify"],"picked":"sneckomod:Cheat","floor":33.0},{"not_picked":["sneckomod:RainOfDice"],"picked":"SKIP","floor":36.0},{"not_picked":["sneckomod:UnknownClassHEXA_GHOST_PURPLE+1"],"picked":"SKIP","floor":37.0},{"not_picked":["sneckomod:UnknownWeak+1"],"picked":"SKIP","floor":38.0},{"not_picked":["sneckomod:UnknownUncommonSkill"],"picked":"SKIP","floor":39.0},{"not_picked":["sneckomod:UnknownStrike"],"picked":"SKIP","floor":40.0},{"not_picked":["sneckomod:UnknownClassHEXA_GHOST_PURPLE+1"],"picked":"SKIP","floor":42.0},{"not_picked":["sneckomod:UnknownClassTHE_CHAMP_GRAY"],"picked":"SKIP","floor":44.0},{"not_picked":["sneckomod:SoulDraw"],"picked":"SKIP","floor":45},{"not_picked":[],"picked":"sneckomod:SoulRoll+1","floor":49}],"player_experience":1489712,"relics_obtained":[{"floor":23.0,"key":"hexamod:BolsterEngine"},{"floor":24.0,"key":"Pen Nib"},{"floor":40.0,"key":"Mercury Hourglass"},{"floor":41.0,"key":"PreservedInsect"},{"floor":45,"key":"Juzu Bracelet"}],"event_choices":[{"cards_removed":["sneckomod:Defend"],"damage_healed":0.0,"max_hp_gain":0.0,"max_hp_loss":0.0,"gold_gain":0.0,"event_name":"The Cleric","player_choice":"Card Removal","floor":2.0,"gold_loss":0.0,"damage_taken":0.0},{"damage_healed":30.0,"max_hp_gain":0.0,"max_hp_loss":0.0,"gold_gain":0.0,"event_name":"The Library","player_choice":"Heal","floor":31.0,"gold_loss":0.0,"damage_taken":0.0},{"cards_removed":["sneckomod:TailWhip"],"damage_healed":0,"gold_gain":0,"player_choice":"Removed Attack","damage_taken":0,"max_hp_gain":0,"max_hp_loss":0,"event_name":"Falling","floor":47,"gold_loss":0},{"damage_healed":0,"gold_gain":0,"player_choice":"Ignored","damage_taken":0,"max_hp_gain":0,"max_hp_loss":0,"event_name":"Mysterious Sphere","floor":48,"gold_loss":0}],"is_beta":false,"boss_relics":[{"not_picked":["Black Star","bronze:MakeshiftBattery"],"picked":"sneckomod:SneckoTalon"},{"not_picked":["Snecko Eye","Pandora\u0027s Box"],"picked":"Busted Crown"}],"items_purged_floors":[20],"is_endless":false,"potions_floor_spawned":[3,9,11,15,21,29,32,33,38,40,42,45],"killed_by":"IC_BLOCK_ARCHETYPE","ascension_level":0}}