{"host":"1mv6gj0zv8k9e9tz","time":1612257850,"event":{"mods":["AchievementEnabler","BaseMod","Better Third Choice","Colored Map","DeckTracker","Highlight Path","KOR Keyword Fix","Keyboard Shortcuts","Minty Spire (QoL Compilation)","Permanent Neow","Quick Restart","Rare Cards Sparkle","StSLib","SuperFastMode","everything is the same but u backflip on backflip"],"gold_per_floor":[114,114,130,150,75,75,105,105,105,105,125,135,135,162,162,259,259,270,270,285,305,320,320,152,182,182,200,217,217,242,46,46,146,146,164,209,209,59,109,109,140,151,178,195,206,206,236,256,256,256,256,256,108,138,138],"floor_reached":56,"language":"KOR","playtime":1956,"items_purged":["Defend_P","Defend_P+1","Strike_P+1","LessonLearned+1"],"score":1912,"play_id":"e65f88c3-4477-48fc-9834-42e7069a8934","local_time":"20210202182410","is_ascension_mode":true,"campfire_choices":[{"data":"Eruption","floor":6.0,"key":"SMITH"},{"data":"FearNoEvil","floor":8.0,"key":"SMITH"},{"data":"Vigilance","floor":10.0,"key":"SMITH"},{"data":"Halt","floor":13.0,"key":"SMITH"},{"floor":15.0,"key":"RECALL"},{"floor":23.0,"key":"REST"},{"floor":29.0,"key":"REST"},{"floor":32.0,"key":"REST"},{"floor":40.0,"key":"REST"},{"floor":49,"key":"REST"},{"floor":52,"key":"REST"}],"circlet_count":0,"master_deck":["Eruption+1","FearNoEvil+1","Halt+1","Adaptation+1","MentalFortress+1","MentalFortress+1","Tantrum+1"],"relics":["PureWater","StrikeDummy","Question Card","Black Star","Regal Pillow","Singing Bowl","CaptainsWheel","Oddly Smooth Stone","Damaru","Empty Cage","Torii","Bottled Tornado","Ice Cream","Gremlin Horn","PreservedInsect","Bag of Preparation","Pen Nib","Art of War","Ginger","OrangePellets","Calipers","White Beast Statue"],"acts_visited":["TheCity","TheBeyond","TheEnding"],"potions_floor_usage":[55,55],"damage_taken":[{"damage":0.0,"enemies":"2 Louse","floor":1.0,"turns":2.0},{"damage":0.0,"enemies":"Jaw Worm","floor":3.0,"turns":2.0},{"damage":0.0,"enemies":"Cultist","floor":4.0,"turns":2.0},{"damage":19.0,"enemies":"3 Sentries","floor":7.0,"turns":6.0},{"damage":0.0,"enemies":"2 Fungi Beasts","floor":11.0,"turns":2.0},{"damage":0.0,"enemies":"Exordium Wildlife","floor":12.0,"turns":2.0},{"damage":0.0,"enemies":"Gremlin Nob","floor":14.0,"turns":2.0},{"damage":0.0,"enemies":"Slime Boss","floor":16.0,"turns":6.0},{"damage":7.0,"enemies":"Shell Parasite","floor":18.0,"turns":3.0},{"damage":24.0,"enemies":"2 Thieves","floor":20.0,"turns":3.0},{"damage":24.0,"enemies":"Cultist and Chosen","floor":21.0,"turns":3.0},{"damage":1.0,"enemies":"3 Cultists","floor":22.0,"turns":4.0},{"damage":7.0,"enemies":"Slavers","floor":25.0,"turns":4.0},{"damage":7.0,"enemies":"Centurion and Healer","floor":27.0,"turns":4.0},{"damage":0.0,"enemies":"Sentry and Sphere","floor":28.0,"turns":3.0},{"damage":0.0,"enemies":"Book of Stabbing","floor":30.0,"turns":3.0},{"damage":0.0,"enemies":"Collector","floor":33.0,"turns":9.0},{"damage":14.0,"enemies":"3 Shapes","floor":35.0,"turns":4.0},{"damage":0.0,"enemies":"2 Orb Walkers","floor":36.0,"turns":3.0},{"damage":0.0,"enemies":"Mind Bloom Boss Battle","floor":39.0,"turns":4.0},{"damage":0.0,"enemies":"Giant Head","floor":41.0,"turns":2.0},{"damage":0.0,"enemies":"Orb Walker","floor":42.0,"turns":2.0},{"damage":0.0,"enemies":"Sphere and 2 Shapes","floor":44.0,"turns":1.0},{"damage":0,"enemies":"Maw","floor":45,"turns":2},{"damage":0,"enemies":"Nemesis","floor":47,"turns":1},{"damage":0,"enemies":"Writhing Mass","floor":48,"turns":2},{"damage":6,"enemies":"Time Eater","floor":50,"turns":5},{"damage":0,"enemies":"Shield and Spear","floor":54,"turns":1},{"damage":5,"enemies":"The Heart","floor":55,"turns":5}],"seed_played":"-88455554601750020","potions_obtained":[{"floor":7.0,"key":"Swift Potion"},{"floor":14.0,"key":"EssenceOfSteel"},{"floor":16.0,"key":"LiquidBronze"},{"floor":20.0,"key":"Dexterity Potion"},{"floor":21.0,"key":"Swift Potion"},{"floor":22.0,"key":"FairyPotion"},{"floor":30.0,"key":"Energy Potion"},{"floor":36.0,"key":"DuplicationPotion"},{"floor":44.0,"key":"LiquidMemories"}],"is_trial":false,"path_per_floor":["M","?","M","M","$","R","E","R","T","R","M","M","R","E","R","B",null,"M","?","M","M","M","R","$","E","T","M","M","R","E","$","R","B",null,"M","?","T","$","?","R","E","M","T","M","M","T","E","M","R","B",null,"R","$","E","B",null],"character_chosen":"WATCHER","items_purchased":["MentalFortress","Tantrum","OrangePellets"],"campfire_rested":6,"item_purchase_floors":[24,31,53],"current_hp_per_floor":[65,58,58,58,58,58,39,39,39,39,39,39,39,39,39,39,59,52,52,28,4,3,22,22,17,17,12,14,50,50,50,71,73,73,61,63,63,63,65,79,81,83,83,85,87,87,89,91,91,85,90,91,91,93,88],"gold":138,"neow_bonus":"REMOVE_TWO","is_daily":false,"chose_seed":false,"campfire_upgraded":4,"win_rate":0.0,"timestamp":1612257850,"path_taken":["M","?","M","M","$","R","E","R","T","R","M","M","R","E","R","BOSS","M","?","M","M","M","R","$","E","T","M","M","R","E","?","R","BOSS","M","?","?","$","?","R","E","M","T","M","M","?","E","M","R","BOSS","R","$","E","BOSS"],"items_purchased_type":["Card","Card","Relic"],"build_version":"2020-12-22","purchased_purges":4,"victory":true,"max_hp_per_floor":[65,65,65,65,65,65,65,65,65,65,65,65,65,65,65,65,65,65,65,65,65,65,65,65,67,67,69,71,71,71,71,71,73,73,75,77,77,77,79,79,81,83,83,85,87,87,89,91,91,91,91,91,91,93,93],"card_choices":[{"not_picked":["EmptyBody","EmptyFist","BowlingBash"],"picked":"SKIP","floor":1.0},{"not_picked":["Crescendo","Meditate"],"picked":"FearNoEvil","floor":3.0},{"not_picked":["ClearTheMind","Prostrate","MasterReality"],"picked":"SKIP","floor":4.0},{"not_picked":["ForeignInfluence","Crescendo","Pray"],"picked":"SKIP","floor":7.0},{"not_picked":["EmptyBody","Study"],"picked":"Halt","floor":11.0},{"not_picked":["Protect","Collect","CutThroughFate"],"picked":"SKIP","floor":12.0},{"not_picked":["FlyingSleeves","Wallop","SashWhip"],"picked":"SKIP","floor":14.0},{"not_picked":["Ragnarok","Brilliance","Establishment"],"picked":"LessonLearned","floor":16.0},{"not_picked":["EmptyBody+1","FollowUp+1","SashWhip","EmptyFist+1"],"picked":"SKIP","floor":18.0},{"not_picked":["Crescendo+1","WindmillStrike","BowlingBash+1"],"picked":"Adaptation","floor":20.0},{"not_picked":["Nirvana+1","PathToVictory+1","Halt","ClearTheMind+1"],"picked":"SKIP","floor":21.0},{"not_picked":["Worship","Alpha","LikeWater","Perseverance"],"picked":"SKIP","floor":22.0},{"not_picked":["FlurryOfBlows","EmptyFist","Protect+1","JustLucky"],"picked":"Singing Bowl","floor":25.0},{"not_picked":["Halt","JustLucky+1","Consecrate","FollowUp+1"],"picked":"Singing Bowl","floor":27.0},{"not_picked":["WheelKick","PathToVictory","LikeWater","Prostrate"],"picked":"Singing Bowl","floor":28.0},{"not_picked":["EmptyBody","ForeignInfluence+1","Fasting2"],"picked":"MentalFortress+1","floor":30.0},{"not_picked":["Alpha","LessonLearned","ConjureBlade","SpiritShield"],"picked":"Singing Bowl","floor":33.0},{"not_picked":["Consecrate","PathToVictory","Protect","FollowUp+1"],"picked":"Singing Bowl","floor":35.0},{"not_picked":["Conclude+1","Crescendo","ClearTheMind","EmptyBody+1"],"picked":"Singing Bowl","floor":36.0},{"not_picked":["Halt+1","FollowUp+1","FlurryOfBlows+1","LikeWater"],"picked":"Singing Bowl","floor":39.0},{"not_picked":["WheelKick+1","BowlingBash","Brilliance","Weave"],"picked":"Singing Bowl","floor":41.0},{"not_picked":["Evaluate+1","Protect+1","SandsOfTime+1","ThirdEye+1"],"picked":"Singing Bowl","floor":42.0},{"not_picked":["PathToVictory","EmptyBody+1","Protect+1","Sanctity+1"],"picked":"Singing Bowl","floor":44.0},{"not_picked":["FlyingSleeves","Evaluate+1","Crescendo","WreathOfFlame"],"picked":"Singing Bowl","floor":45},{"not_picked":["SashWhip+1","Brilliance","SandsOfTime","PathToVictory+1"],"picked":"Singing Bowl","floor":47},{"not_picked":["ForeignInfluence+1","Halt","EmptyBody+1","FlurryOfBlows"],"picked":"Singing Bowl","floor":48},{"not_picked":["FearNoEvil+1","FlyingSleeves+1","Wish","Vengeance"],"picked":"Singing Bowl","floor":54}],"player_experience":608976,"relics_obtained":[{"floor":7.0,"key":"StrikeDummy"},{"floor":14.0,"key":"Question Card"},{"floor":25.0,"key":"Regal Pillow"},{"floor":25.0,"key":"Singing Bowl"},{"floor":26.0,"key":"CaptainsWheel"},{"floor":30.0,"key":"Oddly Smooth Stone"},{"floor":30.0,"key":"Damaru"},{"floor":36.0,"key":"Torii"},{"floor":37.0,"key":"Bottled Tornado"},{"floor":39.0,"key":"Ice Cream"},{"floor":41.0,"key":"Gremlin Horn"},{"floor":41.0,"key":"PreservedInsect"},{"floor":43.0,"key":"Bag of Preparation"},{"floor":46,"key":"Pen Nib"},{"floor":47,"key":"Art of War"},{"floor":47,"key":"Ginger"},{"floor":54,"key":"Calipers"},{"floor":54,"key":"White Beast Statue"}],"event_choices":[{"cards_removed":["Defend_P"],"damage_healed":0.0,"max_hp_gain":0.0,"max_hp_loss":0.0,"gold_gain":0.0,"event_name":"Golden Wing","player_choice":"Card Removal","floor":2.0,"gold_loss":0.0,"damage_taken":7.0},{"cards_removed":["Strike_P"],"damage_healed":0.0,"max_hp_gain":0.0,"max_hp_loss":0.0,"gold_gain":0.0,"event_name":"Bonfire Elementals","player_choice":"Offered Basic","floor":19.0,"gold_loss":0.0,"damage_taken":0.0},{"damage_healed":0.0,"max_hp_gain":0.0,"max_hp_loss":0.0,"gold_gain":0.0,"event_name":"Mysterious Sphere","player_choice":"Fight","floor":36.0,"gold_loss":0.0,"damage_taken":0.0},{"damage_healed":0.0,"max_hp_gain":0.0,"max_hp_loss":0.0,"gold_gain":0.0,"event_name":"MindBloom","player_choice":"Fight","floor":39.0,"gold_loss":0.0,"damage_taken":0.0}],"is_beta":false,"boss_relics":[{"not_picked":["Runic Pyramid","Ectoplasm"],"picked":"Black Star"},{"not_picked":["HolyWater","Sozu"],"picked":"Empty Cage"}],"items_purged_floors":[5,24,31,38],"is_endless":false,"potions_floor_spawned":[7,14,16,20,21,22,30,36,44,45,48],"ascension_level":6}}