{"host":"xp5rvh2jwe2ejyfm","time":1612286448,"event":{"mods":["Aspiration","BaseMod","BetterRewards","Colored Powertips","Conspire","Downfall","Duelist Mod","GifTheSpireLib","Gremlin Mod","Hermit","Hubris","Minty Spire (QoL Compilation)","Robot Space Explorer","StSLib","The Blackbeard","The Clintock","The Construct","The Cursed","The Disciple","The Forsaken","The Hierophant","The Necromancer","The Runesmith","The Servant 0.9.4"],"gold_per_floor":[114,133,133,133,145,187,218,259,295,318,330,358,399,423,435,550,562,585,597,61,61,74,74,74,74,74,92,92,103,119,133,133,234,234,254,264,2,2,18,53,70,36,63,163,163,177,177,192,192,192],"floor_reached":51,"language":"ENG","playtime":2109,"items_purged":[],"score":826,"play_id":"51b315e5-2e83-4928-80b7-ea0fb3e7e7d3","local_time":"20210202122048","is_ascension_mode":false,"campfire_choices":[{"floor":11,"key":"REST"},{"floor":15,"key":"RECALL"},{"floor":23,"key":"REST"},{"data":"TheCursedMod:CleanUpWorkshop","floor":25,"key":"SMITH"},{"data":"TheCursedMod:Hemoplague","floor":28,"key":"SMITH"},{"data":"TheCursedMod:AbyssShockwave","floor":32,"key":"SMITH"},{"floor":45,"key":"REST"},{"floor":47,"key":"REST"},{"floor":49,"key":"REST"}],"circlet_count":0,"master_deck":["TheCursedMod:Strike_TheCursed","TheCursedMod:Strike_TheCursed","TheCursedMod:Strike_TheCursed","TheCursedMod:Strike_TheCursed","TheCursedMod:Defend_TheCursed","TheCursedMod:Defend_TheCursed","TheCursedMod:Defend_TheCursed","TheCursedMod:Defend_TheCursed","TheCursedMod:CursedWand+1","TheCursedMod:CleanUpWorkshop+1","TheCursedMod:Dregs","TheCursedMod:CircleOfFlame+1","TheCursedMod:CursedBlade+1","TheCursedMod:TacticalStrike+1","TheCursedMod:TacticalStrike+1","TheCursedMod:CursedBlade+1","TheCursedMod:Hemoplague+1","TheCursedMod:SaltUponWound","TheCursedMod:CursedStaff","TheCursedMod:CursedBlade+1","TheCursedMod:NeowsMight","TheCursedMod:FleshFromBone+1","TheCursedMod:CircleOfFlame+1","TheCursedMod:BloodBarrier","TheCursedMod:AbyssShockwave+1","TheCursedMod:FuryStrike","TheCursedMod:SpitefulStrike+1","TheCursedMod:SpitefulStrike+1","TheCursedMod:SmokeScreen+1","TheCursedMod:CircleOfFlame+1","TheCursedMod:CursedBlade+1","TheCursedMod:CursedBlade+1","TheCursedMod:VoidForm","TheCursedMod:Stretching+1","TheCursedMod:Stigma+1","TheCursedMod:LuckyCharm","Magnetism","TheCursedMod:FleshFromBone+1","TheCursedMod:StingEye+1","TheCursedMod:ReleasedKnowledge","TheCursedMod:HellfireBreathing","TheCursedMod:SpitefulPlan+1","TheCursedMod:FleshFromBone+1"],"relics":["TheCursedMod:BlackMagic101","MawBank","theForsaken:HumbleEgg","White Beast Statue","Anchor","TheCursedMod:MagicCandle","hubris:VirtuousBlindfold","Pear","theForsaken:Gavel","Orrery","conspire:SpecialSausage","hubris:Towel","Pen Nib","Happy Flower"],"acts_visited":["Exordium","TheCity","TheBeyond"],"potions_floor_usage":[1,6,13,16,16,16,22,27,27,33,33,33,33,35,39,39,40,41,46,50,50],"damage_taken":[{"damage":1,"enemies":"Small Slimes","floor":1,"turns":3},{"damage":4,"enemies":"Jaw Worm","floor":2,"turns":3},{"damage":18,"enemies":"Lagavulin","floor":6,"turns":5},{"damage":0,"enemies":"2 Louse","floor":7,"turns":1},{"damage":17,"enemies":"3 Sentries","floor":8,"turns":3},{"damage":0,"enemies":"Exordium Thugs","floor":10,"turns":2},{"damage":0,"enemies":"Blue Slaver","floor":12,"turns":2},{"damage":0,"enemies":"Gremlin Nob","floor":13,"turns":4},{"damage":2,"enemies":"3 Louse","floor":14,"turns":2},{"damage":32,"enemies":"The Guardian","floor":16,"turns":6},{"damage":10,"enemies":"2 Thieves","floor":18,"turns":2},{"damage":1,"enemies":"Shell Parasite","floor":22,"turns":3},{"damage":0,"enemies":"Snecko","floor":27,"turns":3},{"damage":0,"enemies":"3 Cultists","floor":29,"turns":2},{"damage":0,"enemies":"Sentry and Sphere","floor":30,"turns":2},{"damage":0,"enemies":"Centurion and Healer","floor":31,"turns":2},{"damage":69,"enemies":"Champ","floor":33,"turns":8},{"damage":38,"enemies":"3 Shapes","floor":35,"turns":3},{"damage":0,"enemies":"Orb Walker","floor":36,"turns":2},{"damage":27,"enemies":"Writhing Mass","floor":39,"turns":5},{"damage":5,"enemies":"Reptomancer","floor":40,"turns":4},{"damage":16,"enemies":"Maw","floor":41,"turns":6},{"damage":22,"enemies":"Spire Growth","floor":46,"turns":4},{"damage":0,"enemies":"3 Darklings","floor":48,"turns":2},{"damage":38,"enemies":"hubris:GrandSnecko","floor":50,"turns":16}],"seed_played":"-4956561530432588199","potions_obtained":[{"floor":1,"key":"Fruit Juice"},{"floor":2,"key":"ColorlessPotion"},{"floor":6,"key":"champ:CounterPotion"},{"floor":10,"key":"Weak Potion"},{"floor":12,"key":"Block Potion"},{"floor":13,"key":"GamblersBrew"},{"floor":14,"key":"AttackPotion"},{"floor":16,"key":"Slimebound:ThreeZeroPotion"},{"floor":18,"key":"DistilledChaos"},{"floor":22,"key":"DistilledChaos"},{"floor":24,"key":"EntropicBrew"},{"floor":24,"key":"PowerPotion"},{"floor":27,"key":"hexamod:SoulburnPotion"},{"floor":29,"key":"Weak Potion"},{"floor":33,"key":"ColorlessPotion"},{"floor":35,"key":"Swift Potion"},{"floor":36,"key":"Weak Potion"},{"floor":39,"key":"hexamod:SoulburnPotion"},{"floor":40,"key":"hexamod:SoulburnPotion"},{"floor":41,"key":"Explosive Potion"},{"floor":46,"key":"Guardian:BlockOnCardUsePotion"},{"floor":48,"key":"Dexterity Potion"}],"is_trial":false,"path_per_floor":["M","M","?","T","?","E","M","E","T","M","R","M","E","M","R","B",null,"M","?","$","?","M","R","?","R","T","M","R","M","M","M","R","B",null,"M","M","$","?","M","E","M","$","T","?","R","M","R","M","R","B",null],"character_chosen":"THE_CURSED","items_purchased":["Pear","theForsaken:Gavel","Orrery","TheCursedMod:LuckyCharm","Magnetism","TheCursedMod:HellfireBreathing"],"campfire_rested":5,"item_purchase_floors":[20,20,20,37,37,42],"current_hp_per_floor":[79,75,75,75,75,57,57,40,40,40,64,64,64,62,62,30,80,70,70,80,62,61,89,89,89,89,89,89,89,89,89,89,20,95,57,57,57,57,30,25,9,9,9,9,37,15,43,43,71,43],"gold":192,"neow_bonus":"UPGRADE_CARD","is_daily":false,"chose_seed":false,"campfire_upgraded":3,"win_rate":0.0,"timestamp":1612286448,"path_taken":["M","M","?","?","?","E","M","E","T","M","R","M","E","M","R","BOSS","M","?","$","?","M","R","?","R","T","?","R","M","M","M","R","BOSS","M","?","$","?","M","E","M","?","T","?","R","M","R","M","R","BOSS"],"items_purchased_type":["Relic","Relic","Relic","Card","Card","Card"],"build_version":"2020-12-22","purchased_purges":0,"victory":true,"max_hp_per_floor":[80,80,80,80,80,80,80,80,80,80,80,80,80,80,80,80,80,80,80,90,95,95,95,95,95,95,95,95,95,95,95,95,95,95,95,95,95,95,95,95,95,95,95,95,95,95,95,95,95,100],"card_choices":[{"not_picked":["TheCursedMod:TacticalStrike","TheCursedMod:DoubleShield"],"picked":"TheCursedMod:CircleOfFlame","floor":1},{"not_picked":["TheCursedMod:CursedShiv","TheCursedMod:WearCloak"],"picked":"TheCursedMod:CursedBlade","floor":2},{"not_picked":["TheCursedMod:PrepareRite","TheCursedMod:Stretching+1"],"picked":"TheCursedMod:TacticalStrike+1","floor":6},{"not_picked":["TheCursedMod:CursedAmulet+1","TheCursedMod:ManaCirculation"],"picked":"TheCursedMod:TacticalStrike+1","floor":7},{"not_picked":["TheCursedMod:SmokeScreen+1","TheCursedMod:Stigma+1"],"picked":"TheCursedMod:CursedBlade+1","floor":8},{"not_picked":["TheCursedMod:Stigma+1","TheCursedMod:CircleOfCorruption+1"],"picked":"TheCursedMod:Hemoplague","floor":10},{"not_picked":["TheCursedMod:ManaBullet","TheCursedMod:FleshFromBone+1"],"picked":"TheCursedMod:SaltUponWound","floor":12},{"not_picked":["TheCursedMod:CursedShiv+1","TheCursedMod:WearCloak+1"],"picked":"TheCursedMod:CursedStaff","floor":13},{"not_picked":["TheCursedMod:EmpowerCircles","TheCursedMod:CircleOfWindfury"],"picked":"TheCursedMod:CursedBlade+1","floor":14},{"not_picked":["TheCursedMod:DarkBarrier","TheCursedMod:ShockAndAwe"],"picked":"TheCursedMod:NeowsMight","floor":16},{"not_picked":["TheCursedMod:Wield+1","TheCursedMod:Stretching+1"],"picked":"TheCursedMod:FleshFromBone+1","floor":18},{"not_picked":["TheCursedMod:Torture+1","TheCursedMod:Wield+1"],"picked":"TheCursedMod:CircleOfFlame+1","floor":20},{"not_picked":["TheCursedMod:TacticalStrike+1","TheCursedMod:DarkBarrier"],"picked":"TheCursedMod:BloodBarrier","floor":20},{"not_picked":["TheCursedMod:RapidMovement+1","TheCursedMod:CursedShiv+1"],"picked":"TheCursedMod:AbyssShockwave","floor":20},{"not_picked":["TheCursedMod:Mangle","TheCursedMod:CircleOfAbyss"],"picked":"TheCursedMod:FuryStrike","floor":20},{"not_picked":["TheCursedMod:CursedAmulet+1","TheCursedMod:CursedShiv+1"],"picked":"TheCursedMod:SpitefulStrike+1","floor":20},{"not_picked":["TheCursedMod:CursedAmulet+1","TheCursedMod:TacticalStrike+1"],"picked":"TheCursedMod:SpitefulStrike+1","floor":22},{"not_picked":["TheCursedMod:RavingStaff+1","TheCursedMod:Evocation"],"picked":"TheCursedMod:SmokeScreen+1","floor":27},{"not_picked":["TheCursedMod:ManaCirculation","TheCursedMod:SurpriseAttack+1"],"picked":"TheCursedMod:CircleOfFlame+1","floor":29},{"not_picked":["TheCursedMod:RapidMovement+1","TheCursedMod:SoulCrush"],"picked":"TheCursedMod:CursedBlade+1","floor":30},{"not_picked":["TheCursedMod:CircleOfFlame+1","TheCursedMod:ManaCirculation"],"picked":"TheCursedMod:CursedBlade+1","floor":31},{"not_picked":["TheCursedMod:CollectTribute","TheCursedMod:NeowsMight"],"picked":"TheCursedMod:VoidForm","floor":33},{"not_picked":["TheCursedMod:CursedMace+1","TheCursedMod:RapidMovement+1"],"picked":"TheCursedMod:Stretching+1","floor":35},{"not_picked":["TheCursedMod:Torture+1","TheCursedMod:SurpriseAttack+1"],"picked":"TheCursedMod:Stigma+1","floor":36},{"not_picked":["TheCursedMod:RapidMovement+1","TheCursedMod:BlessingInDisguise"],"picked":"TheCursedMod:FleshFromBone+1","floor":39},{"not_picked":["TheCursedMod:CircleOfCorruption+1","TheCursedMod:Evocation"],"picked":"TheCursedMod:StingEye+1","floor":40},{"not_picked":["TheCursedMod:FleshFromBone+1","TheCursedMod:Neurasthenia"],"picked":"TheCursedMod:ReleasedKnowledge","floor":41},{"not_picked":["TheCursedMod:CursedBlade+1","TheCursedMod:Torture+1"],"picked":"TheCursedMod:SpitefulPlan+1","floor":46},{"not_picked":["TheCursedMod:DoubleShield","TheCursedMod:RavingStaff+1"],"picked":"TheCursedMod:FleshFromBone+1","floor":48}],"player_experience":383152,"relics_obtained":[{"floor":4,"key":"MawBank"},{"floor":6,"key":"theForsaken:HumbleEgg"},{"floor":8,"key":"White Beast Statue"},{"floor":9,"key":"Anchor"},{"floor":13,"key":"TheCursedMod:MagicCandle"},{"floor":40,"key":"Pen Nib"},{"floor":43,"key":"Happy Flower"}],"event_choices":[{"damage_healed":0,"gold_gain":0,"player_choice":"Grow","damage_taken":0,"max_hp_gain":0,"max_hp_loss":0,"event_name":"Living Wall","floor":3,"gold_loss":0,"cards_upgraded":["TheCursedMod:CircleOfFlame"]},{"damage_healed":0,"gold_gain":0,"player_choice":"Upgraded","damage_taken":0,"max_hp_gain":0,"max_hp_loss":0,"event_name":"Upgrade Shrine","floor":5,"gold_loss":0,"cards_upgraded":["TheCursedMod:CursedBlade"]},{"damage_healed":0,"gold_gain":0,"player_choice":"Ignored","damage_taken":0,"max_hp_gain":0,"max_hp_loss":0,"event_name":"Beggar","floor":19,"gold_loss":0},{"damage_healed":0,"gold_gain":0,"player_choice":"Shed Blood","damage_taken":23,"max_hp_gain":5,"max_hp_loss":0,"event_name":"Forgotten Altar","floor":21,"gold_loss":0},{"damage_healed":0,"gold_gain":0,"player_choice":"Got Potions","damage_taken":0,"max_hp_gain":0,"max_hp_loss":0,"event_name":"Lab","floor":24,"gold_loss":0},{"damage_healed":0,"gold_gain":100,"player_choice":"Pray","damage_taken":0,"max_hp_gain":0,"max_hp_loss":0,"event_name":"Golden Shrine","floor":44,"gold_loss":0}],"is_beta":false,"boss_relics":[{"not_picked":["Velvet Choker","Runesmith:UraniumAnvil"],"picked":"hubris:VirtuousBlindfold"},{"not_picked":["hubris:GrandSneckoEye","conspire:RoyalGoblet"],"picked":"conspire:SpecialSausage"}],"items_purged_floors":[],"is_endless":false,"potions_floor_spawned":[1,2,6,10,12,13,14,16,18,22,27,29,30,31,33,35,36,39,40,41,46,48],"ascension_level":0}}