{"host":"bvp2uifzy1c463d9","time":1612240187,"event":{"mods":["AchievementEnabler","BaseMod","Block Reminder","ChefMod","Colored Map","Colored Powertips","Hermit","Highlight Path","Infinite Spire","Minty Spire (QoL Compilation)","Random Character Button","Relic Stats","Reliquary","Replay The Spire","StSLib","The Jungle","The Servant 0.9.4"],"gold_per_floor":[112,130,147,112,124,124,149,149,149,149,176,176,30,93,93,198,198,210,210,210,226,226],"floor_reached":21,"language":"ENG","playtime":1298,"items_purged":[],"score":198,"play_id":"2403a96d-56d5-4a4f-ad0a-11f3e8f78e57","local_time":"20210201222947","is_ascension_mode":true,"campfire_choices":[{"data":"hermit:Reprieve","floor":6,"key":"SMITH"},{"data":"hermit:LowProfile","floor":8,"key":"SMITH"},{"data":"hermit:Desperado","floor":10,"key":"SMITH"},{"data":"hermit:Strike_Hermit","floor":15,"key":"PURGE"}],"circlet_count":0,"master_deck":["hermit:Strike_Hermit","hermit:Defend_Hermit","hermit:Snapshot","hermit:Covet","hermit:Reprieve+1","hermit:LowProfile+1","hermit:Grudge","hermit:Spite","hermit:Gestalt","hermit:Desperado+1","hermit:DeadOrAlive+1","hermit:GoldenBullet","hermit:Purgatory+1","infinitespire:Pacifist","Spreading Infection","hermit:Manifest+1"],"relics":["hermit:Momento","Golden Egg","Blue Candle","Toxic Egg 2","Medical Kit","reliquary:PrincelyHelmet","Kintsugi","CultistMask"],"acts_visited":["Exordium","TheCity"],"potions_floor_usage":[14,16],"damage_taken":[{"damage":3,"enemies":"infinitespire:Voidling","floor":1,"turns":4},{"damage":1,"enemies":"Cultist","floor":2,"turns":3},{"damage":0,"enemies":"2 Louse","floor":3,"turns":2},{"damage":5,"enemies":"Looter","floor":5,"turns":2},{"damage":6,"enemies":"3 Sentries","floor":7,"turns":6},{"damage":3,"enemies":"Lots of Slimes","floor":11,"turns":3},{"damage":2,"enemies":"Lagavulin","floor":14,"turns":5},{"damage":8,"enemies":"Fading Forest","floor":16,"turns":11},{"damage":13,"enemies":"Spheric Guardian","floor":18,"turns":5},{"damage":21,"enemies":"2 Thieves","floor":21,"turns":3}],"seed_played":"3247699547867876229","potions_obtained":[{"floor":1,"key":"DistilledChaos"},{"floor":2,"key":"Energy Potion"},{"floor":21,"key":"SneckoOil"}],"is_trial":false,"path_per_floor":["M","M","M","$","M","R","E","R","T","R","M","T","$","E","R_BF","B",null,"M","?","?","M"],"character_chosen":"HERMIT","items_purchased":["hermit:Gestalt","Medical Kit"],"campfire_rested":0,"item_purchase_floors":[4,13],"current_hp_per_floor":[75,74,74,74,69,69,63,63,63,63,60,60,60,62,62,54,75,62,62,62,41,41],"gold":226,"neow_bonus":"ONE_RANDOM_RARE_CARD","is_daily":false,"chose_seed":false,"campfire_upgraded":3,"win_rate":0.0,"timestamp":1612240187,"path_taken":["M","M","M","$","?","R","E","R","T","R","M","?","?","E","R_BF","BOSS","M","?","?","M"],"items_purchased_type":["Card","Relic"],"build_version":"2020-12-22","purchased_purges":0,"victory":false,"max_hp_per_floor":[75,75,75,75,75,75,75,75,75,75,75,75,75,75,75,75,75,75,75,75,75,75],"relic_stats":{"counters":[10,44],"Blue Candle":[2],"Medical Kit":[2],"obtain_stats":[{"Golden Egg":7,"reliquary:PrincelyHelmet":14,"Blue Candle":9,"CultistMask":20,"Toxic Egg 2":12,"Kintsugi":17,"Medical Kit":13,"hermit:Momento":0},{"Golden Egg":5,"reliquary:PrincelyHelmet":7,"Blue Candle":5,"CultistMask":9,"Toxic Egg 2":6,"Kintsugi":8,"Medical Kit":6,"hermit:Momento":0},{"Golden Egg":17,"reliquary:PrincelyHelmet":25,"Blue Candle":17,"CultistMask":41,"Toxic Egg 2":20,"Kintsugi":36,"Medical Kit":20,"hermit:Momento":0}]},"card_choices":[{"not_picked":["hermit:BigShot","hermit:WideOpen"],"picked":"hermit:LowProfile","floor":1},{"not_picked":["hermit:HoleUp","hermit:WideOpen"],"picked":"hermit:Grudge","floor":2},{"not_picked":["hermit:Coalescence","hermit:Ricochet"],"picked":"hermit:Spite","floor":3},{"not_picked":["hermit:Glare","hermit:FullyLoaded"],"picked":"hermit:Desperado","floor":5},{"not_picked":["hermit:HighCaliber","hermit:Glare"],"picked":"hermit:DeadOrAlive","floor":7},{"not_picked":["hermit:Brawl","hermit:Shortfuse","hermit:Feint"],"picked":"SKIP","floor":11},{"not_picked":["hermit:EternalForm","hermit:Scavenge+1"],"picked":"hermit:GoldenBullet","floor":14},{"not_picked":["hermit:Gambit+1","hermit:DeadOrAlive"],"picked":"hermit:Purgatory","floor":16},{"not_picked":["hermit:Vantage+1","hermit:LoneWolf+1"],"picked":"hermit:Manifest+1","floor":18}],"player_experience":223349,"relics_obtained":[{"floor":7,"key":"Golden Egg"},{"floor":9,"key":"Blue Candle"},{"floor":12,"key":"Toxic Egg 2"},{"floor":14,"key":"reliquary:PrincelyHelmet"}],"event_choices":[{"damage_healed":0,"gold_gain":0,"player_choice":"Ignored","damage_taken":0,"max_hp_gain":0,"max_hp_loss":0,"event_name":"Vampires","floor":19,"gold_loss":0},{"damage_healed":0,"gold_gain":0,"player_choice":"Trade","damage_taken":0,"relics_obtained":["CultistMask"],"max_hp_gain":0,"max_hp_loss":0,"event_name":"FaceTrader","floor":20,"gold_loss":0}],"is_beta":false,"boss_relics":[{"not_picked":["reliquary:RedCape","Replay:Wanted Poster"],"picked":"Kintsugi"}],"items_purged_floors":[],"is_endless":false,"potions_floor_spawned":[1,2,21],"killed_by":"2 Thieves","ascension_level":1}}