{"host":"jjunaul04msmo6r1","time":1612230103,"event":{"mods":["BaseMod","Better Third Choice","Booster Modes","Colored Map","Downfall","Minty Spire (QoL Compilation)","Relic Stats","StSLib","UnlockEverythingMod","everything is the same but u backflip on backflip"],"gold_per_floor":[99,114,214,214,214,47,95,95,128,142,171,196,96,271,287,382,382,182,198,214,227,227,245,245,272,282,315,315,315,329,358,373,478,478,478,490,502,147,199,199,246,278,297,108,185,185,235,235,245,245,245,279,35,35,35,35],"floor_reached":57,"language":"ENG","playtime":6998,"items_purged":["Doubt","bronze:Defend"],"score":1538,"play_id":"7268cfaf-9042-46ac-b8cd-d2f20aebfac8","local_time":"20210201184143","is_ascension_mode":true,"campfire_choices":[{"floor":1,"key":"RECALL"},{"data":"bronze:Goto","floor":8,"key":"SMITH"},{"floor":13,"key":"REST"},{"data":"bronze:Return","floor":18,"key":"SMITH"},{"data":"bronze:HardenedForm","floor":29,"key":"SMITH"},{"data":"bronze:TinkerersToolbox","floor":35,"key":"SMITH"},{"data":"bronze:Shell","floor":46,"key":"SMITH"},{"data":"bronze:InfiniteBeams","floor":54,"key":"SMITH"}],"circlet_count":0,"master_deck":["bronze:Strike","bronze:Defend","bronze:Defend+1","bronze:Replicate","bronze:Goto+1","bronze:Virus+1","bronze:Return+1","bronze:MaxOutput","bronze:BronzeArmor+1","bronze:ForceShield","bronze:BugBarrage","bronze:HardenedForm+1","bronze:BronzeOrb","bronze:Shield","bronze:InfiniteBeams+1","bronze:InfiniteBeams+1","bronze:Philosophize","bronze:TinkerersToolbox+1","bronze:ItsAFeature","bronze:Virus+1","bronze:HardenedForm+1","bronze:Shell+1","bronze:Library","bronze:BugBarrage+1","bronze:Format"],"relics":["bronze:BronzeCore","Bag of Preparation","Toy Ornithopter","bronze:SilverBullet","Akabeko","Regal Pillow","downfall:HeartBlessingRed","Coffee Dripper","downfall:HeartBlessingGreen","downfall:HeartBlessingBlue","Vajra","Red Mask","War Paint","Pen Nib","bronze:MakeshiftBattery","Omamori","Blue Candle","ClockworkSouvenir","Dream Catcher","MealTicket","HornCleat","Bottled Lightning","Du-Vu Doll","Torii"],"acts_visited":["Exordium","TheCity","TheBeyond","TheEnding"],"potions_floor_usage":[9,16,27,27,49,50,56,56],"damage_taken":[{"damage":6,"enemies":"2 Louse","floor":2,"turns":2},{"damage":0,"enemies":"downfall:FleeingMerchant","floor":6,"turns":4},{"damage":14,"enemies":"Gremlin Nob","floor":9,"turns":3},{"damage":0,"enemies":"Jaw Worm","floor":10,"turns":2},{"damage":0,"enemies":"Lagavulin","floor":11,"turns":3},{"damage":0,"enemies":"Small Slimes","floor":15,"turns":2},{"damage":2,"enemies":"DF_ARCHETYPE_STREAMLINE","floor":16,"turns":4},{"damage":0,"enemies":"Spheric Guardian","floor":19,"turns":1},{"damage":0,"enemies":"3 Byrds","floor":20,"turns":4},{"damage":11,"enemies":"Snake Plant","floor":21,"turns":2},{"damage":0,"enemies":"Chosen and Byrds","floor":23,"turns":3},{"damage":0,"enemies":"Masked Bandits","floor":25,"turns":2},{"damage":0,"enemies":"Centurion and Healer","floor":26,"turns":2},{"damage":0,"enemies":"Gremlin Leader","floor":27,"turns":2},{"damage":0,"enemies":"Snecko","floor":30,"turns":2},{"damage":0,"enemies":"Book of Stabbing","floor":31,"turns":3},{"damage":0,"enemies":"Cultist and Chosen","floor":32,"turns":3},{"damage":0,"enemies":"WA_ARCHETYPE_CALM","floor":33,"turns":4},{"damage":0,"enemies":"Orb Walker","floor":36,"turns":1},{"damage":0,"enemies":"3 Darklings","floor":37,"turns":2},{"damage":0,"enemies":"downfall:FleeingMerchant","floor":38,"turns":3},{"damage":0,"enemies":"Giant Head","floor":42,"turns":4},{"damage":0,"enemies":"Transient","floor":43,"turns":5},{"damage":0,"enemies":"Transient","floor":47,"turns":4},{"damage":8,"enemies":"Spire Growth","floor":49,"turns":4},{"damage":52,"enemies":"IC_BLOCK_ARCHETYPE","floor":50,"turns":6},{"damage":3,"enemies":"downfall:CharBossMerchant","floor":52,"turns":5},{"damage":2,"enemies":"downfall:NeowBoss","floor":55,"turns":8},{"damage":2,"enemies":"downfall:NeowBossFinal","floor":56,"turns":7}],"seed_played":"1575546384576748749","potions_obtained":[{"floor":2,"key":"LiquidBronze"},{"floor":10,"key":"Fire Potion"},{"floor":15,"key":"bronze:BurnAndBuffPotion"},{"floor":21,"key":"SteroidPotion"},{"floor":23,"key":"bronze:FreeFunctionsPotion"},{"floor":25,"key":"LiquidMemories"},{"floor":30,"key":"SkillPotion"},{"floor":36,"key":"bronze:FreeFunctionsPotion"},{"floor":49,"key":"bronze:BuildAFunctionPotion"},{"floor":52,"key":"DuplicationPotion"}],"is_trial":false,"path_per_floor":["R","M","?","?","?","$","T","R","E","M","E","T","R","?","M","B",null,"R","M","M","M","?","M","T","?","M","E","?","R","M","E","M","B",null,"R","M","M","$","T","?","T","E","M","$","T","R","?","?","M","B",null,"E","$","R","B","B",null],"character_chosen":"THE_AUTOMATON","items_purchased":["Toy Ornithopter","bronze:ItsAFeature","Omamori","Blue Candle","ClockworkSouvenir","bronze:Shell","bronze:Library","bronze:Format"],"campfire_rested":1,"item_purchase_floors":[6,38,38,38,38,44,44,53],"current_hp_per_floor":[49,43,43,43,10,10,10,10,1,1,1,1,37,37,37,40,70,80,80,80,69,69,69,69,69,69,79,90,90,90,90,90,90,90,90,90,90,90,90,90,90,90,90,90,90,90,90,90,87,40,90,87,90,90,88,89],"gold":35,"neow_bonus":"THREE_RARE_CARDS","is_daily":false,"chose_seed":false,"campfire_upgraded":6,"win_rate":0.0,"timestamp":1612230103,"path_taken":["R","M","?","?","?","$","T","R","E","?","E","?","R","?","M","BOSS","R","M","M","M","?","?","T","?","M","E","?","R","M","E","M","BOSS","R","M","M","$","?","?","T","E","?","$","?","R","?","?","M","BOSS","E","$","R","BOSS","BOSS"],"items_purchased_type":["Relic","Card","Relic","Relic","Relic","Card","Card","Card"],"build_version":"2020-12-22","purchased_purges":2,"victory":true,"max_hp_per_floor":[70,70,70,70,70,70,70,70,70,70,70,70,70,70,70,70,70,80,80,80,80,80,80,80,80,80,80,90,90,90,90,90,90,90,90,90,90,90,90,90,90,90,90,90,90,90,90,90,90,90,90,90,90,90,90,90],"relic_stats":{"Regal Pillow":15,"Dream Catcher":0,"Torii":0,"counters":[29,97],"Blue Candle":[4],"MealTicket":3,"Pen Nib":[27],"Bag of Preparation":[56],"War Paint":["bronze:Defend","bronze:BronzeArmor"],"obtain_stats":[{"Regal Pillow":12,"bronze:BronzeCore":0,"downfall:HeartBlessingRed":13,"Torii":52,"Blue Candle":38,"Vajra":24,"downfall:HeartBlessingGreen":18,"Pen Nib":31,"Bag of Preparation":5,"Omamori":38,"War Paint":27,"Akabeko":11,"ClockworkSouvenir":38,"Du-Vu Doll":47,"Dream Catcher":39,"HornCleat":42,"downfall:HeartBlessingBlue":18,"MealTicket":41,"Coffee Dripper":17,"Red Mask":25,"Bottled Lightning":45,"bronze:SilverBullet":9,"Toy Ornithopter":6,"bronze:MakeshiftBattery":34},{"Regal Pillow":5,"bronze:BronzeCore":0,"downfall:HeartBlessingRed":5,"Torii":27,"Blue Candle":21,"Vajra":11,"downfall:HeartBlessingGreen":7,"Pen Nib":16,"Bag of Preparation":1,"Omamori":21,"War Paint":14,"Akabeko":5,"ClockworkSouvenir":21,"Du-Vu Doll":24,"Dream Catcher":21,"HornCleat":22,"downfall:HeartBlessingBlue":7,"MealTicket":21,"Coffee Dripper":7,"Red Mask":12,"Bottled Lightning":23,"bronze:SilverBullet":3,"Toy Ornithopter":2,"bronze:MakeshiftBattery":18},{"Regal Pillow":14,"bronze:BronzeCore":0,"downfall:HeartBlessingRed":14,"Torii":82,"Blue Candle":54,"Vajra":30,"downfall:HeartBlessingGreen":20,"Pen Nib":41,"Bag of Preparation":2,"Omamori":54,"War Paint":36,"Akabeko":14,"ClockworkSouvenir":54,"Du-Vu Doll":67,"Dream Catcher":54,"HornCleat":58,"downfall:HeartBlessingBlue":20,"MealTicket":54,"Coffee Dripper":20,"Red Mask":32,"Bottled Lightning":63,"bronze:SilverBullet":9,"Toy Ornithopter":6,"bronze:MakeshiftBattery":48}],"Toy Ornithopter":33},"card_choices":[{"not_picked":["bronze:Library","bronze:HyperBeam"],"picked":"bronze:Virus","floor":0},{"not_picked":["bronze:Boost","bronze:Backtrace"],"picked":"bronze:Return","floor":2},{"not_picked":["bronze:Shell","bronze:Repair"],"picked":"bronze:AlphaBuild","floor":6},{"not_picked":["bronze:Philosophize","bronze:NullPointer"],"picked":"bronze:MaxOutput","floor":9},{"not_picked":["bronze:Refactor","bronze:WhirlingStrike"],"picked":"bronze:BronzeArmor","floor":10},{"not_picked":["bronze:DelayedGuard","bronze:Deprecate"],"picked":"bronze:ForceShield","floor":11},{"not_picked":["bronze:Constructor","bronze:Return"],"picked":"bronze:BugBarrage","floor":15},{"not_picked":["bronze:Virus","bronze:ShipIt"],"picked":"bronze:HardenedForm","floor":16},{"not_picked":["bronze:Constructor","bronze:Branch"],"picked":"bronze:BronzeOrb","floor":19},{"not_picked":["bronze:ChildClass+1","bronze:Turbo","bronze:FollowUp+1"],"picked":"SKIP","floor":20},{"not_picked":["bronze:Overheat","bronze:BitShift","bronze:BronzeArmor"],"picked":"SKIP","floor":21},{"not_picked":["bronze:BuggyMess","bronze:TinkerersToolbox"],"picked":"bronze:Shield","floor":23},{"not_picked":["bronze:BronzeArmor","bronze:ChosenStrike"],"picked":"bronze:InfiniteBeams+1","floor":25},{"not_picked":["bronze:Fortify+1","bronze:Iterate+1"],"picked":"bronze:InfiniteBeams","floor":26},{"not_picked":["bronze:Constructor","bronze:ChildClass","bronze:Optimize"],"picked":"SKIP","floor":27},{"not_picked":["bronze:WhirlingStrike+1","bronze:Iterate","bronze:Safeguard+1"],"picked":"SKIP","floor":30},{"not_picked":["bronze:Turbo","bronze:SpaghettiCode"],"picked":"bronze:Philosophize","floor":31},{"not_picked":["bronze:Frontload","bronze:OilSpill","bronze:Refactor"],"picked":"SKIP","floor":32},{"not_picked":["bronze:CleanCode","bronze:FindAndReplace"],"picked":"bronze:TinkerersToolbox","floor":33},{"not_picked":["bronze:OilSpill+1","bronze:Terminator+1","bronze:Shield"],"picked":"SKIP","floor":36},{"not_picked":["bronze:ClassDefault+1","bronze:Safeguard","bronze:Backtrace+1"],"picked":"SKIP","floor":37},{"not_picked":["bronze:Iterate+1","bronze:CutThrough","bronze:Boost+1"],"picked":"SKIP","floor":38},{"not_picked":["bronze:TinkerersToolbox","bronze:FollowUp","bronze:InfiniteBeams+1"],"picked":"SKIP","floor":42},{"not_picked":["bronze:DelayedGuard","bronze:BitShift","bronze:ChosenStrike"],"picked":"SKIP","floor":43},{"not_picked":["bronze:BronzeArmor","bronze:Turbo","bronze:Terminator+1"],"picked":"SKIP","floor":49},{"not_picked":["bronze:DelayedSlice+1","bronze:Optimize"],"picked":"bronze:BugBarrage+1","floor":52}],"player_experience":491191,"relics_obtained":[{"floor":9,"key":"bronze:SilverBullet"},{"floor":11,"key":"Akabeko"},{"floor":12,"key":"Regal Pillow"},{"floor":24,"key":"Vajra"},{"floor":25,"key":"Red Mask"},{"floor":27,"key":"War Paint"},{"floor":31,"key":"Pen Nib"},{"floor":39,"key":"Dream Catcher"},{"floor":41,"key":"MealTicket"},{"floor":42,"key":"HornCleat"},{"floor":45,"key":"Bottled Lightning"},{"floor":47,"key":"Du-Vu Doll"},{"floor":52,"key":"Torii"}],"event_choices":[{"cards_removed":["bronze:Strike"],"damage_healed":0,"gold_gain":0,"player_choice":"Card Removal","damage_taken":0,"max_hp_gain":0,"max_hp_loss":0,"event_name":"The Cleric","floor":4,"gold_loss":0},{"damage_healed":0,"gold_gain":0,"player_choice":"Relic ","damage_taken":33,"max_hp_gain":0,"max_hp_loss":0,"event_name":"betterThird:BetterScrap","floor":5,"gold_loss":0,"cards_obtained":["Burst"]},{"damage_healed":0,"gold_gain":0,"player_choice":"Fought Bandits","damage_taken":0,"max_hp_gain":0,"max_hp_loss":0,"event_name":"Masked Bandits","floor":25,"gold_loss":0},{"cards_removed":["bronze:AlphaBuild"],"damage_healed":1,"gold_gain":0,"player_choice":"Offered Rare","damage_taken":0,"max_hp_gain":10,"max_hp_loss":0,"event_name":"Bonfire Elementals","floor":28,"gold_loss":0}],"is_beta":false,"boss_relics":[{"not_picked":["Runic Dome","Runic Pyramid"],"picked":"Coffee Dripper"},{"not_picked":["SacredBark","bronze:PlatinumCore"],"picked":"bronze:MakeshiftBattery"}],"items_purged_floors":[38,53],"is_endless":false,"potions_floor_spawned":[2,10,15,21,23,25,26,30,36,42,49,52],"ascension_level":2}}