{"host":"0y7rggrn2c7yxnri","time":1612241743,"event":{"mods":["AchievementEnabler","Act Like it!","AlwaysNeverKeys","Aspiration","Bartender","BaseMod","Better Altar","Better Sensory Stone","Better Skull","Better Third Choice","Better Vampires","BetterRewards","Colored Map","Colored Powertips","Displayed Cursed Tome","Duelist Mod","GifTheSpireLib","Magitek Elite","Minty Spire (QoL Compilation)","Permanent Neow","Quick Restart","Reliquary","Replay The Spire","Shop Mod","Spicy Shops","Spire Arcade","StSLib","Stuff the Spire","The Alterego","The Animator","The Marked","The Servant 0.9.4","Transform Curses","Virulent Crown","Wandering Minibosses"],"gold_per_floor":[118,118,137,137,212,212,236,236,236,254,292,292,567,585,585,706,706,720,720,720,735,297,328,353,391,391,416,429,468,518,542,542,663,663,677,677,248,267,330,363,376,376,376,407,425,476,159,179,179,179,179,179,47,75,75],"floor_reached":56,"language":"ENG","playtime":2355,"items_purged":["alterego_mod:Defend","alterego_mod:BustOut+1","Pain"],"score":2231,"play_id":"df341415-7c4a-4ff5-9e80-b1d792f68640","local_time":"20210201235543","is_ascension_mode":true,"campfire_choices":[{"floor":6,"key":"REST"},{"floor":8,"key":"REST"},{"data":"alterego_mod:SakuraFive","floor":12,"key":"SMITH"},{"data":"alterego_mod:BigMeatyClaws","floor":15,"key":"SMITH"},{"data":"alterego_mod:Palingenesis","floor":32,"key":"SMITH"},{"floor":49,"key":"REST"},{"floor":52,"key":"REST"}],"circlet_count":0,"master_deck":["alterego_mod:Strike","alterego_mod:Strike+1","alterego_mod:Strike","alterego_mod:Defend+1","alterego_mod:Defend","alterego_mod:Defend","alterego_mod:BigMeatyClaws+1","alterego_mod:BrynhildrsRune+1","alterego_mod:BusterCard+1","alterego_mod:SakuraFive+1","alterego_mod:SakuraFive","alterego_mod:Venus+1","alterego_mod:Bounce","alterego_mod:Birthday","alterego_mod:ClassAdvantage","StuffTheSpire:BrainWave+1","alterego_mod:BusterCard+1","alterego_mod:BusterCard+1","alterego_mod:Palingenesis+2","alterego_mod:Bounce","alterego_mod:Tantrum+1","alterego_mod:Bounce","alterego_mod:Birthday+1","alterego_mod:Cushion+1","alterego_mod:TrashNCrash+1","alterego_mod:Bounce","StuffTheSpire:BrainWave","alterego_mod:IndependentAction+1","alterego_mod:Birthday"],"relics":["alterego_mod:MasochisticConstitution","Akabeko","Choco_Feather","Gremlin Food","MerchantsRug","aspiration:HummingbirdHeart","Boot","reliquary:Craggleroot","Mythril_Glove","Bronze Scales","StuffTheSpire:GrapeVine","Counterbalance","aspiration:StickyExplosives","reliquary:TridentHead","StuffTheSpire:OldFever","Vajra","Fusion Hammer","HandDrill","Tintinnabulum","aspiration:HatOfInfinitePower","Sundial","Pen Nib","Replay:Bottled Steam","wanderingMiniBosses:AbyssPearl","Sling","Iron Hammer","reliquary:Buckler","StuffTheSpire:EmeraldSignet"],"acts_visited":["Exordium","TheCity","TheBeyond","TheEnding"],"potions_floor_usage":[50,55],"damage_taken":[{"damage":7,"enemies":"Small Slimes","floor":1,"turns":3},{"damage":0,"enemies":"Cultist","floor":3,"turns":2},{"damage":0,"enemies":"2 Louse","floor":7,"turns":1},{"damage":0,"enemies":"Large Slime","floor":10,"turns":1},{"damage":0,"enemies":"Gremlin Nob","floor":11,"turns":1},{"damage":0,"enemies":"Red Slaver","floor":14,"turns":1},{"damage":0,"enemies":"Slime Boss","floor":16,"turns":3},{"damage":0,"enemies":"3 Byrds","floor":18,"turns":2},{"damage":0,"enemies":"Shell Parasite","floor":21,"turns":2},{"damage":4,"enemies":"Gremlin Leader","floor":23,"turns":2},{"damage":0,"enemies":"Centurion and Healer","floor":24,"turns":3},{"damage":1,"enemies":"theDuelist:KaibaA2","floor":25,"turns":2},{"damage":0,"enemies":"Snecko","floor":27,"turns":2},{"damage":0,"enemies":"Chosen and Byrds","floor":28,"turns":1},{"damage":1,"enemies":"Replay:Snechameleon","floor":29,"turns":2},{"damage":0,"enemies":"Snake Plant","floor":31,"turns":1},{"damage":20,"enemies":"Pondfish","floor":33,"turns":4},{"damage":10,"enemies":"3 Darklings","floor":35,"turns":3},{"damage":0,"enemies":"Orb Walker","floor":38,"turns":1},{"damage":0,"enemies":"Mind Bloom Boss Battle","floor":39,"turns":2},{"damage":0,"enemies":"R_Hoarder","floor":40,"turns":3},{"damage":6,"enemies":"Writhing Mass","floor":41,"turns":2},{"damage":0,"enemies":"Reptomancer","floor":44,"turns":2},{"damage":47,"enemies":"Sphere and 2 Shapes","floor":45,"turns":5},{"damage":0,"enemies":"Maw","floor":48,"turns":2},{"damage":10,"enemies":"Donu and Deca","floor":50,"turns":3},{"damage":8,"enemies":"Shield and Spear","floor":54,"turns":2},{"damage":35,"enemies":"The Heart","floor":55,"turns":3}],"seed_played":"4016751936930348730","potions_obtained":[{"floor":10,"key":"Weak Potion"},{"floor":35,"key":"Elixir"}],"is_trial":false,"path_per_floor":["M","?","M","?","?","R","M","R","T","M","E","R","?","M","R","B",null,"M","?","?","M","$","E","M","E","T","M","M","E","T","M","R","B",null,"M","?","$","M","?","E","M","?","T","E","M","?","$","M","R","B",null,"R","$","E","B",null],"character_chosen":"The_Alterego","items_purchased":["Akabeko","Choco_Feather","Gremlin Food","alterego_mod:BusterCard+1","alterego_mod:SakuraFive","aspiration:Nostalgia","MerchantsRug","PreservedInsect","Omamori","alterego_mod:SakuraFive","BargainBundle","Bronze Scales","StuffTheSpire:GrapeVine","SpeedPotion","Weak Potion","SneckoOil","Strength Potion","HandDrill","Tintinnabulum","alterego_mod:Bounce","alterego_mod:Birthday+1","Sling","Iron Hammer","reliquary:Buckler"],"campfire_rested":4,"item_purchase_floors":[0,0,0,0,0,0,0,0,0,0,22,22,22,22,22,22,22,37,37,37,37,47,47,53],"current_hp_per_floor":[71,71,71,54,47,68,68,71,71,71,71,71,71,71,71,71,71,71,71,71,71,71,68,72,73,73,73,73,73,73,73,73,54,75,66,66,66,69,76,76,71,70,70,70,36,37,38,39,61,53,72,72,72,68,43],"gold":75,"neow_bonus":"","is_daily":false,"chose_seed":false,"campfire_upgraded":3,"win_rate":0.0,"timestamp":1612241743,"path_taken":["M","?","?","?","?","R","M","R","T","?","E","R","?","?","R","BOSS","M","?","?","?","$","E","?","E","T","M","?","E","?","?","R","BOSS","M","?","$","M","?","E","M","?","T","E","M","?","$","?","R","BOSS","R","$","E","BOSS"],"items_purchased_type":["Relic","Relic","Relic","Card","Card","Relic","Relic","Relic","Relic","Card","Relic","Relic","Relic","Potion","Potion","Potion","Potion","Relic","Relic","Card","Card","Relic","Relic","Relic"],"build_version":"2020-12-22","purchased_purges":3,"victory":true,"max_hp_per_floor":[71,71,71,71,71,71,71,71,71,71,71,71,71,71,71,71,71,71,71,71,71,71,72,72,73,73,73,73,74,74,74,74,75,75,76,76,76,76,76,76,77,70,70,70,71,71,71,71,71,72,72,72,72,73,74],"card_choices":[{"not_picked":["alterego_mod:Clones","alterego_mod:Bloomers","alterego_mod:Bunnysuit"],"picked":"SKIP","floor":1},{"not_picked":["alterego_mod:Punishment","alterego_mod:Cycle","alterego_mod:Cooking"],"picked":"SKIP","floor":3},{"not_picked":["ClearTheMind","alterego_mod:Pet"],"picked":"alterego_mod:Bounce","floor":7},{"not_picked":["alterego_mod:Rip","alterego_mod:BiFurious","JustLucky"],"picked":"SKIP","floor":10},{"not_picked":["alterego_mod:Punishment","alterego_mod:Complex","alterego_mod:PurpleHair"],"picked":"SKIP","floor":11},{"not_picked":["alterego_mod:ChallengeComplete","alterego_mod:Punishment"],"picked":"alterego_mod:Birthday","floor":14},{"not_picked":["Tools of the Trade","alterego_mod:Valkyrie"],"picked":"alterego_mod:ClassAdvantage","floor":16},{"not_picked":["alterego_mod:DustData+1","alterego_mod:Exercise"],"picked":"alterego_mod:Maid","floor":18},{"not_picked":["StuffTheSpire:Innocence","StuffTheSpire:Rapture"],"picked":"StuffTheSpire:BrainWave","floor":19},{"not_picked":["alterego_mod:1TonWallop","alterego_mod:DeftHands+1"],"picked":"alterego_mod:BusterCard+1","floor":21},{"not_picked":["alterego_mod:Mirror+1","alterego_mod:Cushion"],"picked":"alterego_mod:BusterCard+1","floor":23},{"not_picked":["alterego_mod:Mirror","alterego_mod:SakuraPetals"],"picked":"alterego_mod:BustOut+1","floor":24},{"not_picked":["alterego_mod:Punishment+1","alterego_mod:HighServant"],"picked":"alterego_mod:Palingenesis","floor":25},{"not_picked":["alterego_mod:Collar+1","alterego_mod:Cycle+1"],"picked":"alterego_mod:Bounce","floor":27},{"not_picked":["alterego_mod:MaintainEyeContact+1","alterego_mod:Cooking","alterego_mod:HighServant"],"picked":"SKIP","floor":28},{"not_picked":["alterego_mod:SakuraPetals","alterego_mod:Stockings","alterego_mod:RocketPunch"],"picked":"SKIP","floor":29},{"not_picked":["alterego_mod:Maid+1","alterego_mod:Complex","alterego_mod:Punishment"],"picked":"SKIP","floor":31},{"not_picked":["alterego_mod:BrynhildrRomantia","alterego_mod:Weigh"],"picked":"alterego_mod:Tantrum","floor":33},{"not_picked":["alterego_mod:HighServant+1","alterego_mod:Complex+1","alterego_mod:Punishment"],"picked":"SKIP","floor":35},{"not_picked":["alterego_mod:BusterCard+1","alterego_mod:Skirt"],"picked":"alterego_mod:Cushion+1","floor":38},{"not_picked":["alterego_mod:PresenceConcealment+1","alterego_mod:Cooking+1"],"picked":"alterego_mod:TrashNCrash+1","floor":39},{"not_picked":["alterego_mod:Complex","alterego_mod:Rip"],"picked":"alterego_mod:Bounce","floor":40},{"not_picked":["alterego_mod:Pet+1","alterego_mod:Maid+1","alterego_mod:Valkyrie"],"picked":"SKIP","floor":41},{"not_picked":["alterego_mod:1TonWallop+1","alterego_mod:BiFurious"],"picked":"alterego_mod:IndependentAction+1","floor":44},{"not_picked":["alterego_mod:TrashNCrash+1","alterego_mod:BeGentle","alterego_mod:1TonWallop"],"picked":"SKIP","floor":45},{"not_picked":["alterego_mod:Belle","alterego_mod:Clap+1","alterego_mod:BusterCard+1"],"picked":"SKIP","floor":48},{"not_picked":["alterego_mod:GoddessCore","alterego_mod:Valkyrie"],"picked":"alterego_mod:Birthday","floor":54}],"player_experience":313689,"relics_obtained":[{"floor":9,"key":"aspiration:HummingbirdHeart"},{"floor":11,"key":"Boot"},{"floor":23,"key":"Counterbalance"},{"floor":25,"key":"aspiration:StickyExplosives"},{"floor":26,"key":"reliquary:TridentHead"},{"floor":29,"key":"StuffTheSpire:OldFever"},{"floor":30,"key":"Vajra"},{"floor":39,"key":"aspiration:HatOfInfinitePower"},{"floor":40,"key":"Sundial"},{"floor":43,"key":"Pen Nib"},{"floor":44,"key":"Replay:Bottled Steam"},{"floor":45,"key":"wanderingMiniBosses:AbyssPearl"},{"floor":54,"key":"StuffTheSpire:EmeraldSignet"}],"event_choices":[{"damage_healed":0,"gold_gain":0,"player_choice":"Upgraded","damage_taken":0,"max_hp_gain":0,"max_hp_loss":0,"event_name":"Upgrade Shrine","floor":2,"gold_loss":0,"cards_upgraded":["alterego_mod:Venus"]},{"damage_healed":0,"gold_gain":0,"player_choice":"Take Damage","damage_taken":17,"relics_obtained":["Golden Idol"],"max_hp_gain":0,"max_hp_loss":0,"event_name":"Golden Idol","floor":4,"gold_loss":0},{"damage_healed":0,"gold_gain":75,"player_choice":"Touch","damage_taken":7,"max_hp_gain":0,"max_hp_loss":0,"event_name":"FaceTrader","floor":5,"gold_loss":0},{"damage_healed":0,"gold_gain":275,"player_choice":"Desecrate","damage_taken":0,"max_hp_gain":0,"max_hp_loss":0,"event_name":"Golden Shrine","floor":13,"gold_loss":0,"cards_obtained":["Regret"]},{"cards_removed":["alterego_mod:Maid"],"damage_healed":0,"gold_gain":0,"player_choice":"Gave Card","damage_taken":0,"relics_obtained":["Mythril_Glove"],"max_hp_gain":0,"max_hp_loss":0,"event_name":"WeMeetAgain","floor":20,"gold_loss":0},{"cards_removed":["alterego_mod:Impale"],"damage_healed":0,"gold_gain":0,"player_choice":"Removed Attack","damage_taken":0,"max_hp_gain":0,"max_hp_loss":0,"event_name":"Falling","floor":36,"gold_loss":0},{"damage_healed":0,"gold_gain":0,"player_choice":"Fight","damage_taken":0,"max_hp_gain":0,"max_hp_loss":0,"event_name":"MindBloom","floor":39,"gold_loss":0}],"is_beta":false,"boss_relics":[{"not_picked":["Replay:Drink Me","Replay:Bronze Core"],"picked":"reliquary:Craggleroot"},{"not_picked":["StuffTheSpire:RunicHypercube","Kintsugi"],"picked":"Fusion Hammer"}],"items_purged_floors":[22,37,53],"is_endless":false,"potions_floor_spawned":[10,23,24,28,29,31,35,38,41],"ascension_level":2}}