{"host":"kwnpvqmnt47pmyi1","time":1612276353,"event":{"mods":["AchievementEnabler","BaseMod","Bestiary","BetterRewards","Downfall","Hermit","Hubris","Marisa????????","Minty Spire (QoL Compilation)","Reliquary","Replay The Spire","Shade Mod","StSLib","The Hierophant","The Servant 0.9.4"],"gold_per_floor":[118,118,138,156,167,167,198,198,198,218,244,258,268,120,120,120,120],"floor_reached":16,"language":"ENG","playtime":1521,"items_purged":[],"score":125,"play_id":"e7f20831-901a-4211-be75-96ebe7dd2116","local_time":"20210202063233","is_ascension_mode":true,"campfire_choices":[{"data":"Genetic Algorithm","floor":6,"key":"SMITH"},{"data":"ReplayTheSpireMod:Fabricate Wheel","floor":8,"key":"SMITH"},{"floor":15,"key":"RECALL"}],"circlet_count":0,"master_deck":["Strike_B","Strike_B","Strike_B","Strike_B","Defend_B","Defend_B","Defend_B","Defend_B","Zap+1","Dualcast","Cold Snap","Coolheaded","Redo","Genetic Algorithm+1","Thunder Strike","Conserve Battery+1","Steam","Stack","Coolheaded","Sweeping Beam","Beam Cell"],"relics":["Cracked Core","Juzu Bracelet","Prayer Wheel","reliquary:Buckler","Runic Capacitor"],"acts_visited":["Exordium"],"potions_floor_usage":[4,10,16],"damage_taken":[{"damage":0,"enemies":"2 Louse","floor":1,"turns":2},{"damage":0,"enemies":"Cultist","floor":3,"turns":4},{"damage":10,"enemies":"Jaw Worm","floor":4,"turns":3},{"damage":2,"enemies":"Red Slaver","floor":5,"turns":4},{"damage":38,"enemies":"Lagavulin","floor":7,"turns":14},{"damage":7,"enemies":"3 Louse","floor":10,"turns":4},{"damage":12,"enemies":"3 Sentries","floor":11,"turns":9},{"damage":6,"enemies":"2 Fungi Beasts","floor":12,"turns":3},{"damage":0,"enemies":"Large Slime","floor":13,"turns":6},{"damage":10,"enemies":"Fading Forest","floor":16,"turns":7}],"seed_played":"449474531344540095","potions_obtained":[{"floor":3,"key":"SkillPotion"},{"floor":4,"key":"AttackPotion"},{"floor":12,"key":"Languid Potion"},{"floor":13,"key":"CultistPotion"}],"is_trial":false,"path_per_floor":["M","?","M","M","M","R","E","R","T","M","E","M","M","$","R","B"],"character_chosen":"DEFECT","items_purchased":["Runic Capacitor"],"campfire_rested":0,"item_purchase_floors":[14],"current_hp_per_floor":[82,82,82,72,70,70,32,32,32,25,13,7,7,7,7,0,0],"gold":120,"neow_bonus":"TEN_PERCENT_HP_BONUS","is_daily":false,"chose_seed":false,"campfire_upgraded":2,"win_rate":0.0,"timestamp":1612276353,"path_taken":["M","?","?","M","M","R","E","R","T","M","E","M","M","?","R","BOSS"],"items_purchased_type":["Relic"],"build_version":"2020-12-22","purchased_purges":0,"victory":false,"max_hp_per_floor":[82,82,82,82,82,82,82,82,82,82,82,82,82,82,82,82,82],"card_choices":[{"not_picked":["Steam Power","Fusion"],"picked":"Cold Snap","floor":1},{"not_picked":["Go for the Eyes","ReplaySort"],"picked":"Coolheaded","floor":3},{"not_picked":["Steam","Sweeping Beam"],"picked":"Redo","floor":4},{"not_picked":["ReplayTheSpireMod:Repulse","Stack"],"picked":"Genetic Algorithm","floor":5},{"not_picked":["Turbo","hubris:SpecializedCircuitry"],"picked":"ReplayTheSpireMod:Fabricate Wheel","floor":7},{"not_picked":["Leap","Redo"],"picked":"Conserve Battery","floor":10},{"not_picked":["Undo","Panic Button"],"picked":"Steam","floor":10},{"not_picked":["Steam Power","Redo","ReplayTheSpireMod:Repulse"],"picked":"SKIP","floor":11},{"not_picked":["Melter","Streamline"],"picked":"Stack","floor":12},{"not_picked":["Fusion","Compile Driver"],"picked":"Coolheaded","floor":12},{"not_picked":["Glacier","Melter"],"picked":"Sweeping Beam","floor":13},{"not_picked":["Go for the Eyes","Hello World"],"picked":"Beam Cell","floor":13}],"player_experience":284917,"relics_obtained":[{"floor":7,"key":"Juzu Bracelet"},{"floor":11,"key":"reliquary:Buckler"}],"event_choices":[{"damage_healed":0,"gold_gain":0,"player_choice":"Ignored","damage_taken":0,"max_hp_gain":0,"max_hp_loss":0,"event_name":"Purifier","floor":2,"gold_loss":0}],"is_beta":false,"boss_relics":[],"items_purged_floors":[],"is_endless":false,"potions_floor_spawned":[3,4,12,13],"killed_by":"Fading Forest","ascension_level":2}}