{"host":"qmnyg5dk1o6rw6mz","time":1612235039,"event":{"mods":["2.2 Compatiblity","AchievementEnabler","Act Like it!","Aspiration","Astrologer","BaseMod","Beaked The Cultist","Better Altar","Better Match","Better Note","Better Sensory Stone","Better Skull","Better Third Choice","Better Vampires","Block Reminder","CapriCore","Challenge The Spire","ChefMod","Colored Map","Colored Powertips","Conspire","Defuse TimeMaze Blight","Disable Question Mark Monsters","Displayed Cursed Tome","Downfall","Energized Spire","Fox Events","Gensokyo","GifTheSpireLib","Hermit","Highlight Path","Hubris","Infinite Spire","Jedi Mod","Marisa¡]Ãú«B¡@Å]²z¨F¡^","Marked Mod","Minty Spire (QoL Compilation)","Monster B Gone","Pale of the Ancients","Permanent Neow","Quick Restart","Reimu¡]³Õ???¡^","Relic Filter","Reliquary","Replay The Spire","StSLib","Synergy Search","The Construct","The Cursed","The Dragon Tamer","The Gatherer","The Hayseed","The Poker Player","The Runesmith","The Showman","Unceasing Turn Reminder","Weighted Paths","Wide Potions","thorton"],"gold_per_floor":[116,133,8,8,0,0,30,54,81,105,105,134,134,34,34,54,54,54],"floor_reached":16,"language":"ENG","playtime":372,"items_purged":["Normality","thethorton:Defend"],"score":125,"play_id":"3152b38d-9f34-49a1-8b22-2d11986e6ba5","local_time":"20210202110359","is_ascension_mode":false,"campfire_choices":[{"data":"thethorton:Investment","floor":6,"key":"SMITH"},{"data":"thethorton:SeeingDouble","floor":13,"key":"SMITH"},{"floor":15,"key":"REST"}],"circlet_count":0,"master_deck":["thethorton:Strike","thethorton:Strike","thethorton:Strike","thethorton:Strike","thethorton:Defend","thethorton:Defend","thethorton:Defend","thethorton:Heckle","thethorton:CreditCard","thethorton:Investment+1","thethorton:BusinessCard","Enlightenment","thethorton:BattleTrash","thethorton:GoldBuffer","thethorton:DualBap","thethorton:SeeingDouble+1"],"relics":["thethorton:CouragePotion","NeowsBlessing","hubris:Icosahedron","construct:BoolHorns","conspire:TopHat","White Beast Statue","hubris:SlimyHat"],"acts_visited":["Exordium"],"potions_floor_usage":[16,16],"damage_taken":[{"damage":0,"enemies":"Small Slimes","floor":1,"turns":1},{"damage":3,"enemies":"Jaw Worm","floor":2,"turns":2},{"damage":0,"enemies":"Gremlin Nob","floor":7,"turns":2},{"damage":20,"enemies":"Cultist","floor":8,"turns":7},{"damage":19,"enemies":"Blue Slaver","floor":10,"turns":7},{"damage":8,"enemies":"Red Slaver","floor":12,"turns":5},{"damage":50,"enemies":"The Guardian","floor":16,"turns":9}],"seed_played":"-4390617038838956283","potions_obtained":[{"floor":2,"key":"ZuzhouPotion:ReiMu"},{"floor":10,"key":"bronze:BurnAndBuffPotion"},{"floor":12,"key":"Energy Potion"}],"is_trial":false,"path_per_floor":["M","M","$","?","?","R","E","M","T","M","T","M","R","$","R","B"],"character_chosen":"THE_THORT","items_purchased":["thethorton:BusinessCard"],"campfire_rested":1,"item_purchase_floors":[3],"current_hp_per_floor":[68,65,65,65,71,71,71,51,51,32,32,24,24,24,46,0,0,0],"gold":54,"neow_bonus":"THREE_ENEMY_KILL","is_daily":false,"chose_seed":false,"campfire_upgraded":2,"win_rate":0.0,"timestamp":1612235039,"path_taken":["M","M","$","?","?","R","E","?","T","M","?","M","R","$","R","BOSS"],"items_purchased_type":["Card"],"build_version":"2020-12-22","purchased_purges":2,"victory":false,"max_hp_per_floor":[68,68,68,68,74,74,74,74,74,74,74,74,74,74,74,74,74,74],"card_choices":[{"not_picked":["thethorton:GoldBuffer","thethorton:StumblingSlap"],"picked":"thethorton:Investment","floor":1},{"not_picked":["thethorton:ChartProject","thethorton:DualBap","thethorton:WhirlingBriefcase"],"picked":"SKIP","floor":2},{"not_picked":["thethorton:PocketChange","thethorton:GemGun"],"picked":"thethorton:BattleTrash","floor":7},{"not_picked":["thethorton:CannonShot","thethorton:StumblingSlap"],"picked":"thethorton:GoldBuffer","floor":8},{"not_picked":["thethorton:AngerMoment","thethorton:StumblingSlap"],"picked":"thethorton:DualBap","floor":10},{"not_picked":["thethorton:ToxicGreed","thethorton:FeelNoBrain"],"picked":"thethorton:SeeingDouble","floor":12}],"player_experience":214223,"relics_obtained":[{"floor":7,"key":"construct:BoolHorns"},{"floor":9,"key":"conspire:TopHat"},{"floor":11,"key":"hubris:SlimyHat"}],"event_choices":[{"damage_healed":0,"gold_gain":0,"player_choice":"RENOUNCE","damage_taken":8,"max_hp_gain":0,"max_hp_loss":0,"event_name":"betterThird:BetterSerpent","floor":5,"gold_loss":8,"cards_obtained":["Enlightenment"]}],"is_beta":false,"boss_relics":[],"items_purged_floors":[3,14],"is_endless":false,"potions_floor_spawned":[2,10,12],"killed_by":"The Guardian","ascension_level":0}}