{"host":"15dd7v8o90xso62x","time":1612237094,"event":{"mods":["BaseMod","Minty Spire (QoL Compilation)","Quick Restart","StSLib","SuperFastMode"],"gold_per_floor":[364,374,374,40,52,52,69,89,113,113,124,138,158,175,175,247,247,264,264,284,284,209,209,239,252,298,80,80,30,30,30,30,30,30],"floor_reached":33,"language":"KOR","playtime":1318,"items_purged":["Strike_G","Defend_G"],"score":618,"play_id":"c3f2aa59-7795-41a7-aea4-35fa03a174f7","local_time":"20210202123814","is_ascension_mode":true,"campfire_choices":[{"data":"Crippling Poison","floor":6.0,"key":"SMITH"},{"data":"Tactician","floor":15.0,"key":"SMITH"},{"data":"Burst","floor":23.0,"key":"SMITH"},{"data":"Bouncing Flask","floor":28,"key":"SMITH"},{"data":"Malaise","floor":30,"key":"SMITH"},{"data":"Venomology","floor":32,"key":"SMITH"}],"circlet_count":0,"master_deck":["AscendersBane","Defend_G","Defend_G","Defend_G","Defend_G","Survivor","Neutralize","Acrobatics","Noxious Fumes+1","Crippling Poison+1","Venomology+1","Backflip","Blur","Tactician+1","Malaise+1","Burst+1","Prepared+1","Bouncing Flask+1"],"relics":["Ring of the Snake","Centennial Puzzle","Bag of Preparation","TheAbacus","Potion Belt","Empty Cage","Vajra","Smiling Mask","PreservedInsect"],"acts_visited":["Exordium","TheCity"],"potions_floor_usage":[24,24,25,25,33,33,33],"damage_taken":[{"damage":2.0,"enemies":"2 Louse","floor":1.0,"turns":4.0},{"damage":3.0,"enemies":"Small Slimes","floor":2.0,"turns":5.0},{"damage":6.0,"enemies":"Cultist","floor":5.0,"turns":4.0},{"damage":5.0,"enemies":"Looter","floor":7.0,"turns":3.0},{"damage":5.0,"enemies":"Lots of Slimes","floor":8.0,"turns":3.0},{"damage":7.0,"enemies":"Large Slime","floor":11.0,"turns":5.0},{"damage":0.0,"enemies":"3 Louse","floor":12.0,"turns":1.0},{"damage":2.0,"enemies":"Exordium Wildlife","floor":13.0,"turns":5.0},{"damage":3.0,"enemies":"Looter","floor":14.0,"turns":3.0},{"damage":0.0,"enemies":"Hexaghost","floor":16.0,"turns":13.0},{"damage":1.0,"enemies":"Spheric Guardian","floor":18.0,"turns":7.0},{"damage":11.0,"enemies":"2 Thieves","floor":20.0,"turns":4.0},{"damage":39,"enemies":"Book of Stabbing","floor":24,"turns":10},{"damage":0,"enemies":"Cultist and Chosen","floor":25,"turns":6},{"damage":8,"enemies":"Collector","floor":33,"turns":7}],"seed_played":"-3194139999498884924","potions_obtained":[{"floor":5.0,"key":"LiquidBronze"},{"floor":7.0,"key":"FairyPotion"},{"floor":8.0,"key":"Energy Potion"},{"floor":11.0,"key":"Poison Potion"},{"floor":14.0,"key":"Energy Potion"},{"floor":24,"key":"Fire Potion"},{"floor":25,"key":"GamblersBrew"}],"is_trial":false,"path_per_floor":["M","M","?","$","M","R","M","M","T","?","M","M","M","M","R","B",null,"M","?","M","?","?","R","E","M","T","$","R","$","R","$","R","B"],"character_chosen":"THE_SILENT","items_purchased":["Bag of Preparation","TheAbacus","PreservedInsect"],"campfire_rested":0,"item_purchase_floors":[4,4,27],"current_hp_per_floor":[57,54,49,49,43,43,38,33,33,33,26,26,24,21,21,21,50,49,49,38,38,38,38,18,18,18,18,18,18,18,18,18,10,10],"gold":30,"neow_bonus":"TWO_FIFTY_GOLD","is_daily":false,"chose_seed":false,"campfire_upgraded":6,"win_rate":0.0,"timestamp":1612237094,"path_taken":["M","M","?","$","M","R","M","M","T","?","M","M","?","M","R","BOSS","M","?","?","?","?","R","E","M","T","$","R","$","R","?","R","BOSS"],"items_purchased_type":["Relic","Relic","Relic"],"build_version":"2020-12-22","purchased_purges":2,"victory":false,"max_hp_per_floor":[60,60,60,60,60,60,60,60,60,60,60,60,60,60,60,60,60,60,60,60,60,60,60,60,60,60,60,60,60,60,60,60,60,60],"card_choices":[{"not_picked":["Flying Knee","Cloak And Dagger"],"picked":"Acrobatics","floor":1.0},{"not_picked":["Cloak And Dagger","Flying Knee"],"picked":"Noxious Fumes","floor":2.0},{"not_picked":["Bouncing Flask","Poisoned Stab"],"picked":"Crippling Poison","floor":5.0},{"not_picked":["Outmaneuver","Choke","Dagger Throw"],"picked":"SKIP","floor":7.0},{"not_picked":["Choke","Blade Dance"],"picked":"Venomology","floor":8.0},{"not_picked":["Crippling Poison","Dodge and Roll"],"picked":"Backflip","floor":11.0},{"not_picked":["Backflip","PiercingWail"],"picked":"Blur","floor":12.0},{"not_picked":["Underhanded Strike","Backflip"],"picked":"Tactician","floor":13.0},{"not_picked":["Sucker Punch","Blur"],"picked":"Malaise","floor":14.0},{"not_picked":["Doppelganger","Storm of Steel"],"picked":"Burst","floor":16.0},{"not_picked":["Calculated Gamble","Backstab+1"],"picked":"Prepared","floor":18.0},{"not_picked":["Flying Knee","Backflip","Deflect"],"picked":"SKIP","floor":20.0},{"not_picked":["Acrobatics","Dagger Spray","Poisoned Stab"],"picked":"SKIP","floor":24},{"not_picked":["Eviscerate","Acrobatics"],"picked":"Bouncing Flask","floor":25}],"player_experience":930163,"relics_obtained":[{"floor":9.0,"key":"Potion Belt"},{"floor":24,"key":"Vajra"},{"floor":26,"key":"Smiling Mask"}],"event_choices":[{"damage_healed":0.0,"max_hp_gain":0.0,"max_hp_loss":0.0,"gold_gain":0.0,"event_name":"Scrap Ooze","player_choice":"Success","floor":3.0,"gold_loss":0.0,"damage_taken":5.0,"relics_obtained":["Centennial Puzzle"]},{"damage_healed":0.0,"max_hp_gain":0.0,"max_hp_loss":0.0,"gold_gain":0.0,"event_name":"Upgrade Shrine","player_choice":"Upgraded","floor":10.0,"gold_loss":0.0,"damage_taken":0.0,"cards_upgraded":["Noxious Fumes"]},{"damage_healed":0.0,"max_hp_gain":0.0,"max_hp_loss":0.0,"gold_gain":0.0,"event_name":"Accursed Blacksmith","player_choice":"Forge","floor":19.0,"gold_loss":0.0,"damage_taken":0.0,"cards_upgraded":["Prepared"]},{"cards_removed":["Strike_G"],"damage_healed":0.0,"max_hp_gain":0.0,"max_hp_loss":0.0,"gold_gain":0.0,"event_name":"Back to Basics","player_choice":"Elegance","floor":21.0,"gold_loss":0.0,"damage_taken":0.0},{"cards_removed":["Strike_G"],"damage_healed":0.0,"max_hp_gain":0.0,"max_hp_loss":0.0,"gold_gain":0.0,"event_name":"Beggar","player_choice":"Gave Gold","floor":22.0,"gold_loss":75.0,"damage_taken":0.0}],"is_beta":false,"boss_relics":[{"not_picked":["Sozu","Snecko Eye"],"picked":"Empty Cage"}],"items_purged_floors":[27,29],"is_endless":false,"potions_floor_spawned":[5,7,8,11,14,18,24,25],"killed_by":"Collector","ascension_level":20}}