{"host":"utqe55yv0jihe4d6","time":1612301826,"event":{"mods":["2.2 Compatiblity","AchievementEnabler","BaseMod","Block Reminder","Colored Map","Colored Powertips","Minty Spire (QoL Compilation)","Quick Restart","Rare Cards Sparkle","Relic Stats","SuperFastMode"],"gold_per_floor":[365,10,28,28,38,72,37,71,71,88,88,99,99,116,116,116,116],"floor_reached":16,"language":"ENG","playtime":517,"items_purged":[],"score":224,"play_id":"83bf7634-f526-49cd-80cb-6d92252037e2","local_time":"20210202163706","is_ascension_mode":true,"campfire_choices":[{"floor":11,"key":"REST"},{"data":"Rupture","floor":13,"key":"SMITH"},{"floor":15,"key":"REST"}],"circlet_count":0,"master_deck":["AscendersBane","Strike_R","Strike_R","Strike_R","Strike_R","Strike_R","Defend_R","Defend_R","Defend_R","Defend_R","Bash","Pommel Strike","Offering","Wild Strike","Combust","Whirlwind","Rupture+1","Burning Pact","Dual Wield"],"relics":["Burning Blood","Pen Nib","White Beast Statue","Blue Candle","Pear"],"acts_visited":["Exordium"],"potions_floor_usage":[16],"damage_taken":[{"damage":9.0,"enemies":"2 Louse","floor":1.0,"turns":4.0},{"damage":6.0,"enemies":"Jaw Worm","floor":3.0,"turns":4.0},{"damage":0.0,"enemies":"Cultist","floor":5.0,"turns":3.0},{"damage":54,"enemies":"Lagavulin","floor":6,"turns":7},{"damage":34,"enemies":"3 Sentries","floor":8,"turns":6},{"damage":1,"enemies":"2 Fungi Beasts","floor":10,"turns":3},{"damage":23,"enemies":"Exordium Wildlife","floor":12,"turns":4},{"damage":32,"enemies":"Red Slaver","floor":14,"turns":4},{"damage":42,"enemies":"The Guardian","floor":16,"turns":4}],"seed_played":"-3935284404490383228","potions_obtained":[{"floor":5.0,"key":"Ancient Potion"},{"floor":6,"key":"FearPotion"},{"floor":12,"key":"PowerPotion"},{"floor":14,"key":"DistilledChaos"}],"is_trial":false,"path_per_floor":["M","$","M","?","M","E","?","E","T","M","R","M","R","M","R","B"],"character_chosen":"IRONCLAD","items_purchased":["Offering","Pen Nib","Wild Strike"],"campfire_rested":2,"item_purchase_floors":[2,2,2],"current_hp_per_floor":[65,65,65,70,73,25,43,15,25,30,54,37,37,11,35,0,0],"gold":116,"neow_bonus":"TWO_FIFTY_GOLD","is_daily":false,"chose_seed":false,"campfire_upgraded":1,"win_rate":0.0,"timestamp":1612301826,"path_taken":["M","$","M","?","M","E","?","E","T","M","R","M","R","M","R","BOSS"],"items_purchased_type":["Card","Relic","Card"],"build_version":"2020-12-22","purchased_purges":0,"victory":false,"max_hp_per_floor":[68,68,68,73,73,73,73,73,83,83,83,83,83,83,83,83,83],"relic_stats":{"counters":[9,39],"Blue Candle":[1],"Pen Nib":[6],"obtain_stats":[{"Pear":9,"Blue Candle":8,"Pen Nib":2,"Burning Blood":0,"White Beast Statue":6},{"Pear":5,"Blue Candle":5,"Pen Nib":1,"Burning Blood":0,"White Beast Statue":4},{"Pear":24,"Blue Candle":24,"Pen Nib":4,"Burning Blood":0,"White Beast Statue":18}],"Burning Blood":45},"card_choices":[{"not_picked":["Body Slam","Second Wind"],"picked":"Pommel Strike","floor":1.0},{"not_picked":["Perfected Strike","Sword Boomerang","Havoc"],"picked":"SKIP","floor":3.0},{"not_picked":["Body Slam","Armaments"],"picked":"Combust","floor":5.0},{"not_picked":["Metallicize","Burning Pact"],"picked":"Whirlwind","floor":6},{"not_picked":["Thunderclap","Dual Wield"],"picked":"Rupture","floor":8},{"not_picked":["Flex","Armaments"],"picked":"Burning Pact","floor":10},{"not_picked":["Iron Wave","Havoc","Sword Boomerang"],"picked":"SKIP","floor":12},{"not_picked":["Sentinel","Shrug It Off"],"picked":"Dual Wield","floor":14}],"player_experience":2991525,"relics_obtained":[{"floor":6,"key":"White Beast Statue"},{"floor":8,"key":"Blue Candle"},{"floor":9,"key":"Pear"}],"event_choices":[{"damage_healed":0.0,"max_hp_gain":5.0,"max_hp_loss":0.0,"gold_gain":0.0,"event_name":"Big Fish","player_choice":"Donut","floor":4.0,"gold_loss":0.0,"damage_taken":0.0},{"damage_healed":18,"gold_gain":0,"player_choice":"Healed","damage_taken":0,"max_hp_gain":0,"max_hp_loss":0,"event_name":"The Cleric","floor":7,"gold_loss":35}],"is_beta":false,"boss_relics":[],"items_purged_floors":[],"is_endless":false,"potions_floor_spawned":[5,6,8,10,12,14],"killed_by":"The Guardian","ascension_level":20}}