{"host":"rl3s470f8onwqc1s","time":1612255378,"event":{"mods":["BaseMod","Gold Saver","HumanHunterMod(怪物杀人mod)","Minty Spire (QoL Compilation)","MostiFishMod","Shop Mod","Spicy Shops","StSLib","TestMod","[IsaacMod]以撒尖塔","【功能Mod】强力的原版药水"],"gold_per_floor":[111,111,111,124,137,162,162,162,162,196,346,374,392,423,423,500,500,514,439,454,539,553,581,581,599,599,610,680,680,696,707,707,781,781,799,814,814,814,814,844,844,869,896,915,944,944,954,954,954,954,954,954,954,954,988,988],"floor_reached":57,"language":"ZHS","playtime":3108,"items_purged":["Doubt","Strike_R","Writhe","Parasite"],"score":5020,"play_id":"921fc49f-4504-4dda-af80-77c44bc6edf7","local_time":"20210202164258","is_ascension_mode":true,"campfire_choices":[{"data":"Pommel Strike","floor":7.0,"key":"SMITH"},{"data":"Armaments","floor":15.0,"key":"SMITH"},{"floor":24.0,"key":"RECALL"},{"floor":32.0,"key":"REST"},{"floor":41.0,"key":"REST"},{"data":"Searing Blow","floor":46.0,"key":"SMITH"},{"data":"Searing Blow+1","floor":49.0,"key":"SMITH"},{"data":"Searing Blow+2","floor":53.0,"key":"SMITH"}],"circlet_count":0,"master_deck":["AscendersBane","Bash","Disarm","Pommel Strike+1","Sword Boomerang","Impervious","Barricade+1","Whirlwind","Armaments+1","Second Wind","MostiFishMod:FlyOverUtopia+1","Whirlwind","Fire Breathing","Blind","MostiFishMod:NewArrival+1","True Grit","Rupture","MostiFishMod:#F4004","Sentinel","Shockwave","Shockwave","Limit Break+1","MostiFishMod:RainCloud+1","Seeing Red","MostiFishMod:#F4004+1","Feel No Pain","True Grit+1","MostiFishMod:PerfectStrikeMKII+1","Searing Blow+3","MostiFishMod:OrdinaryWorld+1","MostiFishMod:Chiaki+1","Rupture","Disarm","testmod-EternalityOfKhronos+1","Armaments+1","Rage+1","Shrug It Off+1","Perfected Strike+1","Power Through","Entrench","Uppercut+1","Flame Barrier","Perfected Strike","Flash of Steel","testmod-FightingIntention+1","Clothesline","True Grit","Corruption+1","Battle Trance","Bloodletting","Combust","MostiFishMod:TemporaryOutbreak+1","Brutality+1","MostiFishMod:RainCloud+1","Feel No Pain","Flame Barrier","True Grit","Iron Wave","Dropkick","testmod-WeaknessCounterattack","testmod-AutoReboundSystem+1","Pummel"],"relics":["HushsDoor","Chaos","testmod-BatchProcessingSystem","GuanYuAspect","DianDianMeat","SynthV:TestCard","testmod-Déjàvu","testmod-RealStoneCalender","BrkXgEgg","DianPoetry","Sling","OriginationStaff","Chemical X","testmod-Hope","ChiXiaoBlade","Nuclear Battery","testmod-ArcanaOfDestiny","MagicMushroom","DaveBox","DiscerningMonocle","ArrowTower","GreenFoldingFan","Habit","MegaBlast","Toy Ornithopter","Bag of Marbles","Paper Crane","Bottled Tornado","MerchantsRug","JudasShadow","testmod-EqualTreatment","ChiLing","Chi","Ling","RhineCircuit","WristBlade","Void","testmod-HeartOfStrike"],"acts_visited":["Exordium","TheCity","TheBeyond","TheEnding"],"potions_floor_usage":[56,56],"damage_taken":[{"damage":0.0,"enemies":"Cultist","floor":1.0,"turns":2.0},{"damage":13.0,"enemies":"Jaw Worm","floor":4.0,"turns":6.0},{"damage":0.0,"enemies":"Small Slimes","floor":5.0,"turns":2.0},{"damage":9.0,"enemies":"Gremlin Nob","floor":6.0,"turns":3.0},{"damage":0.0,"enemies":"Lagavulin","floor":10.0,"turns":7.0},{"damage":0.0,"enemies":"Gremlin Nob","floor":12.0,"turns":3.0},{"damage":34.0,"enemies":"Gremlin Gang","floor":13.0,"turns":3.0},{"damage":0.0,"enemies":"3 Sentries","floor":14.0,"turns":4.0},{"damage":0.0,"enemies":"Hexaghost","floor":16.0,"turns":6.0},{"damage":20.0,"enemies":"Chosen","floor":18.0,"turns":4.0},{"damage":10.0,"enemies":"Shell Parasite","floor":20.0,"turns":2.0},{"damage":15.0,"enemies":"Centurion and Healer","floor":22.0,"turns":4.0},{"damage":36.0,"enemies":"Gremlin Leader","floor":23.0,"turns":4.0},{"damage":20.0,"enemies":"Chosen and Byrds","floor":25.0,"turns":4.0},{"damage":34.0,"enemies":"Snake Plant","floor":27.0,"turns":3.0},{"damage":42.0,"enemies":"Slavers","floor":28.0,"turns":4.0},{"damage":10.0,"enemies":"Shelled Parasite and Fungi","floor":30.0,"turns":2.0},{"damage":8.0,"enemies":"Cultist and Chosen","floor":31.0,"turns":1.0},{"damage":4.0,"enemies":"Collector","floor":33.0,"turns":4.0},{"damage":13.0,"enemies":"Orb Walker","floor":35.0,"turns":2.0},{"damage":5.0,"enemies":"3 Darklings","floor":36.0,"turns":1.0},{"damage":4.0,"enemies":"Nemesis","floor":40.0,"turns":5.0},{"damage":4.0,"enemies":"Reptomancer","floor":42.0,"turns":4.0},{"damage":9.0,"enemies":"Jaw Worm Horde","floor":44.0,"turns":2.0},{"damage":14.0,"enemies":"Nemesis","floor":45.0,"turns":5.0},{"damage":93.0,"enemies":"Maw","floor":47.0,"turns":4.0},{"damage":43.0,"enemies":"Donu and Deca","floor":50.0,"turns":7.0},{"damage":41.0,"enemies":"Time Eater","floor":51.0,"turns":10.0},{"damage":10.0,"enemies":"Shield and Spear","floor":55.0,"turns":2.0},{"damage":24,"enemies":"The Heart","floor":56,"turns":4}],"seed_played":"-2213502412859337221","potions_obtained":[{"floor":1.0,"key":"SteroidPotion"},{"floor":5.0,"key":"LiquidBronze"},{"floor":10.0,"key":"Dexterity Potion"},{"floor":28.0,"key":"BloodPotion"},{"floor":31.0,"key":"SkillPotion"},{"floor":33.0,"key":"Weak Potion"},{"floor":36.0,"key":"DistilledChaos"},{"floor":45.0,"key":"BloodPotion"}],"is_trial":false,"path_per_floor":["M","?","?","M","M","E","R","?","T","E","?","E","M","E","R","B",null,"M","?","M","?","M","E","R","M","T","M","E","T","M","M","R","B",null,"M","M","?","?","?","E","R","E","T","M","E","R","M","$","R","B","B",null,"R","$","E","B",null],"character_chosen":"IRONCLAD","items_purchased":["FairyPotion","Whirlwind","Fire Breathing","Blind","FairyPotion","MostiFishMod:NewArrival","Damocles","Searing Blow","MostiFishMod:OrdinaryWorld","MostiFishMod:Chiaki","Rupture","Disarm","testmod-EternalityOfKhronos","MegaBlast","Toy Ornithopter","Bag of Marbles","Paper Crane","Flame Barrier","Perfected Strike","Flash of Steel","testmod-FightingIntention+1","Clothesline","True Grit","Corruption+1","Bottled Tornado","Pandora\u0027s Box","MerchantsRug","JudasShadow","testmod-EqualTreatment","ChiLing","RhineCircuit","WristBlade","Void","Feel No Pain","Flame Barrier","True Grit","Iron Wave","Dropkick","testmod-WeaknessCounterattack","testmod-AutoReboundSystem+1","Dexterity Potion","EssenceOfSteel"],"campfire_rested":2,"item_purchase_floors":[17,17,17,17,17,17,34,34,34,34,34,34,34,48,48,48,48,48,48,48,48,48,48,48,48,48,54,54,54,54,54,54,54,54,54,54,54,54,54,54,54,54],"current_hp_per_floor":[39,32,17,18,26,31,31,13,13,24,27,46,32,56,56,88,115,116,116,123,108,131,125,125,132,132,121,163,163,171,187,242,280,434,447,121,121,106,185,251,354,413,413,435,603,603,580,895,895,914,1012,1183,1183,1419,1522,1594],"gold":988,"neow_bonus":"BOSS_RELIC","is_daily":false,"chose_seed":false,"campfire_upgraded":5,"win_rate":0.0,"timestamp":1612255378,"path_taken":["M","?","?","M","M","E","R","?","T","E","?","E","M","E","R","BOSS","M","?","M","?","M","E","R","?","T","M","E","?","M","M","R","BOSS","M","M","?","?","?","E","R","E","T","?","E","R","M","$","R","BOSS","BOSS","R","$","E","BOSS"],"items_purchased_type":["Potion","Card","Card","Card","Potion","Card","Relic","Card","Card","Card","Card","Card","Card","Relic","Relic","Relic","Relic","Card","Card","Card","Card","Card","Card","Card","Relic","Relic","Relic","Relic","Relic","Relic","Relic","Relic","Card","Card","Card","Card","Card","Card","Card","Card","Potion","Potion"],"build_version":"2020-12-22","purchased_purges":4,"victory":true,"max_hp_per_floor":[39,39,39,41,44,48,48,48,48,53,59,66,74,83,83,93,118,133,133,149,149,166,184,184,203,203,223,313,313,338,364,364,391,536,577,612,612,612,648,685,685,723,723,762,802,802,843,1467,1467,1467,1467,1467,1467,1932,1995,1995],"card_choices":[{"not_picked":[],"picked":"ChaosCard","floor":0.0},{"not_picked":["Iron Wave","Flame Barrier"],"picked":"Disarm","floor":1.0},{"not_picked":["Entrench","Battle Trance","True Grit","Heavy Blade"],"picked":"Pommel Strike","floor":4.0},{"not_picked":["Sever Soul","Anger","MostiFishMod:NewArrival","Thunderclap"],"picked":"Sword Boomerang","floor":5.0},{"not_picked":["Havoc","Wild Strike","Dark Embrace","Hemokinesis"],"picked":"Impervious","floor":6.0},{"not_picked":["Clash","MostiFishMod:Mania+1","Bomb","Entrench"],"picked":"Barricade+1","floor":10.0},{"not_picked":["Ghostly Armor","Anger","Clothesline","Bomb"],"picked":"Whirlwind","floor":12.0},{"not_picked":["Clothesline","Wild Strike","Intimidate","Iron Wave"],"picked":"Armaments","floor":13.0},{"not_picked":["Clash","Disarm","Heavy Blade","Headbutt"],"picked":"Second Wind","floor":14.0},{"not_picked":["MostiFishMod:UltimateDefense+1","Exhume+1","MostiFishMod:NewArrival+1","MostiFishMod:Mania+1"],"picked":"MostiFishMod:FlyOverUtopia+1","floor":16.0},{"not_picked":["Iron Wave","Sword Boomerang","Flex","Heavy Blade"],"picked":"True Grit","floor":18.0},{"not_picked":["Uppercut","Wild Strike","Sword Boomerang","Perfected Strike"],"picked":"Rupture","floor":20.0},{"not_picked":["Anger","Clothesline","Headbutt","Spot Weakness"],"picked":"MostiFishMod:#F4004","floor":22.0},{"not_picked":["Thunderclap","Headbutt","Blood for Blood","Uppercut"],"picked":"Sentinel","floor":23.0},{"not_picked":["Rampage","Flex","MostiFishMod:FlyOverUtopia+1","Heavy Blade"],"picked":"Shockwave","floor":25.0},{"not_picked":["Anger+1","Twin Strike","Inflame","Headbutt"],"picked":"Shockwave","floor":27.0},{"not_picked":["Cleave","Entrench","Ghostly Armor","Flex"],"picked":"Limit Break+1","floor":28.0},{"not_picked":["Clash","Sword Boomerang","Pommel Strike","Rampage"],"picked":"MostiFishMod:RainCloud+1","floor":28.0},{"not_picked":["Headbutt","Flex","Heavy Blade","Dropkick"],"picked":"Seeing Red","floor":28.0},{"not_picked":["Shrug It Off","Iron Wave","Evolve","Body Slam"],"picked":"MostiFishMod:#F4004+1","floor":28.0},{"not_picked":["Clash","Metallicize","Sentinel","Havoc"],"picked":"Feel No Pain","floor":30.0},{"not_picked":["MostiFishMod:BrandingRite","Sentinel","Combust","Havoc"],"picked":"True Grit+1","floor":31.0},{"not_picked":["Juggernaut+1","MostiFishMod:OrdinaryWorld+1","Bludgeon+1","Fiend Fire+1"],"picked":"MostiFishMod:PerfectStrikeMKII+1","floor":33.0},{"not_picked":["Pommel Strike","Thunderclap","Twin Strike","Heavy Blade+1"],"picked":"Armaments+1","floor":35.0},{"not_picked":["Heavy Blade","Searing Blow","Shockwave","Warcry"],"picked":"Rage+1","floor":36.0},{"not_picked":["True Grit","Uppercut+1","Limit Break+1","Thunderclap"],"picked":"Shrug It Off+1","floor":40.0},{"not_picked":["Pummel+1","Cleave","Battle Trance","Dark Embrace"],"picked":"Perfected Strike+1","floor":42.0},{"not_picked":["Flex","Metallicize","True Grit","Warcry"],"picked":"Power Through","floor":44.0},{"not_picked":["Clash+1","Spot Weakness+1","Rampage","Cleave"],"picked":"Entrench","floor":45.0},{"not_picked":["Shrug It Off","Headbutt","Thunderclap+1","Second Wind"],"picked":"Uppercut+1","floor":47.0},{"not_picked":["Dropkick","Iron Wave","Ghostly Armor","MostiFishMod:404NotFound+1"],"picked":"Pummel","floor":55}],"player_experience":1347624,"relics_obtained":[{"floor":1.0,"key":"SynthV:TestCard"},{"floor":6.0,"key":"testmod-RealStoneCalender"},{"floor":9.0,"key":"BrkXgEgg"},{"floor":10.0,"key":"DianPoetry"},{"floor":12.0,"key":"Sling"},{"floor":14.0,"key":"OriginationStaff"},{"floor":23.0,"key":"testmod-Hope"},{"floor":26.0,"key":"ChiXiaoBlade"},{"floor":28.0,"key":"Orrery"},{"floor":29.0,"key":"Nuclear Battery"},{"floor":35.0,"key":"MagicMushroom"},{"floor":40.0,"key":"ArrowTower"},{"floor":42.0,"key":"GreenFoldingFan"},{"floor":45.0,"key":"Habit"},{"floor":55,"key":"testmod-HeartOfStrike"}],"event_choices":[{"cards_removed":["Strike_R"],"damage_healed":0.0,"max_hp_gain":0.0,"max_hp_loss":0.0,"gold_gain":0.0,"event_name":"Golden Wing","player_choice":"Card Removal","floor":2.0,"gold_loss":0.0,"damage_taken":7.0},{"damage_healed":0.0,"max_hp_gain":0.0,"max_hp_loss":0.0,"gold_gain":0.0,"event_name":"Scrap Ooze","player_choice":"Success","floor":8.0,"gold_loss":0.0,"damage_taken":18.0,"relics_obtained":["testmod-StringDisintegrator"]},{"damage_healed":0.0,"max_hp_gain":0.0,"max_hp_loss":0.0,"gold_gain":150.0,"event_name":"Liars Game","player_choice":"AGREE","floor":11.0,"gold_loss":0.0,"damage_taken":0.0,"cards_obtained":["Doubt"]},{"cards_removed":["Strike_R"],"damage_healed":0.0,"max_hp_gain":0.0,"max_hp_loss":0.0,"gold_gain":0.0,"event_name":"Beggar","player_choice":"Gave Gold","floor":19.0,"gold_loss":75.0,"damage_taken":0.0},{"damage_healed":0.0,"max_hp_gain":0.0,"max_hp_loss":0.0,"gold_gain":0.0,"event_name":"给自己的盒子","player_choice":"Swap Relic","floor":37.0,"relics_lost":["DaveBox"],"gold_loss":0.0,"damage_taken":0.0,"relics_obtained":["DaveBox"]},{"damage_healed":122.0,"max_hp_gain":0.0,"max_hp_loss":0.0,"gold_gain":0.0,"event_name":"Winding Halls","player_choice":"Writhe","floor":39.0,"gold_loss":0.0,"damage_taken":0.0,"cards_obtained":["Writhe"]}],"is_beta":false,"boss_relics":[{"not_picked":["testmod-InfectionSource","Oddly Smooth Stone"],"picked":"Chemical X"},{"not_picked":[]},{"not_picked":["Champion Belt","Mercury Hourglass"],"picked":"testmod-ArcanaOfDestiny"},{"not_picked":[]}],"items_purged_floors":[17,34,48,54],"is_endless":false,"potions_floor_spawned":[1,5,10,13,18,25,28,31,33,36,42,44,45],"ascension_level":20}}