{"host":"Matt","time":1612308152,"event":{"mods":["BaseMod","Bestiary","Colored Powertips","Highlight Path","Minty Spire (QoL Compilation)","Rare Cards Sparkle","Relic Stats","StSLib"],"gold_per_floor":[116,130,149,168,179,179,190,190,217,217,228,228,228],"floor_reached":12,"language":"ENG","playtime":369,"items_purged":[],"score":144,"play_id":"cba61b42-11b2-449a-aedf-6cc99ff9afcd","local_time":"20210202232232","is_ascension_mode":true,"campfire_choices":[{"data":"Bash","floor":6,"key":"SMITH"},{"data":"Seeing Red","floor":8,"key":"SMITH"}],"circlet_count":0,"master_deck":["AscendersBane","Strike_R","Strike_R","Strike_R","Strike_R","Strike_R","Defend_R","Defend_R","Defend_R","Defend_R","Bash+1","Flash of Steel","Disarm","Anger","Seeing Red+1","Wild Strike","Cleave"],"relics":["Burning Blood","Smiling Mask","Akabeko"],"acts_visited":["Exordium"],"potions_floor_usage":[11,12,12],"damage_taken":[{"damage":7,"enemies":"Jaw Worm","floor":1,"turns":3},{"damage":12,"enemies":"2 Louse","floor":2,"turns":3},{"damage":0,"enemies":"Cultist","floor":3,"turns":3},{"damage":15,"enemies":"Looter","floor":4,"turns":4},{"damage":2,"enemies":"3 Louse","floor":5,"turns":4},{"damage":11,"enemies":"Blue Slaver","floor":7,"turns":3},{"damage":0,"enemies":"Exordium Wildlife","floor":11,"turns":2},{"damage":19,"enemies":"Lagavulin","floor":12,"turns":5}],"seed_played":"2152001491080104658","potions_obtained":[{"floor":4,"key":"EssenceOfSteel"},{"floor":5,"key":"SpeedPotion"},{"floor":11,"key":"BlessingOfTheForge"}],"is_trial":false,"path_per_floor":["M","M","M","M","M","R","M","R","T","?","M","E"],"character_chosen":"IRONCLAD","items_purchased":[],"campfire_rested":0,"item_purchase_floors":[],"current_hp_per_floor":[67,61,67,58,62,62,57,57,57,12,18,0,0],"gold":228,"neow_bonus":"RANDOM_COLORLESS","is_daily":false,"chose_seed":false,"campfire_upgraded":2,"win_rate":0.0,"timestamp":1612308152,"path_taken":["M","M","M","M","M","R","M","R","T","?","M","E"],"items_purchased_type":[],"build_version":"2020-12-18","purchased_purges":0,"victory":false,"max_hp_per_floor":[75,75,75,75,75,75,75,75,75,75,75,75,75],"relic_stats":{"counters":[8,27],"Smiling Mask":0,"obtain_stats":[{"Smiling Mask":9,"Burning Blood":0,"Akabeko":10},{"Smiling Mask":6,"Burning Blood":0,"Akabeko":6},{"Smiling Mask":20,"Burning Blood":0,"Akabeko":20}],"Burning Blood":42},"card_choices":[{"not_picked":["Forethought","Purity"],"picked":"Flash of Steel","floor":0},{"not_picked":["Ghostly Armor","Intimidate"],"picked":"Disarm","floor":1},{"not_picked":["Iron Wave","Rage"],"picked":"Anger","floor":2},{"not_picked":["True Grit","Rampage"],"picked":"Seeing Red","floor":3},{"not_picked":["Dual Wield","Armaments"],"picked":"Wild Strike","floor":4},{"not_picked":["Carnage","Armaments","Dual Wield"],"picked":"SKIP","floor":5},{"not_picked":["Sword Boomerang","Berserk"],"picked":"Cleave","floor":7},{"not_picked":["Sword Boomerang","Rupture","Rampage"],"picked":"SKIP","floor":11}],"player_experience":1065188,"relics_obtained":[{"floor":9,"key":"Smiling Mask"}],"event_choices":[{"damage_healed":0,"gold_gain":0,"player_choice":"Success","damage_taken":45,"relics_obtained":["Akabeko"],"max_hp_gain":0,"max_hp_loss":0,"event_name":"Scrap Ooze","floor":10,"gold_loss":0}],"is_beta":true,"boss_relics":[],"items_purged_floors":[],"is_endless":false,"potions_floor_spawned":[4,5,11],"killed_by":"Lagavulin","ascension_level":19}}