{"host":"xgo7i0560n9mwvr8","time":1612294170,"event":{"mods":["BaseMod","Colored Map","Downfall","Minty Spire (QoL Compilation)","Permanent Neow","StSLib"],"gold_per_floor":[99,116,216,37,47,147,147,167,182,52,63,63,126,126,137,137,137,137],"floor_reached":16,"language":"ENG","playtime":1237,"items_purged":[],"score":92,"play_id":"e7cbef6f-5030-4ccc-bdaf-dda9cf5bd40d","local_time":"20210202142930","is_ascension_mode":false,"campfire_choices":[{"floor":1,"key":"RECALL"},{"data":"bronze:Optimize","floor":12,"key":"SMITH"}],"circlet_count":0,"master_deck":["bronze:Strike","bronze:Strike","bronze:Strike","bronze:Strike","bronze:Defend","bronze:Defend","bronze:Defend","bronze:Defend","bronze:Replicate","bronze:Goto","bronze:MaxOutput","bronze:CloningBeam","bronze:Branch","bronze:Mutator","expansioncontent:YouAreMine","bronze:Repair","bronze:BurnOut","bronze:Turbo","bronze:ChosenStrike","bronze:Optimize+1","bronze:Flail","bronze:CloningBeam","bronze:FineTuning","bronze:Frontload"],"relics":["bronze:BronzeCore","downfall:GremlinWheel","Mercury Hourglass","Blood Vial"],"acts_visited":["Exordium"],"potions_floor_usage":[6,10,16,16],"damage_taken":[{"damage":1,"enemies":"Jaw Worm","floor":2,"turns":5},{"damage":10,"enemies":"downfall:FleeingMerchant","floor":4,"turns":4},{"damage":0,"enemies":"Small Slimes","floor":5,"turns":3},{"damage":48,"enemies":"Small Slimes","floor":6,"turns":6},{"damage":0,"enemies":"Cultist","floor":8,"turns":4},{"damage":7,"enemies":"Blue Slaver","floor":9,"turns":4},{"damage":2,"enemies":"downfall:FleeingMerchant","floor":10,"turns":4},{"damage":1,"enemies":"2 Fungi Beasts","floor":11,"turns":3},{"damage":47,"enemies":"Lagavulin Event","floor":13,"turns":7},{"damage":0,"enemies":"Gremlin Gang","floor":15,"turns":2},{"damage":20,"enemies":"IC_STATUS_ARCHETYPE","floor":16,"turns":4}],"seed_played":"-1659552315377716782","potions_obtained":[{"floor":5,"key":"DuplicationPotion"},{"floor":8,"key":"bronze:BurnAndBuffPotion"},{"floor":13,"key":"SteroidPotion"},{"floor":15,"key":"bronze:FreeFunctionsPotion"}],"is_trial":false,"path_per_floor":["R","M","?","$","M","?","T","M","M","$","M","R","?","?","M","B"],"character_chosen":"THE_AUTOMATON","items_purchased":["bronze:Mutator","expansioncontent:YouAreMine","bronze:Optimize","bronze:Flail"],"campfire_rested":0,"item_purchase_floors":[4,4,10,10],"current_hp_per_floor":[70,69,69,59,59,18,18,25,25,30,29,29,2,2,4,0,0,0],"gold":137,"neow_bonus":"THREE_CARDS","is_daily":false,"chose_seed":false,"campfire_upgraded":1,"win_rate":0.0,"timestamp":1612294170,"path_taken":["R","M","?","$","M","?","T","?","M","$","M","R","?","?","M","BOSS"],"items_purchased_type":["Card","Card","Card","Card"],"build_version":"2020-12-22","purchased_purges":0,"victory":false,"max_hp_per_floor":[70,70,70,70,70,70,70,70,70,70,70,70,70,70,70,70,70,70],"card_choices":[{"not_picked":["bronze:BuggyMess","bronze:Frontload"],"picked":"bronze:MaxOutput","floor":0},{"not_picked":["bronze:DelayedGuard","bronze:Fortify"],"picked":"bronze:CloningBeam","floor":2},{"not_picked":["bronze:Invalidate","bronze:OilSpill"],"picked":"bronze:Branch","floor":4},{"not_picked":["bronze:CloningBeam","bronze:WhirlingStrike"],"picked":"bronze:Repair","floor":5},{"not_picked":["bronze:Overload","bronze:CutThrough"],"picked":"bronze:BurnOut","floor":8},{"not_picked":["bronze:CutThrough","bronze:BugBarrage"],"picked":"bronze:Turbo","floor":9},{"not_picked":["bronze:OilSpill","bronze:DelayedSlice"],"picked":"bronze:ChosenStrike","floor":10},{"not_picked":["bronze:ForceShield","bronze:FindAndReplace"],"picked":"bronze:CloningBeam","floor":11},{"not_picked":["bronze:WildBeam","bronze:Iterate"],"picked":"bronze:FineTuning","floor":13},{"not_picked":["bronze:OilSpill","bronze:Overheat"],"picked":"bronze:Frontload","floor":15}],"player_experience":985462,"relics_obtained":[{"floor":6,"key":"downfall:GremlinWheel"},{"floor":7,"key":"Mercury Hourglass"},{"floor":13,"key":"Blood Vial"}],"event_choices":[{"damage_healed":0,"gold_gain":0,"player_choice":"Fled","damage_taken":0,"max_hp_gain":0,"max_hp_loss":0,"event_name":"Scrap Ooze","floor":14,"gold_loss":0}],"is_beta":false,"boss_relics":[],"items_purged_floors":[],"is_endless":false,"potions_floor_spawned":[5,8,13,15],"killed_by":"IC_STATUS_ARCHETYPE","ascension_level":0}}