{"host":"fa19f27vz2zfochh","time":1612297130,"event":{"mods":["Act Like it!","Aspiration","BaseMod","Better Third Choice","Conspire","Downfall","Energized Spire","Halation","Hallownest","Hubris","Infinite Spire","Ironclad Rager","Minty Spire (QoL Compilation)","Relic Stats","Replay The Spire","StSLib","The Bug Knight"],"gold_per_floor":[99,99,99,99,99,99,148,148,148,175,13,44,61,61,73,73,73,73],"floor_reached":16,"language":"ENG","playtime":441,"items_purged":[],"score":135,"play_id":"5f65752f-fad7-49f6-8f0e-27b1d46ace23","local_time":"20210202211850","is_ascension_mode":true,"campfire_choices":[{"data":"bronze:Goto","floor":1,"key":"SMITH"},{"data":"bronze:Separator","floor":6,"key":"SMITH"},{"data":"bronze:Replicate","floor":8,"key":"SMITH"}],"circlet_count":0,"master_deck":["bronze:Strike","bronze:Strike","bronze:Strike","bronze:Strike","bronze:Defend","bronze:Defend","bronze:Defend","bronze:Defend","bronze:Replicate+1","bronze:Goto+1","bronze:Overheat+1","bronze:Separator+1","bronze:Deprecate","bronze:WhirlingStrike","bronze:CutThrough","bronze:Separator"],"relics":["bronze:BronzeCore","downfall:HeartsMalice","halation:EternalFortune","Boot","aspiration:ChemicalBlood","bronze:SilverBullet","infinitespire:Magic Flask"],"acts_visited":["Exordium"],"potions_floor_usage":[16],"damage_taken":[{"damage":0,"enemies":"Small Slimes","floor":2,"turns":1},{"damage":0,"enemies":"Cultist","floor":4,"turns":1},{"damage":0,"enemies":"Jaw Worm","floor":9,"turns":1},{"damage":21,"enemies":"Lagavulin","floor":10,"turns":5},{"damage":5,"enemies":"downfall:FleeingMerchant","floor":11,"turns":4},{"damage":0,"enemies":"Gremlin Nob","floor":12,"turns":2},{"damage":0,"enemies":"Blue Slaver","floor":13,"turns":2},{"damage":0,"enemies":"Exordium Wildlife","floor":15,"turns":1},{"damage":53,"enemies":"SI_SHIV_ARCHETYPE","floor":16,"turns":7}],"seed_played":"-6890667964176341480","potions_obtained":[{"floor":10,"key":"Doom Potion"},{"floor":12,"key":"infinitespire:BlackPotion"},{"floor":13,"key":"GamblersBrew"},{"floor":15,"key":"Dexterity Potion"}],"is_trial":false,"path_per_floor":["R","M","?","M","?","R","T","R","M","E","$","E","M","?","M","B"],"character_chosen":"THE_AUTOMATON","items_purchased":["bronze:SilverBullet"],"campfire_rested":0,"item_purchase_floors":[11],"current_hp_per_floor":[70,70,70,70,73,73,73,73,73,55,50,50,50,50,50,0,0,0],"gold":73,"neow_bonus":"THREE_ENEMY_KILL","is_daily":false,"chose_seed":false,"campfire_upgraded":3,"win_rate":0.0,"timestamp":1612297130,"path_taken":["R","M","?","?","?","R","T","R","M","E","$","E","M","?","M","BOSS"],"items_purchased_type":["Relic"],"build_version":"2020-12-22","purchased_purges":0,"victory":false,"max_hp_per_floor":[70,70,70,70,73,73,73,73,73,76,76,76,76,76,76,76,76,76],"relic_stats":{"counters":[9,21],"Boot":[6],"obtain_stats":[{"bronze:BronzeCore":0,"halation:EternalFortune":5,"downfall:HeartsMalice":0,"infinitespire:Magic Flask":12,"Boot":7,"bronze:SilverBullet":11,"aspiration:ChemicalBlood":10},{"bronze:BronzeCore":0,"halation:EternalFortune":2,"downfall:HeartsMalice":0,"infinitespire:Magic Flask":6,"Boot":2,"bronze:SilverBullet":5,"aspiration:ChemicalBlood":4},{"bronze:BronzeCore":0,"halation:EternalFortune":0,"downfall:HeartsMalice":0,"infinitespire:Magic Flask":11,"Boot":0,"bronze:SilverBullet":9,"aspiration:ChemicalBlood":5}]},"card_choices":[{"not_picked":["bronze:Invalidate","bronze:BitShift"],"picked":"bronze:Overheat","floor":2},{"not_picked":["bronze:Invalidate","bronze:Frontload"],"picked":"bronze:Separator","floor":4},{"not_picked":["bronze:HyperBeam","bronze:Frontload","bronze:Turbo"],"picked":"SKIP","floor":9},{"not_picked":["bronze:Constructor","bronze:ItsAFeature","bronze:DigitalCarnage"],"picked":"SKIP","floor":10},{"not_picked":["bronze:Return","bronze:ThunderWave"],"picked":"bronze:Deprecate","floor":11},{"not_picked":["bronze:BitShift","bronze:BronzeOrb"],"picked":"bronze:WhirlingStrike","floor":12},{"not_picked":["bronze:Overheat","bronze:DarkDash"],"picked":"bronze:CutThrough","floor":13},{"not_picked":["bronze:Repulsor","bronze:ItsAFeature"],"picked":"bronze:Separator","floor":15}],"player_experience":411490,"relics_obtained":[{"floor":7,"key":"Boot"},{"floor":10,"key":"halation:EternalFortune"},{"floor":10,"key":"aspiration:ChemicalBlood"},{"floor":12,"key":"infinitespire:Magic Flask"}],"event_choices":[],"is_beta":false,"boss_relics":[],"items_purged_floors":[],"is_endless":false,"potions_floor_spawned":[10,12,13,15],"killed_by":"SI_SHIV_ARCHETYPE","ascension_level":1}}