{"host":"klrvvo16pazy794l","time":1612233930,"event":{"mods":["BaseMod","Minty Spire (QoL Compilation)"],"gold_per_floor":[15,27,44,44,44,44,74,74,74,90,90,103,54,54,54,159,159,175,151,162,18,51,51,70,70,70,70,70,70,85,120,120,220,220,240,83,136,155,5,5,5,5,5,5,23,23,51,63,63,63,63],"floor_reached":50,"language":"ENG","playtime":1932,"items_purged":[],"score":583,"play_id":"03f52093-069d-4c92-a52d-84c22fa282a5","local_time":"20210201204530","is_ascension_mode":true,"campfire_choices":[{"data":"Zap","floor":6,"key":"SMITH"},{"data":"Fusion","floor":8,"key":"SMITH"},{"floor":11,"key":"REST"},{"data":"Dualcast","floor":15,"key":"SMITH"},{"floor":23,"key":"REST"},{"floor":25,"key":"REST"},{"data":"Electrodynamics","floor":27,"key":"SMITH"},{"data":"Redo","floor":29,"key":"SMITH"},{"data":"Barrage","floor":32,"key":"SMITH"},{"floor":41,"key":"REST"},{"floor":46,"key":"REST"},{"floor":49,"key":"RECALL"}],"circlet_count":0,"master_deck":["Strike_B","Strike_B","Defend_B+1","Defend_B","Zap+1","Dualcast+1","Fusion+1","Doom and Gloom","Leap+1","Rebound","Chill","Coolheaded","Go for the Eyes","Electrodynamics+1","Hologram","Redo+1","Streamline","Barrage+1","Echo Form","Reboot","Apotheosis"],"relics":["Cracked Core","Ancient Tea Set","Cables","FaceOfCleric","Inserter","War Paint","Red Mask","Happy Flower","Busted Crown","StoneCalendar","Oddly Smooth Stone","Eternal Feather","Question Card"],"acts_visited":["Exordium","TheCity","TheBeyond"],"potions_floor_usage":[16,22,24,33,33,33,47,47],"damage_taken":[{"damage":3,"enemies":"2 Louse","floor":1,"turns":2},{"damage":1,"enemies":"Cultist","floor":2,"turns":4},{"damage":7,"enemies":"Jaw Worm","floor":3,"turns":3},{"damage":38,"enemies":"Gremlin Nob","floor":7,"turns":4},{"damage":0,"enemies":"Lots of Slimes","floor":10,"turns":4},{"damage":0,"enemies":"Blue Slaver","floor":12,"turns":2},{"damage":25,"enemies":"Slime Boss","floor":16,"turns":9},{"damage":20,"enemies":"2 Thieves","floor":18,"turns":3},{"damage":22,"enemies":"Shell Parasite","floor":20,"turns":6},{"damage":17,"enemies":"Masked Bandits","floor":22,"turns":3},{"damage":24,"enemies":"Cultist and Chosen","floor":24,"turns":5},{"damage":0,"enemies":"3 Cultists","floor":30,"turns":4},{"damage":27,"enemies":"Slavers","floor":31,"turns":3},{"damage":17,"enemies":"Automaton","floor":33,"turns":6},{"damage":4,"enemies":"Orb Walker","floor":35,"turns":4},{"damage":52,"enemies":"2 Orb Walkers","floor":37,"turns":5},{"damage":9,"enemies":"3 Shapes","floor":38,"turns":3},{"damage":21,"enemies":"Writhing Mass","floor":45,"turns":7},{"damage":31,"enemies":"Giant Head","floor":47,"turns":7},{"damage":22,"enemies":"Spire Growth","floor":48,"turns":4},{"damage":26,"enemies":"Awakened One","floor":50,"turns":3}],"seed_played":"-975678793437661531","potions_obtained":[{"floor":2,"key":"SteroidPotion"},{"floor":7,"key":"FocusPotion"},{"floor":16,"key":"FocusPotion"},{"floor":22,"key":"GamblersBrew"},{"floor":30,"key":"LiquidBronze"},{"floor":37,"key":"Weak Potion"},{"floor":38,"key":"Strength Potion"},{"floor":45,"key":"Ancient Potion"}],"is_trial":false,"path_per_floor":["M","M","M","?","$","R","E","R","T","M","R","M","$","?","R","B",null,"M","$","M","$","?","R","M","R","T","R","?","R","M","E","R","B",null,"M","$","?","M","$","?","R","?","T","$","M","R","E","M","R","B"],"character_chosen":"DEFECT","items_purchased":["AttackPotion","Redo","War Paint","Reboot","Oddly Smooth Stone"],"campfire_rested":5,"item_purchase_floors":[13,19,21,36,39],"current_hp_per_floor":[72,71,64,64,64,64,26,26,26,26,48,48,48,48,48,24,76,57,57,36,36,20,43,20,44,44,44,80,80,81,55,55,39,83,80,80,29,21,21,21,46,46,46,46,26,64,34,13,25,0,0],"gold":63,"neow_bonus":"TRANSFORM_TWO_CARDS","is_daily":false,"chose_seed":false,"campfire_upgraded":6,"win_rate":0.0,"timestamp":1612233930,"path_taken":["M","M","M","?","$","R","E","R","T","?","R","M","$","?","R","BOSS","M","$","?","$","?","R","M","R","T","R","?","R","M","E","R","BOSS","M","?","?","M","$","?","R","?","T","?","M","R","E","M","R","BOSS"],"items_purchased_type":["Potion","Card","Relic","Card","Relic"],"build_version":"2020-12-22","purchased_purges":0,"victory":false,"max_hp_per_floor":[75,75,75,75,75,75,75,75,75,75,75,75,75,75,75,76,76,77,77,78,78,79,79,80,80,80,80,80,80,81,82,82,83,83,84,84,85,86,86,86,86,86,86,86,87,87,88,89,89,89,89],"card_choices":[{"not_picked":["Gash","Cold Snap"],"picked":"Leap","floor":1},{"not_picked":["Storm","Blizzard","Scrape"],"picked":"SKIP","floor":2},{"not_picked":["Genetic Algorithm","Glacier"],"picked":"Rebound","floor":3},{"not_picked":["Genetic Algorithm","Steam Power"],"picked":"Chill","floor":7},{"not_picked":["Tempest","Steam Power"],"picked":"Coolheaded","floor":10},{"not_picked":["Reprogram","Coolheaded"],"picked":"Go for the Eyes","floor":12},{"not_picked":["All For One","Machine Learning"],"picked":"Electrodynamics","floor":16},{"not_picked":["Leap","Darkness"],"picked":"Hologram","floor":18},{"not_picked":["Redo+1","Steam","Rebound"],"picked":"SKIP","floor":20},{"not_picked":["Conserve Battery","Leap"],"picked":"Streamline","floor":24},{"not_picked":["Reinforced Body","Redo+1"],"picked":"Barrage","floor":30},{"not_picked":["Rainbow","Cold Snap+1","BootSequence+1"],"picked":"SKIP","floor":31},{"not_picked":["Buffer","Core Surge"],"picked":"Echo Form","floor":33},{"not_picked":["Cold Snap+1"],"picked":"SKIP","floor":35},{"not_picked":["Chaos+1"],"picked":"SKIP","floor":38},{"not_picked":[],"picked":"Apotheosis","floor":42},{"not_picked":["Reinforced Body"],"picked":"SKIP","floor":45},{"not_picked":["Barrage"],"picked":"SKIP","floor":47},{"not_picked":["Gash+1","Redo"],"picked":"SKIP","floor":48}],"player_experience":501380,"relics_obtained":[{"floor":7,"key":"Ancient Tea Set"},{"floor":9,"key":"Cables"},{"floor":22,"key":"Red Mask"},{"floor":31,"key":"Happy Flower"},{"floor":37,"key":"StoneCalendar"},{"floor":43,"key":"Eternal Feather"},{"floor":47,"key":"Question Card"}],"event_choices":[{"cards_removed":["Strike_B"],"damage_healed":0,"gold_gain":0,"player_choice":"Offered Basic","damage_taken":0,"max_hp_gain":0,"max_hp_loss":0,"event_name":"Bonfire Elementals","floor":4,"gold_loss":0},{"damage_healed":0,"gold_gain":0,"player_choice":"Trade","damage_taken":0,"relics_obtained":["FaceOfCleric"],"max_hp_gain":0,"max_hp_loss":0,"event_name":"FaceTrader","floor":14,"gold_loss":0},{"damage_healed":0,"gold_gain":0,"player_choice":"Fought Bandits","damage_taken":0,"max_hp_gain":0,"max_hp_loss":0,"event_name":"Masked Bandits","floor":22,"gold_loss":0},{"damage_healed":36,"gold_gain":0,"player_choice":"Full Heal","damage_taken":0,"max_hp_gain":0,"max_hp_loss":0,"event_name":"Wheel of Change","floor":28,"gold_loss":0},{"damage_healed":0,"gold_gain":0,"player_choice":"Fight","damage_taken":0,"max_hp_gain":0,"max_hp_loss":0,"event_name":"Mysterious Sphere","floor":37,"gold_loss":0},{"cards_removed":["Defend_B"],"damage_healed":0,"gold_gain":0,"player_choice":"Removed Skill","damage_taken":0,"max_hp_gain":0,"max_hp_loss":0,"event_name":"Falling","floor":40,"gold_loss":0},{"damage_healed":0,"gold_gain":0,"player_choice":"Memory 1","damage_taken":0,"max_hp_gain":0,"max_hp_loss":0,"event_name":"SensoryStone","floor":42,"gold_loss":0}],"is_beta":false,"boss_relics":[{"not_picked":["Snecko Eye","Cursed Key"],"picked":"Inserter"},{"not_picked":["Runic Dome","Empty Cage"],"picked":"Busted Crown"}],"items_purged_floors":[],"is_endless":false,"potions_floor_spawned":[2,7,16,22,30,37,38,45],"killed_by":"Awakened One","ascension_level":4}}