{"host":"Jedit","time":1612226430,"event":{"mods":["BaseMod","Downfall","Minty Spire (QoL Compilation)","Relic Stats","StSLib"],"gold_per_floor":[112,122,20,20,40,40,72,72,95,128,128,160,125,141,141,244,244,262,33,33,49,122,122,149,169,221,231,249,284,302,321,321,416,416,429,429,339,366,366,366,380,413,438,438,450,70,80,111,111,111,111,111],"floor_reached":50,"language":"ENG","playtime":1864,"items_purged":["bronze:Overheat"],"score":844,"play_id":"47e0732b-1059-4a6a-aa2c-85e23420bffa","local_time":"20210202004030","is_ascension_mode":true,"campfire_choices":[{"data":"bronze:DelayedSlice","floor":6,"key":"SMITH"},{"data":"bronze:CloningBeam","floor":11,"key":"SMITH"},{"data":"bronze:BugBarrage","floor":15,"key":"SMITH"},{"data":"bronze:Flail","floor":23,"key":"SMITH"},{"data":"bronze:Assembly","floor":32,"key":"SMITH"},{"floor":40,"key":"RECALL"},{"data":"bronze:MaxOutput","floor":49,"key":"SMITH"}],"circlet_count":0,"master_deck":["bronze:Defend","bronze:Defend","bronze:Defend","bronze:Replicate","bronze:Goto","bronze:DelayedSlice+1","bronze:DelayedGuard","bronze:OilSpill","bronze:ItsAFeature","bronze:Constructor","bronze:WhirlingStrike","bronze:Spike","bronze:DazingPulse","bronze:Iterate","bronze:CloningBeam+1","bronze:DelayedSlice","bronze:BugBarrage+1","bronze:DelayedSlice","bronze:Flail+1","bronze:Boost","bronze:DelayedSlice+1","bronze:BitShift","bronze:FineTuning+1","bronze:Separator","bronze:Assembly+1","bronze:DelayedSlice","bronze:Mutator","bronze:ChosenStrike+1","bronze:Overheat+1","bronze:WildBeam+1","bronze:GetLatest+1","bronze:Branch","bronze:OilSpill+1","bronze:MaxOutput+1","bronze:Refactor","bronze:Overload","bronze:WhirlingStrike+1"],"relics":["Sozu","Art of War","Pen Nib","Tiny Chest","Thread and Needle","Coffee Dripper","PreservedInsect","Shuriken","Mummified Hand","Gambling Chip","Astrolabe","Lantern","Kunai","OrangePellets","Regal Pillow"],"acts_visited":["Exordium","TheCity","TheBeyond"],"potions_floor_usage":[],"damage_taken":[{"damage":0,"enemies":"Cultist","floor":1,"turns":5},{"damage":0,"enemies":"Jaw Worm","floor":2,"turns":3},{"damage":0,"enemies":"Small Slimes","floor":5,"turns":2},{"damage":15,"enemies":"3 Sentries","floor":7,"turns":6},{"damage":8,"enemies":"3 Sentries","floor":8,"turns":4},{"damage":21,"enemies":"Lagavulin","floor":10,"turns":6},{"damage":0,"enemies":"Gremlin Nob","floor":12,"turns":3},{"damage":0,"enemies":"3 Louse","floor":14,"turns":2},{"damage":0,"enemies":"Slime Boss","floor":16,"turns":6},{"damage":0,"enemies":"Spheric Guardian","floor":18,"turns":2},{"damage":0,"enemies":"Shell Parasite","floor":21,"turns":3},{"damage":2,"enemies":"Slavers","floor":24,"turns":3},{"damage":0,"enemies":"Snecko","floor":25,"turns":3},{"damage":3,"enemies":"Cultist and Chosen","floor":27,"turns":3},{"damage":11,"enemies":"Shelled Parasite and Fungi","floor":28,"turns":3},{"damage":23,"enemies":"Book of Stabbing","floor":29,"turns":3},{"damage":0,"enemies":"Centurion and Healer","floor":30,"turns":3},{"damage":0,"enemies":"Snecko","floor":31,"turns":3},{"damage":12,"enemies":"Collector","floor":33,"turns":5},{"damage":0,"enemies":"3 Darklings","floor":35,"turns":3},{"damage":5,"enemies":"3 Shapes","floor":41,"turns":3},{"damage":25,"enemies":"Reptomancer","floor":42,"turns":3},{"damage":0,"enemies":"Sphere and 2 Shapes","floor":45,"turns":1},{"damage":0,"enemies":"Jaw Worm Horde","floor":47,"turns":3},{"damage":5,"enemies":"Nemesis","floor":48,"turns":3},{"damage":25,"enemies":"Donu and Deca","floor":50,"turns":3}],"seed_played":"4725417126933114786","potions_obtained":[],"is_trial":false,"path_per_floor":["M","M","$","?","M","R","E","?","T","E","R","E","?","M","R","B",null,"M","$","?","M","T","R","E","M","T","M","M","E","M","M","R","B",null,"M","?","?","T","?","R","M","E","T","?","M","$","M","E","R","B"],"character_chosen":"THE_AUTOMATON","items_purchased":["bronze:OilSpill","bronze:ItsAFeature","PreservedInsect","bronze:Flail","OrangePellets","bronze:MaxOutput","bronze:Refactor"],"campfire_rested":0,"item_purchase_floors":[3,3,19,19,46,46,46],"current_hp_per_floor":[70,70,70,70,70,70,55,47,47,26,26,26,43,43,43,43,63,63,63,63,63,63,63,61,61,61,58,47,24,24,24,24,12,56,56,56,56,56,56,56,51,26,26,26,26,26,26,21,21,0,0,0],"gold":111,"neow_bonus":"BOSS_RELIC","is_daily":false,"chose_seed":false,"campfire_upgraded":6,"win_rate":0.0,"timestamp":1612226430,"path_taken":["M","M","?","?","?","R","E","?","T","E","R","E","?","M","R","BOSS","M","$","?","?","?","R","E","M","T","M","M","E","?","M","R","BOSS","M","?","?","?","?","R","M","E","T","?","M","$","M","E","R","BOSS"],"items_purchased_type":["Card","Card","Relic","Card","Relic","Card","Card"],"build_version":"2020-12-18","purchased_purges":1,"victory":false,"max_hp_per_floor":[70,70,70,70,70,70,70,70,70,70,70,70,70,70,70,70,70,70,70,70,70,70,70,70,70,70,70,70,70,70,70,70,70,70,70,66,66,66,66,66,66,66,66,66,66,66,66,66,66,66,66,66],"relic_stats":{"Regal Pillow":0,"counters":[26,87],"Astrolabe":["bronze:ChosenStrike","bronze:Overheat","bronze:WildBeam"],"Pen Nib":[22],"PreservedInsect":184,"Sozu":10,"OrangePellets":[2],"Shuriken":[34],"Mummified Hand":[14],"Gambling Chip":[17],"Tiny Chest":2,"Art of War":[2],"Kunai":[11],"obtain_stats":[{"Lantern":38,"Regal Pillow":48,"bronze:BronzeCore":0,"Astrolabe":34,"Thread and Needle":12,"Pen Nib":9,"PreservedInsect":19,"Sozu":0,"OrangePellets":46,"Shuriken":22,"Mummified Hand":24,"Gambling Chip":29,"Tiny Chest":10,"Art of War":7,"Coffee Dripper":17,"Kunai":42},{"Lantern":20,"Regal Pillow":25,"bronze:BronzeCore":0,"Astrolabe":19,"Thread and Needle":7,"Pen Nib":5,"PreservedInsect":10,"Sozu":0,"OrangePellets":23,"Shuriken":11,"Mummified Hand":12,"Gambling Chip":16,"Tiny Chest":6,"Art of War":4,"Coffee Dripper":9,"Kunai":22},{"Lantern":71,"Regal Pillow":84,"bronze:BronzeCore":0,"Astrolabe":68,"Thread and Needle":29,"Pen Nib":20,"PreservedInsect":39,"Sozu":0,"OrangePellets":78,"Shuriken":42,"Mummified Hand":45,"Gambling Chip":57,"Tiny Chest":26,"Art of War":16,"Coffee Dripper":37,"Kunai":77}]},"card_choices":[{"not_picked":["bronze:Shield","bronze:BugBarrage"],"picked":"bronze:DelayedSlice","floor":1},{"not_picked":["bronze:Shield","bronze:Shell"],"picked":"bronze:DelayedGuard","floor":2},{"not_picked":["bronze:Repair","bronze:WildBeam"],"picked":"bronze:Constructor","floor":5},{"not_picked":["bronze:Refactor","bronze:Repulsor"],"picked":"bronze:WhirlingStrike","floor":7},{"not_picked":[],"picked":"bronze:Spike","floor":8},{"not_picked":[],"picked":"bronze:DazingPulse","floor":8},{"not_picked":["bronze:BitShift","bronze:ForLoop"],"picked":"bronze:Iterate","floor":8},{"not_picked":["bronze:ForceShield","bronze:BurnOut"],"picked":"bronze:CloningBeam","floor":10},{"not_picked":["bronze:BuggyMess","bronze:NullPointer"],"picked":"bronze:DelayedSlice","floor":12},{"not_picked":["bronze:DigitalCarnage","bronze:Shield"],"picked":"bronze:BugBarrage","floor":14},{"not_picked":["bronze:HyperBeam","bronze:ThunderWave"],"picked":"bronze:BurnOut","floor":16},{"not_picked":["bronze:BugBarrage","bronze:ForLoop"],"picked":"bronze:DelayedSlice","floor":18},{"not_picked":["bronze:DelayedGuard","bronze:Backtrace"],"picked":"bronze:Boost","floor":21},{"not_picked":["bronze:Deprecate","bronze:Format"],"picked":"bronze:DelayedSlice+1","floor":24},{"not_picked":["bronze:Constructor","bronze:Frontload"],"picked":"bronze:BitShift","floor":25},{"not_picked":["bronze:FindAndReplace","bronze:Shield","bronze:Frontload"],"picked":"SKIP","floor":27},{"not_picked":["bronze:Frontload","bronze:BitShift"],"picked":"bronze:FineTuning","floor":28},{"not_picked":["bronze:WildBeam","bronze:Invalidate+1"],"picked":"bronze:Separator","floor":29},{"not_picked":["bronze:Safeguard","bronze:Overheat+1"],"picked":"bronze:Assembly","floor":30},{"not_picked":["bronze:BitShift","bronze:Overheat"],"picked":"bronze:DelayedSlice","floor":31},{"not_picked":["bronze:ShipIt","bronze:AlphaBuild"],"picked":"bronze:Mutator","floor":33},{"not_picked":["bronze:Separator+1","bronze:CutThrough"],"picked":"bronze:GetLatest+1","floor":35},{"not_picked":["bronze:BugBarrage+1","bronze:CutThrough+1"],"picked":"bronze:Branch","floor":41},{"not_picked":["bronze:HyperBeam","bronze:WildBeam+1","bronze:Flail"],"picked":"SKIP","floor":42},{"not_picked":["bronze:Overheat+1","bronze:Invalidate"],"picked":"bronze:OilSpill+1","floor":45},{"not_picked":["bronze:Frontload+1","bronze:Refactor"],"picked":"bronze:Overload","floor":47},{"not_picked":["bronze:DigitalCarnage+1","bronze:CloningBeam"],"picked":"bronze:WhirlingStrike+1","floor":48}],"player_experience":3721941,"relics_obtained":[{"floor":7,"key":"Art of War"},{"floor":9,"key":"Pen Nib"},{"floor":10,"key":"Tiny Chest"},{"floor":12,"key":"Thread and Needle"},{"floor":22,"key":"Shuriken"},{"floor":24,"key":"Mummified Hand"},{"floor":29,"key":"Gambling Chip"},{"floor":38,"key":"Lantern"},{"floor":42,"key":"Kunai"},{"floor":48,"key":"Regal Pillow"}],"event_choices":[{"cards_removed":["bronze:Strike"],"damage_healed":0,"gold_gain":0,"player_choice":"Offered Basic","damage_taken":0,"max_hp_gain":0,"max_hp_loss":0,"event_name":"Bonfire Elementals","floor":4,"gold_loss":0},{"damage_healed":17,"gold_gain":0,"player_choice":"Healed","damage_taken":0,"max_hp_gain":0,"max_hp_loss":0,"event_name":"The Cleric","floor":13,"gold_loss":35},{"damage_healed":0,"gold_gain":0,"cards_transformed":["bronze:Strike"],"player_choice":"Transformed","damage_taken":0,"max_hp_gain":0,"max_hp_loss":0,"event_name":"Transmorgrifier","floor":20,"gold_loss":0,"cards_obtained":["bronze:Overheat"]},{"damage_healed":0,"gold_gain":0,"player_choice":"Max HP","damage_taken":0,"max_hp_gain":0,"max_hp_loss":4,"event_name":"Winding Halls","floor":36,"gold_loss":0},{"cards_removed":["bronze:BurnOut"],"damage_healed":0,"gold_gain":0,"player_choice":"Upgrade and Remove","damage_taken":0,"max_hp_gain":0,"max_hp_loss":0,"event_name":"Designer","floor":37,"gold_loss":90,"cards_upgraded":["bronze:FineTuning"]},{"damage_healed":0,"gold_gain":0,"player_choice":"Ignored","damage_taken":0,"max_hp_gain":0,"max_hp_loss":0,"event_name":"Mysterious Sphere","floor":39,"gold_loss":0},{"damage_healed":0,"gold_gain":0,"player_choice":"Ignored","damage_taken":0,"max_hp_gain":0,"max_hp_loss":0,"event_name":"Tomb of Lord Red Mask","floor":44,"gold_loss":0}],"is_beta":true,"boss_relics":[{"not_picked":["Philosopher\u0027s Stone","Runic Dome"],"picked":"Coffee Dripper"},{"not_picked":["Fusion Hammer","Tiny House"],"picked":"Astrolabe"}],"items_purged_floors":[46],"is_endless":false,"potions_floor_spawned":[5,8,12,21,28,31,35,41,42,45],"killed_by":"Donu and Deca","ascension_level":5}}