{"host":"klrvvo16pazy794l","time":1612302559,"event":{"mods":["BaseMod","Minty Spire (QoL Compilation)"],"gold_per_floor":[112,10,27,27,42,42,75,75,98,130,147,164,164,21,21,123,123,142,142,156,29,77,77,95,95,170,185,39,39,73,84,84,189,189,209,229,36,0,13,13,45,45,45],"floor_reached":42,"language":"ENG","playtime":2598,"items_purged":["Decay"],"score":502,"play_id":"65ad9049-11bf-45fb-a390-7ded11a2f4bb","local_time":"20210202154919","is_ascension_mode":true,"campfire_choices":[{"data":"Noxious Fumes","floor":6,"key":"SMITH"},{"data":"Crippling Poison","floor":8,"key":"SMITH"},{"floor":13,"key":"REST"},{"data":"Prepared","floor":15,"key":"SMITH"},{"data":"Noxious Fumes","floor":23,"key":"SMITH"},{"data":"Outmaneuver","floor":25,"key":"SMITH"},{"data":"Eviscerate","floor":29,"key":"SMITH"},{"data":"Adrenaline","floor":32,"key":"SMITH"},{"floor":40,"key":"REST"}],"circlet_count":0,"master_deck":["Strike_G","Strike_G","Strike_G","Strike_G","Strike_G","Defend_G","Defend_G","Defend_G","Defend_G","Defend_G","Survivor","Neutralize","Noxious Fumes+1","Prepared+1","Eviscerate+1","Crippling Poison+1","Flying Knee","Dagger Spray","Footwork","Adrenaline+1","Noxious Fumes+1","Slice+1","Outmaneuver+1","Bane","Poisoned Stab+1","Dodge and Roll","Phantasmal Killer","CurseOfTheBell","Sucker Punch","Die Die Die","Deadly Poison","Parasite"],"relics":["Ring of the Snake","Bag of Preparation","Lantern","Pen Nib","Boot","MealTicket","Runic Pyramid","Shuriken","Tiny Chest","Pocketwatch","Calling Bell","Art of War","Paper Crane","StoneCalendar","ClockworkSouvenir","Red Mask","Shovel"],"acts_visited":["Exordium","TheCity","TheBeyond"],"potions_floor_usage":[10,10,16,30,30,33,33,39,41,42],"damage_taken":[{"damage":1,"enemies":"2 Louse","floor":1,"turns":3},{"damage":3,"enemies":"Cultist","floor":3,"turns":4},{"damage":5,"enemies":"Jaw Worm","floor":5,"turns":5},{"damage":26,"enemies":"Lagavulin","floor":7,"turns":9},{"damage":16,"enemies":"3 Sentries","floor":10,"turns":7},{"damage":0,"enemies":"Exordium Thugs","floor":11,"turns":3},{"damage":0,"enemies":"Looter","floor":12,"turns":1},{"damage":24,"enemies":"The Guardian","floor":16,"turns":7},{"damage":2,"enemies":"3 Byrds","floor":18,"turns":2},{"damage":15,"enemies":"2 Thieves","floor":20,"turns":4},{"damage":1,"enemies":"Snake Plant","floor":24,"turns":4},{"damage":16,"enemies":"Sentry and Sphere","floor":27,"turns":5},{"damage":2,"enemies":"Slavers","floor":30,"turns":4},{"damage":19,"enemies":"Shelled Parasite and Fungi","floor":31,"turns":5},{"damage":16,"enemies":"Automaton","floor":33,"turns":8},{"damage":24,"enemies":"3 Shapes","floor":35,"turns":5},{"damage":7,"enemies":"3 Darklings","floor":36,"turns":4},{"damage":41,"enemies":"Writhing Mass","floor":39,"turns":6},{"damage":28,"enemies":"Giant Head","floor":41,"turns":8},{"damage":10,"enemies":"Sphere and 2 Shapes","floor":42,"turns":3}],"seed_played":"3269399271928861908","potions_obtained":[{"floor":1,"key":"SteroidPotion"},{"floor":10,"key":"DuplicationPotion"},{"floor":20,"key":"Energy Potion"},{"floor":30,"key":"SpeedPotion"},{"floor":33,"key":"AttackPotion"},{"floor":35,"key":"EssenceOfSteel"},{"floor":41,"key":"FearPotion"}],"is_trial":false,"path_per_floor":["M","$","M","?","M","R","E","R","T","E","M","M","R","$","R","B",null,"M","?","M","$","T","R","M","R","T","M","$","R","E","M","R","B",null,"M","M","$","?","M","R","E","M"],"character_chosen":"THE_SILENT","items_purchased":["EntropicBrew","MealTicket","Outmaneuver","Tiny Chest","ClockworkSouvenir","Deadly Poison"],"campfire_rested":2,"item_purchase_floors":[2,14,21,28,37,37],"current_hp_per_floor":[69,69,66,66,61,61,35,35,35,19,19,19,40,40,40,16,70,68,61,46,61,61,61,60,60,60,44,59,59,57,38,38,22,70,46,39,54,54,13,34,6,0,0],"gold":45,"neow_bonus":"RANDOM_COMMON_RELIC","is_daily":false,"chose_seed":false,"campfire_upgraded":7,"win_rate":0.0,"timestamp":1612302559,"path_taken":["M","$","M","?","M","R","E","R","T","E","?","M","R","$","R","BOSS","M","?","M","$","?","R","M","R","T","M","$","R","E","M","R","BOSS","M","M","$","?","M","R","E","M"],"items_purchased_type":["Potion","Relic","Card","Relic","Relic","Card"],"build_version":"2020-12-22","purchased_purges":1,"victory":false,"max_hp_per_floor":[70,70,70,70,70,70,70,70,70,70,70,70,70,70,70,70,70,70,70,70,70,70,70,70,70,70,70,70,70,70,70,70,70,70,70,70,70,70,70,70,70,70,70],"card_choices":[{"not_picked":["Dagger Throw","Dodge and Roll"],"picked":"Noxious Fumes","floor":1},{"not_picked":["PiercingWail","Blade Dance"],"picked":"Prepared","floor":3},{"not_picked":["Reflex","Escape Plan"],"picked":"Eviscerate","floor":5},{"not_picked":["Cloak And Dagger","Tactician"],"picked":"Crippling Poison","floor":7},{"not_picked":["Dodge and Roll","Envenom"],"picked":"Flying Knee","floor":10},{"not_picked":["Deadly Poison","Cloak And Dagger"],"picked":"Dagger Spray","floor":11},{"not_picked":["Blade Dance","Choke"],"picked":"Footwork","floor":12},{"not_picked":["Grand Finale","Malaise"],"picked":"Adrenaline","floor":16},{"not_picked":["Distraction","Quick Slash"],"picked":"Noxious Fumes","floor":18},{"not_picked":["Dagger Spray","Choke"],"picked":"Slice+1","floor":20},{"not_picked":["Accuracy","PiercingWail"],"picked":"Bane","floor":24},{"not_picked":["Flying Knee","Accuracy","Quick Slash"],"picked":"SKIP","floor":27},{"not_picked":["Adrenaline","Outmaneuver+1"],"picked":"Poisoned Stab+1","floor":30},{"not_picked":["Cloak And Dagger","Expertise"],"picked":"Dodge and Roll","floor":31},{"not_picked":["After Image","Adrenaline"],"picked":"Phantasmal Killer","floor":33},{"not_picked":["Backflip","Dagger Spray+1"],"picked":"Sucker Punch","floor":35},{"not_picked":["Bouncing Flask","Prepared+1"],"picked":"Die Die Die","floor":36},{"not_picked":["Dodge and Roll+1","Well Laid Plans","Calculated Gamble"],"picked":"SKIP","floor":39},{"not_picked":["Bane+1","Distraction+1","Deadly Poison"],"picked":"SKIP","floor":41}],"player_experience":508972,"relics_obtained":[{"floor":7,"key":"Lantern"},{"floor":9,"key":"Pen Nib"},{"floor":10,"key":"Boot"},{"floor":26,"key":"Shuriken"},{"floor":30,"key":"Pocketwatch"},{"floor":34,"key":"Art of War"},{"floor":34,"key":"Paper Crane"},{"floor":34,"key":"StoneCalendar"},{"floor":41,"key":"Shovel"}],"event_choices":[{"damage_healed":0,"gold_gain":0,"player_choice":"Cursed","damage_taken":0,"max_hp_gain":0,"max_hp_loss":0,"event_name":"Wheel of Change","floor":4,"gold_loss":0,"cards_obtained":["Decay"]},{"damage_healed":0,"gold_gain":0,"player_choice":"Damaged","damage_taken":7,"max_hp_gain":0,"max_hp_loss":0,"event_name":"Wheel of Change","floor":19,"gold_loss":0},{"damage_healed":0,"gold_gain":0,"player_choice":"Paid","damage_taken":0,"relics_obtained":["Red Mask"],"max_hp_gain":0,"max_hp_loss":0,"event_name":"Tomb of Lord Red Mask","floor":38,"gold_loss":36}],"is_beta":false,"boss_relics":[{"not_picked":["Fusion Hammer","WristBlade"],"picked":"Runic Pyramid"},{"not_picked":["Snecko Eye","Velvet Choker"],"picked":"Calling Bell"}],"items_purged_floors":[21],"is_endless":false,"potions_floor_spawned":[1,10,11,12,20,27,30,33,35,41],"killed_by":"Sphere and 2 Shapes","ascension_level":2}}