{"host":"l84l8xigz5v5foa2","time":1612235736,"event":{"mods":["2.2 Compatiblity","AchievementEnabler","BaseMod","Better Note","Better Vampires","Card Filter","Colored Map","DeckTracker","Downfall","Gremlin Skip","Highlight Path","Keyboard Shortcuts","Minty Spire (QoL Compilation)","Permanent Neow","Quick Restart","Relic Filter","Relic Stats","StSLib","SuperFastMode","Transform Curses","Unknown Chances"],"gold_per_floor":[112,130,55,55,74,74,107,32,57,57,75,108,128,162,162,236,236,254,614,636,651,680,711,711,742,768,768,242,242,270,289,289,364,364,374,374,172,187,204,237,237,512,539,550,563,563,575,609,609,609,609,609,609,31,66,66],"floor_reached":57,"language":"ENG","playtime":2970,"items_purged":["hexamod:Strike","hexamod:Strike+1","hexamod:Strike+1","hexamod:Sear+1"],"score":2930,"play_id":"e74ef2a3-bb42-4205-984f-826a73f92d2c","local_time":"20210202121536","is_ascension_mode":true,"campfire_choices":[{"data":"hexamod:HauntingEcho","floor":6.0,"key":"SMITH"},{"floor":10.0,"key":"REST"},{"floor":15.0,"key":"RECALL"},{"data":"hexamod:GhostOfSpirePast","floor":24.0,"key":"SMITH"},{"data":"hexamod:ThermalTransfer","floor":32.0,"key":"SMITH"}],"circlet_count":0,"master_deck":["AscendersBane","hexamod:Defend+1","hexamod:Defend+1","hexamod:Defend+1","hexamod:Defend+1","hexamod:Float+1","hexamod:HauntingEcho+1","hexamod:StepThrough+1","hexamod:HauntingEcho+1","hexamod:FourthSeal","hexamod:Hexaguard+1","hexamod:SixthSeal","hexamod:TimeWarp+1","hexamod:HexaLevel+1","hexamod:FourthSeal","hexamod:SpectersWail+1","hexamod:GhostOfSpirePast+1","hexamod:ShieldOfDarkness+1","hexamod:RainOfEmbers+1","hexamod:GhostShield+1","hexamod:ThermalTransfer+1","hexamod:ThirdSeal","hexamod:TimeOfNeed+1","hexamod:WildfireWeapon+1","hexamod:FastForward+1","hexamod:GhostOfSpirePast+1","hexamod:StepThrough+1","hexamod:AdvancingGuard+1","hexamod:Incineration+1","Madness+1","Madness+1","hexamod:RetreatToShadows+1","hexamod:GhostOfSpireFuture+1","hexamod:GhostflameBarrier+1","hexamod:NightmareGuise+1","hexamod:HeatShield+1"],"relics":["hexamod:SpiritBrand","Thread and Needle","Potion Belt","Happy Flower","Guardian:PocketSentry","SacredBark","hexamod:TheBrokenSeal","Red Mask","Bottled Lightning","Ancient Tea Set","Omamori","TheAbacus","Centennial Puzzle","WarpedTongs","Bottled Tornado","Coffee Dripper","Bronze Scales","Prayer Wheel","champ:DeflectingBracers","Gremlin Horn"],"acts_visited":["TheCity","TheBeyond","TheEnding"],"potions_floor_usage":[55,56,56,56,56,56,56,56],"damage_taken":[{"damage":0.0,"enemies":"Cultist","floor":1.0,"turns":3.0},{"damage":14.0,"enemies":"Small Slimes","floor":2.0,"turns":3.0},{"damage":4.0,"enemies":"2 Louse","floor":5.0,"turns":4.0},{"damage":9.0,"enemies":"Gremlin Nob","floor":7.0,"turns":3.0},{"damage":2.0,"enemies":"Looter","floor":11.0,"turns":3.0},{"damage":1.0,"enemies":"Lagavulin","floor":12.0,"turns":7.0},{"damage":0.0,"enemies":"Red Slaver","floor":13.0,"turns":3.0},{"damage":17.0,"enemies":"3 Sentries","floor":14.0,"turns":11.0},{"damage":32.0,"enemies":"The Guardian","floor":16.0,"turns":9.0},{"damage":0.0,"enemies":"3 Byrds","floor":18.0,"turns":6.0},{"damage":0.0,"enemies":"Shell Parasite","floor":20.0,"turns":5.0},{"damage":0.0,"enemies":"3 Cultists","floor":21.0,"turns":4.0},{"damage":0.0,"enemies":"Masked Bandits","floor":22.0,"turns":4.0},{"damage":50.0,"enemies":"Slavers","floor":23.0,"turns":9.0},{"damage":0.0,"enemies":"Gremlin Leader","floor":25.0,"turns":6.0},{"damage":16.0,"enemies":"Book of Stabbing","floor":30.0,"turns":5.0},{"damage":0.0,"enemies":"Centurion and Healer","floor":31.0,"turns":5.0},{"damage":24.0,"enemies":"Collector","floor":33.0,"turns":5.0},{"damage":0.0,"enemies":"3 Shapes","floor":35.0,"turns":3.0},{"damage":0.0,"enemies":"Orb Walker","floor":38.0,"turns":4.0},{"damage":0.0,"enemies":"4 Shapes","floor":39.0,"turns":3.0},{"damage":1.0,"enemies":"Giant Head","floor":40.0,"turns":7.0},{"damage":2.0,"enemies":"Jaw Worm Horde","floor":44.0,"turns":4.0},{"damage":8.0,"enemies":"Spire Growth","floor":45.0,"turns":5.0},{"damage":3.0,"enemies":"Transient","floor":47.0,"turns":6.0},{"damage":0.0,"enemies":"Reptomancer","floor":48.0,"turns":5.0},{"damage":14.0,"enemies":"Awakened One","floor":50.0,"turns":11.0},{"damage":46.0,"enemies":"Time Eater","floor":51.0,"turns":14.0},{"damage":20,"enemies":"Shield and Spear","floor":55,"turns":6},{"damage":40,"enemies":"The Heart","floor":56,"turns":8}],"seed_played":"2877003506885438013","potions_obtained":[{"floor":2.0,"key":"hexamod:EctoCoolerPotion"},{"floor":7.0,"key":"hexamod:EctoCoolerPotion"},{"floor":7.0,"key":"AttackPotion"},{"floor":11.0,"key":"Energy Potion"},{"floor":12.0,"key":"AttackPotion"},{"floor":13.0,"key":"FairyPotion"},{"floor":13.0,"key":"EntropicBrew"},{"floor":13.0,"key":"hexamod:EctoCoolerPotion"},{"floor":14.0,"key":"Swift Potion"},{"floor":14.0,"key":"LiquidMemories"},{"floor":16.0,"key":"DuplicationPotion"},{"floor":18.0,"key":"BlessingOfTheForge"},{"floor":21.0,"key":"Regen Potion"},{"floor":21.0,"key":"Regen Potion"},{"floor":21.0,"key":"EntropicBrew"},{"floor":22.0,"key":"Regen Potion"},{"floor":23.0,"key":"Weak Potion"},{"floor":23.0,"key":"SpeedPotion"},{"floor":25.0,"key":"Fruit Juice"},{"floor":25.0,"key":"Dexterity Potion"},{"floor":31.0,"key":"hexamod:DoubleChargePotion"},{"floor":33.0,"key":"Swift Potion"},{"floor":35.0,"key":"Energy Potion"},{"floor":39.0,"key":"LiquidMemories"},{"floor":39.0,"key":"ColorlessPotion"},{"floor":40.0,"key":"ColorlessPotion"},{"floor":40.0,"key":"Explosive Potion"},{"floor":44.0,"key":"EssenceOfSteel"},{"floor":45.0,"key":"hexamod:InfernoChargePotion"},{"floor":45.0,"key":"SpeedPotion"},{"floor":47.0,"key":"Fruit Juice"},{"floor":47.0,"key":"EssenceOfSteel"},{"floor":48.0,"key":"FearPotion"},{"floor":55,"key":"Ancient Potion"},{"floor":55,"key":"Explosive Potion"}],"is_trial":false,"path_per_floor":["M","M","?","?","M","R","E","$","T","R","M","E","M","E","R","B",null,"M","?","M","M","?","E","R","E","T","?","$","?","E","M","R","B",null,"M","?","$","M","M","E","?","?","T","M","M","?","M","E","R","B","B",null,"R","$","E","B",null],"character_chosen":"THE_SPIRIT","items_purchased":["TheAbacus","hexamod:ThirdSeal","Centennial Puzzle","hexamod:StepThrough","Swift Potion","champ:DeflectingBracers","hexamod:NightmareGuise"],"campfire_rested":1,"item_purchase_floors":[28,28,28,37,54,54,54],"current_hp_per_floor":[57,43,43,48,44,44,35,35,35,55,60,66,68,58,58,33,59,66,24,78,78,78,76,76,86,86,86,86,86,70,70,70,46,78,78,78,78,78,78,77,61,61,61,59,70,70,77,77,77,63,17,78,78,78,58,18],"gold":66,"neow_bonus":"ONE_RANDOM_RARE_CARD","is_daily":false,"chose_seed":false,"campfire_upgraded":3,"win_rate":0.0,"timestamp":1612235736,"path_taken":["M","M","?","?","M","R","E","$","T","R","M","E","M","E","R","BOSS","M","?","?","M","?","E","R","E","T","?","$","?","E","?","R","BOSS","M","?","?","M","M","E","?","?","T","M","?","?","M","E","R","BOSS","BOSS","R","$","E","BOSS"],"items_purchased_type":["Relic","Card","Relic","Card","Potion","Relic","Card"],"build_version":"2020-12-22","purchased_purges":4,"victory":true,"max_hp_per_floor":[63,63,63,68,68,68,68,68,68,68,68,68,68,68,68,68,68,68,68,78,78,78,78,78,88,88,88,88,88,88,88,88,88,88,88,88,88,88,88,88,88,88,88,88,88,88,98,98,98,98,98,98,98,98,98,98],"relic_stats":{"Centennial Puzzle":[30],"TheAbacus":[66],"Happy Flower":[49],"Gremlin Horn":[0,0],"counters":[30,171],"Bronze Scales":[305],"Prayer Wheel":0,"obtain_stats":[{"Potion Belt":9,"Happy Flower":12,"Gremlin Horn":55,"SacredBark":17,"hexamod:TheBrokenSeal":20,"Thread and Needle":7,"champ:DeflectingBracers":54,"Guardian:PocketSentry":14,"Omamori":26,"Bottled Tornado":30,"Ancient Tea Set":25,"WarpedTongs":29,"Centennial Puzzle":28,"TheAbacus":28,"Bronze Scales":40,"Prayer Wheel":48,"Red Mask":22,"Coffee Dripper":34,"Bottled Lightning":23,"hexamod:SpiritBrand":0},{"Potion Belt":4,"Happy Flower":6,"Gremlin Horn":29,"SacredBark":9,"hexamod:TheBrokenSeal":11,"Thread and Needle":4,"champ:DeflectingBracers":28,"Guardian:PocketSentry":8,"Omamori":15,"Bottled Tornado":16,"Ancient Tea Set":15,"WarpedTongs":15,"Centennial Puzzle":15,"TheAbacus":15,"Bronze Scales":22,"Prayer Wheel":26,"Red Mask":13,"Coffee Dripper":18,"Bottled Lightning":14,"hexamod:SpiritBrand":0},{"Potion Belt":13,"Happy Flower":23,"Gremlin Horn":163,"SacredBark":46,"hexamod:TheBrokenSeal":56,"Thread and Needle":13,"champ:DeflectingBracers":157,"Guardian:PocketSentry":37,"Omamori":80,"Bottled Tornado":85,"Ancient Tea Set":80,"WarpedTongs":80,"Centennial Puzzle":80,"TheAbacus":80,"Bronze Scales":112,"Prayer Wheel":132,"Red Mask":65,"Coffee Dripper":95,"Bottled Lightning":74,"hexamod:SpiritBrand":0}],"WarpedTongs":[20]},"card_choices":[{"not_picked":["hexamod:SecondSeal","hexamod:ThermalTransfer"],"picked":"hexamod:HauntingEcho","floor":1.0},{"not_picked":["hexamod:FastForward","hexamod:PhantomFireball"],"picked":"hexamod:StepThrough","floor":2.0},{"not_picked":["hexamod:RetreatToShadows","hexamod:EmpoweredFlame"],"picked":"hexamod:FourthSeal","floor":5.0},{"not_picked":["hexamod:PhantomCloak","hexamod:FastForward"],"picked":"hexamod:FirstSeal","floor":7.0},{"not_picked":["hexamod:FastForward","hexamod:InspiringFlames"],"picked":"hexamod:HauntingEcho","floor":11.0},{"not_picked":["hexamod:FlamesFromBeyond","hexamod:BurningTouch","hexamod:FourthSeal"],"picked":"SKIP","floor":12.0},{"not_picked":["hexamod:FlamesFromBeyond","hexamod:BurningTouch"],"picked":"hexamod:FourthSeal","floor":12.0},{"not_picked":["hexamod:Again","hexamod:GhostOfSpireFuture"],"picked":"hexamod:FifthSeal","floor":13.0},{"not_picked":["hexamod:SecondSeal","hexamod:FirstSeal"],"picked":"hexamod:ThirdSeal","floor":14.0},{"not_picked":["hexamod:SuperheatedStrike","hexamod:FastForward"],"picked":"hexamod:Hexaguard","floor":14.0},{"not_picked":["hexamod:FourthSeal","hexamod:ThirdSeal"],"picked":"hexamod:SixthSeal","floor":16.0},{"not_picked":["hexamod:SearingWound","hexamod:HexaLevel"],"picked":"hexamod:TimeWarp","floor":16.0},{"not_picked":["hexamod:SearingWound","hexamod:GhostflameInferno"],"picked":"hexamod:HexaLevel","floor":16.0},{"not_picked":["hexamod:SixthSeal","hexamod:FourthSeal"],"picked":"hexamod:SecondSeal","floor":18.0},{"not_picked":["hexamod:SecondSeal","hexamod:SixthSeal"],"picked":"hexamod:FourthSeal","floor":18.0},{"not_picked":["hexamod:InspiringFlames","hexamod:Again"],"picked":"hexamod:SpectersWail","floor":18.0},{"not_picked":["hexamod:AdvancingGuard","hexamod:Hexaguard"],"picked":"hexamod:GhostOfSpirePast","floor":20.0},{"not_picked":["hexamod:EtherealExpedition","hexamod:ParanormalForm"],"picked":"hexamod:ShieldOfDarkness","floor":21.0},{"not_picked":["hexamod:ShieldOfDarkness","hexamod:GhostOfSpireFuture"],"picked":"hexamod:RainOfEmbers","floor":22.0},{"not_picked":["hexamod:GhostOfSpireFuture","hexamod:RadiantFlame"],"picked":"hexamod:GhostShield+1","floor":23.0},{"not_picked":["hexamod:FifthSeal","hexamod:ChargedBarrage+1"],"picked":"hexamod:ThermalTransfer","floor":25.0},{"not_picked":["hexamod:SpectralSpark","hexamod:GhostLash","hexamod:FlamesFromBeyond"],"picked":"SKIP","floor":30.0},{"not_picked":["hexamod:Haunt","hexamod:BacktrackSmack","hexamod:FlamesFromBeyond"],"picked":"SKIP","floor":30.0},{"not_picked":["hexamod:GhostOfSpireFuture","hexamod:GhostflameBarrier","hexamod:GhostLash"],"picked":"SKIP","floor":31.0},{"not_picked":["hexamod:SpectersWail","hexamod:GhostShield","hexamod:HeatMetal"],"picked":"SKIP","floor":31.0},{"not_picked":["hexamod:ApocalypseNow","hexamod:SixthSeal"],"picked":"hexamod:TimeOfNeed","floor":33.0},{"not_picked":["hexamod:ParanormalForm","hexamod:Toasty"],"picked":"hexamod:WildfireWeapon","floor":33.0},{"not_picked":["hexamod:GhostShield","hexamod:NightmareStrike"],"picked":"hexamod:FastForward","floor":35.0},{"not_picked":["hexamod:NecessarySacrifice","hexamod:HeatMetal+1","hexamod:DynamicBlow"],"picked":"SKIP","floor":35.0},{"not_picked":["hexamod:GhostLash","hexamod:PhantomFireball+1"],"picked":"hexamod:AdvancingGuard","floor":38.0},{"not_picked":["hexamod:SwordOfDarkness","hexamod:InspiringFlames","hexamod:AdvancingGuard"],"picked":"SKIP","floor":38.0},{"not_picked":["hexamod:GhostOfSpirePast","hexamod:ShieldOfDarkness+1","hexamod:Haunt+1"],"picked":"SKIP","floor":39.0},{"not_picked":["hexamod:FourthSeal","hexamod:ThirdSeal","hexamod:Haunt"],"picked":"SKIP","floor":39.0},{"not_picked":["hexamod:Toasty","hexamod:TimeOfNeed"],"picked":"hexamod:Incineration+1","floor":40.0},{"not_picked":["hexamod:PhantomFireball","hexamod:GhostflameInferno","hexamod:ThermalTransfer"],"picked":"SKIP","floor":40.0},{"not_picked":["hexamod:SpectralSpark","hexamod:GhostflameBarrier","hexamod:FourthSeal"],"picked":"SKIP","floor":44.0},{"not_picked":["hexamod:Hexaguard","hexamod:SuperheatedStrike","hexamod:SpectralSpark+1"],"picked":"SKIP","floor":44.0},{"not_picked":["hexamod:HauntingEcho","hexamod:SoulSteal"],"picked":"hexamod:RetreatToShadows+1","floor":45.0},{"not_picked":["hexamod:StepThrough","hexamod:GhostLash"],"picked":"hexamod:GhostOfSpireFuture","floor":45.0},{"not_picked":["hexamod:InspiringFlames","hexamod:TimeOfNeed","hexamod:GhostLash"],"picked":"SKIP","floor":47.0},{"not_picked":["hexamod:FastForward","hexamod:PowerFromBeyond+1","hexamod:SuperheatedStrike"],"picked":"SKIP","floor":47.0},{"not_picked":["hexamod:Hexaguard","hexamod:FastForward+1"],"picked":"hexamod:GhostflameBarrier+1","floor":48.0},{"not_picked":["hexamod:InspiringFlames","hexamod:RainOfEmbers","hexamod:ExtraCrispy"],"picked":"SKIP","floor":48.0},{"not_picked":["hexamod:SuperheatedStrike","hexamod:HauntingEcho"],"picked":"hexamod:HeatShield+1","floor":55},{"not_picked":["hexamod:NightmareGuise","hexamod:BacktrackSmack","hexamod:FastForward+1"],"picked":"SKIP","floor":55}],"player_experience":3512237,"relics_obtained":[{"floor":7.0,"key":"Thread and Needle"},{"floor":9.0,"key":"Potion Belt"},{"floor":12.0,"key":"Happy Flower"},{"floor":14.0,"key":"Guardian:PocketSentry"},{"floor":22.0,"key":"Red Mask"},{"floor":23.0,"key":"Bottled Lightning"},{"floor":25.0,"key":"Ancient Tea Set"},{"floor":26.0,"key":"Omamori"},{"floor":30.0,"key":"Bottled Tornado"},{"floor":40.0,"key":"Bronze Scales"},{"floor":48.0,"key":"Prayer Wheel"},{"floor":55,"key":"Gremlin Horn"}],"event_choices":[{"cards_removed":["hexamod:Strike"],"damage_healed":0.0,"max_hp_gain":0.0,"max_hp_loss":0.0,"gold_gain":0.0,"event_name":"The Cleric","player_choice":"Card Removal","floor":3.0,"gold_loss":75.0,"damage_taken":0.0},{"damage_healed":0.0,"max_hp_gain":5.0,"max_hp_loss":0.0,"gold_gain":0.0,"event_name":"Big Fish","player_choice":"Donut","floor":4.0,"gold_loss":0.0,"damage_taken":0.0},{"damage_healed":0.0,"max_hp_gain":0.0,"max_hp_loss":0.0,"gold_gain":360.0,"event_name":"Knowing Skull","player_choice":"GOLD GOLD GOLD GOLD POTION ","floor":19.0,"potions_obtained":["SneckoOil"],"gold_loss":0.0,"damage_taken":42.0,"cards_obtained":[]},{"damage_healed":0.0,"max_hp_gain":0.0,"max_hp_loss":0.0,"gold_gain":0.0,"event_name":"Masked Bandits","player_choice":"Fought Bandits","floor":22.0,"gold_loss":0.0,"damage_taken":0.0},{"damage_healed":0.0,"max_hp_gain":0.0,"max_hp_loss":0.0,"gold_gain":0.0,"event_name":"Vampires","player_choice":"Ignored","floor":27.0,"gold_loss":0.0,"damage_taken":0.0},{"damage_healed":0.0,"max_hp_gain":0.0,"max_hp_loss":0.0,"gold_gain":0.0,"event_name":"Accursed Blacksmith","player_choice":"Rummage","floor":29.0,"gold_loss":0.0,"damage_taken":0.0,"relics_obtained":["WarpedTongs"],"cards_obtained":["Pain"]},{"damage_healed":0.0,"max_hp_gain":0.0,"max_hp_loss":0.0,"gold_gain":0.0,"event_name":"Duplicator","player_choice":"Copied","floor":36.0,"gold_loss":0.0,"damage_taken":0.0,"cards_obtained":["hexamod:GhostOfSpirePast"]},{"damage_healed":0.0,"max_hp_gain":0.0,"max_hp_loss":0.0,"gold_gain":0.0,"event_name":"Winding Halls","player_choice":"Embrace Madness","floor":41.0,"gold_loss":0.0,"damage_taken":16.0,"cards_obtained":["Madness","Madness"]},{"damage_healed":0.0,"max_hp_gain":0.0,"max_hp_loss":0.0,"gold_gain":275.0,"event_name":"Golden Shrine","player_choice":"Desecrate","floor":42.0,"gold_loss":0.0,"damage_taken":0.0,"cards_obtained":["Regret"]}],"is_beta":false,"boss_relics":[{"not_picked":["SlaversCollar","Busted Crown"],"picked":"SacredBark"},{"not_picked":["sneckomod:SneckoTalon","Calling Bell"],"picked":"Coffee Dripper"}],"items_purged_floors":[8,28,37,54],"is_endless":false,"potions_floor_spawned":[2,7,13,14,21,22,25,31,39,40,45,48,55],"ascension_level":20}}