{"host":"ez9lh5a3k31ytd04","time":1612258146,"event":{"mods":["Act Like it!","Arknights","Aspiration","BaseMod","Conspire","Downfall","Energized Spire","Jedi Mod","Minty Spire (QoL Compilation)","Quarter Circle Forward PUNCH!","Quick Restart","Relic Filter Mod","Reliquary","Replay The Spire","Spicy Shops","StSLib","TestMod","【遗物卡牌】REMEMod"],"gold_per_floor":[113,132,170,190,206,206,232,232,255,274,674,690,690,708,708,807,807,820,333,353,11,38,38,38,71,117,152,152,152,162,212,212,311,311,328,328,328,56,107,132,132,232,232,232,232,248,248,50,50,50],"floor_reached":51,"language":"ZHS","playtime":2169,"items_purged":["Defend_R","Defend_R","Delirium","jedi:bloodyhammer"],"score":943,"play_id":"64596566-ee9c-4bb2-b678-3846ab191505","local_time":"20210202172906","is_ascension_mode":true,"campfire_choices":[{"data":"testmod-FightingIntention","floor":6,"key":"SMITH"},{"data":"jedi:fear","floor":8,"key":"SMITH"},{"data":"Spot Weakness","floor":13,"key":"SMITH"},{"data":"Flex","floor":15,"key":"SMITH"},{"data":"Flex","floor":23,"key":"SMITH"},{"floor":28,"key":"REST"},{"data":"Exhume","floor":32,"key":"SMITH"},{"data":"conspire:Purge","floor":45,"key":"SMITH"}],"circlet_count":0,"master_deck":["Strike_R","jedi:fear+1","Flex+1","Spot Weakness+1","Twin Strike+1","Flex+1","Clash+1","conspire:Purge+1","jedi:MakeshiftSword+1","Rage","Replay:Undeath\u0027s Touch+1","REME_Cut","Anger+1","jedi:MakeshiftSword+1"],"relics":["Burning Blood","testmod-TestBox","testmod-ThousandKnives","reliquary:OuijaBoard","Red Skull","Dream Catcher","reliquary:TuningFork","Empty Cage","reliquary:BrokenClock","Snack Pack","Question Card","Red Mask","Self Forming Clay","Replay:Mystery Machine","Busted Crown","Mummified Hand","Juzu Bracelet","Membership Card","ReplayTheSpireMod:Ninjato","testmod-Muramasa","Lantern","Darkstone Periapt","jedi:cryingmask","Replay:Multitool","DollysMirror"],"acts_visited":["Exordium","TheCity","TheBeyond"],"potions_floor_usage":[3,7,7,12,22,25,46,46,46],"damage_taken":[{"damage":10,"enemies":"Jaw Worm","floor":1,"turns":7},{"damage":12,"enemies":"Small Slimes","floor":2,"turns":3},{"damage":11,"enemies":"conspire:MimicChest","floor":3,"turns":5},{"damage":10,"enemies":"2 Louse","floor":4,"turns":4},{"damage":6,"enemies":"Red Slaver","floor":5,"turns":3},{"damage":14,"enemies":"3 Sentries","floor":7,"turns":4},{"damage":11,"enemies":"3 Louse","floor":10,"turns":4},{"damage":5,"enemies":"Blue Slaver","floor":12,"turns":3},{"damage":1,"enemies":"Exordium Wildlife","floor":14,"turns":3},{"damage":0,"enemies":"Slime Boss","floor":16,"turns":6},{"damage":17,"enemies":"Shell Parasite","floor":18,"turns":4},{"damage":0,"enemies":"Spheric Guardian","floor":20,"turns":2},{"damage":0,"enemies":"Masked Bandits","floor":22,"turns":1},{"damage":56,"enemies":"Book of Stabbing","floor":25,"turns":4},{"damage":5,"enemies":"Gremlin Leader","floor":27,"turns":2},{"damage":6,"enemies":"Centurion and Healer","floor":30,"turns":3},{"damage":18,"enemies":"conspire:MysteriousRune","floor":33,"turns":5},{"damage":16,"enemies":"3 Shapes","floor":35,"turns":3},{"damage":0,"enemies":"2 Orb Walkers","floor":39,"turns":1},{"damage":44,"enemies":"Reptomancer","floor":40,"turns":3},{"damage":7,"enemies":"Orb Walker","floor":46,"turns":3},{"damage":5,"enemies":"Replay:Hell Engine","floor":50,"turns":2}],"seed_played":"-3933533471313233450","potions_obtained":[{"floor":2,"key":"Adrenaline Potion"},{"floor":4,"key":"AttackPotion"},{"floor":5,"key":"Strength Potion"},{"floor":10,"key":"testmod-TestPotion"},{"floor":18,"key":"SteroidPotion"},{"floor":22,"key":"REME_GoldPotion"},{"floor":30,"key":"Toxic Potion"},{"floor":39,"key":"Languid Potion"},{"floor":40,"key":"Block Potion"}],"is_trial":false,"path_per_floor":["M","M","?","M","M","R","E","R","T","M","?","M","R","M","R","B",null,"M","$","M","$","?","R","?","E","T","E","R","?","M","?","R","B",null,"M","T","?","$","?","E","?","?","T","?","R","M","?","$","R","B",null],"character_chosen":"IRONCLAD","items_purchased":["reliquary:BrokenClock","Snack Pack","Question Card","Membership Card","ReplayTheSpireMod:Ninjato","Replay:Multitool","DollysMirror"],"campfire_rested":1,"item_purchase_floors":[19,19,21,38,38,48,48],"current_hp_per_floor":[68,62,57,53,53,53,45,45,45,40,40,41,41,46,46,52,67,56,56,62,62,68,68,60,14,14,17,38,38,40,40,40,34,63,53,53,53,53,63,27,27,45,45,45,45,44,44,44,71,78],"gold":50,"neow_bonus":"ONE_RARE_RELIC","is_daily":false,"chose_seed":false,"campfire_upgraded":7,"win_rate":0.0,"timestamp":1612258146,"path_taken":["M","M","?","M","M","R","E","R","T","M","?","M","R","M","R","BOSS","M","$","M","$","?","R","?","E","T","E","R","?","M","?","R","BOSS","M","?","?","?","?","E","?","?","T","?","R","M","?","$","R","BOSS"],"items_purchased_type":["Relic","Relic","Relic","Relic","Relic","Relic","Relic"],"build_version":"2020-12-22","purchased_purges":4,"victory":true,"max_hp_per_floor":[72,72,72,72,72,72,72,72,72,72,72,72,72,72,72,72,72,72,72,72,72,72,72,72,72,72,72,72,72,72,72,72,72,72,72,72,72,72,72,72,72,90,90,90,90,90,90,90,90,90],"card_choices":[{"not_picked":["Clash","Flex"],"picked":"jedi:fear","floor":1},{"not_picked":["Hemokinesis","Sword Boomerang","Blood for Blood"],"picked":"SKIP","floor":2},{"not_picked":["ReplayTheSpireMod:Strike From Hell","Wild Strike"],"picked":"Flex","floor":4},{"not_picked":["Pommel Strike","Clash"],"picked":"Spot Weakness","floor":5},{"not_picked":["Sever Soul","Evolve"],"picked":"Twin Strike","floor":7},{"not_picked":["Clothesline","Burning Pact"],"picked":"Flex","floor":10},{"not_picked":["Armaments","Immolate","Headbutt"],"picked":"SKIP","floor":12},{"not_picked":["Havoc","Clothesline"],"picked":"Clash","floor":14},{"not_picked":["Brutality","Replay:Many Hands"],"picked":"conspire:Purge","floor":16},{"not_picked":["Headbutt","Shockwave"],"picked":"jedi:MakeshiftSword+1","floor":18},{"not_picked":["ReplayTheSpireMod:Strike From Hell","Flex","Evolve+1"],"picked":"SKIP","floor":20},{"not_picked":["Twin Strike","True Grit","Combust"],"picked":"Rage","floor":22},{"not_picked":["Whirlwind","Metallicize","Pommel Strike","Carnage"],"picked":"SKIP","floor":25},{"not_picked":["Havoc+1","Fire Breathing+1","Pummel"],"picked":"Exhume","floor":27},{"not_picked":["Sword Boomerang","Ghostly Armor","Cleave+1"],"picked":"Replay:Undeath\u0027s Touch","floor":30},{"not_picked":["conspire:HitWhereItHurts","Corruption","conspire:Purge"],"picked":"jedi:bloodyhammer","floor":33},{"not_picked":["Massacre","Metallicize"],"picked":"SKIP","floor":35},{"not_picked":["True Grit+1"],"picked":"REME_Cut","floor":39},{"not_picked":["Dropkick"],"picked":"Anger+1","floor":40},{"not_picked":["Combust","REME_Cut"],"picked":"SKIP","floor":46}],"player_experience":56410,"relics_obtained":[{"floor":3,"key":"Red Skull"},{"floor":7,"key":"Dream Catcher"},{"floor":9,"key":"reliquary:TuningFork"},{"floor":22,"key":"Red Mask"},{"floor":25,"key":"Self Forming Clay"},{"floor":26,"key":"Replay:Mystery Machine"},{"floor":27,"key":"Champion Belt"},{"floor":36,"key":"Mummified Hand"},{"floor":39,"key":"testmod-Muramasa"},{"floor":40,"key":"Lantern"},{"floor":43,"key":"jedi:cryingmask"}],"event_choices":[{"damage_healed":0,"gold_gain":400,"player_choice":"Sell","damage_taken":0,"max_hp_gain":0,"max_hp_loss":0,"event_name":"恩洛斯的盘子","floor":11,"relics_lost":["REME_ComplimentaryCards"],"gold_loss":0},{"damage_healed":0,"gold_gain":0,"player_choice":"Fought Bandits","damage_taken":0,"max_hp_gain":0,"max_hp_loss":0,"event_name":"Masked Bandits","floor":22,"gold_loss":0},{"damage_healed":0,"gold_gain":100,"player_choice":"Bet on Murderer","damage_taken":0,"max_hp_gain":0,"max_hp_loss":0,"event_name":"The Joust","floor":31,"gold_loss":50},{"damage_healed":0,"gold_gain":0,"player_choice":"Swap Relic","damage_taken":0,"relics_obtained":["Juzu Bracelet"],"max_hp_gain":0,"max_hp_loss":0,"event_name":"给自己的盒子","floor":37,"relics_lost":["Champion Belt"],"gold_loss":0},{"damage_healed":0,"gold_gain":0,"player_choice":"Fight","damage_taken":0,"max_hp_gain":0,"max_hp_loss":0,"event_name":"Mysterious Sphere","floor":39,"gold_loss":0},{"damage_healed":0,"gold_gain":0,"player_choice":"Forge","damage_taken":0,"max_hp_gain":0,"max_hp_loss":0,"event_name":"Accursed Blacksmith","floor":41,"gold_loss":0,"cards_upgraded":["Clash"]},{"cards_removed":["Bash"],"damage_healed":0,"gold_gain":0,"player_choice":"Removed Attack","damage_taken":0,"max_hp_gain":0,"max_hp_loss":0,"event_name":"Falling","floor":44,"gold_loss":0},{"damage_healed":0,"gold_gain":0,"player_choice":"Ignored","damage_taken":0,"max_hp_gain":0,"max_hp_loss":0,"event_name":"The Moai Head","floor":47,"gold_loss":0}],"is_beta":false,"boss_relics":[{"not_picked":["reliquary:RedPaperclip","energizedSpire:NeverEndingSparkler"],"picked":"Empty Cage"},{"not_picked":["testmod-Nine","conspire:SlowCooker"],"picked":"Busted Crown"}],"items_purged_floors":[19,21,48,48],"is_endless":false,"potions_floor_spawned":[2,4,5,10,18,22,30,39,40],"ascension_level":8}}