{"host":"dth8fvkfiulu86fi","time":1612264812,"event":{"mods":["2.2 Compatiblity","AchievementEnabler","BaseMod","Better Third Choice","Colored Map","Colored Powertips","Minty Spire (QoL Compilation)","Rare Cards Sparkle","StSLib","SuperFastMode","Synergy Search"],"gold_per_floor":[114,129,144,159,59,59,89,104,104,104,24,39,39,114,114,114,114],"floor_reached":16,"language":"ENG","playtime":495,"items_purged":[],"score":104,"play_id":"c4aa7c97-1a10-4f12-8b56-3279e8bdd446","local_time":"20210202122012","daily_mods":["Chimera","Blue Cards","Binary"],"is_ascension_mode":false,"campfire_choices":[{"floor":6,"key":"REST"},{"data":"Seeing Red","floor":10,"key":"SMITH"},{"floor":15,"key":"REST"}],"circlet_count":0,"master_deck":["Bash","Survivor","Zap","Eruption","Strike_R","Strike_G","Strike_B","Defend_R","Defend_G","Defend_P","Go for the Eyes","Seeing Red+1","Power Through"],"relics":["Burning Blood","Kunai","Matryoshka"],"acts_visited":["Exordium"],"potions_floor_usage":[4,7,13],"damage_taken":[{"damage":12,"enemies":"Cultist","floor":1,"turns":3},{"damage":12,"enemies":"Small Slimes","floor":2,"turns":4},{"damage":5,"enemies":"2 Louse","floor":3,"turns":3},{"damage":24,"enemies":"Blue Slaver","floor":4,"turns":4},{"damage":63,"enemies":"Lagavulin","floor":7,"turns":4},{"damage":8,"enemies":"Looter","floor":8,"turns":3},{"damage":5,"enemies":"Exordium Thugs","floor":12,"turns":3},{"damage":8,"enemies":"Exordium Wildlife","floor":13,"turns":2},{"damage":72,"enemies":"Slime Boss","floor":16,"turns":8}],"seed_played":"-9070903199233054170","potions_obtained":[{"floor":1,"key":"GamblersBrew"},{"floor":2,"key":"SmokeBomb"},{"floor":4,"key":"FearPotion"}],"is_trial":false,"path_per_floor":["M","M","M","M","$","R","E","M","T","R","$","M","M","?","R","B"],"character_chosen":"IRONCLAD","items_purchased":["FairyPotion","Power Through"],"campfire_rested":2,"item_purchase_floors":[5,11],"current_hp_per_floor":[74,68,69,51,51,75,18,16,16,16,16,17,15,4,28,0,0],"gold":114,"neow_bonus":"","is_daily":true,"chose_seed":false,"campfire_upgraded":1,"win_rate":0.0,"timestamp":1612264812,"path_taken":["M","M","?","M","$","R","E","M","T","R","$","M","M","?","R","BOSS"],"items_purchased_type":["Potion","Card"],"build_version":"2020-12-22","purchased_purges":0,"victory":false,"max_hp_per_floor":[80,80,80,80,80,80,80,80,80,80,80,80,80,80,80,80,80],"card_choices":[{"not_picked":["Flame Barrier","Clothesline"],"picked":"SKIP","floor":1},{"not_picked":["Redo"],"picked":"Go for the Eyes","floor":2},{"not_picked":["Coolheaded","Iron Wave"],"picked":"SKIP","floor":3},{"not_picked":["Cold Snap","Dual Wield"],"picked":"SKIP","floor":4},{"not_picked":["True Grit","Rebound"],"picked":"SKIP","floor":7},{"not_picked":["Uppercut"],"picked":"Seeing Red","floor":8},{"not_picked":["Sentinel","Rampage"],"picked":"SKIP","floor":12}],"player_experience":1166177,"relics_obtained":[{"floor":7,"key":"Kunai"},{"floor":9,"key":"Matryoshka"}],"event_choices":[{"damage_healed":0,"gold_gain":75,"player_choice":"Gold","damage_taken":11,"max_hp_gain":0,"max_hp_loss":0,"event_name":"betterThird:BetterGoop","floor":14,"gold_loss":0}],"is_beta":false,"boss_relics":[],"items_purged_floors":[],"is_endless":false,"potions_floor_spawned":[1,2,4],"killed_by":"Slime Boss","ascension_level":0}}