{"host":"vqgrg90fv56geajp","time":1612259214,"event":{"mods":["BaseMod","Colored Map","Colored Powertips","Minty Spire (QoL Compilation)","Quick Restart","Rare Cards Sparkle","Relic Stats"],"gold_per_floor":[115,128,50,60,60,60,96,96,96,123,123,123],"floor_reached":11,"language":"ENG","playtime":467,"items_purged":[],"score":142,"play_id":"45009005-f4ec-4508-81f4-e62eb08c7379","local_time":"20210202114654","is_ascension_mode":true,"campfire_choices":[{"data":"A Thousand Cuts","floor":6,"key":"SMITH"},{"floor":8,"key":"REST"}],"circlet_count":0,"master_deck":["AscendersBane","Strike_G","Strike_G","Strike_G","Strike_G","Strike_G","Defend_G","Defend_G","Defend_G","Defend_G","Defend_G","Survivor","Neutralize","Blade Dance","Blade Dance","Accuracy","A Thousand Cuts+1","Injury","Corpse Explosion"],"relics":["Ring of the Snake","Golden Idol","White Beast Statue","Centennial Puzzle"],"acts_visited":["Exordium"],"potions_floor_usage":[11],"damage_taken":[{"damage":9,"enemies":"Cultist","floor":1,"turns":5},{"damage":8,"enemies":"Jaw Worm","floor":2,"turns":6},{"damage":3,"enemies":"2 Louse","floor":4,"turns":3},{"damage":34,"enemies":"3 Sentries","floor":7,"turns":9},{"damage":39,"enemies":"Gremlin Nob","floor":11,"turns":3}],"seed_played":"-3310509201307198802","potions_obtained":[{"floor":7,"key":"Explosive Potion"}],"is_trial":false,"path_per_floor":["M","M","$","M","?","R","E","R","T","T","E"],"character_chosen":"THE_SILENT","items_purchased":["Accuracy"],"campfire_rested":1,"item_purchase_floors":[3],"current_hp_per_floor":[56,48,48,45,45,45,11,32,32,32,0,0],"gold":123,"neow_bonus":"TEN_PERCENT_HP_BONUS","is_daily":false,"chose_seed":false,"campfire_upgraded":1,"win_rate":0.0,"timestamp":1612259214,"path_taken":["M","M","?","M","?","R","E","R","T","?","E"],"items_purchased_type":["Card"],"build_version":"2020-12-22","purchased_purges":0,"victory":false,"max_hp_per_floor":[72,72,72,72,72,72,72,72,72,72,72,72],"relic_stats":{"Centennial Puzzle":[3],"counters":[5,26],"Golden Idol":7,"obtain_stats":[{"Centennial Puzzle":10,"Golden Idol":5,"White Beast Statue":7,"Ring of the Snake":0},{"Centennial Puzzle":4,"Golden Idol":3,"White Beast Statue":4,"Ring of the Snake":0},{"Centennial Puzzle":23,"Golden Idol":14,"White Beast Statue":23,"Ring of the Snake":0}],"Ring of the Snake":[10]},"card_choices":[{"not_picked":["Dodge and Roll","Deflect"],"picked":"Blade Dance","floor":1},{"not_picked":["Backflip","Flying Knee"],"picked":"Blade Dance","floor":2},{"not_picked":["Prepared","Dodge and Roll"],"picked":"A Thousand Cuts","floor":4},{"not_picked":["Outmaneuver","All Out Attack"],"picked":"Corpse Explosion","floor":7}],"player_experience":2540186,"relics_obtained":[{"floor":7,"key":"White Beast Statue"},{"floor":10,"key":"Centennial Puzzle"}],"event_choices":[{"damage_healed":0,"gold_gain":0,"player_choice":"Take Wound","damage_taken":0,"relics_obtained":["Golden Idol"],"max_hp_gain":0,"max_hp_loss":0,"event_name":"Golden Idol","floor":5,"gold_loss":0,"cards_obtained":["Injury"]}],"is_beta":false,"boss_relics":[],"items_purged_floors":[],"is_endless":false,"potions_floor_spawned":[7],"killed_by":"Gremlin Nob","ascension_level":20}}