{"host":"sv0b252yhyqedn0i","time":1612270131,"event":{"mods":["BaseMod","Colored Map","DeckTracker","MarisaÅiñ∂âJÅ@ñÇóùçπÅj","Minty Spire (QoL Compilation)","StSLib"],"gold_per_floor":[115,190,190,203,56,83,83,103,103,103,51,79,107,135,135,135,135],"floor_reached":16,"language":"JPN","playtime":471,"items_purged":[],"score":169,"play_id":"682dc231-36e6-42bc-9edf-9972b0afcb2e","local_time":"20210202214851","is_ascension_mode":true,"campfire_choices":[{"data":"ShootingEcho","floor":7.0,"key":"SMITH"},{"data":"AsteroidBelt","floor":10.0,"key":"SMITH"},{"data":"StarDustReverie","floor":15.0,"key":"SMITH"}],"circlet_count":0,"master_deck":["Strike_MRS","Strike_MRS","Strike_MRS","Strike_MRS","Defend_MRS","Defend_MRS","Defend_MRS","Defend_MRS","MasterSpark","UpSweep","ShootingEcho+1","SporeBomb","WitchLeyline","AsteroidBelt+1","WitchOfGreed","StarDustReverie+1","EarthLightRay","PulseMagic"],"relics":["MiniHakkero","NeowsBlessing","Oddly Smooth Stone","Darkstone Periapt","Ornamental Fan","Peace Pipe"],"acts_visited":["Exordium"],"potions_floor_usage":[],"damage_taken":[{"damage":0.0,"enemies":"Small Slimes","floor":1.0,"turns":1.0},{"damage":0.0,"enemies":"Jaw Worm","floor":4.0,"turns":1.0},{"damage":0.0,"enemies":"Gremlin Nob","floor":6.0,"turns":1.0},{"damage":2.0,"enemies":"Cultist","floor":8.0,"turns":3.0},{"damage":5.0,"enemies":"Gremlin Gang","floor":12.0,"turns":6.0},{"damage":8.0,"enemies":"Lagavulin","floor":13.0,"turns":4.0},{"damage":0.0,"enemies":"Exordium Thugs","floor":14.0,"turns":4.0},{"damage":0,"enemies":"The Guardian","floor":16,"turns":1}],"seed_played":"4306213190934754591","potions_obtained":[{"floor":4.0,"key":"Ancient Potion"},{"floor":6.0,"key":"Swift Potion"},{"floor":12.0,"key":"LiquidMemories"}],"is_trial":false,"path_per_floor":["M","?","?","M","$","E","R","M","T","R","$","M","E","M","R","B"],"character_chosen":"MARISA","items_purchased":["Oddly Smooth Stone","WitchOfGreed"],"campfire_rested":0,"item_purchase_floors":[5,11],"current_hp_per_floor":[75,64,69,69,69,69,69,67,67,67,67,62,54,58,58,58,58],"gold":135,"neow_bonus":"THREE_ENEMY_KILL","is_daily":false,"chose_seed":false,"campfire_upgraded":3,"win_rate":0.0,"timestamp":1612270131,"path_taken":["M","?","?","M","?","E","R","M","T","R","$","M","E","M","R","BOSS"],"items_purchased_type":["Relic","Card"],"build_version":"2020-12-22","purchased_purges":0,"victory":false,"max_hp_per_floor":[75,75,80,80,80,80,80,80,80,80,80,80,80,80,80,80,80],"card_choices":[{"not_picked":["SporeBomb","PowerUp"],"picked":"ShootingEcho","floor":1.0},{"not_picked":["MysteriousBeam","DoubleSpark"],"picked":"SporeBomb","floor":4.0},{"not_picked":["GalacticHalo","LuminesStrike"],"picked":"WitchLeyline","floor":6.0},{"not_picked":["StarBarrage","ShootTheMoon"],"picked":"AsteroidBelt","floor":8.0},{"not_picked":["SporeBomb","DoubleSpark"],"picked":"StarDustReverie","floor":12.0},{"not_picked":["LuminesStrike","StarBarrage"],"picked":"EarthLightRay","floor":13.0},{"not_picked":["GrandCross","IllusionStar"],"picked":"PulseMagic","floor":14.0}],"player_experience":490294,"relics_obtained":[{"floor":6.0,"key":"Darkstone Periapt"},{"floor":9.0,"key":"Ornamental Fan"},{"floor":13.0,"key":"Peace Pipe"}],"event_choices":[{"damage_healed":0.0,"max_hp_gain":0.0,"max_hp_loss":0.0,"gold_gain":75.0,"event_name":"World of Goop","player_choice":"Gather Gold","floor":2.0,"gold_loss":0.0,"damage_taken":11.0},{"damage_healed":0.0,"max_hp_gain":5.0,"max_hp_loss":0.0,"gold_gain":0.0,"event_name":"Big Fish","player_choice":"Donut","floor":3.0,"gold_loss":0.0,"damage_taken":0.0}],"is_beta":false,"boss_relics":[],"items_purged_floors":[],"is_endless":false,"potions_floor_spawned":[4,6,12],"killed_by":"The Guardian","ascension_level":5}}