{"host":"4gr5irrdjh39ysed","time":1612236101,"event":{"mods":["AchievementEnabler","BaseMod","Colored Map","Downfall","Hermit","Minty Spire (QoL Compilation)","Random Character Button","StSLib","The Construct","The Cursed","The Disciple","The Hierophant","The Mystic","The Necromancer","The Runesmith"],"gold_per_floor":[199,219,219,229,67,77,148,165,25,44,70,32,62,62,78,182,182,82,99,199,70,89,229,279,289,303,303,334,234,234,247,259,357,357,257,272,74,90,90,90,115,150,150,161,187,187,205,216,233,233,233,260,59,59,59,59],"floor_reached":57,"language":"ENG","playtime":6191,"items_purged":["Guardian:Defend_Guardian","Guardian:Defend_Guardian","Guardian:Strike_Guardian"],"score":1370,"play_id":"a996465a-bdbc-4082-a754-5ccb68073067","local_time":"20210201202141","is_ascension_mode":true,"campfire_choices":[{"floor":1,"key":"RECALL"},{"data":"Guardian:FierceBash","floor":18,"key":"SMITH"},{"data":"Guardian:PrismaticBeam","floor":29,"key":"SMITH"},{"data":"Guardian:BaubleBeam","floor":35,"key":"SMITH"},{"data":"Guardian:StasisStrike","floor":40,"key":"SMITH"},{"data":"Guardian:StasisField","floor":43,"key":"SMITH"},{"data":"Guardian:TwinSlam","floor":46,"key":"SMITH"},{"data":"Guardian:BronzeOrb","floor":54,"key":"SMITH"}],"circlet_count":0,"master_deck":["Guardian:Strike_Guardian","Guardian:Strike_Guardian","Guardian:CurlUp","Guardian:TwinSlam+1","Guardian:Planning","Guardian:RollAttack","Guardian:Orbwalk","Guardian:RefractedBeam","Guardian:WalkerClaw","Guardian:SpikerProtocol+1","Guardian:BronzeOrb+1","Guardian:Incinerate","Guardian:Planning","Guardian:FierceBash+1","Guardian:Suspension","Guardian:Preprogram","Guardian:PolyBeam","Guardian:BaubleBeam+1","Guardian:BronzeOrb+1","Guardian:WalkerClaw","Dramatic Entrance","Guardian:TimeSifter+1","Guardian:TimeCapacitor+1","Guardian:PrismaticBeam+1","Guardian:Reroute+1","Guardian:TimeSifter+1","Guardian:StasisStrike+1","Guardian:StasisField+1","Guardian:FloatingOrbs+1","Guardian:FastForward","Guardian:TemporalStrike+1","Guardian:AncientConstruct+1","Parasite","Guardian:BodySlam+1","Guardian:RevengeProtocol+1","Guardian:BodySlam","Guardian:Orbwalk+1","expansioncontent:Hexaburn+1"],"relics":["Guardian:ModeShifterPlus","Frozen Egg 2","Meat on the Bone","Regal Pillow","downfall:ShatteredFragment","Empty Cage","downfall:HeartBlessingRed","Strange Spoon","StoneCalendar","downfall:HeartBlessingGreen","downfall:HeartBlessingBlue","Bag of Preparation","Runesmith:AutoHammer","Juzu Bracelet","TungstenRod"],"acts_visited":["Exordium","TheCity","TheBeyond","TheEnding"],"potions_floor_usage":[16,20,20,26,49,50,50],"damage_taken":[{"damage":6,"enemies":"Jaw Worm","floor":2,"turns":4},{"damage":10,"enemies":"Cultist","floor":4,"turns":4},{"damage":10,"enemies":"downfall:FleeingMerchant","floor":5,"turns":4},{"damage":6,"enemies":"2 Louse","floor":6,"turns":3},{"damage":20,"enemies":"Exordium Thugs","floor":8,"turns":5},{"damage":5,"enemies":"downfall:FleeingMerchant","floor":9,"turns":4},{"damage":12,"enemies":"Blue Slaver","floor":10,"turns":3},{"damage":15,"enemies":"Gremlin Nob","floor":11,"turns":4},{"damage":20,"enemies":"downfall:FleeingMerchant","floor":12,"turns":4},{"damage":18,"enemies":"Lagavulin","floor":13,"turns":5},{"damage":1,"enemies":"2 Fungi Beasts","floor":15,"turns":2},{"damage":20,"enemies":"WA_ARCHETYPE_RETAIN","floor":16,"turns":5},{"damage":22,"enemies":"3 Byrds","floor":19,"turns":4},{"damage":28,"enemies":"downfall:LadyInBlue","floor":20,"turns":7},{"damage":25,"enemies":"downfall:FleeingMerchant","floor":21,"turns":4},{"damage":17,"enemies":"Snake Plant","floor":22,"turns":3},{"damage":0,"enemies":"downfall:FleeingMerchant","floor":23,"turns":1},{"damage":8,"enemies":"Centurion and Healer","floor":25,"turns":3},{"damage":10,"enemies":"Sentry and Sphere","floor":26,"turns":4},{"damage":19,"enemies":"Book of Stabbing","floor":28,"turns":4},{"damage":18,"enemies":"Snake Plant","floor":31,"turns":4},{"damage":15,"enemies":"Snecko","floor":32,"turns":3},{"damage":42,"enemies":"SI_MIRROR_ARCHETYPE","floor":33,"turns":7},{"damage":18,"enemies":"3 Shapes","floor":36,"turns":4},{"damage":2,"enemies":"3 Darklings","floor":38,"turns":4},{"damage":44,"enemies":"Reptomancer","floor":42,"turns":5},{"damage":0,"enemies":"Transient","floor":44,"turns":5},{"damage":0,"enemies":"Nemesis","floor":45,"turns":5},{"damage":0,"enemies":"Writhing Mass","floor":47,"turns":4},{"damage":5,"enemies":"Maw","floor":48,"turns":7},{"damage":0,"enemies":"Spire Growth","floor":49,"turns":3},{"damage":91,"enemies":"DF_ARCHETYPE_ORBS","floor":50,"turns":9},{"damage":180,"enemies":"downfall:CharBossMerchant","floor":52,"turns":10},{"damage":54,"enemies":"downfall:NeowBoss","floor":55,"turns":13},{"damage":287,"enemies":"downfall:NeowBossFinal","floor":56,"turns":9}],"seed_played":"3532165926421096357","potions_obtained":[{"floor":2,"key":"Slimebound:ThreeZeroPotion"},{"floor":3,"key":"Swift Potion"},{"floor":3,"key":"EssenceOfSteel"},{"floor":13,"key":"LiquidMemories"},{"floor":16,"key":"Block Potion"},{"floor":20,"key":"Fire Potion"},{"floor":20,"key":"Ancient Potion"},{"floor":20,"key":"Regen Potion"},{"floor":23,"key":"Ancient Potion"},{"floor":26,"key":"construct:ShiftPotion"},{"floor":38,"key":"Guardian:StasisDiscoveryPotion"}],"is_trial":false,"path_per_floor":["R","M","?","M","$","M","T","M","$","M","E","$","E","?","M","B",null,"R","M","?","$","M","$","T","M","M","?","E","R","?","M","M","B",null,"R","M","$","M","?","R","T","E","R","M","E","R","M","M","M","B",null,"E","$","R","B","B",null],"character_chosen":"GUARDIAN","items_purchased":["Guardian:RefractedBeam","Guardian:Incinerate","Guardian:Suspension","Guardian:WalkerClaw","Dramatic Entrance","Guardian:TimeSifter+1","Strange Spoon","Guardian:StasisField","Guardian:BodySlam","Guardian:Orbwalk+1","expansioncontent:Hexaburn"],"campfire_rested":0,"item_purchase_floors":[5,9,12,21,21,23,23,37,53,53,53],"current_hp_per_floor":[2080,2074,2074,2064,2054,2048,2048,2028,2023,2011,1996,1976,1958,1934,1933,1913,2080,2080,2058,2030,2005,1988,1988,1988,1980,1970,1970,1951,1951,1951,1933,1918,1876,2080,2090,2072,2072,2070,2070,2070,2070,2026,2026,2026,2026,2026,2026,2021,2021,1930,2090,1910,1910,1910,1856,1569],"gold":59,"neow_bonus":"HUNDRED_GOLD","is_daily":false,"chose_seed":false,"campfire_upgraded":7,"win_rate":0.0,"timestamp":1612236101,"path_taken":["R","M","?","M","?","M","T","?","$","M","E","$","E","?","M","BOSS","R","M","?","$","M","?","T","M","M","?","E","R","?","M","M","BOSS","R","M","$","M","?","R","T","E","R","M","E","R","M","M","M","BOSS","E","$","R","BOSS","BOSS"],"items_purchased_type":["Card","Card","Card","Card","Card","Card","Relic","Card","Card","Card","Card"],"build_version":"2020-12-22","purchased_purges":3,"victory":true,"max_hp_per_floor":[2080,2080,2080,2080,2080,2080,2080,2080,2080,2080,2080,2080,2080,2080,2080,2080,2080,2080,2080,2080,2080,2080,2080,2080,2080,2080,2080,2080,2080,2080,2080,2080,2080,2080,2090,2090,2090,2090,2090,2090,2090,2090,2090,2090,2090,2090,2090,2090,2090,2090,2090,2090,2090,2090,2090,2090],"card_choices":[{"not_picked":["Guardian:Emergency","Guardian:TemporalShield"],"picked":"Guardian:Planning","floor":2},{"not_picked":["Guardian:PrismaticBarrier","Guardian:Suspension"],"picked":"Guardian:RollAttack","floor":4},{"not_picked":["Guardian:EvasiveProtocol","Guardian:GuardianWhirl"],"picked":"Guardian:Orbwalk","floor":5},{"not_picked":["Guardian:TemporalShield","Guardian:Gem_Blue"],"picked":"Guardian:WalkerClaw","floor":6},{"not_picked":["Guardian:ShieldCharger","Guardian:DecasProtection"],"picked":"Guardian:SpikerProtocol+1","floor":8},{"not_picked":["Guardian:CrystalBeam","Guardian:Incinerate"],"picked":"Guardian:BronzeOrb","floor":9},{"not_picked":["Guardian:Reroute","Guardian:DonusPower"],"picked":"Guardian:Gem_Crimson","floor":10},{"not_picked":["Guardian:TemporalShield","Guardian:SpikerProtocol+1"],"picked":"Guardian:Planning","floor":11},{"not_picked":["Guardian:ShieldCharger","Guardian:TemporalStrike"],"picked":"Guardian:FierceBash","floor":12},{"not_picked":["Guardian:BronzeArmor","Guardian:ShieldCharger"],"picked":"Guardian:Preprogram","floor":13},{"not_picked":["Guardian:Harden","Guardian:VentSteam"],"picked":"Guardian:PolyBeam","floor":15},{"not_picked":["Guardian:HyperBeam_Guardian","Guardian:FierceBash"],"picked":"Guardian:BaubleBeam","floor":16},{"not_picked":["Guardian:Reroute","Guardian:Gem_Blue"],"picked":"Guardian:BronzeOrb+1","floor":19},{"not_picked":["Guardian:TemporalStrike","Guardian:Emergency"],"picked":"Guardian:Gem_Red","floor":20},{"not_picked":["Guardian:Suspension","Guardian:DecasProtection"],"picked":"Guardian:Gem_Cyan","floor":21},{"not_picked":["Guardian:TimeBomb","Guardian:TemporalStrike"],"picked":"Guardian:Gem_Crimson","floor":22},{"not_picked":["Guardian:VentSteam","Guardian:PrimingBeam","Guardian:Suspension"],"picked":"SKIP","floor":23},{"not_picked":["Guardian:PrismaticBeam","Guardian:ShieldCharger"],"picked":"Guardian:Gem_Green","floor":25},{"not_picked":["Guardian:PiercingHide","Guardian:SpikerProtocol+1"],"picked":"Guardian:TimeCapacitor+1","floor":26},{"not_picked":["Guardian:Planning","Guardian:ShieldCharger"],"picked":"Guardian:PrismaticBeam","floor":28},{"not_picked":["Guardian:Harden","Guardian:ArmoredProtocol+1"],"picked":"Guardian:Reroute+1","floor":31},{"not_picked":["Guardian:Gem_Green","Guardian:Incinerate"],"picked":"Guardian:TimeSifter+1","floor":32},{"not_picked":["Guardian:StasisField","Guardian:GatlingBeam"],"picked":"Guardian:StasisStrike","floor":33},{"not_picked":["Guardian:Recover+1","Guardian:VentSteam+1"],"picked":"Guardian:Gem_Cyan","floor":36},{"not_picked":["Guardian:Reroute","Guardian:GuardianWhirl"],"picked":"Guardian:FloatingOrbs+1","floor":38},{"not_picked":["Guardian:Gem_Yellow","Guardian:TemporalShield"],"picked":"Guardian:TemporalStrike+1","floor":42},{"not_picked":["Guardian:CrystalBeam+1","Guardian:Orbwalk+1"],"picked":"Guardian:Gem_Cyan","floor":44},{"not_picked":["Guardian:TimeCapacitor+1","Guardian:SentryBeam+1"],"picked":"Guardian:AncientConstruct+1","floor":45},{"not_picked":["Guardian:Reroute","Guardian:Incinerate+1"],"picked":"Guardian:Gem_Green","floor":47},{"not_picked":["Guardian:DonusPower","Guardian:PolyBeam"],"picked":"Guardian:BodySlam+1","floor":48},{"not_picked":["Guardian:Suspension+1","Guardian:Gem_Cyan","Guardian:ChargeCore"],"picked":"SKIP","floor":49},{"not_picked":["Guardian:VentSteam","Guardian:PiercingHide+1"],"picked":"Guardian:RevengeProtocol+1","floor":52}],"player_experience":284813,"relics_obtained":[{"floor":7,"key":"Frozen Egg 2"},{"floor":11,"key":"Meat on the Bone"},{"floor":13,"key":"Regal Pillow"},{"floor":20,"key":"White Beast Statue"},{"floor":28,"key":"StoneCalendar"},{"floor":41,"key":"Bag of Preparation"},{"floor":42,"key":"Runesmith:AutoHammer"},{"floor":45,"key":"Juzu Bracelet"},{"floor":52,"key":"TungstenRod"}],"event_choices":[{"damage_healed":0,"gold_gain":0,"player_choice":"Got Potions","damage_taken":0,"max_hp_gain":0,"max_hp_loss":0,"event_name":"Lab","floor":3,"gold_loss":0},{"damage_healed":0,"gold_gain":0,"player_choice":"Ignored","damage_taken":0,"max_hp_gain":0,"max_hp_loss":0,"event_name":"Vampires","floor":27,"gold_loss":0}],"is_beta":false,"boss_relics":[{"not_picked":["SacredBark","Cursed Key"],"picked":"Empty Cage"},{"not_picked":["Velvet Choker","Tiny House"],"picked":"Guardian:ModeShifterPlus"}],"items_purged_floors":[5,9,37],"is_endless":false,"potions_floor_spawned":[2,6,8,13,16,20,21,22,23,25,26,28,31,32,33,36,38,42,45],"ascension_level":1}}