{"host":"utqe55yv0jihe4d6","time":1612309532,"event":{"mods":["2.2 Compatiblity","AchievementEnabler","BaseMod","Block Reminder","Colored Map","Colored Powertips","Minty Spire (QoL Compilation)","Quick Restart","Rare Cards Sparkle","Relic Stats","SuperFastMode"],"gold_per_floor":[119,119,138,63,7,42,42,55,55,68,97,97,125,139,139,216,216,232,232,209,6,6,34,34,49,49,49,49],"floor_reached":27,"language":"ENG","playtime":821,"items_purged":["Strike_R"],"score":502,"play_id":"ecc69597-b349-4c30-9aae-60e570296c38","local_time":"20210202184532","is_ascension_mode":true,"campfire_choices":[{"floor":7,"key":"REST"},{"data":"Whirlwind","floor":12,"key":"SMITH"},{"data":"Bash","floor":15,"key":"SMITH"},{"data":"Inflame","floor":24,"key":"SMITH"}],"circlet_count":0,"master_deck":["AscendersBane","Strike_R","Strike_R","Strike_R","Strike_R","Defend_R","Defend_R","Defend_R","Defend_R","Bash+1","Wild Strike","Anger","Dropkick","Power Through","Shrug It Off","Whirlwind+1","Carnage","Rage","Impervious","Inflame+1","RitualDagger","Flame Barrier"],"relics":["Black Blood","Mercury Hourglass","Letter Opener","Lizard Tail","Magic Flower","Membership Card","Bag of Preparation","Toy Ornithopter"],"acts_visited":["Exordium","TheCity"],"potions_floor_usage":[6,6,13,18,23,25,27],"damage_taken":[{"damage":7,"enemies":"2 Louse","floor":1,"turns":4},{"damage":11,"enemies":"Jaw Worm","floor":3,"turns":3},{"damage":63,"enemies":"3 Sentries","floor":6,"turns":12},{"damage":0,"enemies":"Small Slimes","floor":8,"turns":2},{"damage":0,"enemies":"Red Slaver","floor":10,"turns":2},{"damage":37,"enemies":"Lagavulin","floor":11,"turns":6},{"damage":7,"enemies":"3 Sentries","floor":13,"turns":5},{"damage":16,"enemies":"Exordium Thugs","floor":14,"turns":4},{"damage":61,"enemies":"The Guardian","floor":16,"turns":11},{"damage":29,"enemies":"Shell Parasite","floor":18,"turns":7},{"damage":14,"enemies":"2 Thieves","floor":20,"turns":4},{"damage":72,"enemies":"Gremlin Leader","floor":23,"turns":9},{"damage":35,"enemies":"Snake Plant","floor":25,"turns":5},{"damage":30,"enemies":"Slavers","floor":27,"turns":3}],"seed_played":"-32986736658443634","potions_obtained":[{"floor":1,"key":"Block Potion"},{"floor":10,"key":"Dexterity Potion"},{"floor":11,"key":"FearPotion"},{"floor":16,"key":"Block Potion"},{"floor":20,"key":"Strength Potion"},{"floor":23,"key":"ElixirPotion"}],"is_trial":false,"path_per_floor":["M","?","M","?","$","E","R","M","T","M","E","R","E","M","R","B",null,"M","?","M","$","?","E","R","M","T","E"],"character_chosen":"IRONCLAD","items_purchased":["Block Potion","Membership Card"],"campfire_rested":1,"item_purchase_floors":[5,21],"current_hp_per_floor":[67,72,67,67,67,10,34,40,40,46,15,15,14,69,69,17,64,53,47,51,51,90,36,36,19,19,0,0],"gold":49,"neow_bonus":"RANDOM_COLORLESS_2","is_daily":false,"chose_seed":false,"campfire_upgraded":3,"win_rate":0.0,"timestamp":1612309532,"path_taken":["M","?","M","?","?","E","R","M","T","M","E","R","E","M","R","BOSS","M","?","M","$","?","E","R","?","T","E"],"items_purchased_type":["Potion","Relic"],"build_version":"2020-12-22","purchased_purges":1,"victory":false,"max_hp_per_floor":[75,80,80,80,80,80,80,80,80,80,80,80,80,80,80,80,80,80,80,80,80,90,90,90,90,90,90,90],"relic_stats":{"Lizard Tail":60,"counters":[14,77],"Black Blood":132,"Magic Flower":[53],"Bag of Preparation":[4],"Letter Opener":[7],"obtain_stats":[{"Lizard Tail":11,"Magic Flower":13,"Black Blood":17,"Bag of Preparation":23,"Letter Opener":9,"Membership Card":21,"Burning Blood":0,"Toy Ornithopter":26,"Mercury Hourglass":6},{"Lizard Tail":6,"Magic Flower":7,"Black Blood":9,"Bag of Preparation":12,"Letter Opener":4,"Membership Card":11,"Burning Blood":0,"Toy Ornithopter":13,"Mercury Hourglass":3},{"Lizard Tail":29,"Magic Flower":34,"Black Blood":49,"Bag of Preparation":69,"Letter Opener":21,"Membership Card":60,"Burning Blood":0,"Toy Ornithopter":74,"Mercury Hourglass":19}],"Toy Ornithopter":8,"Mercury Hourglass":[228]},"card_choices":[{"not_picked":["Thinking Ahead","Metamorphosis"],"picked":"Violence","floor":0},{"not_picked":["Shrug It Off","Ghostly Armor"],"picked":"Wild Strike","floor":1},{"not_picked":["Reckless Charge","Body Slam"],"picked":"Anger","floor":3},{"not_picked":["Thunderclap","Armaments"],"picked":"Dropkick","floor":6},{"not_picked":["Iron Wave","Armaments"],"picked":"Power Through","floor":8},{"not_picked":["Body Slam","Warcry"],"picked":"Shrug It Off","floor":10},{"not_picked":["Dark Embrace","Warcry"],"picked":"Whirlwind","floor":11},{"not_picked":["Infernal Blade","Flex"],"picked":"Carnage","floor":13},{"not_picked":["Pommel Strike","Iron Wave"],"picked":"Rage","floor":14},{"not_picked":["Juggernaut","Berserk"],"picked":"Impervious","floor":16},{"not_picked":["Warcry","Headbutt"],"picked":"Inflame","floor":18},{"not_picked":["Entrench","Headbutt"],"picked":"Flame Barrier","floor":20},{"not_picked":["Wild Strike+1","Heavy Blade","Armaments"],"picked":"SKIP","floor":23},{"not_picked":["Blood for Blood","Flex","Anger"],"picked":"SKIP","floor":25}],"player_experience":2991525,"relics_obtained":[{"floor":6,"key":"Mercury Hourglass"},{"floor":9,"key":"Letter Opener"},{"floor":11,"key":"Lizard Tail"},{"floor":13,"key":"Magic Flower"},{"floor":23,"key":"Bag of Preparation"},{"floor":26,"key":"Toy Ornithopter"}],"event_choices":[{"damage_healed":0,"gold_gain":0,"player_choice":"Donut","damage_taken":0,"max_hp_gain":5,"max_hp_loss":0,"event_name":"Big Fish","floor":2,"gold_loss":0},{"cards_removed":["Decay"],"damage_healed":0,"gold_gain":0,"player_choice":"Card Removal","damage_taken":0,"max_hp_gain":0,"max_hp_loss":0,"event_name":"The Cleric","floor":4,"gold_loss":75},{"damage_healed":0,"gold_gain":0,"player_choice":"Joined the Cult","damage_taken":6,"max_hp_gain":0,"max_hp_loss":0,"event_name":"Nest","floor":19,"gold_loss":0,"cards_obtained":["RitualDagger"]},{"cards_removed":["Violence"],"damage_healed":29,"gold_gain":0,"player_choice":"Offered Rare","damage_taken":0,"max_hp_gain":10,"max_hp_loss":0,"event_name":"Bonfire Elementals","floor":22,"gold_loss":0}],"is_beta":false,"boss_relics":[{"not_picked":["SacredBark","Velvet Choker"],"picked":"Black Blood"}],"items_purged_floors":[21],"is_endless":false,"potions_floor_spawned":[1,10,11,16,20,23],"killed_by":"Slavers","ascension_level":20}}