{"host":"g","time":1612237095,"event":{"mods":["BaseMod","Bestiary","Block Reminder","Colored Powertips","Curses Come First","Highlight Path","Minty Spire (QoL Compilation)","Quick Restart","Relic Filter Mod","Relic Stats","StSLib","The Dragon Tamer","The Marked","everything is the same but u backflip on backflip"],"gold_per_floor":[110,129,142,217,45,45,80,27,27,40,53,88,88,99,99,176,176,195,211,69,69,87,121,121,121,170,170,184,184,184],"floor_reached":29,"language":"ENG","playtime":1953,"items_purged":["Strike_G","Strike_G"],"score":635,"play_id":"2f04daee-3c0b-475a-8a61-3ea9513d9730","local_time":"20210201203815","is_ascension_mode":true,"campfire_choices":[{"data":"Infinite Blades","floor":6,"key":"SMITH"},{"data":"Footwork","floor":13,"key":"SMITH"},{"data":"Neutralize","floor":15,"key":"SMITH"},{"data":"Corpse Explosion","floor":24,"key":"SMITH"},{"floor":27,"key":"REST"}],"circlet_count":0,"master_deck":["AscendersBane","Defend_G","Defend_G","Defend_G","Defend_G","Defend_G","Survivor","Neutralize+1","Sucker Punch","Terror","Predator","Infinite Blades+1","Infinite Blades","Footwork+1","Dash","Acrobatics","After Image","Corpse Explosion+1","Predator","Flechettes","All Out Attack","Bite","Bite","Bite","Bite","Bite","Deflect","Dodge and Roll","Decay","Venomology"],"relics":["Ring of the Serpent","The Specimen","Thread and Needle","Blue Candle","Smiling Mask","Pen Nib"],"acts_visited":["Exordium","TheCity"],"potions_floor_usage":[7,7,12,18,19,23],"damage_taken":[{"damage":11.0,"enemies":"Jaw Worm","floor":1.0,"turns":8.0},{"damage":0.0,"enemies":"2 Louse","floor":2.0,"turns":3.0},{"damage":3,"enemies":"Small Slimes","floor":3,"turns":5},{"damage":0,"enemies":"3 Sentries","floor":7,"turns":8},{"damage":3,"enemies":"3 Louse","floor":10,"turns":5},{"damage":9,"enemies":"Large Slime","floor":11,"turns":4},{"damage":0,"enemies":"Lagavulin","floor":12,"turns":8},{"damage":3,"enemies":"2 Fungi Beasts","floor":14,"turns":4},{"damage":5,"enemies":"The Guardian","floor":16,"turns":12},{"damage":16,"enemies":"2 Thieves","floor":18,"turns":4},{"damage":0,"enemies":"Spheric Guardian","floor":19,"turns":8},{"damage":7,"enemies":"Snecko","floor":22,"turns":7},{"damage":45,"enemies":"Gremlin Leader","floor":23,"turns":8},{"damage":34,"enemies":"Cultist and Chosen","floor":28,"turns":6},{"damage":3,"enemies":"Snake Plant","floor":29,"turns":2}],"seed_played":"-4013739711978377374","potions_obtained":[{"floor":2.0,"key":"BlessingOfTheForge"},{"floor":10,"key":"EssenceOfSteel"},{"floor":12,"key":"SpeedPotion"},{"floor":18,"key":"Strength Potion"}],"is_trial":false,"path_per_floor":["M","M","M","?","$","R","E","$","T","M","M","E","R","M","R","B",null,"M","M","$","?","M","E","R","?","T","R","M","M"],"character_chosen":"THE_SILENT","items_purchased":["Infinite Blades","AttackPotion","Poison Potion","All Out Attack"],"campfire_rested":1,"item_purchase_floors":[5,5,8,20],"current_hp_per_floor":[54,54,51,40,40,40,40,40,40,37,28,28,28,25,25,20,59,43,43,43,43,50,15,15,15,15,30,2,0,0],"gold":184,"neow_bonus":"TEN_PERCENT_HP_BONUS","is_daily":false,"chose_seed":false,"campfire_upgraded":4,"win_rate":0.0,"timestamp":1612237095,"path_taken":["M","M","M","?","$","R","E","$","T","M","M","E","R","M","R","BOSS","M","M","$","?","M","E","R","?","T","R","M","M"],"items_purchased_type":["Card","Potion","Potion","Card"],"build_version":"2020-12-18","purchased_purges":2,"victory":false,"max_hp_per_floor":[72,72,72,72,72,72,72,72,72,72,72,72,72,72,72,72,72,72,72,72,50,50,50,50,50,50,50,50,50,50],"relic_stats":{"counters":[15,92],"Blue Candle":[0],"Pen Nib":[1],"Smiling Mask":0,"obtain_stats":[{"The Specimen":7,"Blue Candle":12,"Thread and Needle":9,"Pen Nib":26,"Smiling Mask":23,"Ring of the Serpent":17,"Ring of the Snake":0},{"The Specimen":4,"Blue Candle":7,"Thread and Needle":4,"Pen Nib":13,"Smiling Mask":13,"Ring of the Serpent":9,"Ring of the Snake":0},{"The Specimen":24,"Blue Candle":41,"Thread and Needle":24,"Pen Nib":84,"Smiling Mask":84,"Ring of the Serpent":57,"Ring of the Snake":0}]},"card_choices":[{"not_picked":["Prepared","Backflip"],"picked":"Sucker Punch","floor":1.0},{"not_picked":["Flechettes","Blade Dance"],"picked":"Terror","floor":2.0},{"not_picked":["Dagger Spray","Bane"],"picked":"Predator","floor":3},{"not_picked":["Bane","Expertise"],"picked":"Infinite Blades","floor":7},{"not_picked":["Doppelganger","PiercingWail"],"picked":"Footwork","floor":10},{"not_picked":["Masterful Stab","Acrobatics"],"picked":"Dash","floor":11},{"not_picked":["Quick Slash","Sucker Punch"],"picked":"Acrobatics","floor":12},{"not_picked":["Bane","Flying Knee"],"picked":"After Image","floor":14},{"not_picked":["Unload","Die Die Die"],"picked":"Corpse Explosion","floor":16},{"not_picked":["Dagger Throw","Acrobatics"],"picked":"Predator","floor":18},{"not_picked":["Sucker Punch+1","Dagger Throw"],"picked":"Flechettes","floor":19},{"not_picked":["Deadly Poison","Dagger Spray"],"picked":"Deflect","floor":22},{"not_picked":["Poisoned Stab","Skewer"],"picked":"Dodge and Roll","floor":23},{"not_picked":["Slice","Expertise"],"picked":"Venomology","floor":28}],"player_experience":3912107,"relics_obtained":[{"floor":7,"key":"The Specimen"},{"floor":9,"key":"Thread and Needle"},{"floor":12,"key":"Blue Candle"},{"floor":23,"key":"Smiling Mask"},{"floor":26,"key":"Pen Nib"}],"event_choices":[{"damage_healed":0,"gold_gain":75,"player_choice":"Gather Gold","damage_taken":11,"max_hp_gain":0,"max_hp_loss":0,"event_name":"World of Goop","floor":4,"gold_loss":0},{"damage_healed":0,"gold_gain":0,"player_choice":"Became a vampire","damage_taken":0,"max_hp_gain":0,"max_hp_loss":22,"event_name":"Vampires","floor":21,"gold_loss":0,"cards_obtained":["Bite","Bite","Bite","Bite","Bite"]},{"damage_healed":0,"gold_gain":0,"player_choice":"Smashed Altar","damage_taken":0,"max_hp_gain":0,"max_hp_loss":0,"event_name":"Forgotten Altar","floor":25,"gold_loss":0,"cards_obtained":["Decay"]}],"is_beta":true,"boss_relics":[{"not_picked":["Pandora\u0027s Box","SlaversCollar"],"picked":"Ring of the Serpent"}],"items_purged_floors":[5,20],"is_endless":false,"potions_floor_spawned":[2,10,12,16,18],"killed_by":"Snake Plant","ascension_level":20}}