{"host":"wghdsg8ym2wc7ov9","time":1612231100,"event":{"mods":["A Penny For Your Troubles","AchievementEnabler","Astrologer","BaseMod","Beaked The Cultist","Better Altar","Better Note","ChefMod","Colored Map","Evolution","Fox Events","Hermit","Highlight Path","Jorbs\u0027s Wanderer Trilogy","KinomotoSakuraMod(????)","Minty Spire (QoL Compilation)","Random Character Button","Relic Stats","SIMod","Shop Mod","StSLib","The Blackbeard","The Bladedancer","The Construct","The Cursed","The Death Knight","The Gatherer","The Hierophant","The Marked","The Mystic","The Necromancer","The Runesmith","The Senshi","The Servant 0.9.4","Weighted Paths"],"gold_per_floor":[112,124,143,143,153,153,167,167,192,203,203,219,239,268,268,364,364,381,392,319,319,331,356,356,383,409,429,429,452,452,493,493,600,600,629,656,682,736,754,754,792,829,829,829,869,869,904,941,941,944,944,944,140,180,180,180],"floor_reached":55,"language":"ENG","playtime":8216,"items_purged":[],"score":871,"play_id":"a4e68fe2-526b-4e11-9b99-c2fe3d266b90","local_time":"20210201175820","is_ascension_mode":false,"campfire_choices":[{"data":"Thousand_Bone_Knives","floor":6.0,"key":"SMITH"},{"data":"Vampiric_Strike","floor":8.0,"key":"SMITH"},{"data":"Pandemic","floor":15.0,"key":"SMITH"},{"data":"theMarked:RogueSparks","floor":24.0,"key":"SMITH"},{"floor":28,"key":"REST"},{"floor":30,"key":"RECALL"},{"data":"Slay_Living","floor":32,"key":"SMITH"},{"data":"Skeleton_Dragon","floor":40,"key":"SMITH"},{"data":"Summon_Lich","floor":44,"key":"SMITH"},{"floor":49,"key":"REST"},{"data":"Uncharnel","floor":52,"key":"SMITH"}],"circlet_count":0,"master_deck":["Negative_Energy_Sphere","Strike_W","Strike_W","Defend_W","Defend_W+1","Defend_W","Defend_W","Negative_Energy_Arrows","Bone_Wall","Thousand_Bone_Knives+1","Negative_Energy_Shield","Vampiric_Strike+1","Toxic_Smoke_Screen","Bone_Bullets","Toxic_Smoke_Screen+1","Summon_Vampire_Lady+1","Necrotic_Claws","Pandemic+1","Exploit","Skeleton_Dragon+1","Negative_Energy_Burst+1","Spectral_Walk","theMarked:RogueSparks+1","Spectral_Armor","Slay_Living+1","Finger_Of_Death","Bone_Spikes","Bone_Armor","Consume_Illness","Summon_Death_Knight","Shackles_Of_Pain","Shade_Step+1","Bone_Bullets","Scare+1","Madness","Madness","Whirlwind_of_Bones","Bone_Bullets+1","Summon_Lich+1","Skeleton_Dragon","Necrotic_Claws","Uncharnel+1","Bone_Shift+1","Requiem","Enlightenment","Bone_Armor","Blood_for_Blood","Toxic_Smoke_Screen","Exploit","Bone_Prison"],"relics":["Vampire_Amulet","EVO:Axolotl","Pyrelight","beaked:MawFillet","Ancient Tea Set","Pantograph","CeramicFish","Runesmith:Nanobots","construct:WeddingRing","Prayer Wheel","Bird Faced Urn","Pen Nib","Bottled Flame","Chemical X","DeathKnight:PutricidesVial","MerchantsRug","Runesmith:AutoHammer"],"acts_visited":["Exordium","TheCity","TheBeyond","TheEnding"],"potions_floor_usage":[33,36,55],"damage_taken":[{"damage":0.0,"enemies":"Small Slimes","floor":1.0,"turns":3.0},{"damage":0.0,"enemies":"Cultist","floor":2.0,"turns":3.0},{"damage":0.0,"enemies":"2 Louse","floor":3.0,"turns":3.0},{"damage":4.0,"enemies":"Looter","floor":5.0,"turns":3.0},{"damage":0.0,"enemies":"Red Slaver","floor":7.0,"turns":3.0},{"damage":2.0,"enemies":"Exordium Wildlife","floor":10.0,"turns":3.0},{"damage":4.0,"enemies":"Looter","floor":12.0,"turns":2.0},{"damage":14.0,"enemies":"Lots of Slimes","floor":13.0,"turns":5.0},{"damage":30.0,"enemies":"3 Sentries","floor":14.0,"turns":7.0},{"damage":24.0,"enemies":"Slime Boss","floor":16.0,"turns":10.0},{"damage":1.0,"enemies":"Chosen","floor":18.0,"turns":4.0},{"damage":10.0,"enemies":"Shell Parasite","floor":19.0,"turns":4.0},{"damage":12.0,"enemies":"Centurion and Healer","floor":22.0,"turns":7.0},{"damage":29.0,"enemies":"Slavers","floor":23.0,"turns":3.0},{"damage":35.0,"enemies":"Gremlin Leader","floor":25.0,"turns":7.0},{"damage":18,"enemies":"3 Cultists","floor":27,"turns":6},{"damage":4,"enemies":"Sentry and Sphere","floor":29,"turns":4},{"damage":29,"enemies":"Book of Stabbing","floor":31,"turns":6},{"damage":25,"enemies":"Automaton","floor":33,"turns":10},{"damage":7,"enemies":"Orb Walker","floor":35,"turns":4},{"damage":16,"enemies":"3 Darklings","floor":36,"turns":3},{"damage":41,"enemies":"Maw","floor":37,"turns":8},{"damage":40,"enemies":"2 Orb Walkers","floor":38,"turns":3},{"damage":0,"enemies":"Jaw Worm Horde","floor":41,"turns":3},{"damage":18,"enemies":"Giant Head","floor":42,"turns":7},{"damage":53,"enemies":"beaked:SuperParasite","floor":45,"turns":11},{"damage":46,"enemies":"Transient","floor":47,"turns":5},{"damage":71,"enemies":"Reptomancer","floor":48,"turns":7},{"damage":86,"enemies":"Donu and Deca","floor":50,"turns":7},{"damage":48,"enemies":"Shield and Spear","floor":54,"turns":3},{"damage":169,"enemies":"The Heart","floor":55,"turns":7}],"seed_played":"5599868231917961116","potions_obtained":[{"floor":2.0,"key":"Energy Potion"},{"floor":5.0,"key":"SkillPotion"},{"floor":12.0,"key":"FairyPotion"},{"floor":16.0,"key":"PowerPotion"},{"floor":25,"key":"FairyPotion"},{"floor":33,"key":"Energy Potion"},{"floor":36,"key":"FairyPotion"},{"floor":48,"key":"FearPotion"}],"is_trial":false,"path_per_floor":["M","M","M","?","M","R","M","R","T","M","?","M","M","E","R","B",null,"M","M","?","?","M","E","R","E","T","M","R","M","R","E","R","B",null,"M","M","M","?","?","R","M","E","T","R","E","?","M","E","R","B",null,"R","$","E","B"],"character_chosen":"NECROMANCER","items_purchased":["Requiem","Chemical X","DeathKnight:PutricidesVial","Enlightenment","MerchantsRug","PowerPotion","Bone_Armor","Blood_for_Blood","Toxic_Smoke_Screen","Exploit"],"campfire_rested":2,"item_purchase_floors":[53,53,53,53,53,53,53,53,53,53],"current_hp_per_floor":[75,75,75,75,73,73,75,75,82,82,82,82,82,74,74,82,82,82,77,77,77,82,63,63,54,54,51,75,78,78,60,60,75,82,77,69,48,19,9,9,27,32,32,32,21,82,43,33,57,29,82,82,82,41,0,0],"gold":180,"neow_bonus":"TRANSFORM_CARD","is_daily":false,"chose_seed":false,"campfire_upgraded":8,"win_rate":0.0,"timestamp":1612231100,"path_taken":["M","M","M","?","M","R","M","R","T","M","?","M","?","E","R","BOSS","M","M","?","?","M","E","R","E","T","M","R","M","R","E","R","BOSS","M","M","M","?","?","R","M","E","T","R","E","?","?","E","R","BOSS","R","$","E","BOSS"],"items_purchased_type":["Card","Relic","Relic","Card","Relic","Potion","Card","Card","Card","Card"],"build_version":"2020-12-22","purchased_purges":0,"victory":false,"max_hp_per_floor":[75,75,75,75,75,75,75,75,82,82,82,82,82,82,82,82,82,82,82,82,82,82,82,82,82,82,82,82,82,82,82,82,82,82,82,82,82,82,82,82,82,82,82,82,82,82,82,82,82,82,82,82,82,82,82,82],"relic_stats":{"counters":[31,160],"Pantograph":72,"CeramicFish":216,"Bird Faced Urn":[36],"Prayer Wheel":2,"Pen Nib":[3],"Chemical X":[1],"obtain_stats":[{"MerchantsRug":53,"Runesmith:Nanobots":31,"construct:WeddingRing":34,"CeramicFish":26,"Pyrelight":4,"Pen Nib":45,"Omamori":14,"EVO:Axolotl":0,"War Paint":20,"Ancient Tea Set":23,"Bottled Flame":48,"Strawberry":9,"Pantograph":25,"Bird Faced Urn":42,"DeathKnight:PutricidesVial":53,"beaked:MawFillet":17,"Prayer Wheel":38,"Vampire_Amulet":0,"Chemical X":53,"Runesmith:AutoHammer":54},{"MerchantsRug":29,"Runesmith:Nanobots":18,"construct:WeddingRing":19,"CeramicFish":15,"Pyrelight":3,"Pen Nib":26,"Omamori":9,"EVO:Axolotl":0,"War Paint":12,"Ancient Tea Set":14,"Bottled Flame":28,"Strawberry":5,"Pantograph":15,"Bird Faced Urn":25,"DeathKnight:PutricidesVial":29,"beaked:MawFillet":10,"Prayer Wheel":23,"Vampire_Amulet":0,"Chemical X":29,"Runesmith:AutoHammer":30},{"MerchantsRug":150,"Runesmith:Nanobots":82,"construct:WeddingRing":92,"CeramicFish":67,"Pyrelight":9,"Pen Nib":131,"Omamori":32,"EVO:Axolotl":0,"War Paint":50,"Ancient Tea Set":60,"Bottled Flame":143,"Strawberry":15,"Pantograph":67,"Bird Faced Urn":120,"DeathKnight:PutricidesVial":150,"beaked:MawFillet":42,"Prayer Wheel":110,"Vampire_Amulet":0,"Chemical X":150,"Runesmith:AutoHammer":153}]},"card_choices":[{"not_picked":["Blood_Whip","Negative_Energy_Sphere"],"picked":"Negative_Energy_Shield","floor":1.0},{"not_picked":["Negative_Energy_Sphere","Negative_Energy_Javelin"],"picked":"Vampiric_Strike","floor":2.0},{"not_picked":["Flesh_Made_Foul","Consume_Illness"],"picked":"Toxic_Smoke_Screen","floor":3.0},{"not_picked":["Negative_Energy_Shield","Bones_to_Steel"],"picked":"Bone_Bullets","floor":5.0},{"not_picked":["Bones_to_Steel","Shackles_Of_Pain"],"picked":"Toxic_Smoke_Screen","floor":7.0},{"not_picked":["Uncharnel","Acid_Javelin"],"picked":"Summon_Vampire_Lady","floor":10.0},{"not_picked":["Epidemic","Chill_Blood"],"picked":"Necrotic_Claws","floor":12.0},{"not_picked":["Scare","Corrupt"],"picked":"Pandemic","floor":13.0},{"not_picked":["Blood_Shield","Consume_Illness"],"picked":"Exploit","floor":14.0},{"not_picked":["Cloudkill","Blood_Wake"],"picked":"Skeleton_Dragon","floor":16.0},{"not_picked":["Bone_Spikes","Blood_Shield"],"picked":"Negative_Energy_Burst+1","floor":18.0},{"not_picked":["Corrupt","Pandemic"],"picked":"Spectral_Walk","floor":19.0},{"not_picked":["Flesh_Made_Foul","Negative_Energy_Sphere"],"picked":"Spectral_Armor","floor":22.0},{"not_picked":["Spectral_Armor","Death_Coil"],"picked":"Slay_Living","floor":23.0},{"not_picked":["Shade_Step","Negative_Energy_Shield"],"picked":"Finger_Of_Death","floor":25},{"not_picked":["Bones_to_Steel+1","Blood_Whip"],"picked":"Bone_Spikes","floor":27},{"not_picked":["Detonate_Bones","Bone_Spikes+1"],"picked":"Bone_Armor","floor":29},{"not_picked":["Strike_from_Beyond","Corrupt"],"picked":"Consume_Illness","floor":31},{"not_picked":["Reap_The_Weak","Blood_Magic"],"picked":"Summon_Death_Knight","floor":33},{"not_picked":["Slay_Living","Finger_Of_Death+1"],"picked":"Shackles_Of_Pain","floor":35},{"not_picked":["Bone_Spikes+1","Blood_Is_Power+1"],"picked":"Shade_Step+1","floor":36},{"not_picked":["Bone_Spikes+1","Death_March_Dance"],"picked":"Bone_Bullets","floor":37},{"not_picked":["Necrotic_Claws+1","Blood_Whip"],"picked":"Scare+1","floor":38},{"not_picked":["Negative_Energy_Mist","Exploit"],"picked":"Whirlwind_of_Bones","floor":41},{"not_picked":["Exploit","Deaths_Shadow"],"picked":"Bone_Bullets+1","floor":41},{"not_picked":["Chill_Blood","Negative_Energy_Shield+1"],"picked":"Summon_Lich","floor":42},{"not_picked":["Blood_Whip","Blood_for_Blood"],"picked":"Skeleton_Dragon","floor":45},{"not_picked":["Bones_to_Steel","Shackles_Of_Pain+1"],"picked":"Necrotic_Claws","floor":47},{"not_picked":["Death_March_Dance+1","Negative_Energy_Shield"],"picked":"Uncharnel","floor":47},{"not_picked":["Exploit","Blood_Whip"],"picked":"Bone_Shift+1","floor":48},{"not_picked":["Blood_Curse","Finger_Of_Death"],"picked":"Bone_Prison","floor":54}],"player_experience":858322,"relics_obtained":[{"floor":9.0,"key":"Strawberry"},{"floor":14.0,"key":"Omamori"},{"floor":23.0,"key":"Ancient Tea Set"},{"floor":25,"key":"Pantograph"},{"floor":26,"key":"CeramicFish"},{"floor":31,"key":"Runesmith:Nanobots"},{"floor":38,"key":"Prayer Wheel"},{"floor":42,"key":"Bird Faced Urn"},{"floor":45,"key":"Pen Nib"},{"floor":48,"key":"Bottled Flame"},{"floor":54,"key":"Runesmith:AutoHammer"}],"event_choices":[{"damage_healed":0.0,"max_hp_gain":0.0,"max_hp_loss":0.0,"gold_gain":0.0,"event_name":"Upgrade Shrine","player_choice":"Upgraded","floor":11.0,"gold_loss":0.0,"damage_taken":0.0,"cards_upgraded":["Summon_Vampire_Lady"]},{"damage_healed":0.0,"max_hp_gain":0.0,"max_hp_loss":0.0,"gold_gain":0.0,"event_name":"WeMeetAgain","player_choice":"Paid Gold","floor":20.0,"gold_loss":73.0,"damage_taken":0.0,"relics_obtained":["War Paint"]},{"cards_removed":["Summon_Vampire_Lady"],"damage_healed":0.0,"max_hp_gain":0.0,"max_hp_loss":0.0,"gold_gain":0.0,"event_name":"betterNote:BetterNote","player_choice":"Take \u0026 Give","floor":21.0,"gold_loss":0.0,"damage_taken":0.0,"cards_obtained":["theMarked:RogueSparks"]},{"damage_healed":0,"gold_gain":0,"player_choice":"Fight","damage_taken":0,"max_hp_gain":0,"max_hp_loss":0,"event_name":"Mysterious Sphere","floor":38,"gold_loss":0},{"damage_healed":0,"gold_gain":0,"player_choice":"Embrace Madness","damage_taken":10,"max_hp_gain":0,"max_hp_loss":0,"event_name":"Winding Halls","floor":39,"gold_loss":0,"cards_obtained":["Madness","Madness"]},{"damage_healed":61,"gold_gain":0,"player_choice":"Full Heal","damage_taken":0,"max_hp_gain":0,"max_hp_loss":0,"event_name":"Wheel of Change","floor":46,"gold_loss":0}],"is_beta":false,"boss_relics":[{"not_picked":["Runic Dome","construct:ClawGrip"],"picked":"beaked:MawFillet"},{"not_picked":["Busted Crown","Snecko Eye"],"picked":"construct:WeddingRing"}],"items_purged_floors":[],"is_endless":false,"potions_floor_spawned":[2,5,12,16,22,25,29,31,33,35,36,37,48],"killed_by":"The Heart","ascension_level":0}}