{"host":"l6e22pz6uluuhpt6","time":1612255172,"event":{"mods":["AchievementEnabler","BaseMod","Colored Map","Downfall","Minty Spire (QoL Compilation)","StSLib"],"gold_per_floor":[99,119,130,130,40,71,71,83,83,83,94,94,79,107,126,225,225,125,141,141,164,164,183,183,210,220,233,233,81,101,121,139,242,242,42,61,79,64,77,312,312,312,347,358,370,370,384,402,416,416,416,443,142,142,142,142,142,142],"floor_reached":56,"language":"ENG","playtime":4017,"items_purged":["bronze:Strike","downfall:Malfunctioning","bronze:Strike","bronze:Strike"],"score":765,"play_id":"006e504d-37a6-4467-9206-cdb82fc74901","local_time":"20210202033932","is_ascension_mode":false,"campfire_choices":[{"data":"bronze:Replicate","floor":1,"key":"SMITH"},{"data":"bronze:Goto","floor":10,"key":"SMITH"},{"floor":18,"key":"RECALL"},{"floor":35,"key":"REST"},{"floor":46,"key":"REST"},{"floor":54,"key":"REST"}],"circlet_count":0,"master_deck":["bronze:Strike+1","bronze:Defend","bronze:Defend+1","bronze:Defend+1","bronze:Replicate+1","bronze:Goto+1","bronze:Assembly","bronze:OilSpill","bronze:ForceShield","bronze:OilSpill","bronze:HardenedForm","bronze:Verify","bronze:DelayedSlice","bronze:Deprecate+1","bronze:MaxOutput","bronze:OilSpill","bronze:HardenedForm","bronze:Assembly","bronze:DelayedSlice+1","bronze:DelayedGuard+1","bronze:Repair","bronze:BronzeOrb+1","bronze:HardenedForm","bronze:Frontload+1","bronze:BuggyMess+1","bronze:Allocate","bronze:Allocate","bronze:Shell","bronze:Verify"],"relics":["bronze:PlatinumCore","Bag of Preparation","CaptainsWheel","Toy Ornithopter","Fusion Hammer","downfall:HeartBlessingGreen","Singing Bowl","Meat on the Bone","MutagenicStrength","downfall:HeartBlessingRed","downfall:HeartBlessingBlue","Pantograph","Incense Burner","DollysMirror"],"acts_visited":["Exordium","TheCity","TheBeyond","TheEnding"],"potions_floor_usage":[16,16,25,26,27,33,50,50,55,55],"damage_taken":[{"damage":0,"enemies":"Jaw Worm","floor":2,"turns":5},{"damage":0,"enemies":"Small Slimes","floor":3,"turns":3},{"damage":0,"enemies":"downfall:FleeingMerchant","floor":5,"turns":4},{"damage":26,"enemies":"Lagavulin","floor":6,"turns":9},{"damage":0,"enemies":"Cultist","floor":8,"turns":3},{"damage":0,"enemies":"Large Slime","floor":11,"turns":3},{"damage":2,"enemies":"downfall:FleeingMerchant","floor":13,"turns":4},{"damage":17,"enemies":"3 Sentries","floor":14,"turns":13},{"damage":12,"enemies":"Exordium Wildlife","floor":15,"turns":4},{"damage":21,"enemies":"IC_STATUS_ARCHETYPE","floor":16,"turns":6},{"damage":1,"enemies":"Shell Parasite","floor":19,"turns":5},{"damage":1,"enemies":"Chosen","floor":23,"turns":4},{"damage":26,"enemies":"Book of Stabbing","floor":25,"turns":7},{"damage":25,"enemies":"Snake Plant","floor":26,"turns":3},{"damage":9,"enemies":"Chosen and Byrds","floor":27,"turns":4},{"damage":0,"enemies":"downfall:FleeingMerchant","floor":29,"turns":4},{"damage":11,"enemies":"Centurion and Healer","floor":30,"turns":5},{"damage":3,"enemies":"Shelled Parasite and Fungi","floor":31,"turns":4},{"damage":0,"enemies":"Snecko","floor":32,"turns":4},{"damage":17,"enemies":"SI_MIRROR_ARCHETYPE","floor":33,"turns":7},{"damage":30,"enemies":"3 Darklings","floor":36,"turns":5},{"damage":7,"enemies":"Orb Walker","floor":37,"turns":2},{"damage":6,"enemies":"downfall:FleeingMerchant","floor":38,"turns":4},{"damage":12,"enemies":"Jaw Worm Horde","floor":39,"turns":4},{"damage":0,"enemies":"downfall:FleeingMerchant","floor":40,"turns":1},{"damage":28,"enemies":"Nemesis","floor":43,"turns":5},{"damage":9,"enemies":"4 Shapes","floor":44,"turns":4},{"damage":11,"enemies":"Sphere and 2 Shapes","floor":45,"turns":5},{"damage":0,"enemies":"Maw","floor":47,"turns":7},{"damage":21,"enemies":"4 Shapes","floor":48,"turns":5},{"damage":0,"enemies":"Jaw Worm Horde","floor":49,"turns":5},{"damage":98,"enemies":"WA_ARCHETYPE_DIVINITY","floor":50,"turns":15},{"damage":97,"enemies":"downfall:CharBossMerchant","floor":52,"turns":12},{"damage":43,"enemies":"downfall:NeowBoss","floor":55,"turns":24},{"damage":93,"enemies":"downfall:NeowBossFinal","floor":56,"turns":11}],"seed_played":"1056458554497943065","potions_obtained":[{"floor":3,"key":"BlessingOfTheForge"},{"floor":6,"key":"SpeedPotion"},{"floor":8,"key":"AttackPotion"},{"floor":14,"key":"Dexterity Potion"},{"floor":16,"key":"Explosive Potion"},{"floor":23,"key":"Weak Potion"},{"floor":25,"key":"ColorlessPotion"},{"floor":33,"key":"SteroidPotion"},{"floor":37,"key":"LiquidMemories"},{"floor":39,"key":"bronze:CleanCodePotion"},{"floor":52,"key":"sneckomod:MuddlingPotion"}],"is_trial":false,"path_per_floor":["R","M","M","?","$","E","T","M","?","R","M","?","$","E","M","B",null,"R","M","?","T","?","M","T","E","M","M","?","$","M","M","M","B",null,"R","M","M","$","M","$","T","?","E","M","M","R","M","M","M","B",null,"E","$","R","B","B"],"character_chosen":"THE_AUTOMATON","items_purchased":["bronze:MaxOutput","DollysMirror"],"campfire_rested":3,"item_purchase_floors":[29,53],"current_hp_per_floor":[77,77,77,77,77,51,51,51,51,51,51,51,49,32,20,9,77,77,76,62,62,62,61,61,40,32,40,40,54,43,52,54,54,86,96,66,59,55,55,55,55,55,46,56,54,84,91,77,77,31,100,17,17,47,51,0,0,0],"gold":142,"neow_bonus":"TEN_PERCENT_HP_BONUS","is_daily":false,"chose_seed":false,"campfire_upgraded":2,"win_rate":0.0,"timestamp":1612255172,"path_taken":["R","M","M","?","$","E","T","M","?","R","?","?","?","E","M","BOSS","R","M","?","?","?","M","T","E","M","M","?","$","M","?","M","BOSS","R","M","M","$","M","$","T","?","E","M","?","R","M","M","M","BOSS","E","$","R","BOSS","BOSS"],"items_purchased_type":["Card","Relic"],"build_version":"2020-12-22","purchased_purges":4,"victory":false,"max_hp_per_floor":[77,77,77,77,77,77,77,77,77,77,77,77,77,77,77,77,77,77,77,82,82,82,82,82,82,82,82,82,84,84,84,86,86,86,96,96,96,98,98,98,98,98,98,98,100,100,100,100,100,100,100,102,102,102,102,102,102,102],"card_choices":[{"not_picked":["bronze:Frontload","bronze:Overheat","bronze:BugBarrage"],"picked":"SKIP","floor":2},{"not_picked":["bronze:Boost","bronze:Deprecate","bronze:WildBeam"],"picked":"SKIP","floor":3},{"not_picked":["bronze:DelayedSlice","bronze:BugBarrage","bronze:Frontload"],"picked":"SKIP","floor":5},{"not_picked":["bronze:CutThrough","bronze:Invalidate","bronze:Return"],"picked":"SKIP","floor":6},{"not_picked":["bronze:MaxOutput","bronze:BugBarrage","bronze:CutThrough"],"picked":"SKIP","floor":8},{"not_picked":["bronze:Shield","bronze:Flail"],"picked":"bronze:Assembly","floor":11},{"not_picked":["bronze:Repair","bronze:Branch"],"picked":"bronze:OilSpill","floor":13},{"not_picked":["bronze:Frontload","bronze:Overload"],"picked":"bronze:ForceShield","floor":14},{"not_picked":["bronze:Branch","bronze:Overload"],"picked":"bronze:OilSpill","floor":15},{"not_picked":["bronze:Assembly","bronze:Format"],"picked":"bronze:HardenedForm","floor":16},{"not_picked":["bronze:DelayedSlice+1","bronze:Turbo+1","bronze:ForceShield"],"picked":"SKIP","floor":19},{"not_picked":["bronze:Fortify","bronze:WildBeam+1","bronze:BugBarrage"],"picked":"SKIP","floor":23},{"not_picked":["bronze:BugBarrage","bronze:Flail"],"picked":"bronze:Verify","floor":25},{"not_picked":["bronze:Frontload","bronze:WildBeam"],"picked":"bronze:DelayedSlice","floor":26},{"not_picked":["bronze:Safeguard","bronze:DelayedSlice+1"],"picked":"bronze:Deprecate+1","floor":27},{"not_picked":["bronze:Boost","bronze:Iterate","bronze:Optimize+1"],"picked":"Singing Bowl","floor":29},{"not_picked":["bronze:Frontload","bronze:CutThrough+1"],"picked":"bronze:OilSpill","floor":30},{"not_picked":["bronze:Safeguard","bronze:Shield"],"picked":"bronze:HardenedForm","floor":31},{"not_picked":["bronze:Optimize+1","bronze:Iterate","bronze:WildBeam"],"picked":"Singing Bowl","floor":32},{"not_picked":["bronze:Mutator","bronze:ShipIt"],"picked":"bronze:Assembly","floor":33},{"not_picked":["bronze:Invalidate","bronze:CloningBeam+1"],"picked":"bronze:DelayedSlice+1","floor":36},{"not_picked":["bronze:Fortify","bronze:BitShift+1"],"picked":"bronze:DelayedGuard+1","floor":37},{"not_picked":["bronze:Shield+1","bronze:Format","bronze:Overheat"],"picked":"Singing Bowl","floor":38},{"not_picked":["bronze:WildBeam","bronze:Flail"],"picked":"bronze:Repair","floor":39},{"not_picked":["bronze:Invalidate","bronze:HyperBeam"],"picked":"bronze:BronzeOrb+1","floor":40},{"not_picked":["bronze:Overload+1","bronze:BuggyMess"],"picked":"bronze:Frontload+1","floor":43},{"not_picked":["bronze:Iterate+1","bronze:Shield"],"picked":"bronze:BuggyMess+1","floor":44},{"not_picked":["bronze:DarkDash","bronze:Overheat+1","bronze:FollowUp+1"],"picked":"Singing Bowl","floor":45},{"not_picked":["bronze:ItsAFeature+1","bronze:Frontload"],"picked":"bronze:Allocate","floor":47},{"not_picked":["bronze:Format","bronze:DelayedGuard+1"],"picked":"bronze:Allocate","floor":48},{"not_picked":["bronze:WildBeam","bronze:DelayedGuard+1"],"picked":"bronze:Shell","floor":49},{"not_picked":["bronze:DelayedSlice","bronze:GetLatest+1","bronze:Deprecate"],"picked":"Singing Bowl","floor":52}],"player_experience":266145,"relics_obtained":[{"floor":6,"key":"Bag of Preparation"},{"floor":7,"key":"CaptainsWheel"},{"floor":14,"key":"Toy Ornithopter"},{"floor":24,"key":"Singing Bowl"},{"floor":25,"key":"Meat on the Bone"},{"floor":43,"key":"Pantograph"},{"floor":52,"key":"Incense Burner"}],"event_choices":[{"cards_removed":["bronze:Defend"],"damage_healed":0,"gold_gain":0,"player_choice":"Offered Basic","damage_taken":0,"max_hp_gain":0,"max_hp_loss":0,"event_name":"Bonfire Elementals","floor":9,"gold_loss":0},{"damage_healed":0,"gold_gain":0,"player_choice":"Inject Mutagens","damage_taken":0,"relics_obtained":["MutagenicStrength"],"max_hp_gain":0,"max_hp_loss":0,"event_name":"Drug Dealer","floor":28,"gold_loss":0}],"is_beta":false,"boss_relics":[{"not_picked":["Cursed Key","Sozu"],"picked":"Fusion Hammer"},{"not_picked":["Velvet Choker","Astrolabe"],"picked":"bronze:PlatinumCore"}],"items_purged_floors":[5,29,40,53],"is_endless":false,"potions_floor_spawned":[3,6,8,14,16,23,25,33,37,39,44,45,48,52],"killed_by":"downfall:NeowBossFinal","ascension_level":0}}