{"host":"btkahjvw3wdsn6lk","time":1612269096,"event":{"mods":["ATMod(°¢èªMod)","Act Like it!","BaseMod","CapriCore","Conspire","Dota2Spire","Gensokyo","Highlight Path","Minty Spire (QoL Compilation)","Quick Restart","Reliquary","Replay The Spire","RumiaBox-Â¶Ã×æ«µÄÉñÃØºÐ×Ó","Spicy Shops","StSLib","Yuyuko","¡¾ÒÅÎï¿¨ÅÆ¡¿REMEMod"],"gold_per_floor":[111,127,139,152,166,166,180,212,212,244,244,255,255,255,255,358,358,374,386,386,211,229,255,255,267,267,267,277,277,56,91,91,187,187,200,232,244,262,274,307,307,338,392,406,435,435,448,464,464,464,464,464,129,156,156],"floor_reached":56,"language":"ZHS","playtime":3576,"items_purged":["Faramita\u0027s Temptation","Fantasy Butterflies","Parasite"],"score":1962,"play_id":"7f844925-2469-495d-99a9-6f14cf418264","local_time":"20210202203136","is_ascension_mode":true,"campfire_choices":[{"data":"REME_Fury","floor":6.0,"key":"SMITH"},{"data":"AT_ChampionStep","floor":11.0,"key":"SMITH"},{"data":"Butterflies in Dream","floor":13.0,"key":"SMITH"},{"data":"Sweet of Phantom","floor":15.0,"key":"SMITH"},{"data":"Reunion after Death","floor":24.0,"key":"SMITH"},{"floor":27.0,"key":"RECALL"},{"data":"Bloom","floor":32.0,"key":"SMITH"},{"data":"Unknown Petal+1","floor":41.0,"key":"SMITH"},{"data":"Home of Suicide","floor":49.0,"key":"SMITH"},{"data":"Unknown Petal+2","floor":52,"key":"SMITH"}],"circlet_count":0,"master_deck":["Fantasy Butterflies","Fantasy Butterflies","Fantasy Butterflies","Dreamy Sakura","Dreamy Sakura+1","Dreamy Sakura","Dreamy Sakura","Dreamy Sakura","Deathly Ground","REME_Fury+1","AT_ChampionStep+1","Home of Suicide+1","Sweet of Phantom+1","Butterflies in Dream+1","Reunion after Death+1","Bloom+1","Unknown Petal+3","Cerasus Subhirtella"],"relics":["Coronal","Yuyuko\u0027s fan","AT_ATBox","REME_ComplimentaryCards","AT_BladeRuinedKing","GodSword5","Boot","conspire:SlowCooker","Centennial Puzzle","AT_RedNoBalance","Dota2Spire:BlackKingBar","Empty Cage","Kunai","War Paint","Vajra","AT_EbonyIvory","ReplayFunnel","Snack Pack","Dota2Spire:MantaStyle"],"acts_visited":["Exordium","TheCity","TheBeyond","TheEnding"],"potions_floor_usage":[50,55,55,55],"damage_taken":[{"damage":2.0,"enemies":"Cultist","floor":1.0,"turns":2.0},{"damage":11.0,"enemies":"Jaw Worm","floor":2.0,"turns":2.0},{"damage":8.0,"enemies":"2 Louse","floor":3.0,"turns":2.0},{"damage":30.0,"enemies":"2 Fungi Beasts","floor":4.0,"turns":5.0},{"damage":10.0,"enemies":"Looter","floor":5.0,"turns":2.0},{"damage":14.0,"enemies":"3 Louse","floor":7.0,"turns":2.0},{"damage":20.0,"enemies":"Gremlin Nob","floor":8.0,"turns":3.0},{"damage":17.0,"enemies":"Lagavulin","floor":10.0,"turns":3.0},{"damage":1.0,"enemies":"Blue Slaver","floor":12.0,"turns":1.0},{"damage":3.0,"enemies":"Fading Forest","floor":16.0,"turns":3.0},{"damage":2.0,"enemies":"Spheric Guardian","floor":18.0,"turns":2.0},{"damage":11.0,"enemies":"conspire:FuzzyDice","floor":19.0,"turns":3.0},{"damage":14.0,"enemies":"Snake Plant","floor":22.0,"turns":2.0},{"damage":8.0,"enemies":"conspire:Head Lice","floor":23.0,"turns":2.0},{"damage":12.0,"enemies":"Snecko","floor":25.0,"turns":3.0},{"damage":14.0,"enemies":"Centurion and Healer","floor":28.0,"turns":2.0},{"damage":11.0,"enemies":"conspire:SneckoGhost","floor":31.0,"turns":2.0},{"damage":1.0,"enemies":"Champ","floor":33.0,"turns":1.0},{"damage":0.0,"enemies":"3 Darklings","floor":35.0,"turns":2.0},{"damage":1.0,"enemies":"conspire:MimicChest","floor":36.0,"turns":1.0},{"damage":13.0,"enemies":"Orb Walker","floor":37.0,"turns":2.0},{"damage":32.0,"enemies":"4 Shapes","floor":38.0,"turns":2.0},{"damage":1.0,"enemies":"Jaw Worm Horde","floor":39.0,"turns":1.0},{"damage":1.0,"enemies":"Giant Head","floor":40.0,"turns":1.0},{"damage":0.0,"enemies":"R_Hoarder","floor":42.0,"turns":2.0},{"damage":1.0,"enemies":"Transient","floor":44.0,"turns":1.0},{"damage":2.0,"enemies":"Nemesis","floor":45.0,"turns":2.0},{"damage":1.0,"enemies":"Spire Growth","floor":47.0,"turns":1.0},{"damage":13.0,"enemies":"4 Shapes","floor":48.0,"turns":1.0},{"damage":17,"enemies":"conspire:OrnateMirror","floor":50,"turns":2},{"damage":5,"enemies":"Shield and Spear","floor":54,"turns":2},{"damage":54,"enemies":"The Heart","floor":55,"turns":3}],"seed_played":"-8186470539031716534","potions_obtained":[{"floor":3.0,"key":"Energy Potion"},{"floor":4.0,"key":"Dota2Spire:HealingSalve"},{"floor":8.0,"key":"Firefly"},{"floor":16.0,"key":"LiquidBronze"},{"floor":18.0,"key":"Firefly"},{"floor":19.0,"key":"conspire:TimeTravelPotion"},{"floor":31.0,"key":"Explosive Potion"},{"floor":36.0,"key":"Swift Potion"},{"floor":37.0,"key":"Dota2Spire:HealingSalve"},{"floor":40.0,"key":"Venom Potion"},{"floor":42.0,"key":"Turbid Wine"},{"floor":45.0,"key":"Turbid Wine"},{"floor":54,"key":"FearPotion"}],"is_trial":false,"path_per_floor":["M","M","M","M","M","R","M","E","T","E","R","M","R","?","R","B",null,"M","M","?","$","M","E","R","M","T","R","M","?","$","E","R","B",null,"M","?","M","M","M","E","R","E","T","M","E","?","M","M","R","B",null,"R","$","E","B",null],"character_chosen":"YUYOKO","items_purchased":["AT_SilverBalance","Snack Pack","Cerasus Subhirtella"],"campfire_rested":0,"item_purchase_floors":[30,53,53],"current_hp_per_floor":[38,29,28,32,31,31,21,18,18,24,24,25,25,25,25,37,40,38,37,37,37,23,37,37,33,33,33,38,38,37,26,26,23,37,21,23,12,5,27,32,32,37,37,36,35,35,34,22,22,20,35,35,35,35,9],"gold":156,"neow_bonus":"ONE_RANDOM_RARE_CARD","is_daily":false,"chose_seed":false,"campfire_upgraded":9,"win_rate":0.0,"timestamp":1612269096,"path_taken":["M","?","M","M","M","R","M","E","T","E","R","M","R","?","R","BOSS","M","M","?","$","M","E","R","?","T","R","M","?","$","E","R","BOSS","M","?","M","M","M","E","R","E","T","M","E","?","M","M","R","BOSS","R","$","E","BOSS"],"items_purchased_type":["Relic","Relic","Card"],"build_version":"2020-12-22","purchased_purges":3,"victory":true,"max_hp_per_floor":[40,40,40,40,40,40,40,40,40,40,40,40,40,40,40,40,40,40,40,40,40,40,40,40,40,40,40,40,40,37,37,37,37,37,37,37,37,37,37,37,37,37,37,37,37,35,35,35,35,35,35,35,35,35,35],"card_choices":[{"not_picked":["Death Dancing","Unknown Petal","Gone"],"picked":"SKIP","floor":1.0},{"not_picked":["Butterflies Rainbow","Gauzy Sakura","Spear of Papilio"],"picked":"SKIP","floor":2.0},{"not_picked":["Final of Final","Nihility"],"picked":"Sweet of Phantom","floor":3.0},{"not_picked":["Suicide","End of Faramita","Unpaved Way"],"picked":"SKIP","floor":4.0},{"not_picked":["Lunch","Elegance","Phantom Gift"],"picked":"SKIP","floor":5.0},{"not_picked":["Ghostdom Sakura","Childlike","Lunch"],"picked":"SKIP","floor":7.0},{"not_picked":["All Wander","Showy Withering"],"picked":"Dream of Spring","floor":8.0},{"not_picked":["Nihility","Elegance"],"picked":"Butterflies in Dream","floor":10.0},{"not_picked":["Dancing Soul","Butterflies Rainbow","Phantom Village"],"picked":"SKIP","floor":12.0},{"not_picked":["The Inky Sakura","Float on Moon"],"picked":"Reunion after Death","floor":16.0},{"not_picked":["Gather the Spring","Dark Wind","Suicide"],"picked":"SKIP","floor":18.0},{"not_picked":["The Forgotten Winter","Elegance"],"picked":"Bloom","floor":19.0},{"not_picked":["Sweet of Phantom","Phantom Butterflies"],"picked":"Unknown Petal","floor":22.0},{"not_picked":["Fondling of Papilio","Final of Final+1","Remain Here"],"picked":"SKIP","floor":23.0},{"not_picked":["Song of Papilio","Immigrant Phantom","Linger over Flower+1"],"picked":"SKIP","floor":25.0},{"not_picked":["Dancing Soul","Become Phantom","Immigrant Phantom+1"],"picked":"SKIP","floor":28.0},{"not_picked":["Steamed Phantom","Bury in The Template","Immigrant Phantom"],"picked":"SKIP","floor":31.0},{"not_picked":["Chase The Sukhavati+1","Unknown Petal","Fondling of Papilio+1"],"picked":"SKIP","floor":35.0},{"not_picked":["Butterflies Rainbow","Lunch+1","Unstable Ward"],"picked":"SKIP","floor":37.0},{"not_picked":["Bloom","Dancing Butterflies+1","End of Faramita"],"picked":"SKIP","floor":38.0},{"not_picked":["Lunch","Dying Sakura","Redemption of Death+1"],"picked":"SKIP","floor":39.0},{"not_picked":["Phantom Village+1","Dying Sakura","City of Death"],"picked":"SKIP","floor":40.0},{"not_picked":["Scenery of Papilio","All Wander","Dark Wind+1"],"picked":"SKIP","floor":42.0},{"not_picked":["Dancing Butterflies","Showy Withering","Immigrant Phantom"],"picked":"SKIP","floor":44.0},{"not_picked":["Infinite Sin","Dark Wind+1","Gauzy Sakura+1"],"picked":"SKIP","floor":45.0},{"not_picked":["Elegance+1","Butterflies in Dream","Gauzy Sakura"],"picked":"SKIP","floor":47.0},{"not_picked":["End of Faramita+1","Dark Wind+1","Immigrant Phantom+1"],"picked":"SKIP","floor":48.0},{"not_picked":["Postpone Bloom","Immigrant Phantom+1","Dancing Soul"],"picked":"SKIP","floor":54}],"player_experience":395523,"relics_obtained":[{"floor":8.0,"key":"AT_BladeRuinedKing"},{"floor":9.0,"key":"GodSword5"},{"floor":10.0,"key":"Boot"},{"floor":23.0,"key":"Centennial Puzzle"},{"floor":31.0,"key":"Dota2Spire:BlackKingBar"},{"floor":36.0,"key":"Kunai"},{"floor":40.0,"key":"War Paint"},{"floor":42.0,"key":"Vajra"},{"floor":43.0,"key":"AT_EbonyIvory"},{"floor":45.0,"key":"ReplayFunnel"},{"floor":54,"key":"Dota2Spire:MantaStyle"}],"event_choices":[{"damage_healed":0.0,"max_hp_gain":0.0,"max_hp_loss":0.0,"gold_gain":0.0,"event_name":"conspire:Investor","player_choice":"Leave","floor":14.0,"gold_loss":0.0,"damage_taken":0.0},{"damage_healed":0.0,"max_hp_gain":0.0,"max_hp_loss":0.0,"gold_gain":0.0,"event_name":"Duplicator","player_choice":"Ignored","floor":20.0,"gold_loss":0.0,"damage_taken":0.0},{"damage_healed":0.0,"max_hp_gain":0.0,"max_hp_loss":2.0,"gold_gain":0.0,"event_name":"Winding Halls","player_choice":"Max HP","floor":46.0,"gold_loss":0.0,"damage_taken":0.0}],"is_beta":false,"boss_relics":[{"not_picked":["Busted Crown","reliquary:Craggleroot"],"picked":"conspire:SlowCooker"},{"not_picked":["Replay:Drink Me","AddBug"],"picked":"Empty Cage"}],"items_purged_floors":[21,21,30],"is_endless":false,"potions_floor_spawned":[3,4,8,16,18,19,31,36,37,40,42,44,45,54],"ascension_level":2}}