{"host":"pi8b3ffzwvxqztac","time":1612227054,"event":{"mods":["BaseMod","Colored Map","Custom Start","Downfall","Minty Spire (QoL Compilation)","StSLib"],"gold_per_floor":[119,69,69,19,39,39,63,63,63,86,100,152,152,193,193,321,321,336,336,336,108,23,23,54,64,64,92,92,92,104,124,124,224,224,243,243,260,260,260,260,279,279,348,348,361,361,411,110,110,110],"floor_reached":51,"language":"ENG","playtime":2519,"items_purged":["Strike_P","Strike_P"],"score":837,"play_id":"8d808f44-93e0-4d33-86e7-42e2cea6aa73","local_time":"20210202135054","is_ascension_mode":true,"campfire_choices":[{"data":"Swivel","floor":6,"key":"SMITH"},{"data":"Ragnarok","floor":8,"key":"SMITH"},{"data":"Eruption","floor":13,"key":"SMITH"},{"data":"Scrawl","floor":15,"key":"SMITH"},{"data":"Vigilance","floor":23,"key":"SMITH"},{"data":"WindmillStrike","floor":28,"key":"SMITH"},{"data":"SandsOfTime","floor":32,"key":"SMITH"},{"data":"Bandage Up","floor":40,"key":"SMITH"},{"data":"Brilliance","floor":44,"key":"SMITH"},{"data":"Madness","floor":46,"key":"SMITH"},{"data":"Madness","floor":49,"key":"SMITH"}],"circlet_count":0,"master_deck":["Strike_P","Defend_P","Defend_P","Defend_P","Defend_P","Eruption+1","Vigilance+1","Ragnarok+1","Swivel+1","SandsOfTime+1","WindmillStrike+1","EmptyBody","Brilliance+1","JustLucky+1","CrushJoints+1","EmptyBody+1","Madness+1","Madness+1","Bandage Up+1","Prostrate+1","Protect"],"relics":["PureWater","Bloody Idol","Gremlin Horn","Meat on the Bone","Boot","Damaru","Busted Crown","Akabeko","The Courier","Oddly Smooth Stone","Anchor","Strawberry","Philosopher\u0027s Stone","Darkstone Periapt","Ginger"],"acts_visited":["Exordium","TheCity","TheBeyond"],"potions_floor_usage":[16,16,16,27,33,33,35,41,50],"damage_taken":[{"damage":2,"enemies":"Small Slimes","floor":1,"turns":3},{"damage":0,"enemies":"Cultist","floor":5,"turns":2},{"damage":3,"enemies":"Jaw Worm","floor":7,"turns":4},{"damage":1,"enemies":"Red Slaver","floor":10,"turns":3},{"damage":3,"enemies":"Looter","floor":11,"turns":3},{"damage":14,"enemies":"3 Sentries","floor":14,"turns":5},{"damage":4,"enemies":"Hexaghost","floor":16,"turns":8},{"damage":0,"enemies":"3 Byrds","floor":18,"turns":2},{"damage":5,"enemies":"Book of Stabbing","floor":24,"turns":4},{"damage":0,"enemies":"2 Thieves","floor":25,"turns":2},{"damage":12,"enemies":"Slavers","floor":27,"turns":5},{"damage":6,"enemies":"Snake Plant","floor":30,"turns":3},{"damage":0,"enemies":"Shelled Parasite and Fungi","floor":31,"turns":3},{"damage":19,"enemies":"Automaton","floor":33,"turns":6},{"damage":20,"enemies":"3 Darklings","floor":35,"turns":4},{"damage":0,"enemies":"Orb Walker","floor":37,"turns":3},{"damage":1,"enemies":"3 Darklings","floor":41,"turns":2},{"damage":4,"enemies":"4 Shapes","floor":45,"turns":6},{"damage":24,"enemies":"Mind Bloom Boss Battle","floor":47,"turns":7},{"damage":24,"enemies":"Awakened One","floor":50,"turns":11}],"seed_played":"-2794803230966847680","potions_obtained":[{"floor":1,"key":"Dexterity Potion"},{"floor":11,"key":"LiquidMemories"},{"floor":14,"key":"bronze:BurnAndBuffPotion"},{"floor":16,"key":"hexamod:SoulburnPotion"},{"floor":18,"key":"Strength Potion"},{"floor":30,"key":"LiquidMemories"},{"floor":31,"key":"ColorlessPotion"},{"floor":35,"key":"Explosive Potion"}],"is_trial":false,"path_per_floor":["M","?","?","?","M","R","M","R","T","M","M","T","R","E","R","B",null,"M","?","?","$","?","R","E","M","T","E","R","?","M","M","R","B",null,"M","?","M","?","?","R","M","?","T","R","M","R","?","$","R","B",null],"character_chosen":"WATCHER","items_purchased":["Akabeko","Slimebound:ThreeZeroPotion","Swift Potion","Ancient Potion","Protect"],"campfire_rested":0,"item_purchase_floors":[21,48,48,48,48],"current_hp_per_floor":[63,63,47,47,47,47,44,44,44,43,40,40,40,38,38,34,65,65,65,65,65,65,65,65,65,65,65,65,65,64,69,69,55,72,57,48,53,53,53,53,57,57,62,62,69,69,56,56,56,38],"gold":110,"neow_bonus":"THREE_RARE_CARDS","is_daily":false,"chose_seed":false,"campfire_upgraded":11,"win_rate":0.0,"timestamp":1612227054,"path_taken":["M","?","?","?","?","R","M","R","T","M","M","?","R","E","R","BOSS","M","?","?","$","?","R","E","M","T","E","R","?","M","M","R","BOSS","M","?","M","?","?","R","M","?","T","R","M","R","?","$","R","BOSS"],"items_purchased_type":["Relic","Potion","Potion","Potion","Card"],"build_version":"2020-12-22","purchased_purges":2,"victory":true,"max_hp_per_floor":[65,65,65,65,65,65,65,65,65,65,65,65,65,65,65,65,65,65,65,65,65,65,65,65,65,65,72,72,72,72,72,72,72,72,72,72,72,72,72,72,72,72,72,72,72,72,72,72,72,72],"card_choices":[{"not_picked":["Omniscience","Vault"],"picked":"Ragnarok","floor":0},{"not_picked":["FlyingSleeves","ThirdEye"],"picked":"Swivel","floor":1},{"not_picked":["Worship","Halt"],"picked":"SandsOfTime","floor":5},{"not_picked":["BowlingBash","Study","Crescendo"],"picked":"SKIP","floor":7},{"not_picked":["TalkToTheHand","Protect"],"picked":"WindmillStrike","floor":10},{"not_picked":["Consecrate","FlyingSleeves"],"picked":"EmptyBody","floor":11},{"not_picked":["Omniscience","EmptyMind"],"picked":"Scrawl","floor":14},{"not_picked":["SpiritShield","LessonLearned"],"picked":"Brilliance","floor":16},{"not_picked":["PathToVictory+1"],"picked":"SKIP","floor":18},{"not_picked":["EmptyBody"],"picked":"SKIP","floor":24},{"not_picked":[],"picked":"JustLucky+1","floor":25},{"not_picked":["ClearTheMind"],"picked":"SKIP","floor":27},{"not_picked":["SashWhip"],"picked":"SKIP","floor":30},{"not_picked":[],"picked":"CrushJoints+1","floor":31},{"not_picked":[],"picked":"EmptyBody+1","floor":35},{"not_picked":["Prostrate"],"picked":"SKIP","floor":37},{"not_picked":[],"picked":"Bandage Up","floor":38},{"not_picked":["SignatureMove+1"],"picked":"SKIP","floor":41},{"not_picked":["Prostrate+1"],"picked":"SKIP","floor":45},{"not_picked":[],"picked":"Prostrate+1","floor":45}],"player_experience":686168,"relics_obtained":[{"floor":9,"key":"Meat on the Bone"},{"floor":12,"key":"Boot"},{"floor":14,"key":"Damaru"},{"floor":24,"key":"Oddly Smooth Stone"},{"floor":26,"key":"Anchor"},{"floor":27,"key":"Strawberry"},{"floor":43,"key":"Darkstone Periapt"},{"floor":47,"key":"Ginger"}],"event_choices":[{"cards_removed":["Strike_P"],"damage_healed":0,"gold_gain":0,"player_choice":"Card Removal","damage_taken":0,"max_hp_gain":0,"max_hp_loss":0,"event_name":"The Cleric","floor":2,"gold_loss":50},{"damage_healed":0,"gold_gain":0,"player_choice":"Take Damage","damage_taken":16,"relics_obtained":["Golden Idol"],"max_hp_gain":0,"max_hp_loss":0,"event_name":"Golden Idol","floor":3,"gold_loss":0},{"damage_healed":0,"gold_gain":0,"player_choice":"Paid Gold","damage_taken":0,"relics_obtained":["Gremlin Horn"],"max_hp_gain":0,"max_hp_loss":0,"event_name":"WeMeetAgain","floor":4,"gold_loss":50},{"damage_healed":0,"gold_gain":0,"player_choice":"Gave Idol","damage_taken":0,"relics_obtained":["Bloody Idol"],"max_hp_gain":0,"max_hp_loss":0,"event_name":"Forgotten Altar","floor":19,"relics_lost":["Golden Idol"],"gold_loss":0},{"damage_healed":0,"gold_gain":0,"player_choice":"Ignored","damage_taken":0,"max_hp_gain":0,"max_hp_loss":0,"event_name":"Ghosts","floor":20,"gold_loss":0},{"damage_healed":0,"gold_gain":0,"player_choice":"Obtained Relic","damage_taken":0,"relics_obtained":["The Courier"],"max_hp_gain":0,"max_hp_loss":0,"event_name":"Addict","floor":22,"gold_loss":85},{"damage_healed":0,"gold_gain":0,"player_choice":"Ignored","damage_taken":0,"max_hp_gain":0,"max_hp_loss":0,"event_name":"Vampires","floor":29,"gold_loss":0},{"damage_healed":0,"gold_gain":0,"player_choice":"Embrace Madness","damage_taken":9,"max_hp_gain":0,"max_hp_loss":0,"event_name":"Winding Halls","floor":36,"gold_loss":0,"cards_obtained":["Madness","Madness"]},{"damage_healed":0,"gold_gain":0,"player_choice":"Memory 1","damage_taken":0,"max_hp_gain":0,"max_hp_loss":0,"event_name":"SensoryStone","floor":38,"gold_loss":0},{"damage_healed":0,"gold_gain":0,"player_choice":"Ignored","damage_taken":0,"max_hp_gain":0,"max_hp_loss":0,"event_name":"Tomb of Lord Red Mask","floor":39,"gold_loss":0},{"cards_removed":["Scrawl"],"damage_healed":0,"gold_gain":0,"player_choice":"Removed Skill","damage_taken":0,"max_hp_gain":0,"max_hp_loss":0,"event_name":"Falling","floor":42,"gold_loss":0},{"damage_healed":0,"gold_gain":0,"player_choice":"Fight","damage_taken":0,"max_hp_gain":0,"max_hp_loss":0,"event_name":"MindBloom","floor":47,"gold_loss":0}],"is_beta":false,"boss_relics":[{"not_picked":["bronze:MakeshiftBattery","Pandora\u0027s Box"],"picked":"Busted Crown"},{"not_picked":["Runic Pyramid","Snecko Eye"],"picked":"Philosopher\u0027s Stone"}],"items_purged_floors":[21,48],"is_endless":false,"potions_floor_spawned":[1,11,14,16,18,30,31,35],"ascension_level":4}}