{"host":"eemx8njkng76fu5x","time":1612229789,"event":{"mods":["2.2 Compatiblity","BaseMod","Colored Map","Downfall","Minty Spire (QoL Compilation)","Permanent Neow","StSLib","Unceasing Turn Reminder","Unknown Chances"],"gold_per_floor":[99,110,128,146,246,275,300,320,320,351,351,370,270,288,307,307,307,307],"floor_reached":16,"language":"ENG","playtime":589,"items_purged":[],"score":171,"play_id":"c06dd1bb-3e4e-4546-9d05-5b9022ebe6c0","local_time":"20210202093629","is_ascension_mode":true,"campfire_choices":[{"data":"Guardian:TwinSlam","floor":1,"key":"SMITH"},{"data":"Guardian:RefractedBeam","floor":9,"key":"SMITH"},{"floor":11,"key":"RECALL"},{"data":"Guardian:SphericShield","floor":13,"key":"SMITH"}],"circlet_count":0,"master_deck":["AscendersBane","Guardian:Strike_Guardian","Guardian:Strike_Guardian","Guardian:Strike_Guardian","Guardian:Strike_Guardian","Guardian:Defend_Guardian","Guardian:Defend_Guardian","Guardian:Defend_Guardian","Guardian:Defend_Guardian","Guardian:CurlUp","Guardian:TwinSlam+1","Guardian:RollAttack","Guardian:RefractedBeam+1","Guardian:SphericShield+1","Guardian:BronzeArmor","Guardian:Harden","Guardian:EvasiveProtocol"],"relics":["Guardian:ModeShifter","Omamori","Pen Nib","StoneCalendar","downfall:HeartBlessingRed"],"acts_visited":["Exordium"],"potions_floor_usage":[8,12,14,15,16],"damage_taken":[{"damage":8,"enemies":"Jaw Worm","floor":2,"turns":5},{"damage":3,"enemies":"2 Louse","floor":3,"turns":4},{"damage":1,"enemies":"Cultist","floor":4,"turns":3},{"damage":22,"enemies":"Lagavulin","floor":6,"turns":10},{"damage":8,"enemies":"Exordium Wildlife","floor":8,"turns":5},{"damage":12,"enemies":"Gremlin Nob","floor":10,"turns":4},{"damage":4,"enemies":"Exordium Thugs","floor":12,"turns":5},{"damage":0,"enemies":"Gremlin Gang","floor":14,"turns":4},{"damage":0,"enemies":"3 Louse","floor":15,"turns":2},{"damage":31,"enemies":"IC_STATUS_ARCHETYPE","floor":16,"turns":8}],"seed_played":"4318576407618113992","potions_obtained":[{"floor":4,"key":"Swift Potion"},{"floor":6,"key":"bronze:BurnAndBuffPotion"},{"floor":10,"key":"BlessingOfTheForge"},{"floor":12,"key":"Fire Potion"},{"floor":14,"key":"DistilledChaos"}],"is_trial":false,"path_per_floor":["R","M","M","M","?","E","T","M","R","E","R","M","R","M","M","B"],"character_chosen":"GUARDIAN","items_purchased":[],"campfire_rested":0,"item_purchase_floors":[],"current_hp_per_floor":[80,72,69,68,68,46,46,38,38,26,26,22,22,22,22,0,0,0],"gold":307,"neow_bonus":"TEN_PERCENT_HP_BONUS","is_daily":false,"chose_seed":false,"campfire_upgraded":3,"win_rate":0.0,"timestamp":1612229789,"path_taken":["R","M","M","M","?","E","T","M","R","E","R","M","R","M","M","BOSS"],"items_purchased_type":[],"build_version":"2020-12-22","purchased_purges":0,"victory":false,"max_hp_per_floor":[88,88,88,88,88,88,88,88,88,88,88,88,88,88,88,88,88,88],"card_choices":[{"not_picked":["Guardian:BronzeArmor","Guardian:PolyBeam"],"picked":"Guardian:RollAttack","floor":2},{"not_picked":["Guardian:Suspension","Guardian:PrismaticBarrier"],"picked":"Guardian:RefractedBeam","floor":3},{"not_picked":["Guardian:Gem_Red","Guardian:Gem_Green","Guardian:ShieldCharger"],"picked":"SKIP","floor":4},{"not_picked":["Guardian:RollAttack","Guardian:TemporalShield"],"picked":"Guardian:SphericShield","floor":6},{"not_picked":["Guardian:PrimingBeam","Guardian:BronzeOrb"],"picked":"Guardian:BronzeArmor","floor":8},{"not_picked":["Guardian:ChargeUp","Guardian:Suspension","Guardian:VentSteam"],"picked":"SKIP","floor":10},{"not_picked":["Guardian:GuardianWhirl","Guardian:FloatingOrbs","Guardian:TemporalShield"],"picked":"SKIP","floor":12},{"not_picked":["Guardian:Clone","Guardian:SpikerProtocol"],"picked":"Guardian:Harden","floor":14},{"not_picked":["Guardian:Gem_Yellow","Guardian:Gem_Green"],"picked":"Guardian:EvasiveProtocol","floor":15}],"player_experience":528731,"relics_obtained":[{"floor":6,"key":"Omamori"},{"floor":7,"key":"Pen Nib"},{"floor":10,"key":"StoneCalendar"}],"event_choices":[],"is_beta":false,"boss_relics":[],"items_purged_floors":[],"is_endless":false,"potions_floor_spawned":[4,6,10,12,14],"killed_by":"IC_STATUS_ARCHETYPE","ascension_level":10}}