{"host":"jcp2nz6q7v3b3vtq","time":1612226435,"event":{"mods":["BaseMod","Marisa????????","Minty Spire (QoL Compilation)","The Servant 0.9.4"],"gold_per_floor":[115,115,40,51,65,65,93,112,138,153,153,153,28,39,39,139,139,159,171,171,171,181,210,210,72,72,83,97,97,108,108,108,108,108],"floor_reached":33,"language":"ENG","playtime":1341,"items_purged":["Strike_MRS","Strike_MRS"],"score":269,"play_id":"499dadaa-2a46-4053-8683-91b1cf1f7898","local_time":"20210202014035","is_ascension_mode":false,"campfire_choices":[{"data":"MasterSpark","floor":6,"key":"SMITH"},{"floor":11,"key":"REST"},{"data":"PulseMagic","floor":15,"key":"SMITH"},{"floor":24,"key":"REST"},{"floor":32,"key":"REST"}],"circlet_count":0,"master_deck":["Defend_MRS","Defend_MRS","Defend_MRS","MasterSpark+1","UpSweep","EarthLightRay","GrandCross+1","PulseMagic+1","PropBag+1","UnstableBomb","TreasureHunter","WitchLeyline","FairyDestructionRay","MysteriousBeam","GrandCross","MillisecondPulsars","GrandCross+1","WitchLeyline+1"],"relics":["MiniHakkero","Bag of Preparation","Orichalcum","Empty Cage","MutagenicStrength","Akabeko","BreadOfAWashokuLover","Mummified Hand"],"acts_visited":["Exordium","TheCity"],"potions_floor_usage":[16,16,16,19,23,33,33,33],"damage_taken":[{"damage":1,"enemies":"Jaw Worm","floor":1,"turns":4},{"damage":1,"enemies":"Cultist","floor":4,"turns":5},{"damage":2,"enemies":"Small Slimes","floor":5,"turns":4},{"damage":36,"enemies":"Lagavulin","floor":7,"turns":6},{"damage":1,"enemies":"Exordium Wildlife","floor":8,"turns":4},{"damage":0,"enemies":"3 Louse","floor":10,"turns":2},{"damage":5,"enemies":"Looter","floor":14,"turns":2},{"damage":24,"enemies":"Hexaghost","floor":16,"turns":7},{"damage":5,"enemies":"Shell Parasite","floor":18,"turns":3},{"damage":13,"enemies":"3 Byrds","floor":19,"turns":6},{"damage":16,"enemies":"Snake Plant","floor":22,"turns":2},{"damage":22,"enemies":"Gremlin Leader","floor":23,"turns":5},{"damage":5,"enemies":"Sentry and Sphere","floor":27,"turns":3},{"damage":39,"enemies":"Shelled Parasite and Fungi","floor":28,"turns":4},{"damage":2,"enemies":"Snecko","floor":30,"turns":3},{"damage":68,"enemies":"Champ","floor":33,"turns":8}],"seed_played":"-8803257574867339861","potions_obtained":[{"floor":1,"key":"LiquidMemories"},{"floor":8,"key":"AttackPotion"},{"floor":10,"key":"Swift Potion"},{"floor":16,"key":"Block Potion"},{"floor":22,"key":"SteroidPotion"},{"floor":27,"key":"Block Potion"},{"floor":28,"key":"Weak Potion"},{"floor":30,"key":"Explosive Potion"}],"is_trial":true,"path_per_floor":["M","?","$","M","M","R","E","M","T","M","R","?","$","M","R","B",null,"M","M","?","?","M","E","R","$","T","M","M","?","M","$","R","B"],"character_chosen":"MARISA","items_purchased":["UnstableBomb","MillisecondPulsars"],"campfire_rested":3,"item_purchase_floors":[13,25],"current_hp_per_floor":[74,74,74,74,72,72,40,43,43,47,69,54,54,53,53,33,75,74,65,75,75,59,41,63,63,63,62,27,27,29,29,51,0,0],"gold":108,"neow_bonus":"","is_daily":false,"chose_seed":false,"campfire_upgraded":2,"win_rate":0.0,"timestamp":1612226435,"path_taken":["M","?","$","?","M","R","E","M","T","M","R","?","$","M","R","BOSS","M","M","?","?","M","E","R","$","T","M","M","?","?","$","R","BOSS"],"items_purchased_type":["Card","Card"],"build_version":"2020-12-22","purchased_purges":2,"victory":false,"max_hp_per_floor":[75,75,75,75,75,75,75,75,75,75,75,75,75,75,75,75,75,75,75,75,75,75,75,75,75,75,75,75,75,75,75,75,75,75],"card_choices":[{"not_picked":["Acceleration","IllusionStar"],"picked":"EarthLightRay","floor":1},{"not_picked":["AsteroidBelt","GravityBeat"],"picked":"GrandCross","floor":4},{"not_picked":["EventHorizon","NonDirectionalLaser","SporeBomb"],"picked":"SKIP","floor":5},{"not_picked":["OneTimeOff","6A","MeteoricShower"],"picked":"SKIP","floor":7},{"not_picked":["Orbital","SuperNova"],"picked":"PulseMagic","floor":8},{"not_picked":["GravityBeat","DC"],"picked":"PropBag","floor":10},{"not_picked":["SprinkleStarSeal","WitchOfGreed","PowerUp"],"picked":"SKIP","floor":14},{"not_picked":["BlazingStar","MaximisePower"],"picked":"TreasureHunter","floor":16},{"not_picked":["NonDirectionalLaser","SporeBomb"],"picked":"WitchLeyline","floor":18},{"not_picked":["ManaConvection+1","NonDirectionalLaser"],"picked":"FairyDestructionRay","floor":19},{"not_picked":["LuminesStrike","ShootingEcho+1"],"picked":"MysteriousBeam","floor":22},{"not_picked":["MeteoricShower","DeepEcoloBomb"],"picked":"GrandCross","floor":23},{"not_picked":["StarlightTyphoon","Acceleration"],"picked":"GrandCross+1","floor":27},{"not_picked":["ShootingEcho","Acceleration+1","ChargingUp"],"picked":"SKIP","floor":28},{"not_picked":["SporeBomb+1","AbsoluteMagnitude"],"picked":"WitchLeyline+1","floor":30}],"player_experience":23690,"relics_obtained":[{"floor":7,"key":"Bag of Preparation"},{"floor":9,"key":"Orichalcum"},{"floor":23,"key":"Akabeko"},{"floor":26,"key":"BreadOfAWashokuLover"}],"event_choices":[{"cards_removed":["Strike_MRS"],"damage_healed":0,"gold_gain":0,"player_choice":"Purged","damage_taken":0,"max_hp_gain":0,"max_hp_loss":0,"event_name":"Purifier","floor":2,"gold_loss":0},{"damage_healed":0,"gold_gain":0,"player_choice":"Entered Light","damage_taken":15,"max_hp_gain":0,"max_hp_loss":0,"event_name":"Shining Light","floor":12,"gold_loss":0,"cards_upgraded":["PropBag","GrandCross"]},{"damage_healed":25,"gold_gain":0,"player_choice":"Heal","damage_taken":0,"max_hp_gain":0,"max_hp_loss":0,"event_name":"The Library","floor":20,"gold_loss":0},{"damage_healed":0,"gold_gain":0,"player_choice":"Inject Mutagens","damage_taken":0,"relics_obtained":["MutagenicStrength"],"max_hp_gain":0,"max_hp_loss":0,"event_name":"Drug Dealer","floor":21,"gold_loss":0},{"damage_healed":0,"gold_gain":0,"player_choice":"Ignored","damage_taken":0,"max_hp_gain":0,"max_hp_loss":0,"event_name":"Vampires","floor":29,"gold_loss":0}],"is_beta":false,"boss_relics":[{"not_picked":["Snecko Eye","ExperimentalFamiliar"],"picked":"Empty Cage"}],"items_purged_floors":[3,13],"is_endless":false,"potions_floor_spawned":[1,8,10,16,22,27,28,30],"killed_by":"Champ","ascension_level":0}}