{"host":"hpn0uxah5qjr7pa6","time":1612306728,"event":{"mods":["Act Like it!","Aspiration","BaseMod","Better Third Choice","BetterRewards","Challenge The Spire","Colored Powertips","Conspire","Downfall","Energized Spire","Hallownest","Hermit","Hubris","Infinite Spire","Minty Spire (QoL Compilation)","Permanent Neow","Quick Restart","Rare Cards Sparkle","Replay The Spire","Spicy Shops","StSLib","The Bug Knight","The Jungle"],"gold_per_floor":[0,18,28,28,45,45,45,70,70,80,96,106,106,135,155,251,251,251,265,265,265,283,283,283,296,296,306,338,338,338,338],"floor_reached":29,"language":"ENG","playtime":958,"items_purged":[],"score":296,"play_id":"861706ef-a54b-4406-a704-b06aca3c5d60","local_time":"20210202145848","is_ascension_mode":true,"campfire_choices":[{"data":"bronze:ChosenStrike","floor":6,"key":"SMITH"},{"floor":9,"key":"REST"},{"floor":13,"key":"REST"},{"floor":23,"key":"REST"}],"circlet_count":0,"master_deck":["bronze:Strike","bronze:Strike","bronze:Strike","bronze:Strike","bronze:Defend","bronze:Defend","bronze:Defend","bronze:Replicate","bronze:OilSpill","bronze:ChosenStrike","bronze:ChosenStrike+1","bronze:DelayedSlice","bronze:OilSpill","bronze:ChosenStrike","bronze:AlphaBuild","bronze:ChildClass","bronze:HardenedForm"],"relics":["bronze:BronzeCore","infinitespire:PuzzleCube","aspiration:VileToxins","energizedSpire:RedRose","Blue Candle","conspire:Flyswatter","bronze:BronzeIdol"],"acts_visited":["Exordium","TheCity"],"potions_floor_usage":[14,14,15,16,16,25,28],"damage_taken":[{"damage":0,"enemies":"Small Slimes","floor":2,"turns":2},{"damage":0,"enemies":"Cultist","floor":3,"turns":2},{"damage":6,"enemies":"2 Louse","floor":5,"turns":2},{"damage":23,"enemies":"Gremlin Nob","floor":8,"turns":4},{"damage":11,"enemies":"Exordium Thugs","floor":10,"turns":3},{"damage":1,"enemies":"2 Fungi Beasts","floor":11,"turns":2},{"damage":0,"enemies":"Blue Slaver","floor":12,"turns":2},{"damage":0,"enemies":"conspire:MimicChest","floor":14,"turns":2},{"damage":0,"enemies":"Large Slime","floor":15,"turns":2},{"damage":28,"enemies":"SI_SHIV_ARCHETYPE","floor":16,"turns":5},{"damage":17,"enemies":"conspire:FuzzyDice","floor":19,"turns":3},{"damage":16,"enemies":"Chosen","floor":22,"turns":2},{"damage":6,"enemies":"Snake Plant","floor":25,"turns":2},{"damage":9,"enemies":"conspire:HollyBat","floor":27,"turns":7},{"damage":23,"enemies":"Nightmare","floor":28,"turns":4},{"damage":0,"enemies":"downfall:FleeingMerchant","floor":29,"turns":1}],"seed_played":"-1129237692219104967","potions_obtained":[{"floor":3,"key":"SkillPotion"},{"floor":8,"key":"infinitespire:BlackPotion"},{"floor":11,"key":"bronze:BuildAFunctionPotion"},{"floor":14,"key":"AttackPotion"},{"floor":15,"key":"Adrenaline Potion"},{"floor":22,"key":"PowerPotion"},{"floor":25,"key":"SkillPotion"},{"floor":28,"key":"Explosive Potion"}],"is_trial":false,"path_per_floor":["R","M","M","?","M","R","T","E","R","M","M","M","R","?","M","B",null,"R","M","?","?","M","R","T","M","?","M","NM","$"],"character_chosen":"THE_AUTOMATON","items_purchased":[],"campfire_rested":3,"item_purchase_floors":[],"current_hp_per_floor":[70,70,70,70,64,64,64,41,62,51,50,50,70,70,70,42,70,70,53,48,48,32,53,53,47,47,38,15,15,15,15],"gold":338,"neow_bonus":"TRANSFORM_TWO_CARDS","is_daily":false,"chose_seed":false,"campfire_upgraded":1,"win_rate":0.0,"timestamp":1612306728,"path_taken":["R","M","M","?","M","R","T","E","R","?","M","M","R","?","M","BOSS","R","M","?","?","M","R","T","M","?","M","NM","$"],"items_purchased_type":[],"build_version":"2020-12-22","purchased_purges":0,"victory":false,"max_hp_per_floor":[70,70,70,70,70,70,70,70,70,70,70,70,70,70,70,70,70,70,70,70,70,70,70,70,70,70,70,70,70,70,70],"card_choices":[{"not_picked":["bronze:Deprecate","bronze:Overheat"],"picked":"bronze:ChosenStrike","floor":2},{"not_picked":["bronze:Constructor","bronze:Return","bronze:MaxOutput"],"picked":"SKIP","floor":3},{"not_picked":["bronze:MaxOutput","bronze:InfiniteBeams","bronze:NullPointer"],"picked":"SKIP","floor":5},{"not_picked":["bronze:FineTuning","bronze:Invalidate"],"picked":"bronze:DelayedSlice","floor":8},{"not_picked":["bronze:CutThrough","bronze:FineTuning","bronze:Shield"],"picked":"SKIP","floor":10},{"not_picked":["bronze:Iterate","bronze:BuggyMess","bronze:Overheat"],"picked":"SKIP","floor":11},{"not_picked":["bronze:Verify","bronze:Safeguard"],"picked":"bronze:OilSpill","floor":12},{"not_picked":["bronze:FineTuning","bronze:Terminator"],"picked":"bronze:ChosenStrike","floor":15},{"not_picked":["bronze:Shell","bronze:WhirlingStrike"],"picked":"bronze:ChildClass","floor":19},{"not_picked":["bronze:ForLoop","bronze:FineTuning","bronze:WildBeam+1"],"picked":"SKIP","floor":22},{"not_picked":["bronze:Backtrace","bronze:Deprecate","bronze:Overheat"],"picked":"SKIP","floor":25},{"not_picked":["bronze:BuggyMess+1","bronze:Fortify","bronze:WildBeam+1"],"picked":"SKIP","floor":27},{"not_picked":["bronze:BuggyMess","bronze:FineTuning","bronze:ClassDefault"],"picked":"SKIP","floor":28}],"player_experience":163869,"relics_obtained":[{"floor":7,"key":"infinitespire:PuzzleCube"},{"floor":8,"key":"aspiration:VileToxins"},{"floor":14,"key":"Nunchaku"},{"floor":24,"key":"conspire:Flyswatter"},{"floor":28,"key":"bronze:BronzeIdol"}],"event_choices":[{"damage_healed":0,"gold_gain":0,"player_choice":"Leave","damage_taken":0,"max_hp_gain":0,"max_hp_loss":0,"event_name":"conspire:Investor","floor":21,"gold_loss":0}],"is_beta":false,"boss_relics":[{"not_picked":["aspiration:DefectSkillbook","Astrolabe"],"picked":"energizedSpire:RedRose"}],"items_purged_floors":[],"is_endless":true,"potions_floor_spawned":[3,8,11,14,15,22,25,28],"killed_by":"downfall:FleeingMerchant","ascension_level":4}}