{"host":"njo8qgvy2a57fcny","time":1612229705,"event":{"mods":["Aspiration","BaseMod","BetterRewards","CCEM2","Colored Map","Colored Powertips","Conspire","Custom Start","Downfall","Energized Spire","GifTheSpireLib","Halation","Hermit","Hubris","Infinite Spire","Jedi Mod","Jorbs\u0027s Wanderer Trilogy","Mimic Mod","Minty Spire (QoL Compilation)","Quick Restart","Random Character Button","Random Character Mod","Rare Cards Sparkle","Relic Sorter","Reliquary","Replay The Spire","Shop Mod","StSLib","Stuff the Spire","The Animator","The Jungle","The Runesmith","The Servant 0.9.4","Unceasing Turn Reminder","thorton"],"gold_per_floor":[99,118,133,133,133,9,52,90,109,109,109,133,153,70,86,182,182,82,99,121,121,121,131,156,174,174,174,174],"floor_reached":26,"language":"ENG","playtime":2926,"items_purged":[],"score":423,"play_id":"014035f4-bc30-42a0-86e0-253187d99d2c","local_time":"20210202123505","is_ascension_mode":true,"campfire_choices":[{"floor":1,"key":"RECALL"},{"data":"hexamod:ForkedFlame","floor":10,"key":"SMITH"},{"data":"hexamod:Float","floor":18,"key":"SMITH"}],"circlet_count":0,"master_deck":["hexamod:Strike","hexamod:Strike","hexamod:Strike","hexamod:Strike","hexamod:Sear","hexamod:Float+1","animator:Curse_Nutcracker","hexamod:ForkedFlame+1","hexamod:FourthSeal","hexamod:HeatMetal","StuffTheSpire:CuriosityCurse","hexamod:BurningTouch","hexamod:SecondSeal","hexamod:NecessarySacrifice","hexamod:SpectersWail","hexamod:FastForward","hexamod:CatchUp","CommonCold","hexamod:StepThrough","hexamod:RainOfEmbers","hexamod:GhostflameBarrier","hexamod:TimeOfNeed","hexamod:GhostLash","hexamod:WildfireWeapon","hexamod:ThirdSeal","hexamod:FastForward+1","theJungle:Gourd","theJungle:Gourd","theJungle:Gourd","theJungle:Gourd","theJungle:Gourd","Clumsy","animator:Curse_Nutcracker","infinitespire:Collect","hexamod:BurningTouch","hexamod:GhostOfSpirePast","hexamod:RadiantFlame"],"relics":["hexamod:SpiritBrand","Ring of Panic","Boot","hubris:Towel","Pet Ghost","ReplayFunnel","Pen Nib","Ring of Misfortune","reliquary:WritOfMandamus","downfall:HeartBlessingBlue","StuffTheSpire:Barrel"],"acts_visited":["Exordium","Exordium"],"potions_floor_usage":[6,7,8,9,12,13,14,16,19,23,23,25,26,26],"damage_taken":[{"damage":0,"enemies":"Small Slimes","floor":2,"turns":2},{"damage":1,"enemies":"2 Louse","floor":3,"turns":3},{"damage":0,"enemies":"downfall:FleeingMerchant","floor":6,"turns":4},{"damage":4,"enemies":"Jaw Worm","floor":7,"turns":8},{"damage":58,"enemies":"Lagavulin","floor":8,"turns":9},{"damage":0,"enemies":"Jaw Worm","floor":9,"turns":2},{"damage":0,"enemies":"conspire:2 RoseBushes","floor":12,"turns":4},{"damage":0,"enemies":"Exordium Wildlife","floor":13,"turns":2},{"damage":0,"enemies":"downfall:FleeingMerchant","floor":14,"turns":4},{"damage":0,"enemies":"Lots of Slimes","floor":15,"turns":3},{"damage":0,"enemies":"IC_STATUS_ARCHETYPE","floor":16,"turns":6},{"damage":9,"enemies":"theJungle:Flameango_and_Byrd","floor":19,"turns":4},{"damage":0,"enemies":"theJungle:GiantWrat","floor":20,"turns":4},{"damage":8,"enemies":"theJungle:SlimyTreeVines","floor":23,"turns":3},{"damage":0,"enemies":"theJungle:Snecko_Cultist_And_Trap","floor":25,"turns":5},{"damage":74,"enemies":"theJungle:MamaSnecko","floor":26,"turns":7}],"seed_played":"-5891163470059663852","potions_obtained":[{"floor":3,"key":"Energy Potion"},{"floor":6,"key":"DistilledChaos"},{"floor":7,"key":"SteroidPotion"},{"floor":8,"key":"jedi:StrikingPotion"},{"floor":8,"key":"Toxic Potion"},{"floor":9,"key":"hexamod:SoulburnPotion"},{"floor":12,"key":"LiquidBronze"},{"floor":15,"key":"Adrenaline Potion"},{"floor":16,"key":"SneckoOil"},{"floor":19,"key":"champ:CounterPotion"},{"floor":20,"key":"FearPotion"},{"floor":20,"key":"LifebloodPotion"},{"floor":23,"key":"Cursed Concoction"},{"floor":25,"key":"PowerPotion"}],"is_trial":false,"path_per_floor":["R","M","M","?","?","$","MIM","E","M","R","?","M","M","$","M","B",null,"R","M","M","?","?","M","T","M","E"],"character_chosen":"THE_SPIRIT","items_purchased":["hexamod:SecondSeal","hexamod:NecessarySacrifice","hexamod:TimeOfNeed"],"campfire_rested":0,"item_purchase_floors":[6,6,14],"current_hp_per_floor":[70,70,69,69,69,69,65,7,7,7,7,7,7,7,7,7,70,80,71,71,71,71,66,66,66,0,0,0],"gold":174,"neow_bonus":"THREE_RARE_CARDS","is_daily":false,"chose_seed":false,"campfire_upgraded":2,"win_rate":0.0,"timestamp":1612229705,"path_taken":["R","M","M","?","?","$","MIM","E","M","R","?","?","M","$","M","BOSS","R","M","M","?","?","?","T","?","E"],"items_purchased_type":["Card","Card","Card"],"build_version":"2020-12-22","purchased_purges":0,"victory":false,"max_hp_per_floor":[70,70,70,70,70,70,70,70,70,70,70,70,70,70,70,70,70,80,80,80,80,80,80,80,80,80,80,80],"card_choices":[{"not_picked":["hexamod:UnleashSpirits","hexamod:TurnItUp"],"picked":"hexamod:ForkedFlame","floor":0},{"not_picked":["hexamod:SoulSteal","hexamod:FastForward"],"picked":"hexamod:FourthSeal","floor":2},{"not_picked":["hexamod:FourthSeal","hexamod:ShieldOfDarkness"],"picked":"hexamod:HeatMetal","floor":3},{"not_picked":["hexamod:AdvancingGuard","hexamod:NecessarySacrifice"],"picked":"hexamod:BurningTouch","floor":6},{"not_picked":["hexamod:EtherealExpedition","hexamod:NightmareGuise"],"picked":"hexamod:SpectersWail","floor":7},{"not_picked":["hexamod:Haunt","hexamod:ThermalTransfer"],"picked":"hexamod:FastForward","floor":8},{"not_picked":["hexamod:ThermalTransfer","hexamod:BurningTouch"],"picked":"hexamod:CatchUp","floor":9},{"not_picked":["hexamod:GhostLash","hexamod:Hexaguard"],"picked":"hexamod:StepThrough","floor":12},{"not_picked":["hexamod:SpectersWail","hexamod:ThermalTransfer"],"picked":"hexamod:RainOfEmbers","floor":13},{"not_picked":["hexamod:HeatMetal","hexamod:ShieldOfDarkness"],"picked":"hexamod:GhostflameBarrier","floor":14},{"not_picked":["hexamod:FourthSeal","hexamod:ParanormalForm"],"picked":"hexamod:GhostLash","floor":15},{"not_picked":["hexamod:ForkedFlame","hexamod:GhostOfSpirePresent"],"picked":"hexamod:WildfireWeapon","floor":16},{"not_picked":["hexamod:ShieldOfDarkness","hexamod:ThermalTransfer"],"picked":"hexamod:ThirdSeal","floor":19},{"not_picked":["hexamod:GhostShield","hexamod:VolcanoVisage"],"picked":"hexamod:FastForward+1","floor":20},{"not_picked":["Replay:Fractal Strike","infinitespire:Starlight"],"picked":"infinitespire:Collect","floor":22},{"not_picked":["hexamod:HeatMetal","hexamod:RetreatToShadows+1"],"picked":"hexamod:BurningTouch","floor":23},{"not_picked":["hexamod:NightmareStrike","hexamod:NightmareGuise"],"picked":"hexamod:GhostOfSpirePast","floor":25},{"not_picked":["hexamod:ThermalTransfer","hexamod:Firestarter+1"],"picked":"hexamod:RadiantFlame","floor":25}],"player_experience":751941,"relics_obtained":[{"floor":7,"key":"Pet Ghost"},{"floor":7,"key":"ReplayFunnel"},{"floor":8,"key":"Pen Nib"},{"floor":11,"key":"Ring of Panic"},{"floor":11,"key":"Ring of Misfortune"},{"floor":24,"key":"StuffTheSpire:Barrel"}],"event_choices":[],"is_beta":false,"boss_relics":[{"not_picked":["Empty Cage","CCEMRelics:ExpiredCReal"],"picked":"reliquary:WritOfMandamus"}],"items_purged_floors":[],"is_endless":false,"potions_floor_spawned":[8,9,15,16,20,25],"killed_by":"theJungle:MamaSnecko","ascension_level":1}}