{"host":"zwuytn9vh5b8tdl7","time":1612237573,"event":{"mods":["AchievementEnabler","BaseMod","Colored Powertips","GifTheSpireLib","Minty Spire (QoL Compilation)","Rare Cards Sparkle","StSLib","The Animator"],"gold_per_floor":[270,270,303,303,337,372,372,409,409,409,409,97,97,124,124,134,134],"floor_reached":16,"language":"ENG","playtime":1241,"items_purged":[],"score":100,"play_id":"153dd3fa-c348-4468-8a94-c93332391a30","local_time":"20210201224613","is_ascension_mode":false,"campfire_choices":[{"floor":13,"key":"REST"},{"floor":15,"key":"REST"}],"circlet_count":0,"master_deck":["animator:Strike_Kancolle","animator:Defend_Kancolle","animator:Strike","animator:Strike","animator:Strike","animator:Defend","animator:Defend","animator:Defend","animator:Shimakaze","animator:Melzalgald+1","animator:Mitsuba","animator:Alexander","animator:EmiyaShirou","animator:Viivi","animator:Gilgamesh","animator:Urushihara","animator:QuestionMark","animator:Lancer","animator:Layla"],"relics":["animator:LivingPicture","animator:TheMissingPiece","animator:HeavyHalberd","Bottled Lightning","Toolbox"],"acts_visited":["Exordium"],"potions_floor_usage":[16,16,16],"damage_taken":[{"damage":5,"enemies":"Jaw Worm","floor":1,"turns":6},{"damage":0,"enemies":"Small Slimes","floor":3,"turns":3},{"damage":8,"enemies":"2 Louse","floor":5,"turns":2},{"damage":25,"enemies":"Gremlin Nob","floor":6,"turns":4},{"damage":25,"enemies":"Gremlin Gang","floor":8,"turns":5},{"damage":23,"enemies":"2 Fungi Beasts","floor":14,"turns":4},{"damage":38,"enemies":"Hexaghost","floor":16,"turns":9}],"seed_played":"4194631482058885414","potions_obtained":[{"floor":1,"key":"PowerPotion"},{"floor":7,"key":"Fruit Juice"},{"floor":7,"key":"PowerPotion"}],"is_trial":false,"path_per_floor":["M","?","M","?","M","E","?","M","T","?","?","$","R","M","R","B"],"character_chosen":"THE_ANIMATOR","items_purchased":["Toolbox","animator:QuestionMark","animator:Lancer"],"campfire_rested":2,"item_purchase_floors":[12,12,12],"current_hp_per_floor":[67,67,67,67,59,35,35,10,10,10,10,10,31,9,31,0,0],"gold":134,"neow_bonus":"TEN_PERCENT_HP_BONUS","is_daily":false,"chose_seed":false,"campfire_upgraded":0,"win_rate":0.0,"timestamp":1612237573,"path_taken":["M","?","M","?","M","E","?","?","T","?","?","$","R","M","R","BOSS"],"items_purchased_type":["Relic","Card","Card"],"build_version":"2020-12-22","purchased_purges":0,"victory":false,"max_hp_per_floor":[72,72,72,72,72,73,73,73,73,73,73,73,73,74,74,79,79],"card_choices":[{"not_picked":["animator:GazelDwargon","animator:Shuna"],"picked":"animator:Melzalgald","floor":1},{"not_picked":["animator:PandorasActor","animator:ChaikaBohdan"],"picked":"animator:Mitsuba","floor":3},{"not_picked":["animator:Yuuichirou","animator:Rider"],"picked":"animator:Alexander","floor":5},{"not_picked":["animator:Caster","animator:Archer"],"picked":"animator:EmiyaShirou","floor":6},{"not_picked":["animator:Lancer","animator:Togame"],"picked":"animator:Viivi","floor":8},{"not_picked":["animator:Shizu","animator:SakuraMatou"],"picked":"animator:Layla","floor":14}],"player_experience":358802,"relics_obtained":[{"floor":6,"key":"animator:HeavyHalberd"},{"floor":9,"key":"Bottled Lightning"}],"event_choices":[{"damage_healed":0,"gold_gain":0,"player_choice":"Leave","damage_taken":0,"max_hp_gain":0,"max_hp_loss":0,"event_name":"The Cleric","floor":2,"gold_loss":0},{"damage_healed":0,"gold_gain":0,"player_choice":"Grow","damage_taken":0,"max_hp_gain":0,"max_hp_loss":0,"event_name":"Living Wall","floor":4,"gold_loss":0,"cards_upgraded":["animator:Melzalgald"]},{"damage_healed":0,"gold_gain":0,"player_choice":"Got Potions","damage_taken":0,"max_hp_gain":0,"max_hp_loss":0,"event_name":"Lab","floor":7,"gold_loss":0},{"damage_healed":0,"gold_gain":0,"player_choice":"2 cards matched","damage_taken":0,"max_hp_gain":0,"max_hp_loss":0,"event_name":"Match and Keep!","floor":11,"gold_loss":0,"cards_obtained":["animator:Gilgamesh","animator:Urushihara"]}],"is_beta":false,"boss_relics":[],"items_purged_floors":[],"is_endless":false,"potions_floor_spawned":[1,14],"killed_by":"Hexaghost","ascension_level":0}}