{"host":"ko40t1o51xotjt2v","time":1612288578,"event":{"mods":["2.2 Compatiblity","AchievementEnabler","Aspiration","BaseMod","Better Match","Better Third Choice","Better Vampires","Conspire","Downfall","Energized Spire","GifTheSpireLib","Halation","Hubris","Jedi Mod","Minty Spire (QoL Compilation)","MostiFishMod","Spicy Shops","Spikes Relics","StSLib","Stuff the Spire","TestMod","??????REMEMod"],"gold_per_floor":[109,109,124,24,24,50,50,75,75,88,88,114,131,151,151,249,249,269,269,288,288,288,288],"floor_reached":22,"language":"SPA","playtime":1166,"items_purged":["Strike_B"],"score":321,"play_id":"a4cedf4c-c5db-418a-a9a6-d2339fc98f43","local_time":"20210202185618","is_ascension_mode":true,"campfire_choices":[{"data":"Coolheaded","floor":7,"key":"SMITH"},{"data":"hubris:PowerSurge","floor":11,"key":"SMITH"},{"data":"Redo","floor":15,"key":"SMITH"}],"circlet_count":0,"master_deck":["Zap+1","Dualcast","Cold Snap","Redo+1","Coolheaded+1","Sweeping Beam","hubris:PowerSurge+1","Auto Shields","MostiFishMod:ATRI","MostiFishMod:StarOceanB","jedi:studyfrost","Hello World","REME_SelfUpgrade","Conserve Battery","DiskWipe","REME_ForAll","StuffTheSpire:Brawn","Coolheaded+1","Cold Snap"],"relics":["Cracked Core","DaveBox","testmod-TestBox","REME_ComplimentaryCards","NeowsBlessing","halation:KoshaPiece","halation:BottledLove","ImprovedEquipment","DataDisk","Pandora\u0027s Box","PrismaticShard"],"acts_visited":["Exordium","TheCity"],"potions_floor_usage":[13],"damage_taken":[{"damage":0,"enemies":"Small Slimes","floor":1,"turns":1},{"damage":0,"enemies":"Cultist","floor":3,"turns":1},{"damage":0,"enemies":"Lagavulin","floor":6,"turns":1},{"damage":18,"enemies":"3 Sentries","floor":8,"turns":7},{"damage":4,"enemies":"2 Louse","floor":10,"turns":2},{"damage":13,"enemies":"Lagavulin","floor":12,"turns":5},{"damage":0,"enemies":"Exordium Wildlife","floor":13,"turns":1},{"damage":1,"enemies":"2 Fungi Beasts","floor":14,"turns":2},{"damage":6,"enemies":"The Guardian","floor":16,"turns":12},{"damage":3,"enemies":"Shell Parasite","floor":18,"turns":7},{"damage":0,"enemies":"Chosen","floor":20,"turns":4},{"damage":6,"enemies":"Shelled Parasite and Fungi","floor":22,"turns":4}],"seed_played":"2756900446072132099","potions_obtained":[{"floor":1,"key":"bronze:BurnAndBuffPotion"},{"floor":10,"key":"Explosive Potion"},{"floor":12,"key":"testmod-EscapePotion"},{"floor":16,"key":"PowerPotion"}],"is_trial":false,"path_per_floor":["M","?","M","$","T","E","R","E","T","M","R","E","M","M","R","B",null,"M","?","M","?","M"],"character_chosen":"DEFECT","items_purchased":["Coolheaded"],"campfire_rested":0,"item_purchase_floors":[4],"current_hp_per_floor":[68,68,68,68,68,68,68,50,50,46,46,33,33,32,32,26,63,60,45,45,37,31,31],"gold":288,"neow_bonus":"THREE_ENEMY_KILL","is_daily":false,"chose_seed":false,"campfire_upgraded":3,"win_rate":0.0,"timestamp":1612288578,"path_taken":["M","?","?","?","?","E","R","E","T","M","R","E","M","M","R","BOSS","M","?","M","?","M"],"items_purchased_type":["Card"],"build_version":"2020-12-22","purchased_purges":1,"victory":false,"max_hp_per_floor":[75,75,75,75,75,75,75,75,75,75,75,75,75,75,75,75,75,75,75,75,75,75,75],"card_choices":[{"not_picked":["REME_Whirling","White Noise"],"picked":"Cold Snap","floor":1},{"not_picked":["Barrage","Turbo"],"picked":"Redo","floor":3},{"not_picked":["Turbo","Reboot"],"picked":"Sweeping Beam","floor":6},{"not_picked":["hubris:SpecializedCircuitry","Beam Cell","StuffTheSpire:CleanHardDrive"],"picked":"SKIP","floor":8},{"not_picked":["Redo","jedi:spotbugs"],"picked":"hubris:PowerSurge","floor":10},{"not_picked":["StuffTheSpire:Plugnplay","Compile Driver","jedi:blockon"],"picked":"SKIP","floor":12},{"not_picked":["Rebound","Storm","Compile Driver"],"picked":"SKIP","floor":13},{"not_picked":["MostiFishMod:LinkProtocol","Compile Driver"],"picked":"Auto Shields","floor":14},{"not_picked":["MostiFishMod:StarOceanB","Creative AI"],"picked":"MostiFishMod:ATRI","floor":16},{"not_picked":["Beam Cell","StuffTheSpire:Plugnplay","Reprogram","Leap"],"picked":"SKIP","floor":18},{"not_picked":["Beam Cell","StuffTheSpire:Plugnplay","Reprogram","Leap"],"picked":"SKIP","floor":18},{"not_picked":["StuffTheSpire:GlassShard","Stack","BootSequence"],"picked":"Coolheaded+1","floor":20},{"not_picked":["jedi:BurstLightning","Double Energy"],"picked":"Cold Snap","floor":21}],"player_experience":466663,"relics_obtained":[{"floor":6,"key":"halation:KoshaPiece"},{"floor":8,"key":"halation:BottledLove"},{"floor":9,"key":"ImprovedEquipment"},{"floor":12,"key":"DataDisk"},{"floor":21,"key":"PrismaticShard"}],"event_choices":[{"damage_healed":0,"gold_gain":0,"player_choice":"Upgraded","damage_taken":0,"max_hp_gain":0,"max_hp_loss":0,"event_name":"Upgrade Shrine","floor":2,"gold_loss":0,"cards_upgraded":["Zap"]}],"is_beta":false,"boss_relics":[{"not_picked":["halation:ForbiddenBikini","halation:LoveArrow"],"picked":"Pandora\u0027s Box"}],"items_purged_floors":[4],"is_endless":false,"potions_floor_spawned":[1,10,12,16,18],"killed_by":"Shelled Parasite and Fungi","ascension_level":8}}