{"host":"v54ek091sdz7ha6h","time":1612297727,"event":{"mods":["BaseMod","Better Vampires","Colored Map","Colored Powertips","DeckTracker","Highlight Path","KOR Keyword Fix","Minty Spire (QoL Compilation)","Rare Cards Sparkle","Relic Stats","StSLib","SuperFastMode"],"gold_per_floor":[111,128,142,16,16,344,344,344,423,440,457,1,13,28,28,105,105,119,56,56,73,83,83,102,102,102,133,133,58,85,33,33,110,110,124,144,144,1143,1143,1143,935,1016,1016,1067,1080,1080,595,613,613,613,613,613,613,145,176,176],"floor_reached":57,"language":"KOR","playtime":1815,"items_purged":["Strike_G","Strike_G","Strike_G","Strike_G","Normality","Defend_G","Defend_G"],"score":2934,"play_id":"7fa0eaba-1fc3-4a8a-9281-13580c5bc44a","local_time":"20210203052847","is_ascension_mode":true,"campfire_choices":[{"floor":7.0,"key":"REST"},{"data":"Envenom","floor":15.0,"key":"SMITH"},{"data":"After Image","floor":23.0,"key":"SMITH"},{"data":"Accuracy","floor":25.0,"key":"SMITH"},{"data":"Accuracy","floor":32.0,"key":"SMITH"},{"floor":46.0,"key":"RECALL"},{"data":"Neutralize","floor":49.0,"key":"SMITH"},{"data":"After Image","floor":53,"key":"SMITH"}],"circlet_count":0,"master_deck":["AscendersBane","Defend_G","Survivor","Neutralize+1","Cloak And Dagger+1","Die Die Die","Cloak And Dagger+1","Blade Dance+1","Envenom+1","Backflip+1","Accuracy+1","Acrobatics+1","After Image+1","Blur+1","Cloak And Dagger+1","Accuracy+1","Tactician+1","After Image+1","Calculated Gamble+1","Trip+1","Phantasmal Killer+1","Prepared+1","Venomology+1","Reflex+1","Master of Strategy+1","Reflex+1","White Noise+1","Entrench+1"],"relics":["Ring of the Snake","Old Coin","Toxic Egg 2","Membership Card","Gremlin Horn","Sozu","Nilry\u0027s Codex","FossilizedHelix","Juzu Bracelet","Shuriken","Empty Cage","PrismaticShard","Paper Crane","Bird Faced Urn","HandDrill","Strawberry","Anchor","Letter Opener","Pear","Frozen Eye","Vajra"],"acts_visited":["Exordium","TheCity","TheBeyond","TheEnding"],"potions_floor_usage":[50],"damage_taken":[{"damage":6.0,"enemies":"Jaw Worm","floor":1.0,"turns":7.0},{"damage":3.0,"enemies":"Cultist","floor":2.0,"turns":5.0},{"damage":0.0,"enemies":"2 Louse","floor":3.0,"turns":3.0},{"damage":26.0,"enemies":"Lagavulin","floor":6.0,"turns":13.0},{"damage":0.0,"enemies":"Exordium Wildlife","floor":8.0,"turns":1.0},{"damage":0.0,"enemies":"Gremlin Gang","floor":10.0,"turns":1.0},{"damage":4.0,"enemies":"Exordium Thugs","floor":11.0,"turns":3.0},{"damage":0.0,"enemies":"2 Fungi Beasts","floor":13.0,"turns":1.0},{"damage":0.0,"enemies":"3 Louse","floor":14.0,"turns":1.0},{"damage":18.0,"enemies":"Slime Boss","floor":16.0,"turns":7.0},{"damage":0.0,"enemies":"Spheric Guardian","floor":18.0,"turns":3.0},{"damage":0.0,"enemies":"3 Byrds","floor":21.0,"turns":4.0},{"damage":2.0,"enemies":"Shelled Parasite and Fungi","floor":22.0,"turns":3.0},{"damage":0.0,"enemies":"Cultist and Chosen","floor":24.0,"turns":3.0},{"damage":0.0,"enemies":"Gremlin Leader","floor":27.0,"turns":4.0},{"damage":0.0,"enemies":"Book of Stabbing","floor":30.0,"turns":4.0},{"damage":0.0,"enemies":"Collector","floor":33.0,"turns":5.0},{"damage":0.0,"enemies":"Orb Walker","floor":35.0,"turns":2.0},{"damage":0.0,"enemies":"3 Shapes","floor":36.0,"turns":3.0},{"damage":0.0,"enemies":"2 Orb Walkers","floor":44.0,"turns":4.0},{"damage":0.0,"enemies":"Sphere and 2 Shapes","floor":45.0,"turns":3.0},{"damage":0.0,"enemies":"Writhing Mass","floor":48.0,"turns":4.0},{"damage":16,"enemies":"Time Eater","floor":50,"turns":9},{"damage":0,"enemies":"Awakened One","floor":51,"turns":5},{"damage":40,"enemies":"Shield and Spear","floor":55,"turns":4},{"damage":47,"enemies":"The Heart","floor":56,"turns":7}],"seed_played":"-6143771392484672933","potions_obtained":[{"floor":2.0,"key":"SmokeBomb"},{"floor":3.0,"key":"BlessingOfTheForge"},{"floor":10.0,"key":"DistilledChaos"},{"floor":13.0,"key":"Strength Potion"},{"floor":16.0,"key":"DuplicationPotion"}],"is_trial":false,"path_per_floor":["M","M","M","$","?","E","R","M","T","M","M","$","M","M","R","B",null,"M","$","?","M","M","R","M","R","T","E","?","$","E","$","R","B",null,"M","M","?","?","?","?","$","T","T","?","M","R","$","M","R","B","B",null,"R","$","E","B",null],"character_chosen":"THE_SILENT","items_purchased":["Quick Slash","Membership Card","Envenom","Backflip+1","Gremlin Horn","Trip+1","PrismaticShard","Venomology+1","HandDrill","Strawberry","Anchor","Master of Strategy+1","Reflex+1","Letter Opener","Pear","Frozen Eye"],"campfire_rested":1,"item_purchase_floors":[4,12,12,12,12,31,41,41,47,47,47,47,47,54,54,54],"current_hp_per_floor":[38,35,35,35,35,9,28,28,28,28,24,24,24,24,24,6,51,51,51,30,30,28,28,28,28,28,28,28,28,28,28,28,28,57,57,57,57,57,57,57,57,57,57,57,66,66,73,73,73,61,73,73,73,83,51,16],"gold":176,"neow_bonus":"REMOVE_TWO","is_daily":false,"chose_seed":false,"campfire_upgraded":6,"win_rate":0.0,"timestamp":1612297727,"path_taken":["M","M","M","$","?","E","R","M","T","M","M","$","M","M","R","BOSS","M","?","?","?","M","R","M","R","T","E","?","$","E","?","R","BOSS","M","M","?","?","?","?","$","?","T","?","M","R","$","M","R","BOSS","BOSS","R","$","E","BOSS"],"items_purchased_type":["Card","Relic","Card","Card","Relic","Card","Relic","Card","Relic","Relic","Relic","Card","Card","Relic","Relic","Relic"],"build_version":"2020-12-22","purchased_purges":7,"victory":true,"max_hp_per_floor":[66,66,66,66,66,66,66,66,66,66,66,66,66,66,66,66,66,66,66,66,66,66,66,66,66,66,66,66,66,66,66,66,66,66,66,66,66,66,66,66,66,66,66,66,66,66,73,73,73,73,73,73,73,83,83,83],"relic_stats":{"Sozu":12,"Gremlin Horn":[25,25],"counters":[26,109],"Shuriken":[37],"Bird Faced Urn":[45],"Juzu Bracelet":3,"HandDrill":[16],"Letter Opener":[95],"obtain_stats":[{"Pear":54,"Gremlin Horn":12,"Nilry\u0027s Codex":20,"Vajra":55,"Juzu Bracelet":27,"Letter Opener":54,"Paper Crane":43,"Empty Cage":34,"PrismaticShard":41,"Old Coin":6,"Sozu":17,"Frozen Eye":54,"Anchor":47,"Shuriken":30,"Bird Faced Urn":44,"Strawberry":47,"HandDrill":47,"Membership Card":12,"Toxic Egg 2":9,"FossilizedHelix":26,"Ring of the Snake":0},{"Pear":24,"Gremlin Horn":7,"Nilry\u0027s Codex":11,"Vajra":25,"Juzu Bracelet":15,"Letter Opener":24,"Paper Crane":19,"Empty Cage":17,"PrismaticShard":19,"Old Coin":4,"Sozu":10,"Frozen Eye":24,"Anchor":21,"Shuriken":16,"Bird Faced Urn":20,"Strawberry":21,"HandDrill":21,"Membership Card":7,"Toxic Egg 2":5,"FossilizedHelix":14,"Ring of the Snake":0},{"Pear":98,"Gremlin Horn":33,"Nilry\u0027s Codex":45,"Vajra":102,"Juzu Bracelet":59,"Letter Opener":98,"Paper Crane":73,"Empty Cage":68,"PrismaticShard":73,"Old Coin":28,"Sozu":42,"Frozen Eye":98,"Anchor":80,"Shuriken":63,"Bird Faced Urn":77,"Strawberry":80,"HandDrill":80,"Membership Card":33,"Toxic Egg 2":29,"FossilizedHelix":55,"Ring of the Snake":0}],"Ring of the Snake":[52]},"card_choices":[{"not_picked":["Slice","PiercingWail","Deflect"],"picked":"SKIP","floor":1.0},{"not_picked":["Acrobatics","PiercingWail"],"picked":"Cloak And Dagger","floor":2.0},{"not_picked":["Prepared","Concentrate"],"picked":"Quick Slash","floor":3.0},{"not_picked":["Infinite Blades","Backstab"],"picked":"Die Die Die","floor":6.0},{"not_picked":["Deadly Poison+1","Outmaneuver+1"],"picked":"Cloak And Dagger+1","floor":10.0},{"not_picked":["Catalyst+1","Bouncing Flask+1"],"picked":"Blade Dance+1","floor":11.0},{"not_picked":["Acrobatics+1","Dash"],"picked":"Accuracy","floor":13.0},{"not_picked":["Deadly Poison+1","Bouncing Flask+1"],"picked":"Acrobatics+1","floor":14.0},{"not_picked":["Storm of Steel+1","Bullet Time+1"],"picked":"After Image","floor":16.0},{"not_picked":["Acrobatics+1","Blade Dance+1"],"picked":"Blur+1","floor":18.0},{"not_picked":["Deadly Poison+1","Distraction+1"],"picked":"Cloak And Dagger+1","floor":21.0},{"not_picked":["Quick Slash","Sucker Punch"],"picked":"Accuracy","floor":22.0},{"not_picked":["Backflip+1","Dagger Spray"],"picked":"Tactician+1","floor":24.0},{"not_picked":["Expertise+1","Deadly Poison+1"],"picked":"After Image","floor":27.0},{"not_picked":["Caltrops","Distraction+1"],"picked":"Calculated Gamble+1","floor":30.0},{"not_picked":["Bullet Time+1","Burst+1"],"picked":"Phantasmal Killer+1","floor":33.0},{"not_picked":["Dagger Throw","Dagger Spray"],"picked":"Prepared+1","floor":35.0},{"not_picked":["Sucker Punch","Deadly Poison+1","Cloak And Dagger+1"],"picked":"SKIP","floor":36.0},{"not_picked":["Consecrate","Twin Strike+1"],"picked":"Reflex+1","floor":45.0},{"not_picked":["Sucker Punch","Loop"],"picked":"White Noise+1","floor":48.0},{"not_picked":["Flying Knee+1","Rebound+1"],"picked":"Entrench+1","floor":55}],"player_experience":1465550,"relics_obtained":[{"floor":6.0,"key":"Old Coin"},{"floor":9.0,"key":"Toxic Egg 2"},{"floor":20.0,"key":"Nilry\u0027s Codex"},{"floor":26.0,"key":"FossilizedHelix"},{"floor":27.0,"key":"Juzu Bracelet"},{"floor":30.0,"key":"Shuriken"},{"floor":43.0,"key":"Paper Crane"},{"floor":44.0,"key":"Bird Faced Urn"},{"floor":55,"key":"Vajra"}],"event_choices":[{"damage_healed":0.0,"max_hp_gain":0.0,"max_hp_loss":0.0,"gold_gain":0.0,"event_name":"Upgrade Shrine","player_choice":"Upgraded","floor":5.0,"gold_loss":0.0,"damage_taken":0.0,"cards_upgraded":["Cloak And Dagger"]},{"damage_healed":0.0,"max_hp_gain":0.0,"max_hp_loss":0.0,"gold_gain":0.0,"event_name":"Cursed Tome","player_choice":"Obtained Book","floor":20.0,"gold_loss":0.0,"damage_taken":21.0},{"damage_healed":0.0,"max_hp_gain":0.0,"max_hp_loss":0.0,"gold_gain":0.0,"event_name":"Match and Keep!","player_choice":"0 cards matched","floor":28.0,"gold_loss":0.0,"damage_taken":0.0,"cards_obtained":[]},{"cards_removed":["Quick Slash"],"damage_healed":0.0,"max_hp_gain":0.0,"max_hp_loss":0.0,"gold_gain":0.0,"event_name":"Falling","player_choice":"Removed Attack","floor":37.0,"gold_loss":0.0,"damage_taken":0.0},{"damage_healed":0.0,"max_hp_gain":0.0,"max_hp_loss":0.0,"gold_gain":999.0,"event_name":"MindBloom","player_choice":"Gold","floor":38.0,"gold_loss":0.0,"damage_taken":0.0,"cards_obtained":["Normality","Normality"]},{"damage_healed":0.0,"max_hp_gain":0.0,"max_hp_loss":0.0,"gold_gain":0.0,"event_name":"SecretPortal","player_choice":"Ignored","floor":39.0,"gold_loss":0.0,"damage_taken":0.0},{"cards_removed":["Normality"],"damage_healed":0.0,"max_hp_gain":0.0,"max_hp_loss":0.0,"gold_gain":0.0,"event_name":"Purifier","player_choice":"Purged","floor":40.0,"gold_loss":0.0,"damage_taken":0.0},{"damage_healed":0.0,"max_hp_gain":0.0,"max_hp_loss":0.0,"gold_gain":0.0,"event_name":"Mysterious Sphere","player_choice":"Fight","floor":44.0,"gold_loss":0.0,"damage_taken":0.0}],"is_beta":false,"boss_relics":[{"not_picked":["Fusion Hammer","Black Star"],"picked":"Sozu"},{"not_picked":["Pandora\u0027s Box","Runic Dome"],"picked":"Empty Cage"}],"items_purged_floors":[4,12,19,29,41,47,54],"is_endless":false,"potions_floor_spawned":[2,3,10,13,16,18,21,30,35,48],"ascension_level":20}}