{"host":"sc0o2qwpf9j16a4i","time":1612261131,"event":{"mods":["AchievementEnabler","BaseMod","BetterRewards","Block Reminder","Colored Map","Colored Powertips","Custom Start","Highlight Path","Minty Spire (QoL Compilation)","Relic Stats"],"gold_per_floor":[113,129,129,146,146,179,179,193,193,204,222,251,17,35,35,133,133,147,147,17,36,70,123,123,222,222,97,107,107,140,140,140,245,245,278,37,37,112,112,112,162,25,25,67,145,170,182,201,201,201],"floor_reached":51,"language":"ENG","playtime":2071,"items_purged":[],"score":830,"play_id":"7b851912-e3f4-4f15-a19d-fb2ce9c68847","local_time":"20210202121851","daily_mods":["Specialized","Diverse","Terminal"],"is_ascension_mode":false,"campfire_choices":[{"data":"Bash","floor":7,"key":"SMITH"},{"data":"Terror","floor":15,"key":"SMITH"},{"data":"Calculated Gamble","floor":24,"key":"SMITH"},{"data":"Reinforced Body","floor":29,"key":"SMITH"},{"data":"Metallicize","floor":32,"key":"SMITH"},{"data":"BattleHymn","floor":40,"key":"SMITH"},{"data":"Panacea","floor":49,"key":"SMITH"}],"circlet_count":0,"master_deck":["Strike_R","Strike_R","Strike_R","Strike_R","Defend_R","Defend_R","Defend_R","Defend_R","Bash+1","Conclude","Conclude","Conclude","Reinforced Body+1","Swivel","CutThroughFate","Blur","Metallicize+1","Rampage","Calculated Gamble+1","Terror+1","ThirdEye","Pommel Strike","Phantasmal Killer","Melter","HandOfGreed","Headbutt+1","Evaluate","CarveReality","Adrenaline","Evaluate+1","Apotheosis+1","Inflame","BattleHymn+1","Secret Technique","Panacea+1","Flash of Steel","Flex+1","Dark Embrace","Infinite Blades","Heatsinks","Reprogram+1","ThirdEye+1","Fasting2"],"relics":["Black Blood","Dream Catcher","The Courier","Strawberry","StoneCalendar","Gremlin Horn","Velvet Choker","MealTicket","Centennial Puzzle","Bag of Marbles","Ginger","Dead Branch","Mummified Hand","StrikeDummy","Magic Flower","Mercury Hourglass"],"acts_visited":["Exordium","TheCity","TheBeyond"],"potions_floor_usage":[6,16,18,23,33,41,50,50],"damage_taken":[{"damage":0,"enemies":"Small Slimes","floor":1,"turns":2},{"damage":1,"enemies":"Jaw Worm","floor":2,"turns":2},{"damage":0,"enemies":"Cultist","floor":4,"turns":3},{"damage":13,"enemies":"Gremlin Nob","floor":6,"turns":4},{"damage":0,"enemies":"Blue Slaver","floor":8,"turns":3},{"damage":0,"enemies":"Lots of Slimes","floor":10,"turns":1},{"damage":0,"enemies":"Looter","floor":11,"turns":3},{"damage":8,"enemies":"Lagavulin","floor":12,"turns":7},{"damage":0,"enemies":"Red Slaver","floor":14,"turns":4},{"damage":29,"enemies":"Hexaghost","floor":16,"turns":10},{"damage":9,"enemies":"2 Thieves","floor":18,"turns":3},{"damage":0,"enemies":"Chosen","floor":21,"turns":4},{"damage":5,"enemies":"Snecko","floor":22,"turns":5},{"damage":20,"enemies":"Slavers","floor":23,"turns":6},{"damage":11,"enemies":"Chosen and Byrds","floor":28,"turns":6},{"damage":0,"enemies":"Gremlin Leader","floor":30,"turns":3},{"damage":2,"enemies":"Champ","floor":33,"turns":12},{"damage":0,"enemies":"3 Shapes","floor":35,"turns":2},{"damage":0,"enemies":"Mind Bloom Boss Battle","floor":38,"turns":6},{"damage":3,"enemies":"Reptomancer","floor":41,"turns":6},{"damage":22,"enemies":"3 Darklings","floor":44,"turns":5},{"damage":27,"enemies":"2 Orb Walkers","floor":45,"turns":4},{"damage":7,"enemies":"Nemesis","floor":46,"turns":7},{"damage":1,"enemies":"Jaw Worm Horde","floor":47,"turns":4},{"damage":0,"enemies":"Transient","floor":48,"turns":5},{"damage":16,"enemies":"Awakened One","floor":50,"turns":12}],"seed_played":"-2759750973020686848","potions_obtained":[{"floor":2,"key":"Dexterity Potion"},{"floor":4,"key":"ColorlessPotion"},{"floor":8,"key":"FairyPotion"},{"floor":14,"key":"BloodPotion"},{"floor":16,"key":"Fire Potion"},{"floor":21,"key":"AttackPotion"},{"floor":33,"key":"Explosive Potion"},{"floor":35,"key":"Strength Potion"},{"floor":46,"key":"Block Potion"},{"floor":48,"key":"HeartOfIron"}],"is_trial":true,"path_per_floor":["M","M","?","M","?","E","R","M","T","M","M","E","$","M","R","B",null,"M","?","$","M","M","E","R","?","T","$","M","R","E","?","R","B",null,"M","$","?","?","?","R","E","$","T","M","?","E","M","M","R","B",null],"character_chosen":"IRONCLAD","items_purchased":["Gremlin Horn","ThirdEye","HandOfGreed","Bag of Marbles","Apotheosis","Inflame","BattleHymn","Dark Embrace","Infinite Blades","Heatsinks"],"campfire_rested":0,"item_purchase_floors":[13,13,20,27,36,36,36,42,42,42],"current_hp_per_floor":[78,77,76,75,68,61,61,67,74,76,75,73,73,72,71,62,69,66,66,66,65,64,50,50,50,50,59,54,54,56,55,54,53,52,51,50,40,48,47,46,45,44,43,33,18,29,39,38,37,36],"gold":201,"neow_bonus":"","is_daily":false,"chose_seed":false,"campfire_upgraded":7,"win_rate":0.0,"timestamp":1612261131,"path_taken":["M","M","?","?","?","E","R","M","T","M","M","E","$","M","R","BOSS","M","?","$","M","?","E","R","?","T","?","M","R","E","?","R","BOSS","M","$","?","?","?","R","E","$","T","?","?","E","M","M","R","BOSS"],"items_purchased_type":["Relic","Card","Card","Relic","Card","Card","Card","Card","Card","Card"],"build_version":"2020-12-22","purchased_purges":0,"victory":true,"max_hp_per_floor":[78,77,76,75,74,73,72,71,77,76,75,74,73,72,71,70,69,68,67,66,65,64,63,62,61,60,59,58,57,56,55,54,53,52,51,50,49,48,47,46,45,44,43,42,41,40,39,38,37,36],"relic_stats":{"Gremlin Horn":[24,24],"counters":[26,129],"Dead Branch":[61],"Black Blood":138,"Magic Flower":[10],"StoneCalendar":[156],"Ginger":[4],"Mercury Hourglass":[72],"Dream Catcher":0,"Centennial Puzzle":[24],"Mummified Hand":[30],"MealTicket":10,"obtain_stats":[{"Gremlin Horn":13,"Dead Branch":38,"Velvet Choker":17,"Black Blood":34,"Magic Flower":45,"StoneCalendar":12,"The Courier":6,"Ginger":30,"Burning Blood":0,"Mercury Hourglass":46,"Dream Catcher":3,"Centennial Puzzle":26,"Mummified Hand":41,"Strawberry":9,"MealTicket":23,"Bag of Marbles":27,"StrikeDummy":43},{"Gremlin Horn":8,"Dead Branch":19,"Velvet Choker":10,"Black Blood":17,"Magic Flower":22,"StoneCalendar":8,"The Courier":4,"Ginger":16,"Burning Blood":0,"Mercury Hourglass":23,"Dream Catcher":2,"Centennial Puzzle":14,"Mummified Hand":20,"Strawberry":5,"MealTicket":14,"Bag of Marbles":14,"StrikeDummy":20},{"Gremlin Horn":25,"Dead Branch":86,"Velvet Choker":39,"Black Blood":78,"Magic Flower":101,"StoneCalendar":25,"The Courier":11,"Ginger":66,"Burning Blood":0,"Mercury Hourglass":108,"Dream Catcher":4,"Centennial Puzzle":57,"Mummified Hand":92,"Strawberry":14,"MealTicket":57,"Bag of Marbles":57,"StrikeDummy":92}]},"card_choices":[{"not_picked":["Blade Dance","Cleave"],"picked":"Reinforced Body","floor":1},{"not_picked":["Sweeping Beam","Cold Snap"],"picked":"Swivel","floor":2},{"not_picked":["Redo","True Grit"],"picked":"CutThroughFate","floor":4},{"not_picked":["Underhanded Strike","Slice"],"picked":"Blur","floor":6},{"not_picked":["Warcry","Flex"],"picked":"Metallicize","floor":8},{"not_picked":["Sunder","Tempest"],"picked":"Rampage","floor":10},{"not_picked":["Slice","Darkness"],"picked":"Calculated Gamble","floor":11},{"not_picked":["Streamline","Machine Learning"],"picked":"Terror","floor":12},{"not_picked":["Cleave","Reinforced Body"],"picked":"Pommel Strike","floor":14},{"not_picked":["Berserk","Fission"],"picked":"Phantasmal Killer","floor":16},{"not_picked":["Anger","Steam Power","Blizzard+1"],"picked":"SKIP","floor":18},{"not_picked":["CrushJoints","Dodge and Roll"],"picked":"Headbutt+1","floor":21},{"not_picked":["Warcry","InnerPeace"],"picked":"Evaluate","floor":22},{"not_picked":["Wild Strike+1","Blizzard","Lockon+1"],"picked":"SKIP","floor":23},{"not_picked":["Double Energy","Genetic Algorithm"],"picked":"CarveReality","floor":28},{"not_picked":["Self Repair","Conserve Battery","Steam"],"picked":"SKIP","floor":30},{"not_picked":["Meteor Strike","Night Terror"],"picked":"Adrenaline","floor":33},{"not_picked":["Compile Driver","Entrench+1"],"picked":"Evaluate+1","floor":35},{"not_picked":["Transmutation","Discovery"],"picked":"Secret Technique","floor":37},{"not_picked":["Swift Strike","Blind"],"picked":"Panacea","floor":37},{"not_picked":["Good Instincts","Transmutation"],"picked":"Flash of Steel","floor":37},{"not_picked":["Auto Shields","Slice+1"],"picked":"Flex+1","floor":41},{"not_picked":["Setup","EmptyBody","Heel Hook"],"picked":"SKIP","floor":44},{"not_picked":["Flex","CrushJoints"],"picked":"Reprogram+1","floor":45},{"not_picked":["FlyingSleeves","Iron Wave","Die Die Die"],"picked":"SKIP","floor":46},{"not_picked":["Study","Blizzard+1"],"picked":"ThirdEye+1","floor":47},{"not_picked":["Fusion+1","ClearTheMind+1"],"picked":"Fasting2","floor":48}],"player_experience":1125839,"relics_obtained":[{"floor":6,"key":"The Courier"},{"floor":9,"key":"Strawberry"},{"floor":12,"key":"StoneCalendar"},{"floor":23,"key":"MealTicket"},{"floor":26,"key":"Centennial Puzzle"},{"floor":30,"key":"Ginger"},{"floor":38,"key":"Dead Branch"},{"floor":41,"key":"Mummified Hand"},{"floor":43,"key":"StrikeDummy"},{"floor":45,"key":"Magic Flower"},{"floor":46,"key":"Mercury Hourglass"}],"event_choices":[{"cards_removed":["Conclude"],"damage_healed":0,"gold_gain":0,"player_choice":"Gave Card","damage_taken":0,"relics_obtained":["Dream Catcher"],"max_hp_gain":0,"max_hp_loss":0,"event_name":"WeMeetAgain","floor":3,"gold_loss":0},{"cards_removed":["Conclude"],"damage_healed":0,"gold_gain":0,"player_choice":"Card Removal","damage_taken":7,"max_hp_gain":0,"max_hp_loss":0,"event_name":"Golden Wing","floor":5,"gold_loss":0},{"damage_healed":0,"gold_gain":0,"cards_transformed":["Strike_R"],"player_choice":"Transformed","damage_taken":0,"max_hp_gain":0,"max_hp_loss":0,"event_name":"Transmorgrifier","floor":19,"gold_loss":0,"cards_obtained":["Melter"]},{"damage_healed":0,"gold_gain":99,"player_choice":"Stole From Cult","damage_taken":0,"max_hp_gain":0,"max_hp_loss":0,"event_name":"Nest","floor":25,"gold_loss":0},{"damage_healed":0,"gold_gain":0,"player_choice":"Ignored","damage_taken":0,"max_hp_gain":0,"max_hp_loss":0,"event_name":"Ghosts","floor":31,"gold_loss":0},{"damage_healed":0,"gold_gain":0,"player_choice":"Memory 3","damage_taken":10,"max_hp_gain":0,"max_hp_loss":0,"event_name":"SensoryStone","floor":37,"gold_loss":0},{"damage_healed":0,"gold_gain":0,"player_choice":"Fight","damage_taken":0,"max_hp_gain":0,"max_hp_loss":0,"event_name":"MindBloom","floor":38,"gold_loss":0},{"damage_healed":0,"gold_gain":0,"player_choice":"Upgraded","damage_taken":0,"max_hp_gain":0,"max_hp_loss":0,"event_name":"Upgrade Shrine","floor":39,"gold_loss":0,"cards_upgraded":["Apotheosis"]},{"damage_healed":0,"gold_gain":0,"player_choice":"Fight","damage_taken":0,"max_hp_gain":0,"max_hp_loss":0,"event_name":"Mysterious Sphere","floor":45,"gold_loss":0}],"is_beta":false,"boss_relics":[{"not_picked":["Black Star","Sozu"],"picked":"Velvet Choker"},{"not_picked":["Coffee Dripper","Fusion Hammer"],"picked":"Black Blood"}],"items_purged_floors":[],"is_endless":false,"potions_floor_spawned":[2,4,8,14,16,21,33,35,38,46,48],"ascension_level":0}}