{"host":"tx53bzy9yvi1me7u","time":1612279115,"event":{"mods":["2.2 Compatiblity","Aspiration","BaseMod","Bestiary","Better Altar","Better Match","Better Note","Better Sensory Stone","Better Skull","CCEM2","Colored Map","Colored Powertips","Conspire","Dark Map","Displayed Cursed Tome","Downfall","Fox Events","Halation","Highlight Path","Hubris","Jedi Mod","Mimic Mod","Minty Spire (QoL Compilation)","Permanent Neow","Quick Restart","RatMod","Relic Sorter","Reliquary","Replay The Spire","Small Relic Pack","Spicy Shops","Spikes Relics","Spire Arcade","StS++","StSLib","The Blue Laboratory","The Runesmith","Trackpad","Wandering Minibosses"],"gold_per_floor":[211,48,148,162,181,181,193,218,257,274,274,274,274,290,290,388,388,388],"floor_reached":17,"language":"ENG","playtime":995,"items_purged":["Runesmith:Defend_RS"],"score":157,"play_id":"2668073a-50ec-437a-822b-7f1b098f8b8c","local_time":"20210202101835","is_ascension_mode":false,"campfire_choices":[{"data":"Runesmith:Repurpose","floor":6,"key":"SMITH"},{"data":"Runesmith:Grindstone","floor":11,"key":"SMITH"},{"floor":15,"key":"REST"}],"circlet_count":0,"master_deck":["Runesmith:Strike_RS","Runesmith:Strike_RS","Runesmith:Strike_RS","Runesmith:Strike_RS","Runesmith:Defend_RS","Runesmith:Defend_RS","Runesmith:Defend_RS","Runesmith:CraftFirestone","Runesmith:Fortify","Runesmith:CraftProtectio","Runesmith:CraftProtectio+1","Runesmith:Repurpose+1","Runesmith:Discharge","Runesmith:Repurpose","Runesmith:Permafrost","Runesmith:Grindstone+1","Runesmith:EarthShield","Runesmith:CraftPrismatica","Runesmith:CraftReservo","Runesmith:CraftPrismatica"],"relics":["Runesmith:BrokenRuby","Snack Pack","halation:LettersToHer","halation:HeavySnake"],"acts_visited":["Exordium","TheCity"],"potions_floor_usage":[8],"damage_taken":[{"damage":0,"enemies":"Jaw Worm","floor":1,"turns":3},{"damage":6,"enemies":"Cultist","floor":4,"turns":4},{"damage":0,"enemies":"2 Louse","floor":5,"turns":2},{"damage":0,"enemies":"Large Slime","floor":7,"turns":6},{"damage":37,"enemies":"Gremlin Nob","floor":8,"turns":5},{"damage":9,"enemies":"Exordium Thugs","floor":9,"turns":8},{"damage":10,"enemies":"Exordium Thugs","floor":10,"turns":6},{"damage":7,"enemies":"Exordium Wildlife","floor":14,"turns":5},{"damage":17,"enemies":"Slime Boss","floor":16,"turns":9}],"seed_played":"-6100652622504331498","potions_obtained":[{"floor":1,"key":"Swift Potion"},{"floor":10,"key":"blueLaboratory:HeartbeatPotion"},{"floor":14,"key":"Dexterity Potion"}],"is_trial":false,"path_per_floor":["M","$","?","M","M","R","M","E","MIM","M","R","?","?","M","R","B",null],"character_chosen":"RUNESMITH_CLASS","items_purchased":["Runesmith:CraftProtectio+1","Runesmith:Repurpose"],"campfire_rested":1,"item_purchase_floors":[2,2],"current_hp_per_floor":[70,70,70,64,64,64,64,27,18,8,8,8,8,1,22,5,70,70],"gold":388,"neow_bonus":"HUNDRED_GOLD","is_daily":false,"chose_seed":false,"campfire_upgraded":2,"win_rate":0.0,"timestamp":1612279115,"path_taken":["M","$","?","M","?","R","M","E","MIM","M","R","?","?","?","R","BOSS"],"items_purchased_type":["Card","Card"],"build_version":"2020-12-22","purchased_purges":1,"victory":false,"max_hp_per_floor":[70,70,70,70,70,70,70,70,70,70,70,70,70,70,70,70,70,70],"card_choices":[{"not_picked":["Runesmith:CraftReservo","Runesmith:ChargedHammer"],"picked":"Runesmith:CraftProtectio","floor":1},{"not_picked":["Runesmith:MakeshiftArmor","Runesmith:HammerThrow"],"picked":"Runesmith:Discharge","floor":4},{"not_picked":["Runesmith:StaticCage","Runesmith:HeatExchange"],"picked":"Runesmith:Repurpose","floor":5},{"not_picked":["Runesmith:Malloc","Runesmith:MakeshiftArmor"],"picked":"Runesmith:Permafrost","floor":7},{"not_picked":["Runesmith:CraftIncendium","Runesmith:StaticCage"],"picked":"Runesmith:Grindstone","floor":8},{"not_picked":["Runesmith:ChiselStab","Runesmith:GoWithTheFlow"],"picked":"Runesmith:EarthShield","floor":9},{"not_picked":["Runesmith:PerfectChisel","Runesmith:MakeshiftArmor"],"picked":"Runesmith:CraftPrismatica","floor":10},{"not_picked":["Runesmith:Terraform","Runesmith:ShiftingStrike"],"picked":"Runesmith:CraftReservo","floor":14},{"not_picked":["Runesmith:GrandSlam","Runesmith:LightningRod"],"picked":"Runesmith:CraftPrismatica","floor":16}],"player_experience":628266,"relics_obtained":[{"floor":8,"key":"Snack Pack"},{"floor":9,"key":"halation:LettersToHer"}],"event_choices":[{"damage_healed":0,"gold_gain":100,"player_choice":"Pray","damage_taken":0,"max_hp_gain":0,"max_hp_loss":0,"event_name":"Golden Shrine","floor":3,"gold_loss":0},{"damage_healed":0,"gold_gain":0,"player_choice":"Ignored","damage_taken":0,"max_hp_gain":0,"max_hp_loss":0,"event_name":"Liars Game","floor":13,"gold_loss":0}],"is_beta":false,"boss_relics":[{"not_picked":["Replay:Bronze Core","ReplayTheSpireMod:DimensionalGlitch"],"picked":"halation:HeavySnake"}],"items_purged_floors":[2],"is_endless":false,"potions_floor_spawned":[1,10,14],"ascension_level":0}}