{"host":"zx10cf1fsoa3eqiy","time":1612250872,"event":{"mods":["BaseMod","Colored Powertips","Downfall","Highlight Path","Minty Spire (QoL Compilation)","Quick Restart","Replay The Spire","Shop Mod","StSLib","Td1madao Mod","The Servant 0.9.4","Yuri Mod"],"gold_per_floor":[99,99,99,163,163,196,269,285,185,204,204,204,231,242,254,356,356,256,273,345,359,375,387,413,440,452,482,496,525,425,425,445,546,546,546,560,571,648,700,714,714,733,733,733,762,779,779,779,796,796,796,796],"floor_reached":50,"language":"ZHS","playtime":3325,"items_purged":[],"score":650,"play_id":"913153b8-0c06-470d-98bf-45e01b056c22","local_time":"20210202152752","is_ascension_mode":true,"campfire_choices":[{"floor":1.0,"key":"RECALL"},{"floor":9.0,"key":"REST"},{"data":"bronze:InfiniteLoop","floor":18.0,"key":"SMITH"},{"floor":30.0,"key":"REST"},{"data":"bronze:Verify","floor":35.0,"key":"SMITH"},{"floor":43.0,"key":"REST"},{"data":"bronze:InfiniteLoop","floor":47.0,"key":"SMITH"}],"circlet_count":0,"master_deck":["bronze:Strike","bronze:Strike","bronze:Strike+1","bronze:Strike","bronze:Defend","bronze:Defend","bronze:Defend","bronze:Defend","bronze:Replicate","bronze:WhirlingStrike+1","bronze:Flail","bronze:GetLatest","bronze:WildBeam","bronze:Backtrace","bronze:Boost","bronze:Spike","bronze:Shell","bronze:FineTuning","bronze:InfiniteLoop+1","bronze:Iterate+1","bronze:Separator","bronze:ChosenStrike","bronze:FollowUp","bronze:Constructor+1","bronze:InfiniteBeams","bronze:Verify+1","bronze:Branch+1","bronze:Allocate+1","bronze:BronzeOrb+1","bronze:OilSpill+1","bronze:InfiniteLoop+1","bronze:FineTuning+1"],"relics":["bronze:BronzeCore","downfall:HeartsMalice","Darkstone Periapt","Tiny Chest","Meat on the Bone","downfall:HeartBlessingRed","bronze:BottledCode","Replay:Baseball","bronze:MakeshiftBattery","downfall:HeartBlessingGreen","Whetstone","hexamod:BolsterEngine","yuri:PortableGlitches","Torii","downfall:HeartBlessingBlue","Replay:Bottled Snecko","Replay:Towering Pillar of Hats","The Courier","Dream Catcher","Ginger"],"acts_visited":["Exordium","TheCity","TheBeyond"],"potions_floor_usage":[],"damage_taken":[{"damage":0.0,"enemies":"2 Louse","floor":2.0,"turns":1.0},{"damage":0.0,"enemies":"Jaw Worm","floor":3.0,"turns":1.0},{"damage":0.0,"enemies":"Lagavulin Event","floor":4.0,"turns":1.0},{"damage":16.0,"enemies":"3 Sentries","floor":6.0,"turns":8.0},{"damage":0.0,"enemies":"Cultist","floor":8.0,"turns":2.0},{"damage":0.0,"enemies":"Exordium Wildlife","floor":10.0,"turns":1.0},{"damage":3.0,"enemies":"Exordium Wildlife","floor":11.0,"turns":2.0},{"damage":0.0,"enemies":"Gremlin Nob","floor":13.0,"turns":3.0},{"damage":0.0,"enemies":"3 Louse","floor":14.0,"turns":2.0},{"damage":0.0,"enemies":"Gremlin Gang","floor":15.0,"turns":2.0},{"damage":31.0,"enemies":"IC_STATUS_ARCHETYPE","floor":16.0,"turns":5.0},{"damage":0.0,"enemies":"3 Byrds","floor":19.0,"turns":3.0},{"damage":0.0,"enemies":"Spheric Guardian","floor":21.0,"turns":2.0},{"damage":0.0,"enemies":"Centurion and Healer","floor":22.0,"turns":2.0},{"damage":0.0,"enemies":"Snecko","floor":23.0,"turns":3.0},{"damage":28.0,"enemies":"Gremlin Leader","floor":25.0,"turns":4.0},{"damage":4.0,"enemies":"Cultist and Chosen","floor":26.0,"turns":4.0},{"damage":15.0,"enemies":"Slavers","floor":27.0,"turns":3.0},{"damage":0.0,"enemies":"Sentry and Sphere","floor":28.0,"turns":3.0},{"damage":11.0,"enemies":"Book of Stabbing","floor":29.0,"turns":4.0},{"damage":0.0,"enemies":"Shelled Parasite and Fungi","floor":32.0,"turns":2.0},{"damage":12.0,"enemies":"WA_ARCHETYPE_CALM","floor":33.0,"turns":5.0},{"damage":0.0,"enemies":"Orb Walker","floor":36.0,"turns":2.0},{"damage":12.0,"enemies":"3 Shapes","floor":37.0,"turns":3.0},{"damage":12.0,"enemies":"2 Orb Walkers","floor":39.0,"turns":4.0},{"damage":0.0,"enemies":"Transient","floor":40.0,"turns":5.0},{"damage":0.0,"enemies":"3 Darklings","floor":42.0,"turns":2.0},{"damage":51.0,"enemies":"Nemesis","floor":45.0,"turns":5.0},{"damage":0.0,"enemies":"Spire Growth","floor":46.0,"turns":3.0},{"damage":0.0,"enemies":"Maw","floor":49.0,"turns":4.0},{"damage":43,"enemies":"DF_ARCHETYPE_ORBS","floor":50,"turns":2}],"seed_played":"9201309219531590388","potions_obtained":[{"floor":4.0,"key":"GamblersBrew"},{"floor":8.0,"key":"Explosive Potion"},{"floor":13.0,"key":"Elixir"},{"floor":15.0,"key":"Fire Potion"},{"floor":16.0,"key":"Ancient Potion"},{"floor":19.0,"key":"bronze:FreeFunctionsPotion"},{"floor":31.0,"key":"Death Potion"},{"floor":33.0,"key":"Milkshake"},{"floor":37.0,"key":"CultistPotion"},{"floor":45.0,"key":"bronze:BuildAFunctionPotion"}],"is_trial":false,"path_per_floor":["R","M","M","?","?","E","T","M","R","M","?","?","E","M","M","B",null,"R","M","T","M","M","M","T","E","M","E","M","E","R","?","M","B",null,"R","M","M","T","?","M","T","M","R","?","E","M","R","T","M","B"],"character_chosen":"THE_AUTOMATON","items_purchased":[],"campfire_rested":3,"item_purchase_floors":[],"current_hp_per_floor":[70,70,70,70,70,54,54,54,70,70,67,60,60,60,60,41,60,60,60,60,60,60,60,60,32,40,37,37,38,66,66,66,54,70,70,70,58,58,46,46,46,46,67,67,28,40,40,40,40,0,0,0],"gold":796,"neow_bonus":"THREE_ENEMY_KILL","is_daily":false,"chose_seed":false,"campfire_upgraded":3,"win_rate":0.0,"timestamp":1612250872,"path_taken":["R","M","M","?","?","E","T","M","R","?","?","?","E","M","M","BOSS","R","M","?","?","?","M","T","E","M","E","M","E","R","?","M","BOSS","R","M","M","?","?","M","T","M","R","?","E","?","R","?","M","BOSS"],"items_purchased_type":[],"build_version":"2020-12-22","purchased_purges":0,"victory":false,"max_hp_per_floor":[70,70,70,70,70,70,70,70,70,70,70,60,60,60,60,60,60,60,60,60,60,60,60,60,60,60,60,60,60,70,70,70,70,70,70,70,70,70,70,70,70,70,70,70,70,70,70,70,70,70,70,70],"card_choices":[{"not_picked":["bronze:Repair","bronze:BitShift"],"picked":"bronze:WhirlingStrike","floor":2.0},{"not_picked":["bronze:Turbo","bronze:Shield"],"picked":"bronze:Flail","floor":3.0},{"not_picked":["bronze:Shield","bronze:Safeguard"],"picked":"bronze:GetLatest","floor":4.0},{"not_picked":["bronze:WhirlingStrike","bronze:WildBeam"],"picked":"bronze:Backtrace","floor":6.0},{"not_picked":["bronze:WhirlingStrike","bronze:Iterate","bronze:Turbo"],"picked":"SKIP","floor":8.0},{"not_picked":["bronze:FineTuning","bronze:BitShift"],"picked":"bronze:Boost","floor":10.0},{"not_picked":[],"picked":"bronze:Spike","floor":11.0},{"not_picked":["bronze:BuggyMess","bronze:DelayedSlice"],"picked":"bronze:Shell","floor":11.0},{"not_picked":["bronze:BitShift","bronze:BugBarrage","bronze:Assembly"],"picked":"SKIP","floor":13.0},{"not_picked":["bronze:Backtrace","bronze:WildBeam","bronze:BuggyMess"],"picked":"SKIP","floor":14.0},{"not_picked":["bronze:BronzeArmor","bronze:Frontload"],"picked":"bronze:FineTuning","floor":15.0},{"not_picked":["bronze:Break","bronze:RecursiveStrike"],"picked":"bronze:InfiniteLoop","floor":16.0},{"not_picked":["bronze:BitShift","bronze:Overheat"],"picked":"bronze:Iterate+1","floor":19.0},{"not_picked":["bronze:DelayedSlice","bronze:DarkDash"],"picked":"bronze:Separator","floor":21.0},{"not_picked":["bronze:DigitalCarnage+1","bronze:WhirlingStrike"],"picked":"bronze:FineTuning","floor":22.0},{"not_picked":["bronze:DelayedSlice","bronze:Deprecate"],"picked":"bronze:ChosenStrike","floor":23.0},{"not_picked":["bronze:AlphaBuild","bronze:FindAndReplace"],"picked":"bronze:FollowUp","floor":25.0},{"not_picked":["bronze:BugBarrage+1","bronze:ClassDefault","bronze:WildBeam+1"],"picked":"SKIP","floor":26.0},{"not_picked":["bronze:BurnOut","bronze:Deprecate+1","bronze:CutThrough"],"picked":"SKIP","floor":27.0},{"not_picked":["bronze:DelayedGuard","bronze:BuggyMess"],"picked":"bronze:Constructor+1","floor":28.0},{"not_picked":["bronze:BugBarrage+1","bronze:DelayedGuard","bronze:Deprecate"],"picked":"SKIP","floor":29.0},{"not_picked":["bronze:FineTuning","bronze:BugBarrage"],"picked":"bronze:InfiniteBeams","floor":32.0},{"not_picked":["bronze:BurnOut","bronze:ThunderWave"],"picked":"bronze:Verify","floor":33.0},{"not_picked":["bronze:Frontload","bronze:BuggyMess+1"],"picked":"bronze:Branch+1","floor":36.0},{"not_picked":["bronze:Branch","bronze:BugBarrage+1"],"picked":"bronze:Allocate+1","floor":37.0},{"not_picked":["bronze:DigitalCarnage+1","bronze:DelayedGuard","bronze:GetLatest"],"picked":"SKIP","floor":40.0},{"not_picked":["bronze:CloningBeam","bronze:Frontload+1"],"picked":"bronze:BronzeOrb+1","floor":42.0},{"not_picked":["bronze:Allocate","bronze:BuggyMess+1"],"picked":"bronze:OilSpill+1","floor":45.0},{"not_picked":["bronze:Backtrace+1","bronze:Iterate+1"],"picked":"bronze:InfiniteLoop","floor":46.0},{"not_picked":["bronze:Branch+1","bronze:BitShift+1"],"picked":"bronze:FineTuning+1","floor":49.0}],"player_experience":324334,"relics_obtained":[{"floor":4.0,"key":"Darkstone Periapt"},{"floor":6.0,"key":"Tiny Chest"},{"floor":7.0,"key":"Meat on the Bone"},{"floor":13.0,"key":"Replay:Baseball"},{"floor":24.0,"key":"Whetstone"},{"floor":25.0,"key":"hexamod:BolsterEngine"},{"floor":27.0,"key":"yuri:PortableGlitches"},{"floor":29.0,"key":"Torii"},{"floor":38.0,"key":"Replay:Bottled Snecko"},{"floor":39.0,"key":"Replay:Towering Pillar of Hats"},{"floor":41.0,"key":"The Courier"},{"floor":45.0,"key":"Dream Catcher"},{"floor":48.0,"key":"Ginger"}],"event_choices":[{"damage_healed":0.0,"max_hp_gain":0.0,"max_hp_loss":0.0,"gold_gain":0.0,"event_name":"Lab","player_choice":"Got Potions","floor":31.0,"gold_loss":0.0,"damage_taken":0.0},{"damage_healed":0.0,"max_hp_gain":0.0,"max_hp_loss":0.0,"gold_gain":0.0,"event_name":"Mysterious Sphere","player_choice":"Fight","floor":39.0,"gold_loss":0.0,"damage_taken":0.0},{"cards_removed":["bronze:FineTuning"],"damage_healed":0.0,"max_hp_gain":0.0,"max_hp_loss":0.0,"gold_gain":0.0,"event_name":"Falling","player_choice":"Removed Skill","floor":44.0,"gold_loss":0.0,"damage_taken":0.0}],"is_beta":false,"boss_relics":[{"not_picked":["Tiny House","Pandora\u0027s Box"],"picked":"bronze:MakeshiftBattery"},{"not_picked":["Honey Jar","Snecko Eye","Velvet Choker"]}],"items_purged_floors":[],"is_endless":false,"potions_floor_spawned":[4,8,13,15,16,19,22,32,33,37,39,45,49],"killed_by":"DF_ARCHETYPE_ORBS","ascension_level":1}}