{"host":"9slw7l0ws16384qq","time":1612296311,"event":{"mods":["A Penny For Your Troubles","BaseMod","Colored Map","Downfall","Evolution","Hubris","Minty Spire (QoL Compilation)","Replay The Spire","StS++","StSLib"],"gold_per_floor":[99,114,144,158,176,176,176,176,176,207,226,226,256,166,176,273,273,273,290,301,301,301,313,313,313,341,656,673,573,604,624,641,745,745,745,765,813,832,832,851,851,863,863,325,325,355,255,273,288,289],"floor_reached":51,"language":"FRA","playtime":2252,"items_purged":["bronze:Goto"],"score":1007,"play_id":"53c1368b-ddc1-44c8-a62d-f0fcbd9d7928","local_time":"20210202210511","is_ascension_mode":true,"campfire_choices":[{"data":"bronze:Iterate","floor":1.0,"key":"SMITH"},{"data":"bronze:Iterate","floor":6.0,"key":"SMITH"},{"data":"bronze:Iterate","floor":9.0,"key":"SMITH"},{"data":"bronze:Iterate","floor":12.0,"key":"SMITH"},{"data":"bronze:Replicate","floor":18.0,"key":"PURGE"},{"floor":29.0,"key":"REST"},{"data":"1","floor":35.0,"key":"LIFT"},{"data":"2","floor":43.0,"key":"LIFT"},{"data":"3","floor":45.0,"key":"LIFT"},{"data":"bronze:Shield","floor":47.0,"key":"SMITH"}],"circlet_count":1,"master_deck":["bronze:Iterate+1","bronze:Iterate+1","bronze:Iterate+1","bronze:Iterate+1","bronze:Shield+1","bronze:Shield","bronze:Shield","bronze:Shield","bronze:Verify","bronze:Iterate+1","bronze:Shield+1","bronze:Mutator"],"relics":["bronze:BronzeCore","EVO:Axolotl","Pet Ghost","Eternal Feather","Strawberry","Toxic Egg 2","Replay:Grab Bag","Philosopher\u0027s Stone","Painkiller Herb","Runic Pyramid","Nilry\u0027s Codex","Regal Pillow","Mercury Hourglass","downfall:HeartBlessingBlue","hubris:Backtick","Girya","Circlet","hubris:Spice","Replay:WaspNest","bronze:CableSpool","Orichalcum","downfall:HeartBlessingGreen"],"acts_visited":["Exordium","TheCity","TheBeyond"],"potions_floor_usage":[],"damage_taken":[{"damage":0.0,"enemies":"Small Slimes","floor":2.0,"turns":1.0},{"damage":1.0,"enemies":"Jaw Worm","floor":4.0,"turns":2.0},{"damage":0.0,"enemies":"Cultist","floor":5.0,"turns":3.0},{"damage":0.0,"enemies":"Replay:BlueRogue","floor":10.0,"turns":5.0},{"damage":0.0,"enemies":"Blue Slaver","floor":11.0,"turns":6.0},{"damage":6.0,"enemies":"Gremlin Nob","floor":13.0,"turns":3.0},{"damage":10.0,"enemies":"downfall:FleeingMerchant","floor":14.0,"turns":4.0},{"damage":0.0,"enemies":"Exordium Wildlife","floor":15.0,"turns":2.0},{"damage":5.0,"enemies":"WA_ARCHETYPE_RETAIN","floor":16.0,"turns":6.0},{"damage":0.0,"enemies":"Chosen","floor":19.0,"turns":3.0},{"damage":0.0,"enemies":"Spheric Guardian","floor":20.0,"turns":2.0},{"damage":0.0,"enemies":"Centurion and Healer","floor":23.0,"turns":4.0},{"damage":31.0,"enemies":"Slavers","floor":26.0,"turns":5.0},{"damage":0.0,"enemies":"downfall:FleeingMerchant","floor":27.0,"turns":4.0},{"damage":10.0,"enemies":"Sentry and Sphere","floor":28.0,"turns":3.0},{"damage":31.0,"enemies":"Gremlin Leader","floor":30.0,"turns":5.0},{"damage":12.0,"enemies":"Snake Plant","floor":31.0,"turns":5.0},{"damage":4.0,"enemies":"Centurion and Healer","floor":32.0,"turns":4.0},{"damage":27.0,"enemies":"DF_ARCHETYPE_CLAW","floor":33.0,"turns":6.0},{"damage":0.0,"enemies":"3 Shapes","floor":36.0,"turns":6.0},{"damage":41.0,"enemies":"2 Orb Walkers","floor":37.0,"turns":5.0},{"damage":0.0,"enemies":"3 Darklings","floor":38.0,"turns":4.0},{"damage":0.0,"enemies":"Sphere and 2 Shapes","floor":40.0,"turns":4.0},{"damage":0.0,"enemies":"Transient","floor":42.0,"turns":5.0},{"damage":0.0,"enemies":"R_Hoarder","floor":46.0,"turns":7.0},{"damage":0.0,"enemies":"Spire Growth","floor":48.0,"turns":2.0},{"damage":0.0,"enemies":"Writhing Mass","floor":49.0,"turns":3.0},{"damage":3,"enemies":"SI_POISON_ARCHETYPE","floor":50,"turns":5}],"seed_played":"2265057870175527356","potions_obtained":[{"floor":10.0,"key":"bronze:BurnAndBuffPotion"},{"floor":11.0,"key":"champ:CounterPotion"},{"floor":16.0,"key":"Explosive Potion"},{"floor":19.0,"key":"Weak Potion"},{"floor":30.0,"key":"SteroidPotion"},{"floor":32.0,"key":"DuplicationPotion"},{"floor":33.0,"key":"Block Potion"},{"floor":36.0,"key":"sneckomod:MuddlingPotion"},{"floor":37.0,"key":"Slimebound:ThreeZeroPotion"},{"floor":46.0,"key":"sneckomod:MuddlingPotion"}],"is_trial":false,"path_per_floor":["R_BF","M","?","M","M","R","T","?","R","E","M","R","E","$","M","B",null,"T","?","?","?","?","?","T","T","E","T","?","T","E","?","?","B",null,"T","?","?","?","?","?","T","?","T","T","T","E","T","?","?","B",null],"character_chosen":"THE_AUTOMATON","items_purchased":["bronze:CableSpool","hubris:Spice"],"campfire_rested":1,"item_purchase_floors":[44,44],"current_hp_per_floor":[66,66,66,65,65,65,65,65,66,73,73,73,67,57,57,52,73,73,73,73,57,73,73,73,73,42,42,32,83,52,40,36,9,83,83,83,50,50,50,50,50,50,56,64,70,85,91,91,91,88],"gold":289,"neow_bonus":"THREE_RARE_CARDS","is_daily":false,"chose_seed":false,"campfire_upgraded":5,"win_rate":0.0,"timestamp":1612296311,"path_taken":["R_BF","M","?","M","M","R","T","?","R","E","M","R","E","$","M","BOSS","T","?","?","?","?","?","T","?","E","T","?","T","E","?","?","BOSS","T","?","?","?","?","?","T","?","T","T","T","E","T","?","?","BOSS"],"items_purchased_type":["Relic","Relic"],"build_version":"2020-12-22","purchased_purges":1,"victory":true,"max_hp_per_floor":[66,66,66,66,66,66,66,66,66,73,73,73,73,73,73,73,73,73,73,73,73,73,73,73,73,73,73,73,83,83,83,83,83,83,83,83,91,91,91,91,91,91,91,99,99,99,99,91,91,91],"card_choices":[{"not_picked":["bronze:Break","bronze:Assembly"],"picked":"bronze:Verify","floor":0.0},{"not_picked":["bronze:Constructor","bronze:BuggyMess","bronze:CutThrough"],"picked":"SKIP","floor":2.0},{"not_picked":["bronze:Flail","bronze:CutThrough","bronze:WildBeam"],"picked":"SKIP","floor":4.0},{"not_picked":["bronze:DelayedGuard","bronze:Turbo","bronze:Separator"],"picked":"SKIP","floor":5.0},{"not_picked":["bronze:WildBeam","bronze:Safeguard","bronze:Frontload"],"picked":"SKIP","floor":10.0},{"not_picked":["bronze:Deprecate","bronze:OilSpill","bronze:Constructor"],"picked":"SKIP","floor":11.0},{"not_picked":["bronze:Flail","bronze:Allocate+1"],"picked":"bronze:Shield+1","floor":13.0},{"not_picked":["bronze:Constructor+1","bronze:Repair+1","bronze:Break"],"picked":"SKIP","floor":14.0},{"not_picked":["bronze:Optimize","bronze:Return+1","bronze:Frontload+1"],"picked":"SKIP","floor":15.0},{"not_picked":["bronze:Hardcode","bronze:HardenedForm"],"picked":"bronze:Mutator","floor":16.0},{"not_picked":["bronze:Philosophize+1","bronze:Shield+1","bronze:Deprecate+1"],"picked":"SKIP","floor":19.0},{"not_picked":["bronze:BuggyMess+1","bronze:CutThrough+1","bronze:Invalidate+1"],"picked":"SKIP","floor":20.0},{"not_picked":["bronze:Overload+1","bronze:Shield+1","bronze:FineTuning+1"],"picked":"SKIP","floor":23.0},{"not_picked":["bronze:Repair+1","bronze:CutThrough","bronze:Verify"],"picked":"SKIP","floor":26.0},{"not_picked":["bronze:ForceShield+1","bronze:BronzeArmor+1","bronze:WhirlingStrike+1"],"picked":"SKIP","floor":27.0},{"not_picked":["bronze:BronzeArmor+1","bronze:BugBarrage","bronze:WildBeam"],"picked":"SKIP","floor":28.0},{"not_picked":["bronze:CutThrough","bronze:BronzeArmor+1","bronze:ClassDefault"],"picked":"SKIP","floor":30.0},{"not_picked":["bronze:Shield+1","bronze:BugBarrage+1","bronze:GetLatest+1"],"picked":"SKIP","floor":31.0},{"not_picked":["bronze:Philosophize+1","bronze:DigitalCarnage","bronze:BugBarrage"],"picked":"SKIP","floor":32.0},{"not_picked":["bronze:Turbo+1","bronze:Repulsor","bronze:Constructor+1"],"picked":"SKIP","floor":36.0},{"not_picked":["bronze:BugBarrage+1","bronze:DelayedGuard+1","bronze:DigitalCarnage+1"],"picked":"SKIP","floor":38.0},{"not_picked":["bronze:BitShift+1","bronze:CutThrough","bronze:Return+1"],"picked":"SKIP","floor":40.0},{"not_picked":["bronze:Overheat+1","bronze:Deprecate+1","bronze:Frontload+1"],"picked":"SKIP","floor":42.0},{"not_picked":["bronze:HardenedForm","bronze:Deprecate+1","bronze:DelayedSlice+1"],"picked":"SKIP","floor":46.0},{"not_picked":["bronze:ForceShield+1","bronze:Overheat+1"],"picked":"hubris:SpiceAddiction","floor":48.0},{"not_picked":["bronze:BronzeArmor+1","bronze:BronzeOrb+1","bronze:DelayedGuard+1"],"picked":"SKIP","floor":49.0}],"player_experience":1594487,"relics_obtained":[{"floor":7.0,"key":"Eternal Feather"},{"floor":10.0,"key":"Strawberry"},{"floor":13.0,"key":"Toxic Egg 2"},{"floor":21.0,"key":"Nilry\u0027s Codex"},{"floor":24.0,"key":"Regal Pillow"},{"floor":26.0,"key":"Mercury Hourglass"},{"floor":30.0,"key":"Dead Branch"},{"floor":37.0,"key":"hubris:Spice"},{"floor":41.0,"key":"Replay:WaspNest"},{"floor":46.0,"key":"Orichalcum"}],"event_choices":[{"damage_healed":24.0,"max_hp_gain":0.0,"max_hp_loss":0.0,"gold_gain":0.0,"event_name":"The Library","player_choice":"Heal","floor":22.0,"gold_loss":0.0,"damage_taken":0.0},{"damage_healed":0.0,"max_hp_gain":0.0,"max_hp_loss":0.0,"gold_gain":0.0,"event_name":"Mysterious Sphere","player_choice":"Fight","floor":37.0,"gold_loss":0.0,"damage_taken":0.0}],"is_beta":false,"boss_relics":[{"not_picked":["Coffee Dripper","StSpp:Magatama"],"picked":"Replay:Grab Bag"},{"not_picked":["Cursed Key","Fusion Hammer"],"picked":"Philosopher\u0027s Stone"},{"not_picked":["ReplayTheSpireMod:Onyx Gauntlets","hubris:TerracottaHorce"],"picked":"Painkiller Herb"},{"not_picked":["Astrolabe","Snecko Eye"],"picked":"Runic Pyramid"},{"not_picked":["Tiny House","StSpp:CrystalBall"],"picked":"hubris:Backtick"}],"items_purged_floors":[14],"is_endless":false,"potions_floor_spawned":[10,11,16,19,30,32,33,36,37,46],"ascension_level":2}}