{"host":"gttgmv2wah99hzdm","time":1612308577,"event":{"mods":["AchievementEnabler","BaseMod","Bestiary","Block Reminder","Filter the Spire","Minty Spire (QoL Compilation)","Relic Stats","Weighted Paths","ojb\u0027s Info Mod"],"gold_per_floor":[118,118,135,149,74,99,99,99,99],"floor_reached":8,"language":"ENG","playtime":409,"items_purged":["Strike_R"],"score":112,"play_id":"7c54e99b-7d8b-41fd-abf8-2585ec713927","local_time":"20210202172937","is_ascension_mode":true,"campfire_choices":[{"floor":7,"key":"REST"}],"circlet_count":0,"master_deck":["AscendersBane","Strike_R","Strike_R","Strike_R","Strike_R+1","Defend_R","Defend_R","Defend_R","Defend_R+1","Bash","CurseOfTheBell","Pommel Strike","Combust","Thunderclap","Iron Wave+1"],"relics":["Calling Bell","Lantern","Paper Frog","Charon\u0027s Ashes","Molten Egg 2"],"acts_visited":["Exordium"],"potions_floor_usage":[6],"damage_taken":[{"damage":1.0,"enemies":"Cultist","floor":1.0,"turns":3.0},{"damage":0.0,"enemies":"2 Louse","floor":3.0,"turns":2.0},{"damage":0,"enemies":"Small Slimes","floor":4,"turns":2},{"damage":40,"enemies":"Gremlin Nob","floor":6,"turns":4},{"damage":42,"enemies":"Lagavulin","floor":8,"turns":5}],"seed_played":"759821946731750226","potions_obtained":[{"floor":1.0,"key":"FearPotion"}],"is_trial":false,"path_per_floor":["M","?","M","M","$","E","R","E"],"character_chosen":"IRONCLAD","items_purchased":[],"campfire_rested":1,"item_purchase_floors":[],"current_hp_per_floor":[67,44,44,44,44,4,26,0,0],"gold":99,"neow_bonus":"BOSS_RELIC","is_daily":false,"chose_seed":false,"campfire_upgraded":0,"win_rate":0.0,"timestamp":1612308577,"path_taken":["M","?","M","M","$","E","R","E"],"items_purchased_type":[],"build_version":"2020-12-22","purchased_purges":1,"victory":false,"max_hp_per_floor":[75,75,75,75,75,75,75,75,75],"relic_stats":{"counters":[5,16],"Charon\u0027s Ashes":[13],"obtain_stats":[{"Calling Bell":0,"Lantern":0,"Molten Egg 2":6,"Charon\u0027s Ashes":0,"Burning Blood":0,"Paper Frog":0},{"Calling Bell":0,"Lantern":0,"Molten Egg 2":4,"Charon\u0027s Ashes":0,"Burning Blood":0,"Paper Frog":0},{"Calling Bell":0,"Lantern":0,"Molten Egg 2":11,"Charon\u0027s Ashes":0,"Burning Blood":0,"Paper Frog":0}]},"card_choices":[{"not_picked":["True Grit","Infernal Blade"],"picked":"Pommel Strike","floor":1.0},{"not_picked":["Sword Boomerang","Searing Blow"],"picked":"Combust","floor":3.0},{"not_picked":["Havoc","Sword Boomerang"],"picked":"Thunderclap","floor":4},{"not_picked":["Berserk","Armaments"],"picked":"Iron Wave+1","floor":6}],"player_experience":1096654,"relics_obtained":[{"floor":0.0,"key":"Lantern"},{"floor":0.0,"key":"Paper Frog"},{"floor":0.0,"key":"Charon\u0027s Ashes"},{"floor":6,"key":"Molten Egg 2"}],"event_choices":[{"damage_healed":0.0,"max_hp_gain":0.0,"max_hp_loss":0.0,"gold_gain":0.0,"event_name":"Shining Light","player_choice":"Entered Light","floor":2.0,"gold_loss":0.0,"damage_taken":23.0,"cards_upgraded":["Defend_R","Strike_R"]}],"is_beta":false,"boss_relics":[],"items_purged_floors":[5],"is_endless":false,"potions_floor_spawned":[1],"killed_by":"Lagavulin","ascension_level":20}}