{"host":"mmz2kvn5kzkhi5zs","time":1612269090,"event":{"mods":["Act Like it!","BaseMod","Downfall","Hallownest","Marisa????????","Minty Spire (QoL Compilation)","Replay The Spire","StSLib","The Bug Knight","The Cursed","The Jungle"],"gold_per_floor":[99,118,31,43,4,22,22,22,34,34,51,51,51,68,82,82,82,82],"floor_reached":16,"language":"ENG","playtime":2006,"items_purged":[],"score":94,"play_id":"1277bdf8-7b0c-4090-923b-48374904f825","local_time":"20210202063130","is_ascension_mode":false,"campfire_choices":[{"data":"sneckomod:UnknownBoss","floor":8,"key":"SMITH"},{"floor":12,"key":"REST"}],"circlet_count":1,"master_deck":["sneckomod:Strike","sneckomod:Strike","sneckomod:Strike","sneckomod:Defend","sneckomod:Defend","sneckomod:Defend","sneckomod:TailWhip","sneckomod:SnekBite","sneckomod:Unknown","Predator","sneckomod:UnknownClassBUGKNIGHT_GRAY_COLOR","sneckomod:Unknown1Cost","sneckomod:Unknown0Cost","sneckomod:Unknown1Cost","sneckomod:UnknownVulnerable","sneckomod:UnknownCommonSkill","sneckomod:UnknownBoss+1","sneckomod:UnknownStrike","sneckomod:UnknownBlock","sneckomod:Unknown1Cost","sneckomod:UnknownClassGREEN"],"relics":["sneckomod:SneckoSoul","Shuriken","Hallownest:DreamNailRelic","Circlet"],"acts_visited":["Hallownest:Greenpath"],"potions_floor_usage":[3,16,16],"damage_taken":[{"damage":0,"enemies":"Hallownest:2_MossCreeps","floor":2,"turns":7},{"damage":0,"enemies":"downfall:FleeingMerchant","floor":3,"turns":4},{"damage":7,"enemies":"2_ Uuma","floor":4,"turns":3},{"damage":5,"enemies":"downfall:FleeingMerchant","floor":5,"turns":4},{"damage":1,"enemies":"Hallownest:monsterHuskWarrior","floor":6,"turns":5},{"damage":35,"enemies":"Hallownest:MossCreep_and_Mosskin","floor":9,"turns":7},{"damage":16,"enemies":"Hallownest:2_Tiktiks_1_Baldur_1_Crawlid","floor":11,"turns":5},{"damage":25,"enemies":"Hallownest:Guard_and_Warrior","floor":14,"turns":8},{"damage":2,"enemies":"Hallownest:monsterMossCharger","floor":15,"turns":6},{"damage":55,"enemies":"WA_ARCHETYPE_RETAIN","floor":16,"turns":6}],"seed_played":"479304191512960236","potions_obtained":[{"floor":2,"key":"LiquidBronze"},{"floor":9,"key":"CultistPotion"},{"floor":14,"key":"AttackPotion"}],"is_trial":false,"path_per_floor":["R","M","$","M","$","M","T","R","M","?","M","R","?","M","M","B"],"character_chosen":"THE_SNECKO","items_purchased":["sneckomod:Unknown0Cost","sneckomod:UnknownCommonSkill"],"campfire_rested":1,"item_purchase_floors":[3,5],"current_hp_per_floor":[99,99,99,92,87,86,86,86,51,51,35,64,64,39,37,0,0,0],"gold":82,"neow_bonus":"TEN_PERCENT_HP_BONUS","is_daily":false,"chose_seed":false,"campfire_upgraded":1,"win_rate":0.0,"timestamp":1612269090,"path_taken":["R","M","?","M","$","M","T","R","M","?","?","R","?","M","M","BOSS"],"items_purchased_type":["Card","Card"],"build_version":"2020-12-22","purchased_purges":0,"victory":false,"max_hp_per_floor":[99,99,99,99,99,99,99,99,99,99,99,99,99,99,99,99,99,99],"card_choices":[{"not_picked":["sneckomod:DiceBoulder","sneckomod:UnknownClassGREEN"],"picked":"sneckomod:UnknownClassBUGKNIGHT_GRAY_COLOR","floor":2},{"not_picked":["sneckomod:Nope","sneckomod:SnakeSap"],"picked":"sneckomod:Unknown1Cost","floor":3},{"not_picked":["sneckomod:UnknownCommonAttack","sneckomod:UnknownWeak"],"picked":"sneckomod:Unknown1Cost","floor":4},{"not_picked":["sneckomod:SoulDraw","sneckomod:ImprovisedAttack"],"picked":"sneckomod:UnknownVulnerable","floor":5},{"not_picked":["sneckomod:DiceBlock","sneckomod:UnknownX"],"picked":"sneckomod:UnknownBoss","floor":6},{"not_picked":["sneckomod:SoulCleanse","sneckomod:UnknownClassBUGKNIGHT_GRAY_COLOR"],"picked":"sneckomod:UnknownStrike","floor":9},{"not_picked":["sneckomod:UnknownUncommonSkill","sneckomod:UnknownStrike"],"picked":"sneckomod:UnknownBlock","floor":11},{"not_picked":["sneckomod:UnknownCommonAttack","sneckomod:DiceBlock"],"picked":"sneckomod:Unknown1Cost","floor":14},{"not_picked":["sneckomod:Unknown0Cost","sneckomod:DiceBlock"],"picked":"sneckomod:UnknownClassGREEN","floor":15}],"player_experience":59034,"relics_obtained":[{"floor":7,"key":"Shuriken"}],"event_choices":[],"is_beta":false,"boss_relics":[],"items_purged_floors":[],"is_endless":false,"potions_floor_spawned":[2,9,14],"killed_by":"WA_ARCHETYPE_RETAIN","ascension_level":0}}