{"host":"50qwps766cbz6ukm","time":1612263086,"event":{"mods":["BaseMod","Colored Map","Colored Powertips","DeckTracker","Highlight Path","Minty Spire (QoL Compilation)","Quick Restart","Remove Card Discount Mod","StSLib","SuperFastMode","Synergy Search"],"gold_per_floor":[115,115,126,79,21,51,51,51,51,63,74,87,87,87,87,186,186,203,197,197,296,331,356,356,372,399,412,412,429,463,481,481,481,481],"floor_reached":33,"language":"ENG","playtime":777,"items_purged":["Strike_P","Strike_P","Strike_P","Strike_P","Defend_P","Defend_P","Defend_P","Regret","Eruption+1","Consecrate"],"score":452,"play_id":"0872be56-71d9-4727-bd94-18ec392f01a8","local_time":"20210202125126","is_ascension_mode":true,"campfire_choices":[{"data":"Eruption","floor":8,"key":"SMITH"},{"data":"Vigilance","floor":13,"key":"SMITH"},{"data":"TalkToTheHand","floor":15,"key":"SMITH"},{"floor":24,"key":"REST"},{"floor":32,"key":"REST"}],"circlet_count":0,"master_deck":["Vigilance+1","Prostrate","SignatureMove+1","TalkToTheHand+1","Prostrate","Protect","FlurryOfBlows","Prostrate"],"relics":["PureWater","NeowsBlessing","Dead Branch","Kunai","Torii","Philosopher\u0027s Stone","Bottled Lightning","Red Mask","Strawberry","Tiny Chest","MutagenicStrength","Smiling Mask"],"acts_visited":["Exordium","TheCity"],"potions_floor_usage":[22,30,31],"damage_taken":[{"damage":0,"enemies":"Small Slimes","floor":1,"turns":1},{"damage":0,"enemies":"Cultist","floor":3,"turns":1},{"damage":0,"enemies":"Gremlin Nob","floor":6,"turns":1},{"damage":0,"enemies":"Jaw Worm","floor":10,"turns":2},{"damage":5,"enemies":"Exordium Wildlife","floor":11,"turns":3},{"damage":16,"enemies":"3 Louse","floor":12,"turns":5},{"damage":15,"enemies":"The Guardian","floor":16,"turns":4},{"damage":17,"enemies":"2 Thieves","floor":18,"turns":3},{"damage":25,"enemies":"Masked Bandits","floor":22,"turns":4},{"damage":7,"enemies":"Book of Stabbing","floor":23,"turns":4},{"damage":0,"enemies":"Shell Parasite","floor":25,"turns":2},{"damage":0,"enemies":"Snake Plant","floor":27,"turns":3},{"damage":0,"enemies":"Shelled Parasite and Fungi","floor":29,"turns":2},{"damage":8,"enemies":"Slavers","floor":30,"turns":6},{"damage":24,"enemies":"Snecko","floor":31,"turns":6},{"damage":49,"enemies":"Collector","floor":33,"turns":5}],"seed_played":"-235010824555425522","potions_obtained":[{"floor":6,"key":"Fire Potion"},{"floor":10,"key":"SteroidPotion"},{"floor":18,"key":"Ancient Potion"},{"floor":22,"key":"Energy Potion"},{"floor":27,"key":"SkillPotion"},{"floor":29,"key":"Fruit Juice"},{"floor":30,"key":"Fire Potion"}],"is_trial":false,"path_per_floor":["M","?","M","$","$","E","?","R","T","M","M","M","R","?","R","B",null,"M","$","T","?","?","E","R","M","T","M","?","M","E","M","R","B"],"character_chosen":"WATCHER","items_purchased":["TalkToTheHand","Prostrate"],"campfire_rested":2,"item_purchase_floors":[4,5],"current_hp_per_floor":[65,65,65,65,65,65,65,65,65,65,60,44,44,44,44,29,61,44,44,44,44,19,19,42,42,42,42,42,42,39,15,40,0,0],"gold":481,"neow_bonus":"THREE_ENEMY_KILL","is_daily":false,"chose_seed":false,"campfire_upgraded":3,"win_rate":0.0,"timestamp":1612263086,"path_taken":["M","?","M","?","$","E","?","R","T","?","M","M","R","?","R","BOSS","M","$","?","?","?","E","R","M","T","M","?","M","E","M","R","BOSS"],"items_purchased_type":["Card","Card"],"build_version":"2020-12-22","purchased_purges":10,"victory":false,"max_hp_per_floor":[72,72,72,72,72,72,72,72,72,72,72,72,72,72,72,72,72,72,72,72,72,72,79,79,79,79,79,79,79,84,84,84,84,84],"card_choices":[{"not_picked":["Halt","FlurryOfBlows"],"picked":"Prostrate","floor":1},{"not_picked":["PathToVictory","SandsOfTime"],"picked":"SignatureMove","floor":3},{"not_picked":["Study","EmptyFist"],"picked":"Protect","floor":6},{"not_picked":["DeceiveReality","BattleHymn","WaveOfTheHand"],"picked":"SKIP","floor":10},{"not_picked":["FearNoEvil","FlyingSleeves","JustLucky"],"picked":"SKIP","floor":11},{"not_picked":["CarveReality","EmptyFist"],"picked":"FlurryOfBlows","floor":12},{"not_picked":["JustLucky","Sanctity"],"picked":"Consecrate","floor":18},{"not_picked":["Conclude","Study","WheelKick+1"],"picked":"SKIP","floor":23},{"not_picked":["Wireheading","Wallop","EmptyFist"],"picked":"SKIP","floor":25},{"not_picked":["SashWhip+1","Swivel"],"picked":"Prostrate","floor":27},{"not_picked":["FlyingSleeves","ClearTheMind","WreathOfFlame+1"],"picked":"SKIP","floor":29},{"not_picked":["Prostrate","Halt","Worship"],"picked":"SKIP","floor":30},{"not_picked":["Protect","Vault","FearNoEvil"],"picked":"SKIP","floor":31}],"player_experience":580265,"relics_obtained":[{"floor":6,"key":"Dead Branch"},{"floor":9,"key":"Torii"},{"floor":20,"key":"Bottled Lightning"},{"floor":22,"key":"Red Mask"},{"floor":23,"key":"Strawberry"},{"floor":26,"key":"Tiny Chest"},{"floor":30,"key":"Smiling Mask"}],"event_choices":[{"cards_removed":["Defend_P"],"damage_healed":0,"gold_gain":0,"player_choice":"Offered Basic","damage_taken":0,"max_hp_gain":0,"max_hp_loss":0,"event_name":"Bonfire Elementals","floor":2,"gold_loss":0},{"damage_healed":0,"gold_gain":0,"player_choice":"Box","damage_taken":0,"relics_obtained":["Kunai"],"max_hp_gain":0,"max_hp_loss":0,"event_name":"Big Fish","floor":7,"gold_loss":0,"cards_obtained":["Regret"]},{"damage_healed":0,"gold_gain":0,"player_choice":"Upgraded","damage_taken":0,"max_hp_gain":0,"max_hp_loss":0,"event_name":"Upgrade Shrine","floor":14,"gold_loss":0,"cards_upgraded":["SignatureMove"]},{"damage_healed":0,"gold_gain":99,"player_choice":"Stole From Cult","damage_taken":0,"max_hp_gain":0,"max_hp_loss":0,"event_name":"Nest","floor":21,"gold_loss":0},{"damage_healed":0,"gold_gain":0,"player_choice":"Fought Bandits","damage_taken":0,"max_hp_gain":0,"max_hp_loss":0,"event_name":"Masked Bandits","floor":22,"gold_loss":0},{"damage_healed":0,"gold_gain":0,"player_choice":"Inject Mutagens","damage_taken":0,"relics_obtained":["MutagenicStrength"],"max_hp_gain":0,"max_hp_loss":0,"event_name":"Drug Dealer","floor":28,"gold_loss":0}],"is_beta":false,"boss_relics":[{"not_picked":["Astrolabe","Tiny House"],"picked":"Philosopher\u0027s Stone"}],"items_purged_floors":[4,4,4,4,5,5,5,19,19,19],"is_endless":false,"potions_floor_spawned":[6,10,18,22,27,29,30],"killed_by":"Collector","ascension_level":7}}