{"host":"2qpilcmj89x3pncz","time":1612296583,"event":{"mods":["100% Spire Juice","2.2 Compatiblity","Act Like it!","Aspiration","BaseMod","Beaked The Cultist","BetterRewards","CapriCore","Colored Map","Colored Powertips","Conjunction","Conspire","Dota2Spire","Evolution","Faster Ascension Climbing","Gensokyo","GifTheSpireLib","Grow up Mod","Halation","Hubris","Infinite Spire","Jedi Mod","Marisa????????","Mimic Mod","Minty Spire (QoL Compilation)","Pale of the Ancients","Poem Panic","Quarter Circle Forward PUNCH!","Quick Restart","Replay The Spire","Shop Mod","Small Relic Pack","Spicy Shops","Spikes Relics","StSLib","Strawberry Spire","Stuff the Spire","SuperFastMode","Synergy Search","The Animator","The Servant 0.9.4","Wandering Minibosses"],"gold_per_floor":[123,123,123,39,63,117,117,160,211,238,238,0,48,79,79,177,177,187,24,24,68,80,128,128,167,1005,1113,1154,1168,1045,1081,1081,1164,1164,1178,1178,1178,1194,1106,1141,1040,1040,1040,1040,1058,1096,1096,1114,1114,1126,1138,1138,1138,999,1003,1003],"floor_reached":55,"language":"ENG","playtime":3491,"items_purged":["animator:Strike","animator:Strike","animator:Defend","animator:Strike","animator:Defend"],"score":2569,"play_id":"5cde1b06-7dd5-4502-b31c-10095c745136","local_time":"20210202200943","is_ascension_mode":true,"campfire_choices":[{"floor":7,"key":"RECALL"},{"data":"animator:Alexander","floor":15,"key":"SMITH"},{"data":"animator:Mitsurugi","floor":24,"key":"SMITH"},{"data":"animator:Eve","floor":32,"key":"SMITH"},{"data":"animator:YachiyoNanami","floor":42,"key":"SMITH"},{"data":"animator:Mitsurugi","floor":44,"key":"SMITH"},{"data":"animator:Aqua","floor":49,"key":"SMITH"},{"data":"animator:IchigoKurosaki","floor":53,"key":"SMITH"}],"circlet_count":0,"master_deck":["AscendersBane","animator:Strike_Konosuba","animator:Defend_Konosuba","animator:Defend","animator:Kazuma","animator:Aqua","animator:Mitsurugi","animator:Darkness","animator:Kazuma","animator:KyokoSakura","animator:QuestionMark","animator:Megumin+1","animator:Chris","animator:Darkness","animator:Patchouli","animator:Kazuma","animator:Kazuma","animator:Vanir","animator:Ainz","animator:YunYun","Gensokyo:DepletedGenerator","Gensokyo:BlemishedSteel","Gensokyo:ScrapIron","Gensokyo:Shovel","animator:HigakiRinne","animator:Alexander","animator:Verdia","animator:Wiz","animator:Kazuma","Gensokyo:TarnishedGold","Gensokyo:BlemishedSteel","Gensokyo:Shovel","animator:Eve","Mind Blast","animator:IchigoKurosaki","animator:Verdia","animator:Darkness","animator:Magilou","animator:Saitama","animator:Mitsurugi","animator:Berserker","animator:YachiyoNanami","Gensokyo:TarnishedGold","Gensokyo:Shovel","Gensokyo:RustyChest","animator:Chris","animator:Aqua","animator:HomuraAkemi"],"relics":["animator:TheEruzaStone","animator:LivingPicture","animator:TheMissingPiece"],"acts_visited":["Gensokyo:Gensokyo","Gensokyo:Gensokyoer","Gensokyo:Gensokyoest","TheEnding","EYB:TheUnnamedReign"],"potions_floor_usage":[5,8,16,23,23],"damage_taken":[{"damage":3,"enemies":"Gensokyo:Python","floor":1,"turns":3},{"damage":8,"enemies":"Gensokyo:3_Fairies","floor":5,"turns":4},{"damage":13,"enemies":"Gensokyo:Cirno","floor":6,"turns":6},{"damage":4,"enemies":"Gensokyo:Mamizou","floor":8,"turns":6},{"damage":29,"enemies":"Gensokyo:Gryphon","floor":9,"turns":8},{"damage":4,"enemies":"Gensokyo:Gryphon","floor":10,"turns":3},{"damage":30,"enemies":"Gensokyo:Cirno","floor":13,"turns":8},{"damage":0,"enemies":"Gensokyo:Python_and_Kodama","floor":14,"turns":2},{"damage":23,"enemies":"Gensokyo:Yukari","floor":16,"turns":10},{"damage":5,"enemies":"Gensokyo:AngelMirror","floor":18,"turns":3},{"damage":22,"enemies":"conspire:MimicChest","floor":21,"turns":8},{"damage":0,"enemies":"Gensokyo:2_Gloops","floor":22,"turns":3},{"damage":40,"enemies":"Nightmare","floor":23,"turns":13},{"damage":97,"enemies":"Gensokyo:Tenshi","floor":25,"turns":5},{"damage":0,"enemies":"Gensokyo:Slime_Group","floor":26,"turns":3},{"damage":0,"enemies":"Gensokyo:Slime_Group","floor":27,"turns":3},{"damage":12,"enemies":"Gensokyo:Reisen","floor":28,"turns":6},{"damage":0,"enemies":"Gensokyo:Slime_Group","floor":29,"turns":2},{"damage":0,"enemies":"Gensokyo:Swordslinger","floor":31,"turns":1},{"damage":0,"enemies":"Gensokyo:Eternal_Rivals","floor":33,"turns":10},{"damage":0,"enemies":"Gensokyo:3_Bats","floor":35,"turns":3},{"damage":0,"enemies":"Gensokyo:AncientGuardian","floor":38,"turns":2},{"damage":0,"enemies":"Nightmare","floor":40,"turns":3},{"damage":0,"enemies":"Gensokyo:SeedOfUnknown","floor":45,"turns":2},{"damage":1,"enemies":"Gensokyo:Doremy","floor":46,"turns":4},{"damage":0,"enemies":"Gensokyo:Dusk_and_Dawn","floor":48,"turns":2},{"damage":36,"enemies":"Gensokyo:Shinki","floor":50,"turns":8},{"damage":4,"enemies":"Gensokyo:Scarlet_Devils","floor":51,"turns":8},{"damage":99,"enemies":"animator:TRIPLE_SHAPES_WEAK","floor":55,"turns":7}],"seed_played":"-2117419415156679222","potions_obtained":[{"floor":1,"key":"ColorlessPotion"},{"floor":5,"key":"Explosive Potion"},{"floor":8,"key":"Strength Potion"},{"floor":14,"key":"Weak Potion"},{"floor":18,"key":"Dexterity Potion"},{"floor":23,"key":"Dota2Spire:Clarity"},{"floor":28,"key":"Dexterity Potion"},{"floor":40,"key":"jedi:tentaclejuice"}],"is_trial":false,"path_per_floor":["M","?","?","$","M","E","R","E","MIM","M","$","COS","E","M","R","B",null,"M","COS","?","?","M","NM","R","E","MIM","?","E","M","$","MIM","R","B",null,"M","?","?","M","$","NM","COS","R","T","R","M","E","?","M","R","B","B",null,"R","??","M"],"character_chosen":"THE_ANIMATOR","items_purchased":["relicPack:SpireResearchBook","animator:Mitsurugi","animator:Darkness","animator:Kazuma","animator:KyokoSakura","animator:EngravedStaff","animator:QuestionMark","animator:Megumin+1","animator:Chris","animator:ColorlessFragment","Membership Card","animator:Chris","animator:Darkness+1","animator:Patchouli","animator:Kazuma","animator:Magilou"],"campfire_rested":0,"item_purchase_floors":[0,0,0,0,0,0,0,0,0,0,0,0,0,0,4,30],"current_hp_per_floor":[73,83,82,92,96,95,105,113,96,105,115,125,109,121,131,121,216,223,233,243,233,245,217,227,287,299,311,311,323,333,343,353,365,404,416,426,444,455,465,475,485,495,505,515,525,535,545,555,565,539,550,586,596,90,0,0],"gold":1003,"neow_bonus":"","is_daily":false,"chose_seed":false,"campfire_upgraded":7,"win_rate":0.0,"timestamp":1612296583,"path_taken":["M","?","?","?","M","E","R","E","MIM","M","?","COS","E","M","R","BOSS","M","COS","?","?","?","NM","R","E","MIM","?","E","M","$","?","R","BOSS","M","?","?","?","?","NM","COS","R","T","R","M","E","?","M","R","BOSS","BOSS","R","??","M"],"items_purchased_type":["Relic","Card","Card","Card","Card","Relic","Card","Card","Card","Relic","Relic","Card","Card","Card","Card","Card"],"build_version":"2020-12-22","purchased_purges":5,"victory":false,"max_hp_per_floor":[80,90,100,110,120,130,140,150,160,171,181,191,203,213,223,234,244,254,264,274,284,294,304,314,324,334,344,354,364,374,384,394,404,414,424,434,444,455,465,475,485,495,505,515,525,535,545,555,565,575,585,595,605,90,90,90],"card_choices":[{"not_picked":["animator:UneriGinkaku","animator:Geryuganshoop","animator:SakuraMatou"],"picked":"SKIP","floor":1},{"not_picked":["animator:Chung","animator:Emonzaemon","animator:OrikoMikuni"],"picked":"SKIP","floor":5},{"not_picked":["animator:Chris","animator:Mitsurugi"],"picked":"animator:Vanir","floor":6},{"not_picked":["animator:Lancer","animator:Eris+1"],"picked":"animator:Ainz","floor":8},{"not_picked":["animator:Darkness","animator:Vanir"],"picked":"animator:YunYun","floor":10},{"not_picked":["animator:Rider+1","animator:Ara"],"picked":"animator:Alexander","floor":13},{"not_picked":["animator:UneriGinkaku+1","animator:Demiurge"],"picked":"animator:Verdia","floor":14},{"not_picked":["animator:Elesis+1","animator:MadokaKaname"],"picked":"animator:Wiz","floor":16},{"not_picked":["animator:YunYun","animator:Vanir"],"picked":"animator:Kazuma","floor":18},{"not_picked":["animator:MamiTomoe","animator:Ara+1"],"picked":"animator:Eve","floor":21},{"not_picked":["animator:RinTohsaka+1","animator:Vanir","animator:UneriGinkaku"],"picked":"SKIP","floor":22},{"not_picked":["infinitespire:TheBestDefense","ReplayTheSpireMod:Haul"],"picked":"infinitespire:Punishment","floor":23},{"not_picked":["animator:Cocytus","animator:ZankiKiguchi","animator:Shichika+1"],"picked":"SKIP","floor":23},{"not_picked":["animator:Kagari","animator:LimeBell"],"picked":"animator:IchigoKurosaki","floor":25},{"not_picked":["animator:Shichika+1","animator:Kazuma"],"picked":"animator:Verdia","floor":26},{"not_picked":["animator:YunYun","animator:Vanir"],"picked":"animator:Darkness","floor":28},{"not_picked":["animator:Rider+1","animator:Illya","animator:Ara"],"picked":"SKIP","floor":29},{"not_picked":["animator:Ainz+1","animator:Gilgamesh"],"picked":"animator:Saitama","floor":33},{"not_picked":["animator:YunYun","animator:Kazuma","animator:Aqua"],"picked":"animator:Mitsurugi","floor":35},{"not_picked":["animator:OrikoMikuni+1","animator:Elsword","animator:Rider"],"picked":"animator:Berserker+1","floor":38},{"not_picked":["animator:Caster+1","animator:Azekura","animator:Alexander"],"picked":"animator:YachiyoNanami","floor":40},{"not_picked":["animator:Mitsurugi","animator:Verdia","animator:Megumin"],"picked":"animator:Chris","floor":45},{"not_picked":["animator:Rider","animator:MumenRider+1","animator:Lancer"],"picked":"animator:Aqua","floor":46},{"not_picked":["animator:Sebas","animator:Azekura+1","animator:Elsword"],"picked":"animator:HomuraAkemi","floor":48}],"player_experience":372370,"relics_obtained":[{"floor":6,"key":"strawberrySpire:ShipInABottle"},{"floor":8,"key":"Pet Ghost"},{"floor":13,"key":"conspire:Flyswatter"},{"floor":21,"key":"Bag of Preparation"},{"floor":23,"key":"SpikesRelics:DaevaFist"},{"floor":25,"key":"halation:VictoryRuler"},{"floor":26,"key":"qcfpunch:Handcuffs"},{"floor":26,"key":"wanderingMiniBosses:MasterThiefsPresence"},{"floor":27,"key":"aspiration:HatOfInfinitePower"},{"floor":27,"key":"Incense Burner"},{"floor":28,"key":"jedi:crownofsimplicity"},{"floor":31,"key":"jedi:matchstick"},{"floor":40,"key":"halation:WeightlessCrab"},{"floor":43,"key":"aspiration:FetidBarrel"},{"floor":46,"key":"ReplayFunnel"},{"floor":54,"key":"animator:TheEruzaStone"}],"event_choices":[],"is_beta":false,"boss_relics":[{"not_picked":["conspire:RunicOctahedron","StuffTheSpire:Kangaroo"],"picked":"ChewingGum"},{"not_picked":["StuffTheSpire:RunicHypercube","halation:LoveArrow"],"picked":"Honey Jar"}],"items_purged_floors":[0,0,4,30,39],"is_endless":false,"potions_floor_spawned":[1,5,8,14,18,21,23,28,29,40],"killed_by":"animator:TRIPLE_SHAPES_WEAK","ascension_level":20}}