{"host":"klqcd4cqxrk2p1u3","time":1612241144,"event":{"mods":["BaseMod","Downfall","Minty Spire (QoL Compilation)","StSLib"],"gold_per_floor":[99,114,133,283,301,476,476,806,506,516,516,527,546,4,20,122,122,122,138,157,170,8,26,74,74,90,108,108,108,120,138,149,149,149,149],"floor_reached":33,"language":"ENG","playtime":5102,"items_purged":["Doubt","downfall:Icky"],"score":307,"play_id":"f8bd04c0-96d1-4fca-89ea-7bb03a95060e","local_time":"20210201234544","is_ascension_mode":false,"campfire_choices":[{"floor":1,"key":"RECALL"},{"floor":9,"key":"REST"},{"data":"bronze:Terminator","floor":11,"key":"SMITH"},{"data":"bronze:Format","floor":18,"key":"SMITH"},{"floor":25,"key":"REST"},{"floor":29,"key":"REST"}],"circlet_count":0,"master_deck":["bronze:Defend","bronze:Defend","bronze:Defend","bronze:Defend","bronze:Replicate","bronze:Goto","bronze:InfiniteBeams","bronze:Separator","bronze:BronzeOrb","bronze:BronzeOrb","bronze:Terminator+1","bronze:Frontload","bronze:Verify","bronze:Repulsor","bronze:Iterate","bronze:Return","bronze:Format+1","bronze:BugBarrage","bronze:Optimize+1","bronze:ChosenStrike","bronze:InfiniteBeams","bronze:DelayedGuard","bronze:Constructor","bronze:Constructor","bronze:ThunderWave","Slimebound:Tackle+1","Slimebound:Tackle+1","Slimebound:Tackle+1","bronze:Separator+1","bronze:Refactor","bronze:DelayedSlice"],"relics":["bronze:BronzeCore","Old Coin","downfall:HeartBlessingBlue","downfall:HeartBlessingRed","downfall:HeartBlessingGreen","Ornamental Fan","Tiny Chest","bronze:MakeshiftBattery","Strawberry"],"acts_visited":["Exordium","TheCity"],"potions_floor_usage":[16,16,20,21,27,30,33,33],"damage_taken":[{"damage":0,"enemies":"Cultist","floor":2,"turns":4},{"damage":0,"enemies":"Small Slimes","floor":3,"turns":4},{"damage":1,"enemies":"Jaw Worm","floor":5,"turns":3},{"damage":51,"enemies":"3 Sentries","floor":8,"turns":8},{"damage":0,"enemies":"3 Louse","floor":10,"turns":3},{"damage":0,"enemies":"Red Slaver","floor":12,"turns":2},{"damage":6,"enemies":"Blue Slaver","floor":13,"turns":3},{"damage":10,"enemies":"downfall:FleeingMerchant","floor":14,"turns":4},{"damage":0,"enemies":"Gremlin Gang","floor":15,"turns":6},{"damage":16,"enemies":"WA_ARCHETYPE_RETAIN","floor":16,"turns":9},{"damage":3,"enemies":"Chosen","floor":19,"turns":5},{"damage":40,"enemies":"Centurion and Healer","floor":20,"turns":5},{"damage":0,"enemies":"Snecko","floor":21,"turns":4},{"damage":9,"enemies":"downfall:FleeingMerchant","floor":22,"turns":4},{"damage":2,"enemies":"Sentry and Sphere","floor":23,"turns":5},{"damage":29,"enemies":"Snake Plant","floor":26,"turns":6},{"damage":12,"enemies":"Snecko","floor":27,"turns":6},{"damage":21,"enemies":"Shelled Parasite and Fungi","floor":30,"turns":7},{"damage":3,"enemies":"Cultist and Chosen","floor":31,"turns":7},{"damage":0,"enemies":"3 Cultists","floor":32,"turns":4},{"damage":31,"enemies":"DF_ARCHETYPE_CLAW","floor":33,"turns":8}],"seed_played":"-3818026447879700574","potions_obtained":[{"floor":2,"key":"LiquidBronze"},{"floor":3,"key":"ColorlessPotion"},{"floor":10,"key":"ColorlessPotion"},{"floor":19,"key":"PowerPotion"},{"floor":20,"key":"Guardian:BlockOnCardUsePotion"},{"floor":26,"key":"Slimebound:ThreeZeroPotion"},{"floor":27,"key":"Fire Potion"},{"floor":30,"key":"BlessingOfTheForge"}],"is_trial":false,"path_per_floor":["R","M","M","?","M","?","T","E","R","M","R","M","M","$","M","B",null,"R","M","M","M","$","M","T","R","M","M","?","R","M","M","M","B"],"character_chosen":"THE_AUTOMATON","items_purchased":["Ornamental Fan","Tiny Chest","bronze:Iterate","bronze:DelayedGuard"],"campfire_rested":3,"item_purchase_floors":[14,14,14,22],"current_hp_per_floor":[77,77,77,77,76,76,76,25,61,61,61,61,55,45,45,29,87,87,84,44,44,35,33,40,68,39,27,27,55,34,31,31,0,0,0],"gold":149,"neow_bonus":"TEN_PERCENT_HP_BONUS","is_daily":false,"chose_seed":false,"campfire_upgraded":2,"win_rate":0.0,"timestamp":1612241144,"path_taken":["R","M","?","?","M","?","T","E","R","M","R","M","M","$","M","BOSS","R","M","M","M","$","M","T","R","M","M","?","R","M","M","M","BOSS"],"items_purchased_type":["Relic","Relic","Card","Card"],"build_version":"2020-12-22","purchased_purges":2,"victory":false,"max_hp_per_floor":[77,77,77,77,77,77,77,77,87,87,87,87,87,87,87,87,87,87,87,87,87,87,87,94,94,94,94,94,94,94,94,94,94,94,94],"card_choices":[{"not_picked":["bronze:Branch","bronze:BuggyMess"],"picked":"bronze:InfiniteBeams","floor":2},{"not_picked":["bronze:Philosophize","bronze:DelayedSlice"],"picked":"bronze:Separator","floor":3},{"not_picked":["bronze:BuggyMess","bronze:BitShift"],"picked":"bronze:BronzeOrb","floor":5},{"not_picked":["bronze:Shell","bronze:Separator"],"picked":"bronze:BronzeOrb","floor":8},{"not_picked":["bronze:Iterate","bronze:ForceShield"],"picked":"bronze:Terminator","floor":10},{"not_picked":["bronze:ForLoop","bronze:Separator"],"picked":"bronze:Frontload","floor":12},{"not_picked":["bronze:DelayedGuard","bronze:Invalidate"],"picked":"bronze:Verify","floor":13},{"not_picked":["bronze:WhirlingStrike","bronze:WildBeam"],"picked":"bronze:Repulsor","floor":14},{"not_picked":["bronze:Deprecate","bronze:Branch"],"picked":"bronze:Return","floor":15},{"not_picked":["bronze:ThunderWave","bronze:FindAndReplace"],"picked":"bronze:Format","floor":16},{"not_picked":["bronze:DigitalCarnage","bronze:Invalidate"],"picked":"bronze:BugBarrage","floor":19},{"not_picked":["bronze:Flail","bronze:ChildClass+1"],"picked":"bronze:Optimize+1","floor":20},{"not_picked":["bronze:WildBeam","bronze:BitShift"],"picked":"bronze:ChosenStrike","floor":21},{"not_picked":["bronze:CleanCode","bronze:Deprecate"],"picked":"bronze:InfiniteBeams","floor":22},{"not_picked":["bronze:Deprecate","bronze:DelayedSlice"],"picked":"bronze:Constructor","floor":23},{"not_picked":["bronze:Safeguard","bronze:Flail"],"picked":"bronze:Constructor","floor":26},{"not_picked":["bronze:Deprecate+1","bronze:Frontload+1"],"picked":"bronze:ThunderWave","floor":27},{"not_picked":["bronze:WildBeam","bronze:FineTuning"],"picked":"bronze:Separator+1","floor":30},{"not_picked":["bronze:DigitalCarnage","bronze:Shield"],"picked":"bronze:Refactor","floor":31},{"not_picked":["bronze:FineTuning","bronze:Iterate"],"picked":"bronze:DelayedSlice","floor":32}],"player_experience":1395579,"relics_obtained":[{"floor":8,"key":"Old Coin"},{"floor":24,"key":"Strawberry"}],"event_choices":[],"is_beta":false,"boss_relics":[{"not_picked":["SacredBark","Fusion Hammer"],"picked":"bronze:MakeshiftBattery"}],"items_purged_floors":[14,22],"is_endless":false,"potions_floor_spawned":[2,3,10,19,20,26,27,30],"killed_by":"DF_ARCHETYPE_CLAW","ascension_level":0}}