{"host":"6jq10w63bz2fmhcc","time":1612283088,"event":{"mods":["AchievementEnabler","Act Like it!","Astrologer","BaseMod","Beaked The Cultist","Better Note","Better Third Choice","Colored Map","Colored Powertips","DeckTracker","Downfall","Gensokyo","GifTheSpireLib","Hermit","Hubris","Infinite Spire","Lobotomy","Marisa????????","Minty Spire (QoL Compilation)","Quick Restart","Relic Stats","Replay The Spire","StSLib","Stuff the Spire","The Bug Knight","The Construct","The Cursed","The Disciple","The Hierophant","The Jungle","The Mystic","The Necromancer","The Runesmith","The Servant 0.9.4"],"gold_per_floor":[114,129,129,144,159,159,159,174,174,204,204,35,50,65,65,165,165,180,180,180,195,210,240,240,255,255,530,530,545,560,560,560,660,660,675,675,690,705,720,720,720],"floor_reached":40,"language":"ENG","playtime":3020,"items_purged":[],"score":364,"play_id":"acbcd6d5-19f6-45e8-a197-f242a592c2e7","local_time":"20210202215448","daily_mods":["SealedDeck","Uncertain Future","Lethality"],"is_ascension_mode":false,"campfire_choices":[{"data":"Body Slam","floor":6.0,"key":"SMITH"},{"data":"infinitespire:OneForAll","floor":11.0,"key":"SMITH"},{"data":"Apotheosis","floor":15.0,"key":"SMITH"},{"floor":24.0,"key":"REST"},{"data":"Berserk","floor":28.0,"key":"SMITH"},{"floor":32.0,"key":"REST"}],"circlet_count":0,"master_deck":["Thunderclap","StuffTheSpire:RagingBull","Battle Trance","Dropkick","Uppercut","ReplayReversal","Cleave","Heavy Blade","Body Slam+1","Power Through","Headbutt","Exhume","ReplayTheSpireMod:Strike From Hell","Burn","infinitespire:OneForAll+1","Apotheosis+1","Seeing Red","Feel No Pain","Berserk+1","Flex+1","Bloodletting","Regret","Double Tap","ReplayUltimateDefense","hubris:Insight","Parasite"],"relics":["PureWater","infinitespire:Cubic Diamond","Replay:Ringing Soul","Bottled Lightning","hubris:ScarierMask","Singing Bowl","Replay:Towering Pillar of Hats","TheAbacus","Velvet Choker"],"acts_visited":["Exordium","TheCity","TheBeyond"],"potions_floor_usage":[38,40],"damage_taken":[{"damage":0.0,"enemies":"Cultist","floor":1.0,"turns":2.0},{"damage":13.0,"enemies":"Small Slimes","floor":2.0,"turns":3.0},{"damage":0.0,"enemies":"2 Louse","floor":4.0,"turns":1.0},{"damage":0.0,"enemies":"Blue Slaver","floor":5.0,"turns":2.0},{"damage":15.0,"enemies":"Looter","floor":8.0,"turns":2.0},{"damage":2.0,"enemies":"Lagavulin","floor":10.0,"turns":3.0},{"damage":9.0,"enemies":"Exordium Thugs","floor":13.0,"turns":3.0},{"damage":0.0,"enemies":"Exordium Wildlife","floor":14.0,"turns":1.0},{"damage":13.0,"enemies":"The Guardian","floor":16.0,"turns":4.0},{"damage":5.0,"enemies":"Shell Parasite","floor":18.0,"turns":2.0},{"damage":12.0,"enemies":"Spheric Guardian","floor":21.0,"turns":3.0},{"damage":13.0,"enemies":"Shelled Parasite and Fungi","floor":22.0,"turns":3.0},{"damage":53.0,"enemies":"Nightmare","floor":23.0,"turns":7.0},{"damage":10.0,"enemies":"Snake Plant","floor":25.0,"turns":2.0},{"damage":21.0,"enemies":"Snecko","floor":29.0,"turns":3.0},{"damage":15.0,"enemies":"Cultist and Chosen","floor":30.0,"turns":2.0},{"damage":0.0,"enemies":"Collector","floor":33.0,"turns":1.0},{"damage":17.0,"enemies":"3 Darklings","floor":35.0,"turns":3.0},{"damage":27.0,"enemies":"Orb Walker","floor":37.0,"turns":2.0},{"damage":24,"enemies":"Writhing Mass","floor":38,"turns":3},{"damage":26,"enemies":"4 Shapes","floor":39,"turns":3},{"damage":30,"enemies":"Nightmare","floor":40,"turns":2}],"seed_played":"-9070903199233054170","potions_obtained":[{"floor":1.0,"key":"Ancient Potion"},{"floor":2.0,"key":"infinitespire:BlackPotion"},{"floor":14.0,"key":"SteroidPotion"},{"floor":16.0,"key":"Explosive Potion"},{"floor":21.0,"key":"FearPotion"},{"floor":23.0,"key":"LiquidBronze"},{"floor":25.0,"key":"DistilledChaos"},{"floor":29.0,"key":"Elixir"},{"floor":35.0,"key":"PowerPotion"},{"floor":37.0,"key":"BlessingOfTheForge"},{"floor":39,"key":"Dexterity Potion"}],"is_trial":false,"path_per_floor":["M","M","?","M","M","R","?","M","T","E","R","$","M","M","R","B",null,"M","?","?","M","M","NM","R","M","T","?","R","M","M","AVR","R","B",null,"M","?","M","M","M","NM"],"character_chosen":"IRONCLAD","items_purchased":["Apotheosis"],"campfire_rested":2,"item_purchase_floors":[12],"current_hp_per_floor":[80,73,73,73,73,73,73,58,58,59,59,62,56,59,59,49,95,93,93,93,81,71,20,50,42,42,45,45,26,13,16,50,53,118,103,98,73,54,30,0,0],"gold":720,"neow_bonus":"","is_daily":true,"chose_seed":false,"campfire_upgraded":4,"win_rate":0.0,"timestamp":1612283088,"path_taken":["M","?","?","M","M","R","?","M","T","E","R","$","M","M","R","BOSS","M","?","?","M","M","NM","R","M","T","?","R","M","M","AVR","R","BOSS","M","?","M","M","M","NM"],"items_purchased_type":["Card"],"build_version":"2020-12-22","purchased_purges":0,"victory":false,"max_hp_per_floor":[80,80,80,80,80,80,80,80,80,83,83,86,89,92,92,95,95,98,98,98,98,101,103,103,105,105,108,108,110,112,115,115,118,118,120,125,127,132,134,134,134],"relic_stats":{"TheAbacus":[0],"Singing Bowl":18,"counters":[22,57],"obtain_stats":[{"Replay:Ringing Soul":9,"TheAbacus":31,"Singing Bowl":23,"Replay:Towering Pillar of Hats":26,"hubris:ScarierMask":17,"Velvet Choker":34,"infinitespire:Cubic Diamond":3,"Bottled Lightning":10,"PureWater":3,"Burning Blood":0},{"Replay:Ringing Soul":5,"TheAbacus":16,"Singing Bowl":13,"Replay:Towering Pillar of Hats":14,"hubris:ScarierMask":9,"Velvet Choker":17,"infinitespire:Cubic Diamond":2,"Bottled Lightning":6,"PureWater":2,"Burning Blood":0},{"Replay:Ringing Soul":10,"TheAbacus":43,"Singing Bowl":36,"Replay:Towering Pillar of Hats":38,"hubris:ScarierMask":21,"Velvet Choker":44,"infinitespire:Cubic Diamond":5,"Bottled Lightning":13,"PureWater":5,"Burning Blood":0}]},"card_choices":[{"not_picked":["Clash","StuffTheSpire:RockThrow"],"picked":"Headbutt","floor":1.0},{"not_picked":["Heavy Blade","Wild Strike","Rupture"],"picked":"SKIP","floor":2.0},{"not_picked":["Replay:Undeath\u0027s Touch","ReplayTheSpireMod:Strike From Hell"],"picked":"Exhume","floor":4.0},{"not_picked":["Clash","Body Slam"],"picked":"ReplayTheSpireMod:Strike From Hell","floor":5.0},{"not_picked":["Wild Strike","Power Through","StuffTheSpire:Pyroclast"],"picked":"SKIP","floor":8.0},{"not_picked":["Rupture","Perfected Strike"],"picked":"infinitespire:OneForAll","floor":10.0},{"not_picked":["ReplayTheSpireMod:Corrosion Curse","Power Through"],"picked":"Seeing Red","floor":13.0},{"not_picked":["StuffTheSpire:RockThrow","Clash"],"picked":"Feel No Pain","floor":14.0},{"not_picked":["Replay:Many Hands","Demonic Infusion"],"picked":"Berserk","floor":16.0},{"not_picked":["Warcry+1","StuffTheSpire:Slingshot"],"picked":"Flex+1","floor":18.0},{"not_picked":["Thunderclap","Blood for Blood","StuffTheSpire:Pyroclast"],"picked":"SKIP","floor":21.0},{"not_picked":["Shrug It Off","Rage"],"picked":"Bloodletting","floor":22.0},{"not_picked":["ReplayReversal+1","Heavy Blade","Shrug It Off"],"picked":"Singing Bowl","floor":23.0},{"not_picked":["StuffTheSpire:RockThrow","Dual Wield","Armaments"],"picked":"SKIP","floor":25.0},{"not_picked":["StuffTheSpire:RockThrow","Dual Wield","Armaments"],"picked":"Singing Bowl","floor":25.0},{"not_picked":["Armaments","Cleave","Flex+1"],"picked":"Singing Bowl","floor":29.0},{"not_picked":["ReplayTheSpireMod:LeadingStrike+1","StuffTheSpire:RagingBull+1","Body Slam"],"picked":"Singing Bowl","floor":30.0},{"not_picked":["Limit Break","hubris:StunningStrike"],"picked":"Double Tap","floor":33.0},{"not_picked":["Flex+1","Thunderclap+1","Evolve"],"picked":"Singing Bowl","floor":35.0},{"not_picked":["PanicButton","hubris:Insight"],"picked":"ReplayUltimateDefense","floor":36.0},{"not_picked":["Flash of Steel","Sadistic Nature","Replay:Dark Deal"],"picked":"Singing Bowl","floor":36.0},{"not_picked":["Flash of Steel","Replay:Sssssssssstrike"],"picked":"hubris:Insight","floor":36.0},{"not_picked":["hubris:CleavingFinish","Headbutt","infinitespire:OneForAll"],"picked":"Singing Bowl","floor":37.0},{"not_picked":["Clothesline+1","Flex+1","Shockwave"],"picked":"Singing Bowl","floor":38},{"not_picked":["True Grit+1","Pummel+1","Armaments"],"picked":"Singing Bowl","floor":39}],"player_experience":171889,"relics_obtained":[{"floor":9.0,"key":"Replay:Ringing Soul"},{"floor":10.0,"key":"Bottled Lightning"},{"floor":23.0,"key":"Singing Bowl"},{"floor":26.0,"key":"Replay:Towering Pillar of Hats"}],"event_choices":[{"damage_healed":73.0,"max_hp_gain":0.0,"max_hp_loss":80.0,"gold_gain":0.0,"event_name":"betterThird:BetterShining","player_choice":"Embrace Burn","floor":7.0,"gold_loss":0.0,"damage_taken":0.0},{"damage_healed":0.0,"max_hp_gain":0.0,"max_hp_loss":0.0,"gold_gain":0.0,"event_name":"Vampires","player_choice":"Ignored","floor":20.0,"gold_loss":0.0,"damage_taken":0.0},{"damage_healed":0.0,"max_hp_gain":0.0,"max_hp_loss":0.0,"gold_gain":275.0,"event_name":"Golden Shrine","player_choice":"Desecrate","floor":27.0,"gold_loss":0.0,"damage_taken":0.0,"cards_obtained":["Regret"]},{"damage_healed":0.0,"max_hp_gain":0.0,"max_hp_loss":0.0,"gold_gain":0.0,"event_name":"SensoryStone","player_choice":"Memory 3","floor":36.0,"gold_loss":0.0,"damage_taken":10.0}],"is_beta":false,"boss_relics":[{"not_picked":["hubris:RunicObelisk","Ectoplasm"],"picked":"hubris:ScarierMask"},{"not_picked":["Snecko Eye","Replay:Drink Me"],"picked":"Velvet Choker"}],"items_purged_floors":[],"is_endless":false,"potions_floor_spawned":[1,2,14,16,21,23,25,29,35,37,39],"killed_by":"Nightmare","ascension_level":0}}