{"host":"vyjryxuuuxkt43k4","time":1612263497,"event":{"mods":["AchievementEnabler","BaseMod","Colored Map","DeckTracker","Keyboard Shortcuts","Minty Spire (QoL Compilation)","Permanent Neow","Quick Restart","Rare Cards Sparkle","Relic Stats","StSLib","SuperFastMode","everything is the same but u backflip on backflip"],"gold_per_floor":[115,125,140,140,6,39,39,65,90,90,108,108,108,123,123,195,195,213,233,249,249,249],"floor_reached":21,"language":"KOR","playtime":1075,"items_purged":[],"score":344,"play_id":"2f180bcf-acda-4261-993c-41f5bced75b2","local_time":"20210202195817","is_ascension_mode":true,"campfire_choices":[{"floor":7.0,"key":"REST"},{"data":"Storm of Steel","floor":10.0,"key":"SMITH"},{"data":"Accuracy","floor":12.0,"key":"SMITH"},{"data":"After Image","floor":15.0,"key":"SMITH"}],"circlet_count":0,"master_deck":["AscendersBane","Strike_G","Defend_G","Defend_G","Defend_G","Defend_G","Survivor","Neutralize","Dodge and Roll","Storm of Steel+1","Predator","Accuracy+1","Backstab","Accuracy","After Image+1","Bouncing Flask","Catalyst","Backflip","Phantasmal Killer","Blade Dance","PiercingWail"],"relics":["Ring of the Snake","Oddly Smooth Stone","Toy Ornithopter","Omamori","Empty Cage"],"acts_visited":["Exordium","TheCity"],"potions_floor_usage":[20],"damage_taken":[{"damage":3.0,"enemies":"Jaw Worm","floor":1.0,"turns":6.0},{"damage":0.0,"enemies":"Small Slimes","floor":2.0,"turns":7.0},{"damage":0.0,"enemies":"Cultist","floor":3.0,"turns":3.0},{"damage":19.0,"enemies":"Lagavulin","floor":6.0,"turns":6.0},{"damage":5.0,"enemies":"3 Sentries","floor":8.0,"turns":7.0},{"damage":6.0,"enemies":"Lots of Slimes","floor":11.0,"turns":3.0},{"damage":0.0,"enemies":"Exordium Wildlife","floor":14.0,"turns":2.0},{"damage":34.0,"enemies":"Slime Boss","floor":16.0,"turns":10.0},{"damage":13.0,"enemies":"Spheric Guardian","floor":18.0,"turns":4.0},{"damage":10,"enemies":"2 Thieves","floor":19,"turns":4},{"damage":38,"enemies":"Snake Plant","floor":20,"turns":5},{"damage":2,"enemies":"Snecko","floor":21,"turns":3}],"seed_played":"-3309530208775082047","potions_obtained":[{"floor":3.0,"key":"Poison Potion"},{"floor":6.0,"key":"PowerPotion"},{"floor":8.0,"key":"Strength Potion"},{"floor":19,"key":"GamblersBrew"}],"is_trial":false,"path_per_floor":["M","M","M","?","$","E","R","E","T","R","M","R","?","M","R","B",null,"M","M","M","M"],"character_chosen":"THE_SILENT","items_purchased":["Accuracy","Energy Potion"],"campfire_rested":1,"item_purchase_floors":[5,5],"current_hp_per_floor":[41,41,41,46,46,27,48,43,43,43,42,42,42,42,42,13,57,44,34,1,0,0],"gold":249,"neow_bonus":"TRANSFORM_TWO_CARDS","is_daily":false,"chose_seed":false,"campfire_upgraded":3,"win_rate":0.0,"timestamp":1612263497,"path_taken":["M","M","M","?","$","E","R","E","T","R","M","R","?","?","R","BOSS","M","M","M","?"],"items_purchased_type":["Card","Potion"],"build_version":"2020-12-22","purchased_purges":0,"victory":false,"max_hp_per_floor":[66,66,66,71,71,71,71,71,71,71,71,71,71,71,71,71,71,71,71,71,71,71],"relic_stats":{"counters":[12,60],"obtain_stats":[{"Oddly Smooth Stone":6,"Omamori":9,"Empty Cage":17,"Toy Ornithopter":8,"Ring of the Snake":0},{"Oddly Smooth Stone":4,"Omamori":5,"Empty Cage":8,"Toy Ornithopter":5,"Ring of the Snake":0},{"Oddly Smooth Stone":22,"Omamori":29,"Empty Cage":44,"Toy Ornithopter":29,"Ring of the Snake":0}],"Toy Ornithopter":15,"Ring of the Snake":[24]},"card_choices":[{"not_picked":["Dodge and Roll","Backflip"],"picked":"Predator","floor":1.0},{"not_picked":["Infinite Blades","Footwork"],"picked":"Accuracy","floor":2.0},{"not_picked":["Sucker Punch","Quick Slash"],"picked":"Backstab","floor":3.0},{"not_picked":["Accuracy","Cloak And Dagger"],"picked":"After Image","floor":6.0},{"not_picked":["Slice","Deflect"],"picked":"Bouncing Flask","floor":8.0},{"not_picked":["Heel Hook","Outmaneuver"],"picked":"Catalyst","floor":11.0},{"not_picked":["Deflect","Poisoned Stab"],"picked":"Backflip","floor":14.0},{"not_picked":["Corpse Explosion","Storm of Steel"],"picked":"Phantasmal Killer","floor":16.0},{"not_picked":["Flechettes+1","Catalyst"],"picked":"Blade Dance","floor":18.0},{"not_picked":["Blade Dance","Quick Slash"],"picked":"PiercingWail","floor":19},{"not_picked":["Terror","Flying Knee","Poisoned Stab"],"picked":"SKIP","floor":20}],"player_experience":625208,"relics_obtained":[{"floor":6.0,"key":"Oddly Smooth Stone"},{"floor":8.0,"key":"Toy Ornithopter"},{"floor":9.0,"key":"Omamori"}],"event_choices":[{"damage_healed":0.0,"max_hp_gain":5.0,"max_hp_loss":0.0,"gold_gain":0.0,"event_name":"Big Fish","player_choice":"Donut","floor":4.0,"gold_loss":0.0,"damage_taken":0.0},{"cards_removed":["Strike_G"],"damage_healed":0.0,"max_hp_gain":0.0,"max_hp_loss":0.0,"gold_gain":0.0,"event_name":"Purifier","player_choice":"Purged","floor":13.0,"gold_loss":0.0,"damage_taken":0.0}],"is_beta":false,"boss_relics":[{"not_picked":["Black Star","Fusion Hammer"],"picked":"Empty Cage"}],"items_purged_floors":[],"is_endless":false,"potions_floor_spawned":[3,6,8,19],"killed_by":"Snecko","ascension_level":16}}