{"host":"e4udrxcgdvpx3wcj","time":1612297244,"event":{"mods":["Act Like it!","Aspiration","Astrologer","BaseMod","Gensokyo","Highlight Path","Infinite Spire","Koishi","Marisa????????","Minty Spire (QoL Compilation)","Replay The Spire","StSLib","SuperFastMode","The Bug Knight","The Construct","The Jungle","The Runesmith","The Servant 0.9.4","TheBandit"],"gold_per_floor":[112,130,150,150,225,259,259,270,297,297,311,375,375,386,386,386,386,386],"floor_reached":16,"language":"ENG","playtime":777,"items_purged":[],"score":158,"play_id":"987a0f16-eac2-468d-8342-78b10c598141","local_time":"20210202152044","is_ascension_mode":true,"campfire_choices":[{"data":"wariomod:RacingSpeed","floor":7,"key":"SMITH"},{"floor":10,"key":"REST"},{"data":"wariomod:ForbiddenMagic","floor":13,"key":"SMITH"},{"data":"wariomod:GreaterGuard","floor":15,"key":"SMITH"}],"circlet_count":0,"master_deck":["AscendersBane","wariomod:Strike","wariomod:Strike","wariomod:Strike","wariomod:Strike","wariomod:Defend","wariomod:Defend","wariomod:Defend","wariomod:Defend","wariomod:Step","wariomod:Leap","wariomod:ShipSmash+1","wariomod:BoomBoom","wariomod:GreaterGuard+1","wariomod:RacingSpeed+1","wariomod:Purify","wariomod:ForbiddenMagic+1","wariomod:BodyBlock","wariomod:Bomblaster"],"relics":["wariomod:TheHat","construct:FoamFinger","Bag of Marbles"],"acts_visited":["Exordium"],"potions_floor_usage":[3,8],"damage_taken":[{"damage":5,"enemies":"2 Louse","floor":1,"turns":3},{"damage":0,"enemies":"Jaw Worm","floor":2,"turns":3},{"damage":13,"enemies":"Small Slimes","floor":3,"turns":5},{"damage":27,"enemies":"3 Sentries","floor":6,"turns":7},{"damage":7,"enemies":"3 Louse","floor":8,"turns":3},{"damage":6,"enemies":"Looter","floor":11,"turns":3},{"damage":9,"enemies":"Blue Slaver","floor":14,"turns":3},{"damage":23,"enemies":"The Guardian","floor":16,"turns":5}],"seed_played":"7323532387080141491","potions_obtained":[{"floor":1,"key":"FearPotion"},{"floor":3,"key":"Strength Potion"},{"floor":6,"key":"Dexterity Potion"}],"is_trial":false,"path_per_floor":["M","M","M","?","?","E","R","M","T","R","M","?","R","M","R","B"],"character_chosen":"THE_BANDIT","items_purchased":[],"campfire_rested":1,"item_purchase_floors":[],"current_hp_per_floor":[67,67,54,54,43,16,16,9,9,33,27,27,27,18,18,0,0,0],"gold":386,"neow_bonus":"ONE_RANDOM_RARE_CARD","is_daily":false,"chose_seed":false,"campfire_upgraded":3,"win_rate":0.0,"timestamp":1612297244,"path_taken":["M","M","M","?","?","E","R","M","T","R","?","?","R","M","R","BOSS"],"items_purchased_type":[],"build_version":"2020-12-22","purchased_purges":0,"victory":false,"max_hp_per_floor":[80,80,80,80,80,80,80,80,80,80,80,80,80,80,80,80,80,80],"card_choices":[{"not_picked":["wariomod:DoubleDash","wariomod:Smackflip"],"picked":"wariomod:BoomBoom","floor":1},{"not_picked":["wariomod:Leapslam","wariomod:DeepDig"],"picked":"wariomod:GreaterGuard","floor":2},{"not_picked":["wariomod:WhirlwindBurst","wariomod:Smackflip"],"picked":"wariomod:RacingSpeed","floor":3},{"not_picked":["wariomod:Bombshield","wariomod:EndlessBlast"],"picked":"wariomod:Purify","floor":6},{"not_picked":["wariomod:SpikeSlash","wariomod:DoubleDip"],"picked":"wariomod:ForbiddenMagic","floor":8},{"not_picked":["wariomod:HappyHit","wariomod:DisarmingMoves"],"picked":"wariomod:BodyBlock","floor":11},{"not_picked":["wariomod:SpikeSlash","wariomod:BodyBlock"],"picked":"wariomod:Bomblaster","floor":14}],"player_experience":2364020,"relics_obtained":[{"floor":6,"key":"construct:FoamFinger"},{"floor":9,"key":"Bag of Marbles"}],"event_choices":[{"damage_healed":0,"gold_gain":0,"player_choice":"Grow","damage_taken":0,"max_hp_gain":0,"max_hp_loss":0,"event_name":"Living Wall","floor":4,"gold_loss":0,"cards_upgraded":["wariomod:ShipSmash"]},{"damage_healed":0,"gold_gain":75,"player_choice":"Gather Gold","damage_taken":11,"max_hp_gain":0,"max_hp_loss":0,"event_name":"World of Goop","floor":5,"gold_loss":0},{"damage_healed":0,"gold_gain":64,"player_choice":"Gained Gold","damage_taken":0,"max_hp_gain":0,"max_hp_loss":0,"event_name":"Golden Wing","floor":12,"gold_loss":0}],"is_beta":false,"boss_relics":[],"items_purged_floors":[],"is_endless":false,"potions_floor_spawned":[1,3,6],"killed_by":"The Guardian","ascension_level":11}}