{"host":"0y7rggrn2c7yxnri","time":1612245191,"event":{"mods":["AchievementEnabler","Act Like it!","AlwaysNeverKeys","Aspiration","Bartender","BaseMod","Better Altar","Better Sensory Stone","Better Skull","Better Third Choice","Better Vampires","BetterRewards","Colored Map","Colored Powertips","Displayed Cursed Tome","Duelist Mod","GifTheSpireLib","Magitek Elite","Minty Spire (QoL Compilation)","Permanent Neow","Quick Restart","Reliquary","Replay The Spire","Shop Mod","Spicy Shops","Spire Arcade","StSLib","Stuff the Spire","The Alterego","The Animator","The Marked","The Servant 0.9.4","Transform Curses","Virulent Crown","Wandering Minibosses"],"gold_per_floor":[112,112,124,124,124,168,168,185,212,232,232,270,293,330,330,439,466,417,426,447,84,93,93,93,93,93,93,93,27,61,61,61,168,168,188,67,67,87,898,936,936,946,946,966,966,423,423,461,461,461,461,461,0,29,29],"floor_reached":56,"language":"ENG","playtime":3381,"items_purged":["animator:Curse_Nutcracker","Shame"],"score":1742,"play_id":"847fca64-3c81-4cfb-a834-33cf81d2574a","local_time":"20210202005311","is_ascension_mode":true,"campfire_choices":[{"data":"alterego_mod:1TonWallop","floor":7,"key":"SMITH"},{"data":"alterego_mod:SakuraFive","floor":11,"key":"SMITH"},{"data":"alterego_mod:AlterEgo","floor":15,"key":"SMITH"},{"floor":23,"key":"REST"},{"floor":28,"key":"REST"},{"data":"alterego_mod:Nekomimi","floor":32,"key":"SMITH"},{"data":"alterego_mod:Nekomimi","floor":41,"key":"SMITH"},{"floor":47,"key":"REST"},{"data":"StuffTheSpire:CelestialWarden","floor":49,"key":"SMITH"},{"data":"alterego_mod:RocketPunch","floor":52,"key":"SMITH"}],"circlet_count":0,"master_deck":["alterego_mod:Strike","alterego_mod:Strike+1","alterego_mod:Strike","alterego_mod:Defend+1","alterego_mod:Defend+1","alterego_mod:Defend+1","alterego_mod:Impale","alterego_mod:BigMeatyClaws+1","alterego_mod:BrynhildrsRune+1","alterego_mod:1TonWallop+1","Secret Weapon+1","alterego_mod:Undulate+1","alterego_mod:RocketPunch+1","alterego_mod:RocketPunch+1","alterego_mod:SakuraFive+1","alterego_mod:Clones+1","alterego_mod:AlterEgo+1","alterego_mod:Nekomimi+1","alterego_mod:Vow+1","Shame","alterego_mod:Nekomimi+1","alterego_mod:PurpleHair+1","Bandage Up+1","alterego_mod:Pet+1","alterego_mod:Birthday+1","Madness+1","StuffTheSpire:CelestialWarden+1","alterego_mod:AlterEgo","alterego_mod:SakuraPetals+1","alterego_mod:IndependentAction+1","alterego_mod:Smother+1","alterego_mod:Cushion+1"],"relics":["alterego_mod:MasochisticConstitution","Gremlin Horn","StuffTheSpire:Wildfire","Toxic Egg 2","Sling","StuffTheSpire:CocoNut","aspiration:AnachronicSnailShell","Vajra","StuffTheSpire:SapphireSignet","Oddly Smooth Stone","Pen Nib","reliquary:TridentHead","Durian","Blood Vial","aspiration:RitualStick","StuffTheSpire:OldFever","alterego_mod:FleetingLove","StuffTheSpire:HeavyRock","ChewingGum","MerchantsRug","wanderingMiniBosses:MasterThiefsPresence","Replay:WaspNest","reliquary:ExpiredCoupon","Calipers","StuffTheSpire:Saxophone","Replay:Bottled Eggs","BargainBundle","reliquary:BoilingFlask","Orichalcum","Bottled Lightning"],"acts_visited":["Exordium","TheCity","TheBeyond","TheEnding"],"potions_floor_usage":[18,18,50,55,55],"damage_taken":[{"damage":0,"enemies":"Small Slimes","floor":1,"turns":2},{"damage":0,"enemies":"2 Louse","floor":3,"turns":1},{"damage":4,"enemies":"Gremlin Nob","floor":6,"turns":2},{"damage":0,"enemies":"Cultist","floor":8,"turns":3},{"damage":0,"enemies":"Exordium Wildlife","floor":10,"turns":1},{"damage":4,"enemies":"3 Sentries","floor":12,"turns":2},{"damage":0,"enemies":"Large Slime","floor":13,"turns":3},{"damage":0,"enemies":"Gremlin Nob","floor":14,"turns":2},{"damage":25,"enemies":"Hexaghost","floor":16,"turns":9},{"damage":23,"enemies":"Spheric Guardian","floor":18,"turns":7},{"damage":16,"enemies":"3 Byrds","floor":20,"turns":4},{"damage":3,"enemies":"Slavers","floor":30,"turns":2},{"damage":19,"enemies":"Pondfish","floor":33,"turns":7},{"damage":6,"enemies":"3 Shapes","floor":35,"turns":1},{"damage":0,"enemies":"3 Darklings","floor":38,"turns":2},{"damage":19,"enemies":"Writhing Mass","floor":39,"turns":5},{"damage":4,"enemies":"Reptomancer","floor":40,"turns":2},{"damage":1,"enemies":"4 Shapes","floor":42,"turns":1},{"damage":0,"enemies":"Jaw Worm Horde","floor":44,"turns":1},{"damage":7,"enemies":"R_Hoarder","floor":48,"turns":5},{"damage":6,"enemies":"Replay:Hell Engine","floor":50,"turns":7},{"damage":5,"enemies":"Shield and Spear","floor":54,"turns":2},{"damage":41,"enemies":"The Heart","floor":55,"turns":5}],"seed_played":"2518697919833153149","potions_obtained":[{"floor":1,"key":"Strength Potion"},{"floor":10,"key":"Adrenaline Potion"},{"floor":20,"key":"Strength Potion"},{"floor":38,"key":"Weak Potion"},{"floor":39,"key":"Adrenaline Potion"},{"floor":48,"key":"Energy Potion"}],"is_trial":false,"path_per_floor":["M","?","M","?","?","E","R","M","T","M","R","E","M","E","R","B",null,"M","?","M","$","?","R","?","?","T","?","R","?","E","$","R","B",null,"M","$","?","M","M","E","R","M","T","M","?","$","R","E","R","B",null,"R","$","E","B",null],"character_chosen":"The_Alterego","items_purchased":["Gremlin Horn","StuffTheSpire:Wildfire","Toxic Egg 2","alterego_mod:1TonWallop","Secret Weapon+1","reliquary:Buckler","Sling","Blue Doll","StuffTheSpire:CocoNut","alterego_mod:Undulate+1","Bandage Up+1","alterego_mod:Pet+1","alterego_mod:Birthday+1","MerchantsRug","Dramatic Entrance","alterego_mod:SakuraPetals+1","Calipers","StuffTheSpire:Saxophone","BargainBundle","reliquary:BoilingFlask","AttackPotion","Orichalcum"],"campfire_rested":3,"item_purchase_floors":[0,0,0,0,0,0,0,0,0,0,21,21,21,36,36,36,46,46,53,53,53,53],"current_hp_per_floor":[77,77,77,52,52,49,49,56,56,56,56,60,60,60,60,36,85,67,67,54,54,37,63,40,23,23,23,49,49,60,60,60,86,89,84,84,84,90,77,84,84,93,93,93,44,44,71,75,75,89,95,95,95,95,64],"gold":29,"neow_bonus":"","is_daily":false,"chose_seed":false,"campfire_upgraded":7,"win_rate":0.0,"timestamp":1612245191,"path_taken":["M","?","M","?","?","E","R","M","T","M","R","E","?","E","R","BOSS","M","?","M","$","?","R","?","?","T","?","R","?","E","?","R","BOSS","M","?","?","M","M","E","R","M","T","M","?","$","R","E","R","BOSS","R","$","E","BOSS"],"items_purchased_type":["Relic","Relic","Relic","Card","Card","Relic","Relic","Relic","Relic","Card","Card","Card","Card","Relic","Card","Card","Relic","Relic","Relic","Relic","Potion","Relic"],"build_version":"2020-12-22","purchased_purges":2,"victory":true,"max_hp_per_floor":[77,77,77,77,77,78,78,78,78,78,78,79,79,79,79,80,85,86,86,87,87,87,87,87,87,87,87,87,87,88,88,88,89,89,90,90,90,90,91,92,92,93,93,93,93,93,93,94,94,95,95,95,95,96,97],"card_choices":[{"not_picked":["alterego_mod:DeftHands","alterego_mod:TrashNCrash+1","alterego_mod:MagicResistance+1"],"picked":"SKIP","floor":1},{"not_picked":["alterego_mod:Jiggle+1","alterego_mod:DiscoLights"],"picked":"alterego_mod:RocketPunch","floor":3},{"not_picked":["alterego_mod:DiscoLights","alterego_mod:Pet+1"],"picked":"alterego_mod:SakuraFive","floor":6},{"not_picked":["alterego_mod:SuperDuperMasochism+1","alterego_mod:BiFurious","alterego_mod:DiscoLights"],"picked":"SKIP","floor":8},{"not_picked":["alterego_mod:GoddessCore","alterego_mod:1TonWallop","alterego_mod:SuperDuperMasochism+1"],"picked":"SKIP","floor":10},{"not_picked":["alterego_mod:RidiculouslyBig+1","alterego_mod:BiFurious"],"picked":"alterego_mod:Clones+1","floor":12},{"not_picked":["alterego_mod:Bloomers+1","alterego_mod:BiFurious"],"picked":"alterego_mod:AlterEgo","floor":13},{"not_picked":["alterego_mod:BiFurious","alterego_mod:Jiggle+1"],"picked":"alterego_mod:Nekomimi","floor":14},{"not_picked":["alterego_mod:TrickOrTreatment","alterego_mod:AlterEgo"],"picked":"alterego_mod:Vow+1","floor":16},{"not_picked":["StuffTheSpire:GnomedCurse","Replay:Hysterical Blindness"],"picked":"animator:Curse_Nutcracker","floor":17},{"not_picked":["Spreading Infection","animator:Curse_Greed"],"picked":"Shame","floor":17},{"not_picked":["animator:Curse_Dizziness","Hallucinations"],"picked":"Shame","floor":17},{"not_picked":["alterego_mod:DiscoLights","alterego_mod:BiFurious","alterego_mod:Jiggle+1"],"picked":"SKIP","floor":18},{"not_picked":["alterego_mod:Collar","alterego_mod:Belts"],"picked":"alterego_mod:PurpleHair+1","floor":20},{"not_picked":["alterego_mod:PerceptionDisorder+1","alterego_mod:Jiggle+1","alterego_mod:BoobPocket+1"],"picked":"SKIP","floor":30},{"not_picked":["alterego_mod:Alter+1","alterego_mod:InsideBaseball"],"picked":"alterego_mod:AlterEgo","floor":33},{"not_picked":["alterego_mod:Cooking+1","alterego_mod:Bunnysuit+1","alterego_mod:HighServant+1"],"picked":"SKIP","floor":35},{"not_picked":["alterego_mod:Jiggle+1","alterego_mod:Cooking+1"],"picked":"alterego_mod:IndependentAction+1","floor":38},{"not_picked":["alterego_mod:MagicResistance+1","alterego_mod:Complex","alterego_mod:Skirt"],"picked":"SKIP","floor":39},{"not_picked":["alterego_mod:PerceptionDisorder","alterego_mod:Nekomimi"],"picked":"alterego_mod:Smother+1","floor":40},{"not_picked":["alterego_mod:Clones+1","alterego_mod:Santa+1","alterego_mod:DiscoLights"],"picked":"SKIP","floor":42},{"not_picked":["alterego_mod:Exercise+1","alterego_mod:Mirror+1","alterego_mod:Pet+1"],"picked":"SKIP","floor":44},{"not_picked":["alterego_mod:Complex+1","alterego_mod:Cycle+1"],"picked":"alterego_mod:Cushion+1","floor":48},{"not_picked":["alterego_mod:Jiggle+1","alterego_mod:Santa+1","alterego_mod:Cooking+1"],"picked":"SKIP","floor":54}],"player_experience":316044,"relics_obtained":[{"floor":6,"key":"aspiration:AnachronicSnailShell"},{"floor":9,"key":"Vajra"},{"floor":12,"key":"StuffTheSpire:SapphireSignet"},{"floor":14,"key":"Oddly Smooth Stone"},{"floor":26,"key":"StuffTheSpire:OldFever"},{"floor":30,"key":"StuffTheSpire:HeavyRock"},{"floor":39,"key":"wanderingMiniBosses:MasterThiefsPresence"},{"floor":40,"key":"Replay:WaspNest"},{"floor":43,"key":"reliquary:ExpiredCoupon"},{"floor":48,"key":"Replay:Bottled Eggs"},{"floor":54,"key":"Bottled Lightning"}],"event_choices":[{"damage_healed":0,"gold_gain":0,"player_choice":"Leave","damage_taken":0,"max_hp_gain":0,"max_hp_loss":0,"event_name":"The Cleric","floor":2,"gold_loss":0},{"damage_healed":0,"gold_gain":0,"player_choice":"Relic ","damage_taken":25,"max_hp_gain":0,"max_hp_loss":0,"event_name":"betterThird:BetterScrap","floor":4,"gold_loss":0,"cards_obtained":["StuffTheSpire:ForEach"]},{"cards_removed":["alterego_mod:Defend"],"damage_healed":0,"gold_gain":0,"player_choice":"Offered Basic","damage_taken":0,"max_hp_gain":0,"max_hp_loss":0,"event_name":"Bonfire Elementals","floor":5,"gold_loss":0},{"damage_healed":0,"gold_gain":0,"player_choice":"Read","damage_taken":0,"max_hp_gain":0,"max_hp_loss":0,"event_name":"The Library","floor":19,"gold_loss":0,"cards_obtained":["alterego_mod:Nekomimi"]},{"damage_healed":0,"gold_gain":2,"player_choice":"2","damage_taken":0,"max_hp_gain":0,"max_hp_loss":17,"event_name":"betterStone:BetterStone","floor":22,"gold_loss":0},{"damage_healed":0,"gold_gain":0,"player_choice":" Vial ","damage_taken":23,"relics_obtained":["Blood Vial"],"max_hp_gain":63,"max_hp_loss":40,"event_name":"betterAltar:BetterAltar","floor":24,"potions_obtained":[],"relics_lost":[],"gold_loss":0},{"damage_healed":0,"gold_gain":0,"player_choice":"Choice 1","damage_taken":0,"relics_obtained":["alterego_mod:FleetingLove"],"max_hp_gain":0,"max_hp_loss":0,"event_name":"Secret Garden","floor":27,"gold_loss":0},{"cards_removed":["Dramatic Entrance"],"damage_healed":0,"gold_gain":0,"player_choice":"Removed Attack","damage_taken":0,"max_hp_gain":0,"max_hp_loss":0,"event_name":"Falling","floor":37,"gold_loss":0},{"damage_healed":0,"gold_gain":0,"player_choice":"UP UP UP ","damage_taken":55,"relics_obtained":[],"max_hp_gain":0,"max_hp_loss":0,"event_name":"betterSkull:BetterSkull","floor":45,"gold_loss":0,"cards_upgraded":["alterego_mod:BigMeatyClaws","alterego_mod:Defend","alterego_mod:BrynhildrsRune"]}],"is_beta":false,"boss_relics":[{"not_picked":["Replay:Drink Me","Empty Cage"],"picked":"Replay:Ancient Bell"},{"not_picked":["Anchor","Lantern"],"picked":"Pen Nib"},{"not_picked":["Replay:Accelerometer","Darkstone Periapt"],"picked":"reliquary:TridentHead"},{"not_picked":["Old Coin","Replay:Towering Pillar of Hats"],"picked":"Durian"},{"not_picked":["aspiration:ServantSkillbook","Kintsugi"],"picked":"ChewingGum"}],"items_purged_floors":[21,46],"is_endless":false,"potions_floor_spawned":[1,10,20,38,39,42,48],"ascension_level":3}}