{"host":"cd25ms2o8pjhjp7m","time":1612277578,"event":{"mods":["Aspiration","BaseMod","Bestiary","Better Third Choice","BetterRewards","Conspire","Curses Come First","Friendly Minions","GifTheSpireLib","Hubris","Minty Spire (QoL Compilation)","Rare Cards Sparkle","Relic Stats","Reliquary","Replay The Spire","Robot Space Explorer","StSLib","The Poker Player","Uncapped","[IsaacMod]????","??????REMEMod"],"gold_per_floor":[112,112,123,123,48,48,58,90,116,135,35,35,35,49,49,151,151,161,161,210,64,64,64,84,9,9,9,9,38,38,94,94,313,313,384,384,384,433,495,495,571,571,571,105,153,214,214,89,89,159],"floor_reached":51,"language":"DEU","playtime":2186,"items_purged":["Defend_R","Strike_R","ReplayTheSpireMod:Doomed","ReplayTheSpireMod:Splinters"],"score":738,"play_id":"848f95b2-6f73-4144-8e12-1955bbc07b3e","local_time":"20210202155258","is_ascension_mode":false,"campfire_choices":[{"data":"Apotheosis","floor":6,"key":"SMITH"},{"data":"REME_Scribble","floor":13,"key":"SMITH"},{"data":"Flex","floor":15,"key":"SMITH"},{"data":"Heavy Blade","floor":23,"key":"SMITH"},{"data":"Ghostly Armor","floor":30,"key":"SMITH"},{"data":"True Grit","floor":32,"key":"SMITH"},{"data":"Neutralize","floor":40,"key":"SMITH"},{"floor":42,"key":"REST"},{"floor":49,"key":"DIG"}],"circlet_count":0,"master_deck":["Strike_R","Defend_R","Defend_R","Bash","Jack Of All Trades+1","Ghostly Armor+1","Apotheosis+1","REME_Scribble+1","Flame Barrier","Flex+1","Injury","Heavy Blade","Reaper","Feel No Pain+1","Heavy Blade+1","Rupture+1","Hemokinesis","Wild Strike+1","hubris:Gluttony","conspire:Charge","True Grit+1","Demon Form+1","Immolate","Demon Form+1","Body Slam+1","Dagger Spray","Grand Finale","Neutralize+1","Ghostly Armor+1","Metallicize+1","conspire:Charge+1","Inflame+1","Evolve+1","Pommel Strike+1"],"relics":["Burning Blood","REME_ComplimentaryCards","HushsDoor","Leech","REME_PuzzleBoxRelic","ReplayTheSpireMod:TigerMarble","Frozen Egg 2","Cursed Key","Question Card","conspire:DeflatedDodgeball","hubris:ToyBattleship","Replay:Bandana","Replay:Ancient Bell","GuppysHairball","GuppysPaw","Replay:Kaleidoscope","reliquary:IridiumChain","Oddly Smooth Stone","hubris:Icosahedron","aspiration:SeaSaltIceCream","Chaos"],"acts_visited":["Exordium","TheCity","TheBeyond"],"potions_floor_usage":[16,18,24,33,35],"damage_taken":[{"damage":0,"enemies":"conspire:RoseBush","floor":1,"turns":1},{"damage":0,"enemies":"Cultist","floor":3,"turns":3},{"damage":8,"enemies":"Small Slimes","floor":7,"turns":3},{"damage":17,"enemies":"Gremlin Nob","floor":8,"turns":4},{"damage":2,"enemies":"Red Slaver","floor":10,"turns":3},{"damage":3,"enemies":"Exordium Wildlife","floor":14,"turns":4},{"damage":60,"enemies":"Fading Forest","floor":16,"turns":11},{"damage":11,"enemies":"2 Thieves","floor":18,"turns":3},{"damage":5,"enemies":"conspire:FuzzyDice","floor":24,"turns":4},{"damage":21,"enemies":"Gremlin Leader","floor":29,"turns":4},{"damage":15,"enemies":"Sentry and Sphere","floor":31,"turns":4},{"damage":52,"enemies":"Collector","floor":33,"turns":8},{"damage":21,"enemies":"3 Darklings","floor":35,"turns":3},{"damage":28,"enemies":"3 Shapes","floor":38,"turns":3},{"damage":5,"enemies":"3 Darklings","floor":39,"turns":4},{"damage":38,"enemies":"Jaw Worm Horde","floor":41,"turns":4},{"damage":8,"enemies":"Maw","floor":45,"turns":6},{"damage":28,"enemies":"Spire Growth","floor":46,"turns":4},{"damage":86,"enemies":"Time Eater","floor":50,"turns":8}],"seed_played":"-5825866642939007886","potions_obtained":[{"floor":3,"key":"Strength Potion"},{"floor":10,"key":"Fire Potion"},{"floor":16,"key":"Block Potion"},{"floor":18,"key":"BlessingOfTheForge"},{"floor":20,"key":"PowerPotion"},{"floor":33,"key":"Swift Potion"},{"floor":35,"key":"BloodPotion"},{"floor":41,"key":"LifebloodPotion"},{"floor":45,"key":"Weak Potion"}],"is_trial":false,"path_per_floor":["M","?","M","?","$","R","M","E","T","M","$","?","R","M","R","B",null,"M","?","?","$","$","R","M","?","T","T","$","E","R","M","R","B",null,"M","?","?","M","M","R","M","R","T","$","M","M","?","$","R","B",null],"character_chosen":"IRONCLAD","items_purchased":["Rupture+1","Hemokinesis","GuppysHairball","GuppysPaw","Immolate","Demon Form+1","Inflame+1","reliquary:IridiumChain","Oddly Smooth Stone"],"campfire_rested":1,"item_purchase_floors":[21,21,34,34,34,34,44,44,44],"current_hp_per_floor":[80,80,80,80,80,80,78,72,72,80,80,80,80,87,87,42,90,93,93,93,93,93,93,96,96,96,96,96,90,90,92,92,62,72,71,71,71,57,64,64,54,79,79,79,85,74,74,74,74,13],"gold":159,"neow_bonus":"RANDOM_COLORLESS","is_daily":false,"chose_seed":false,"campfire_upgraded":7,"win_rate":0.0,"timestamp":1612277578,"path_taken":["M","?","?","?","$","R","M","E","T","M","?","?","R","M","R","BOSS","M","?","?","?","$","R","?","?","T","?","?","E","R","M","R","BOSS","M","?","?","?","M","R","M","R","T","$","M","M","?","$","R","BOSS"],"items_purchased_type":["Card","Card","Relic","Relic","Card","Card","Card","Relic","Relic"],"build_version":"2020-12-22","purchased_purges":4,"victory":true,"max_hp_per_floor":[80,80,80,80,80,80,80,82,82,84,84,84,84,87,87,90,90,93,93,93,93,93,93,96,96,96,96,96,99,99,102,102,105,72,75,75,75,78,81,81,84,84,84,84,87,89,89,89,89,92],"relic_stats":{"counters":[19,84],"Cursed Key":3,"Question Card":10,"obtain_stats":[{"KeepersGift":0,"Chaos":49,"GuppysPaw":34,"Oddly Smooth Stone":44,"Replay:Ancient Bell":34,"Replay:Kaleidoscope":43,"aspiration:SeaSaltIceCream":49,"Frozen Egg 2":12,"Cursed Key":17,"Question Card":20,"Burning Blood":0,"reliquary:IridiumChain":44,"Leech":0,"Replay:Bandana":29,"hubris:Icosahedron":47,"ReplayTheSpireMod:TigerMarble":9,"hubris:ToyBattleship":27,"GuppysHairball":34,"REME_PuzzleBoxRelic":8,"conspire:DeflatedDodgeball":26,"HushsDoor":0,"REME_ComplimentaryCards":0},{"KeepersGift":0,"Chaos":18,"GuppysPaw":12,"Oddly Smooth Stone":16,"Replay:Ancient Bell":12,"Replay:Kaleidoscope":16,"aspiration:SeaSaltIceCream":18,"Frozen Egg 2":5,"Cursed Key":7,"Question Card":8,"Burning Blood":0,"reliquary:IridiumChain":16,"Leech":0,"Replay:Bandana":10,"hubris:Icosahedron":18,"ReplayTheSpireMod:TigerMarble":4,"hubris:ToyBattleship":9,"GuppysHairball":12,"REME_PuzzleBoxRelic":4,"conspire:DeflatedDodgeball":9,"HushsDoor":0,"REME_ComplimentaryCards":0},{"KeepersGift":0,"Chaos":76,"GuppysPaw":52,"Oddly Smooth Stone":66,"Replay:Ancient Bell":52,"Replay:Kaleidoscope":66,"aspiration:SeaSaltIceCream":76,"Frozen Egg 2":14,"Cursed Key":29,"Question Card":32,"Burning Blood":0,"reliquary:IridiumChain":66,"Leech":0,"Replay:Bandana":40,"hubris:Icosahedron":76,"ReplayTheSpireMod:TigerMarble":11,"hubris:ToyBattleship":36,"GuppysHairball":52,"REME_PuzzleBoxRelic":11,"conspire:DeflatedDodgeball":36,"HushsDoor":0,"REME_ComplimentaryCards":0}],"Burning Blood":95},"card_choices":[{"not_picked":[],"picked":"ChaosCard","floor":0},{"not_picked":["Deep Breath","REME_TheoryOfElimination"],"picked":"Jack Of All Trades","floor":0},{"not_picked":["Replay:Undeath\u0027s Touch","Massacre"],"picked":"Ghostly Armor","floor":1},{"not_picked":["hubris:CleavingFinish","Sword Boomerang","Cleave"],"picked":"SKIP","floor":3},{"not_picked":["Body Slam","Rage"],"picked":"REME_Scribble","floor":7},{"not_picked":["Pommel Strike","Replay:Undeath\u0027s Touch"],"picked":"Flame Barrier","floor":8},{"not_picked":["Shrug It Off","Eclipse"],"picked":"Flex","floor":10},{"not_picked":["Bomb","Thunderclap"],"picked":"Heavy Blade","floor":14},{"not_picked":["REME_ACTH","Impervious"],"picked":"Reaper","floor":16},{"not_picked":["Cleave+1","Headbutt"],"picked":"Feel No Pain+1","floor":18},{"not_picked":["Iron Wave","conspire:ExplosiveBarrier"],"picked":"Heavy Blade","floor":20},{"not_picked":["Sword Boomerang","Pummel","hubris:ReadiedAction","Wild Strike+1"],"picked":"SKIP","floor":24},{"not_picked":["Sword Boomerang","Pummel","hubris:ReadiedAction"],"picked":"Wild Strike+1","floor":24},{"not_picked":["Eclipse","Havoc","Wild Strike+1"],"picked":"conspire:Charge","floor":29},{"not_picked":["Twin Strike+1","Heavy Blade+1","Havoc"],"picked":"True Grit","floor":31},{"not_picked":["Demonic Infusion","REME_ACTH","Replay:Many Hands"],"picked":"Demon Form+1","floor":33},{"not_picked":["Clash","conspire:ExplosiveBarrier","Bloodletting"],"picked":"Body Slam+1","floor":35},{"not_picked":["Sentinel","ReplayTheSpireMod:Limb From Limb+1","Iron Wave+1"],"picked":"Ghostly Armor+1","floor":38},{"not_picked":["Run Through","Shrug It Off+1","Thunderclap+1"],"picked":"Metallicize+1","floor":39},{"not_picked":["conspire:ExplosiveBarrier+1","Heavy Blade","hubris:ReadiedAction"],"picked":"conspire:Charge+1","floor":41},{"not_picked":["Armaments+1","Replay:Undeath\u0027s Touch+1","ReplayTheSpireMod:Corrosion Curse"],"picked":"Evolve+1","floor":45},{"not_picked":["ReplayTheSpireMod:Limb From Limb","Warcry+1","Twin Strike+1"],"picked":"Pommel Strike+1","floor":46}],"player_experience":459017,"relics_obtained":[{"floor":8,"key":"REME_PuzzleBoxRelic"},{"floor":9,"key":"ReplayTheSpireMod:TigerMarble"},{"floor":20,"key":"Question Card"},{"floor":26,"key":"conspire:DeflatedDodgeball"},{"floor":27,"key":"hubris:ToyBattleship"},{"floor":29,"key":"Replay:Bandana"},{"floor":43,"key":"Replay:Kaleidoscope"},{"floor":49,"key":"aspiration:SeaSaltIceCream"}],"event_choices":[{"damage_healed":0,"gold_gain":0,"cards_transformed":["REME_BuildACard"],"player_choice":"Transformed","damage_taken":0,"max_hp_gain":0,"max_hp_loss":0,"event_name":"Transmorgrifier","floor":4,"gold_loss":0,"cards_obtained":["Apotheosis"]},{"cards_removed":["Writhe"],"damage_healed":0,"gold_gain":0,"player_choice":"Gave Gold","damage_taken":0,"max_hp_gain":0,"max_hp_loss":0,"event_name":"Beggar","floor":25,"gold_loss":75}],"is_beta":false,"boss_relics":[{"not_picked":["aspiration:PoetsPen_weak","reliquary:RedPaperclip"],"picked":"Cursed Key"},{"not_picked":[]},{"not_picked":["Astrolabe","hubris:ScarierMask"],"picked":"Replay:Ancient Bell"},{"not_picked":[]}],"items_purged_floors":[5,11,34,48],"is_endless":false,"potions_floor_spawned":[3,10,16,18,33,35,41,45],"ascension_level":0}}