{"host":"ow66nzv2xecjoor3","time":1612234742,"event":{"mods":["BaseMod","Bestiary","Block Reminder","Colored Powertips","Curses Come First","Highlight Path","Keyboard Shortcuts","Minty Spire (QoL Compilation)","Permanent Neow","Relic Stats","StSLib","UnlockEverythingMod"],"gold_per_floor":[117,117,132,153,178,217,238,271,325,358,371,396,16,50,50,50,50],"floor_reached":16,"language":"ENG","playtime":597,"items_purged":[],"score":364,"play_id":"8d75d2e6-90f5-49ce-8a52-ac05b5d7e06a","local_time":"20210201205902","is_ascension_mode":true,"campfire_choices":[{"data":"Conclude","floor":15.0,"key":"SMITH"}],"circlet_count":0,"master_deck":["AscendersBane","Strike_P","Strike_P","Strike_P","Strike_P","Defend_P","Defend_P","Defend_P","Defend_P","Eruption","Vigilance","Alpha","Sanctity","Conclude+1","CutThroughFate","Prostrate","Blasphemy","SpiritShield","Secret Technique"],"relics":["PureWater","Golden Idol","Ancient Tea Set","Orichalcum","PreservedInsect","Bottled Flame","Odd Mushroom","Centennial Puzzle","CeramicFish"],"acts_visited":["Exordium"],"potions_floor_usage":[16,16],"damage_taken":[{"damage":0.0,"enemies":"2 Louse","floor":1.0,"turns":3.0},{"damage":2.0,"enemies":"Small Slimes","floor":3.0,"turns":7.0},{"damage":5.0,"enemies":"Jaw Worm","floor":4.0,"turns":4.0},{"damage":12.0,"enemies":"Large Slime","floor":5.0,"turns":4.0},{"damage":20.0,"enemies":"3 Sentries","floor":6.0,"turns":3.0},{"damage":0.0,"enemies":"Exordium Thugs","floor":7.0,"turns":3.0},{"damage":0.0,"enemies":"Lagavulin","floor":8.0,"turns":5.0},{"damage":0.0,"enemies":"3 Sentries","floor":10.0,"turns":1.0},{"damage":2.0,"enemies":"Blue Slaver","floor":11.0,"turns":4.0},{"damage":0.0,"enemies":"The Mushroom Lair","floor":12.0,"turns":1.0},{"damage":14.0,"enemies":"Lagavulin","floor":14.0,"turns":5.0},{"damage":99999,"enemies":"Slime Boss","floor":16,"turns":4}],"seed_played":"2356575231968424594","potions_obtained":[{"floor":1.0,"key":"Swift Potion"},{"floor":3.0,"key":"PowerPotion"}],"is_trial":false,"path_per_floor":["M","?","M","M","M","E","M","E","T","E","M","?","$","E","R","B"],"character_chosen":"WATCHER","items_purchased":["Secret Technique","Centennial Puzzle"],"campfire_rested":0,"item_purchase_floors":[13,13],"current_hp_per_floor":[61,61,59,54,42,22,22,22,22,22,20,20,20,6,6,0,0],"gold":50,"neow_bonus":"ONE_RANDOM_RARE_CARD","is_daily":false,"chose_seed":false,"campfire_upgraded":1,"win_rate":0.0,"timestamp":1612234742,"path_taken":["M","?","M","M","M","E","M","E","T","E","M","?","?","E","R","BOSS"],"items_purchased_type":["Card","Relic"],"build_version":"2020-12-22","purchased_purges":0,"victory":false,"max_hp_per_floor":[68,62,62,62,62,62,62,62,62,62,62,62,62,62,62,62,62],"relic_stats":{"Centennial Puzzle":[3],"counters":[12,43],"Golden Idol":53,"CeramicFish":0,"PreservedInsect":62,"Orichalcum":[18],"obtain_stats":[{"Bottled Flame":10,"Centennial Puzzle":13,"Golden Idol":2,"CeramicFish":14,"PreservedInsect":9,"PureWater":0,"Orichalcum":8,"Odd Mushroom":12,"Ancient Tea Set":6},{"Bottled Flame":8,"Centennial Puzzle":10,"Golden Idol":1,"CeramicFish":11,"PreservedInsect":7,"PureWater":0,"Orichalcum":7,"Odd Mushroom":10,"Ancient Tea Set":5},{"Bottled Flame":30,"Centennial Puzzle":35,"Golden Idol":3,"CeramicFish":40,"PreservedInsect":29,"PureWater":0,"Orichalcum":29,"Odd Mushroom":35,"Ancient Tea Set":21}]},"card_choices":[{"not_picked":["BowlingBash","Prostrate"],"picked":"Sanctity","floor":1.0},{"not_picked":["ThirdEye","Protect"],"picked":"Conclude","floor":3.0},{"not_picked":["FlyingSleeves","Prostrate"],"picked":"CutThroughFate","floor":4.0},{"not_picked":["EmptyFist","Evaluate"],"picked":"Prostrate","floor":5.0},{"not_picked":["Pray","FollowUp","FlyingSleeves"],"picked":"SKIP","floor":6.0},{"not_picked":["SashWhip","JustLucky","PathToVictory"],"picked":"SKIP","floor":7.0},{"not_picked":["BattleHymn","BowlingBash"],"picked":"Blasphemy","floor":8.0},{"not_picked":["LikeWater","Evaluate"],"picked":"SpiritShield","floor":10.0},{"not_picked":["FollowUp","EmptyFist","PathToVictory"],"picked":"SKIP","floor":11.0},{"not_picked":["CrushJoints","WreathOfFlame","Fasting2"],"picked":"SKIP","floor":14.0}],"player_experience":2811724,"relics_obtained":[{"floor":6.0,"key":"Ancient Tea Set"},{"floor":8.0,"key":"Orichalcum"},{"floor":9.0,"key":"PreservedInsect"},{"floor":10.0,"key":"Bottled Flame"},{"floor":12.0,"key":"Odd Mushroom"},{"floor":14.0,"key":"CeramicFish"}],"event_choices":[{"damage_healed":0.0,"max_hp_gain":0.0,"max_hp_loss":6.0,"gold_gain":0.0,"event_name":"Golden Idol","player_choice":"Lose Max HP","floor":2.0,"gold_loss":0.0,"damage_taken":0.0,"relics_obtained":["Golden Idol"]},{"damage_healed":0.0,"max_hp_gain":0.0,"max_hp_loss":0.0,"gold_gain":0.0,"event_name":"Mushrooms","player_choice":"Fought Mushrooms","floor":12.0,"gold_loss":0.0,"damage_taken":0.0}],"is_beta":false,"boss_relics":[],"items_purged_floors":[],"is_endless":false,"potions_floor_spawned":[1,3,5,10,11],"killed_by":"Slime Boss","ascension_level":20}}