{"host":"56d873i5r3uhle0q","time":1612309098,"event":{"mods":["100% Spire Juice","Act Like it!","BaseMod","Block Reminder","Dota2Spire","Gensokyo","Hermit","Lobotomy","LobotomyExtend","Marisa????????","Marked Mod","Minty Spire (QoL Compilation)","Reliquary","Replay The Spire","StSLib","The Animator","The Bug Knight","The Cursed","The Marked","The Servant 0.9.4","Wandering Minibosses","everything is the same but u backflip on backflip","??????REMEMod"],"gold_per_floor":[119,114,189,189,207,207,207,207,282,300,300,319,332,343,343,343,343],"floor_reached":16,"language":"ENG","playtime":828,"items_purged":["Looming Evil"],"score":92,"play_id":"3460685f-88e4-4eff-95c4-fd3b98af5043","local_time":"20210202163818","is_ascension_mode":false,"campfire_choices":[{"data":"Tactician","floor":6.0,"key":"SMITH"},{"floor":8.0,"key":"REST"},{"data":"Survivor","floor":11.0,"key":"SMITH"},{"floor":15,"key":"REST"}],"circlet_count":0,"master_deck":["Strike_G","Strike_G","Strike_G","Defend_G","Defend_G","Defend_G+1","Defend_G","Survivor+1","Neutralize+1","theMarked:FavorableWinds","Funeral","Tactician+1","Prepared","Alriune","Expertise"],"relics":["Ring of the Snake","REME_ComplimentaryCards","CogitoBucket","LetterFromLob","Replay:Wax Seal","ReplayTheSpireMod:CursedCoin","Gremlin Food","Snack Pack"],"acts_visited":["Exordium"],"potions_floor_usage":[],"damage_taken":[{"damage":4.0,"enemies":"Cultist","floor":1.0,"turns":5.0},{"damage":8.0,"enemies":"Jaw Worm","floor":5.0,"turns":8.0},{"damage":0.0,"enemies":"2 Louse","floor":10.0,"turns":5.0},{"damage":4.0,"enemies":"Blue Slaver","floor":12.0,"turns":5.0},{"damage":0.0,"enemies":"2 Fungi Beasts","floor":13.0,"turns":4.0},{"damage":50.0,"enemies":"Looter","floor":14.0,"turns":7.0},{"damage":56,"enemies":"Slime Boss","floor":16,"turns":14}],"seed_played":"6332254333180290903","potions_obtained":[{"floor":1.0,"key":"AttackPotion"},{"floor":12.0,"key":"Swift Potion"}],"is_trial":false,"path_per_floor":["M","$","?","?","M","R","?","R","T","M","R","M","M","M","R","B"],"character_chosen":"THE_SILENT","items_purchased":["Replay:Wax Seal","ReplayTheSpireMod:CursedCoin"],"campfire_rested":2,"item_purchase_floors":[2,2],"current_hp_per_floor":[66,66,55,55,51,51,51,70,70,70,70,69,70,22,43,0,0],"gold":343,"neow_bonus":"","is_daily":false,"chose_seed":false,"campfire_upgraded":2,"win_rate":0.0,"timestamp":1612309098,"path_taken":["M","?","?","?","?","R","?","R","T","M","R","M","M","M","R","BOSS"],"items_purchased_type":["Relic","Relic"],"build_version":"2020-12-22","purchased_purges":1,"victory":false,"max_hp_per_floor":[70,70,70,70,70,70,70,70,70,70,70,70,70,70,70,70,70],"card_choices":[{"not_picked":["CherryBlossoms","PunishingBird"],"picked":"Funeral","floor":1.0},{"not_picked":["Catalyst","Slice"],"picked":"Tactician","floor":1.0},{"not_picked":["Sucker Punch","Toxin Wave","Venomology"],"picked":"SKIP","floor":5.0},{"not_picked":["Deadly Poison","Hidden Blade","Eviscerate"],"picked":"SKIP","floor":10.0},{"not_picked":["Masterful Stab","Infinite Blades"],"picked":"Prepared","floor":12.0},{"not_picked":["Scarecrow","Bloodbath"],"picked":"Alriune","floor":13.0},{"not_picked":["Sneak Up","All Out Attack","ReplayTheSpireMod:Tripwire"],"picked":"SKIP","floor":13.0},{"not_picked":["Replay:Poison Smokescreen","Prepared"],"picked":"Expertise","floor":14}],"player_experience":698368,"relics_obtained":[{"floor":1.0,"key":"LetterFromLob"},{"floor":9.0,"key":"Snack Pack"}],"event_choices":[{"damage_healed":0.0,"max_hp_gain":0.0,"max_hp_loss":0.0,"gold_gain":75.0,"event_name":"World of Goop","player_choice":"Gather Gold","floor":3.0,"gold_loss":0.0,"damage_taken":11.0},{"damage_healed":0.0,"max_hp_gain":0.0,"max_hp_loss":0.0,"gold_gain":0.0,"event_name":"NoteForYourself","player_choice":"Ignored","floor":4.0,"gold_loss":0.0,"damage_taken":0.0},{"damage_healed":0.0,"max_hp_gain":0.0,"max_hp_loss":0.0,"gold_gain":0.0,"event_name":"WeMeetAgain","player_choice":"Gave Potion","floor":7.0,"gold_loss":0.0,"damage_taken":0.0,"relics_obtained":["Gremlin Food"]}],"is_beta":false,"boss_relics":[],"items_purged_floors":[2],"is_endless":false,"potions_floor_spawned":[1,12],"killed_by":"Slime Boss","ascension_level":0}}