{"host":"0utx1lcxgx5vu4k0","time":1612244444,"event":{"mods":["AlwaysNeverKeys","BaseMod","Colored Powertips","Minty Spire (QoL Compilation)","Permanent Neow","Relic Stats","StSLib"],"gold_per_floor":[111,130,130,149,149,180,196,227,251,269,305,305,325,21,21,145,145,163,163,179,179,215,250,269,269,295,314,355,371,44,44,44,168,168,184,100,433,433,449,483,483,483,483,500,510,539,601,624,636,648,660,672,83,118,118],"floor_reached":56,"language":"ENG","playtime":3103,"items_purged":["Defend_P","Strike_P","Strike_P+1","LessonLearned+1"],"score":1492,"play_id":"848053d9-e651-43ee-b62b-909846fe4c85","local_time":"20210202004044","is_ascension_mode":false,"campfire_choices":[{"floor":15,"key":"REST"},{"floor":25,"key":"REST"},{"floor":32,"key":"REST"},{"floor":41,"key":"RECALL"},{"floor":49,"key":"REST"},{"floor":52,"key":"REST"}],"circlet_count":0,"master_deck":["Eruption+1","Vigilance+1","BowlingBash+1","Tantrum+1","ThirdEye+1","Tantrum+1","Omniscience+1","CutThroughFate+1","JustLucky+1","SashWhip+1","LessonLearned+1","Evaluate+1","ReachHeaven+1","Sanctity+1","FearNoEvil+1","EmptyFist+1","Weave+1","Halt+1","Halt+1","ThirdEye+1","JustLucky+1","MentalFortress+1","Weave+1","CutThroughFate+1","Omniscience+1","JustLucky+1","JustLucky+1","MentalFortress+1","FlurryOfBlows+1","Weave+1","Sanctity+1","CrushJoints+1","Nirvana+1","Meditate+1","EmptyBody+1","ThirdEye+1","ClearTheMind+1","TalkToTheHand+1","DevaForm","Halt","EmptyMind"],"relics":["Fusion Hammer","Prayer Wheel","Pen Nib","Juzu Bracelet","Smiling Mask","Kunai","Astrolabe","War Paint","Red Mask","PreservedInsect","Mummified Hand","Omamori","Nilry\u0027s Codex","Runic Pyramid","Toy Ornithopter","Letter Opener","Eternal Feather","MawBank","Bird Faced Urn","Ice Cream","Vajra"],"acts_visited":["Exordium","TheCity","TheBeyond","TheEnding"],"potions_floor_usage":[6,8,16,16,33,35,48,55,55,55],"damage_taken":[{"damage":0,"enemies":"Jaw Worm","floor":1,"turns":4},{"damage":0,"enemies":"Small Slimes","floor":2,"turns":3},{"damage":0,"enemies":"2 Louse","floor":4,"turns":2},{"damage":26,"enemies":"Lagavulin","floor":6,"turns":3},{"damage":0,"enemies":"Looter","floor":7,"turns":4},{"damage":0,"enemies":"3 Sentries","floor":8,"turns":2},{"damage":11,"enemies":"Gremlin Gang","floor":10,"turns":2},{"damage":10,"enemies":"Lagavulin","floor":11,"turns":3},{"damage":0,"enemies":"Exordium Wildlife","floor":13,"turns":1},{"damage":36,"enemies":"Hexaghost","floor":16,"turns":5},{"damage":0,"enemies":"Chosen","floor":18,"turns":3},{"damage":24,"enemies":"Shell Parasite","floor":20,"turns":3},{"damage":0,"enemies":"Masked Bandits","floor":22,"turns":2},{"damage":13,"enemies":"Book of Stabbing","floor":23,"turns":4},{"damage":5,"enemies":"Chosen and Byrds","floor":24,"turns":4},{"damage":0,"enemies":"Shelled Parasite and Fungi","floor":27,"turns":3},{"damage":3,"enemies":"Gremlin Leader","floor":28,"turns":3},{"damage":0,"enemies":"Centurion and Healer","floor":29,"turns":2},{"damage":0,"enemies":"Champ","floor":33,"turns":5},{"damage":4,"enemies":"Orb Walker","floor":35,"turns":2},{"damage":0,"enemies":"3 Shapes","floor":39,"turns":2},{"damage":0,"enemies":"Giant Head","floor":40,"turns":3},{"damage":0,"enemies":"Sphere and 2 Shapes","floor":44,"turns":3},{"damage":0,"enemies":"Writhing Mass","floor":45,"turns":2},{"damage":0,"enemies":"Reptomancer","floor":46,"turns":2},{"damage":0,"enemies":"Mind Bloom Boss Battle","floor":47,"turns":2},{"damage":0,"enemies":"Jaw Worm Horde","floor":48,"turns":3},{"damage":0,"enemies":"Time Eater","floor":50,"turns":11},{"damage":16,"enemies":"Shield and Spear","floor":54,"turns":4},{"damage":47,"enemies":"The Heart","floor":55,"turns":6}],"seed_played":"8879330445836809452","potions_obtained":[{"floor":1,"key":"GamblersBrew"},{"floor":2,"key":"BlessingOfTheForge"},{"floor":4,"key":"DistilledChaos"},{"floor":8,"key":"Strength Potion"},{"floor":11,"key":"SpeedPotion"},{"floor":20,"key":"SpeedPotion"},{"floor":22,"key":"PowerPotion"},{"floor":27,"key":"EssenceOfSteel"},{"floor":33,"key":"Regen Potion"},{"floor":35,"key":"Weak Potion"},{"floor":47,"key":"Block Potion"},{"floor":48,"key":"Fire Potion"}],"is_trial":false,"path_per_floor":["M","M","?","M","?","E","M","E","T","M","E","?","M","$","R","B",null,"M","?","M","?","?","E","M","R","T","M","E","M","$","?","R","B",null,"M","$","?","T","M","E","R","?","T","M","M","E","?","M","R","B",null,"R","$","E","B",null],"character_chosen":"WATCHER","items_purchased":["Kunai","Weave","Omamori","CutThroughFate","MentalFortress","TalkToTheHand","Ice Cream","DevaForm","FearPotion","Halt"],"campfire_rested":5,"item_purchase_floors":[14,30,30,30,36,53,53,53,53,53],"current_hp_per_floor":[72,72,77,77,71,45,45,45,45,34,24,24,24,24,45,9,71,71,71,47,47,47,34,29,50,50,50,47,47,47,31,52,52,71,67,67,67,67,67,67,67,67,67,67,67,67,67,71,71,71,71,71,71,57,48],"gold":118,"neow_bonus":"BOSS_RELIC","is_daily":false,"chose_seed":false,"campfire_upgraded":0,"win_rate":0.0,"timestamp":1612244444,"path_taken":["M","M","?","M","?","E","M","E","T","M","E","?","M","$","R","BOSS","M","?","M","?","?","E","M","R","T","M","E","M","$","?","R","BOSS","M","$","?","?","M","E","R","?","T","M","M","E","?","M","R","BOSS","R","$","E","BOSS"],"items_purchased_type":["Relic","Card","Relic","Card","Card","Card","Relic","Card","Potion","Card"],"build_version":"2020-12-22","purchased_purges":4,"victory":true,"max_hp_per_floor":[72,72,77,77,71,71,71,71,71,71,71,71,71,71,71,71,71,71,71,71,71,71,71,71,71,71,71,71,71,71,71,71,71,71,71,71,71,71,71,71,71,71,71,71,71,71,71,71,71,71,71,71,71,71,71],"relic_stats":{"counters":[30,98],"Astrolabe":["Evaluate","ReachHeaven","Sanctity"],"Eternal Feather":0,"Pen Nib":[33],"PreservedInsect":301,"Juzu Bracelet":2,"Letter Opener":[49],"War Paint":["ThirdEye","Omniscience"],"Smiling Mask":250,"MawBank":84,"Mummified Hand":[24],"Bird Faced Urn":[12],"Prayer Wheel":13,"Kunai":[83],"obtain_stats":[{"Ice Cream":53,"Golden Idol":5,"Nilry\u0027s Codex":31,"Astrolabe":17,"Vajra":54,"Eternal Feather":43,"Pen Nib":8,"PreservedInsect":23,"Juzu Bracelet":9,"Omamori":30,"Letter Opener":40,"War Paint":19,"Smiling Mask":11,"MawBank":46,"Mummified Hand":28,"Bird Faced Urn":47,"Prayer Wheel":6,"Fusion Hammer":0,"Red Mask":22,"Kunai":14,"PureWater":0,"Toy Ornithopter":38,"Runic Pyramid":34},{"Ice Cream":28,"Golden Idol":3,"Nilry\u0027s Codex":18,"Astrolabe":10,"Vajra":29,"Eternal Feather":22,"Pen Nib":6,"PreservedInsect":14,"Juzu Bracelet":6,"Omamori":18,"Letter Opener":22,"War Paint":11,"Smiling Mask":8,"MawBank":25,"Mummified Hand":17,"Bird Faced Urn":26,"Prayer Wheel":4,"Fusion Hammer":0,"Red Mask":13,"Kunai":9,"PureWater":0,"Toy Ornithopter":20,"Runic Pyramid":19},{"Ice Cream":88,"Golden Idol":9,"Nilry\u0027s Codex":53,"Astrolabe":29,"Vajra":92,"Eternal Feather":65,"Pen Nib":18,"PreservedInsect":41,"Juzu Bracelet":18,"Omamori":53,"Letter Opener":65,"War Paint":32,"Smiling Mask":23,"MawBank":72,"Mummified Hand":51,"Bird Faced Urn":74,"Prayer Wheel":12,"Fusion Hammer":0,"Red Mask":37,"Kunai":24,"PureWater":0,"Toy Ornithopter":60,"Runic Pyramid":58}],"Toy Ornithopter":19},"card_choices":[{"not_picked":["SandsOfTime","Protect"],"picked":"BowlingBash","floor":1},{"not_picked":["LikeWater","Crescendo"],"picked":"Tantrum","floor":2},{"not_picked":["ReachHeaven","Evaluate","Pray"],"picked":"SKIP","floor":4},{"not_picked":["BattleHymn","SignatureMove","DeceiveReality"],"picked":"SKIP","floor":6},{"not_picked":["FlyingSleeves","Collect"],"picked":"ThirdEye","floor":7},{"not_picked":["BowlingBash","CrushJoints"],"picked":"Tantrum","floor":7},{"not_picked":["Vengeance","Perseverance"],"picked":"Omniscience","floor":8},{"not_picked":["FlyingSleeves","Consecrate"],"picked":"CutThroughFate","floor":10},{"not_picked":["EmptyBody","DeceiveReality","Swivel"],"picked":"SKIP","floor":10},{"not_picked":["Crescendo","Worship"],"picked":"LessonLearned","floor":11},{"not_picked":["Prostrate","Halt"],"picked":"SashWhip","floor":13},{"not_picked":["Prostrate","ReachHeaven","WaveOfTheHand"],"picked":"SKIP","floor":13},{"not_picked":["Ragnarok","Blasphemy"],"picked":"LessonLearned","floor":16},{"not_picked":["Crescendo+1","WaveOfTheHand"],"picked":"FearNoEvil","floor":18},{"not_picked":["Crescendo","CrushJoints","Perseverance"],"picked":"SKIP","floor":18},{"not_picked":["Consecrate","SashWhip"],"picked":"EmptyFist+1","floor":20},{"not_picked":["Consecrate","SashWhip+1","FollowUp+1"],"picked":"SKIP","floor":20},{"not_picked":["InnerPeace","FlyingSleeves"],"picked":"Weave","floor":23},{"not_picked":["Crescendo","Evaluate+1"],"picked":"Halt+1","floor":24},{"not_picked":["ThirdEye","Prostrate"],"picked":"Halt+1","floor":24},{"not_picked":["DeusExMachina","BowlingBash+1"],"picked":"ThirdEye+1","floor":27},{"not_picked":["WaveOfTheHand","Consecrate"],"picked":"JustLucky+1","floor":27},{"not_picked":["WreathOfFlame+1","Swivel"],"picked":"MentalFortress","floor":28},{"not_picked":["Protect","Conclude","WreathOfFlame"],"picked":"SKIP","floor":29},{"not_picked":["Protect","ThirdEye","Consecrate"],"picked":"SKIP","floor":29},{"not_picked":["Alpha","Blasphemy"],"picked":"Omniscience","floor":33},{"not_picked":["BattleHymn+1","FollowUp"],"picked":"JustLucky","floor":35},{"not_picked":["FollowUp","InnerPeace+1"],"picked":"JustLucky","floor":35},{"not_picked":["PathToVictory","Prostrate+1"],"picked":"FlurryOfBlows+1","floor":39},{"not_picked":["EmptyFist","Conclude+1"],"picked":"Weave","floor":39},{"not_picked":["Protect+1","EmptyFist","Crescendo"],"picked":"SKIP","floor":40},{"not_picked":["ReachHeaven","Fasting2"],"picked":"CrushJoints+1","floor":44},{"not_picked":["Protect+1","Study","Halt"],"picked":"SKIP","floor":44},{"not_picked":["WaveOfTheHand+1","Crescendo+1"],"picked":"Nirvana+1","floor":45},{"not_picked":["LessonLearned","Tantrum+1"],"picked":"Meditate+1","floor":45},{"not_picked":["ForeignInfluence+1","Consecrate+1"],"picked":"EmptyBody+1","floor":46},{"not_picked":["Protect+1","CutThroughFate+1"],"picked":"ThirdEye+1","floor":48},{"not_picked":["Halt","Prostrate"],"picked":"ClearTheMind+1","floor":48},{"not_picked":["ThirdEye+1","Protect"],"picked":"EmptyMind","floor":54}],"player_experience":24440,"relics_obtained":[{"floor":6,"key":"Prayer Wheel"},{"floor":8,"key":"Pen Nib"},{"floor":9,"key":"Juzu Bracelet"},{"floor":11,"key":"Smiling Mask"},{"floor":19,"key":"War Paint"},{"floor":22,"key":"Red Mask"},{"floor":23,"key":"PreservedInsect"},{"floor":28,"key":"Mummified Hand"},{"floor":31,"key":"Nilry\u0027s Codex"},{"floor":38,"key":"Toy Ornithopter"},{"floor":40,"key":"Letter Opener"},{"floor":43,"key":"Eternal Feather"},{"floor":46,"key":"MawBank"},{"floor":47,"key":"Bird Faced Urn"},{"floor":54,"key":"Vajra"}],"event_choices":[{"damage_healed":0,"gold_gain":0,"player_choice":"Donut","damage_taken":0,"max_hp_gain":5,"max_hp_loss":0,"event_name":"Big Fish","floor":3,"gold_loss":0},{"damage_healed":0,"gold_gain":0,"player_choice":"Lose Max HP","damage_taken":0,"relics_obtained":["Golden Idol"],"max_hp_gain":0,"max_hp_loss":6,"event_name":"Golden Idol","floor":5,"gold_loss":0},{"damage_healed":0,"gold_gain":0,"cards_transformed":["Defend_P"],"player_choice":"Change","damage_taken":0,"max_hp_gain":0,"max_hp_loss":0,"event_name":"Living Wall","floor":12,"gold_loss":0,"cards_obtained":["JustLucky"]},{"damage_healed":0,"gold_gain":0,"player_choice":"Relic","damage_taken":0,"max_hp_gain":0,"max_hp_loss":0,"event_name":"Wheel of Change","floor":19,"gold_loss":0},{"cards_removed":["Strike_P"],"damage_healed":0,"gold_gain":0,"player_choice":"Elegance","damage_taken":0,"max_hp_gain":0,"max_hp_loss":0,"event_name":"Back to Basics","floor":21,"gold_loss":0},{"damage_healed":0,"gold_gain":0,"player_choice":"Fought Bandits","damage_taken":0,"max_hp_gain":0,"max_hp_loss":0,"event_name":"Masked Bandits","floor":22,"gold_loss":0},{"damage_healed":0,"gold_gain":0,"player_choice":"Obtained Book","damage_taken":16,"max_hp_gain":0,"max_hp_loss":0,"event_name":"Cursed Tome","floor":31,"gold_loss":0},{"damage_healed":0,"gold_gain":333,"player_choice":"Gave Idol","damage_taken":0,"max_hp_gain":0,"max_hp_loss":0,"event_name":"The Moai Head","floor":37,"relics_lost":["Golden Idol"],"gold_loss":0},{"damage_healed":0,"gold_gain":0,"player_choice":"Copied","damage_taken":0,"max_hp_gain":0,"max_hp_loss":0,"event_name":"Duplicator","floor":42,"gold_loss":0,"cards_obtained":["Sanctity"]},{"damage_healed":0,"gold_gain":0,"player_choice":"Fight","damage_taken":0,"max_hp_gain":0,"max_hp_loss":0,"event_name":"MindBloom","floor":47,"gold_loss":0}],"is_beta":false,"boss_relics":[{"not_picked":["Tiny House","Empty Cage"],"picked":"Astrolabe"},{"not_picked":["Philosopher\u0027s Stone","Black Star"],"picked":"Runic Pyramid"}],"items_purged_floors":[14,30,36,53],"is_endless":false,"potions_floor_spawned":[1,2,4,8,11,20,22,24,27,33,35,47,48],"ascension_level":0}}