{"host":"exhp4inpfmbngj23","time":1612262539,"event":{"mods":["Abigail Mod","BaseMod","Beaked The Cultist","Downfall","Friendly Minions","Kiyohime????","Koishi","Minty Spire (QoL Compilation)","StSLib","The Alterego"],"gold_per_floor":[199,211,221,221,321,353,402,419,119,119,138,138,154,168,184,289,339,339,353,369,384,37,37,105,119,119,139,139,149,149,149,149,149],"floor_reached":31,"language":"ENG","playtime":1851,"items_purged":[],"score":290,"play_id":"ec458a5f-abe0-40bd-9f92-3f7769f94618","local_time":"20210202024219","is_ascension_mode":true,"campfire_choices":[{"floor":1,"key":"RECALL"},{"data":"bronze:ChosenStrike","floor":9,"key":"SMITH"},{"data":"bronze:Optimize","floor":18,"key":"SMITH"},{"data":"bronze:HardenedForm","floor":23,"key":"SMITH"}],"circlet_count":0,"master_deck":["bronze:Strike","bronze:Strike","bronze:Strike","bronze:Strike+1","bronze:Defend","bronze:Defend","bronze:Defend","bronze:Defend+1","bronze:Replicate+1","bronze:Goto+1","bronze:Branch","bronze:ChosenStrike+1","downfall:Malfunctioning","bronze:Optimize+1","bronze:Constructor","bronze:InfiniteLoop","bronze:ForceShield","bronze:DelayedSlice","bronze:Frontload","bronze:Verify","bronze:Overheat","bronze:DelayedSlice","bronze:CloningBeam","bronze:Allocate+1","bronze:BitShift","bronze:HardenedForm+1","bronze:Separator","bronze:Terminator","bronze:OilSpill+1"],"relics":["bronze:BronzeCore","Eternal Feather","downfall:HeartBlessingRed","downfall:HeartBlessingGreen","downfall:HeartBlessingBlue","Tiny House","Lee\u0027s Waffle","Ornamental Fan"],"acts_visited":["Exordium","TheCity"],"potions_floor_usage":[13,16,22,29,29,29],"damage_taken":[{"damage":9,"enemies":"Small Slimes","floor":2,"turns":4},{"damage":0,"enemies":"Jaw Worm","floor":3,"turns":4},{"damage":15,"enemies":"3 Sentries","floor":6,"turns":10},{"damage":0,"enemies":"Cultist","floor":8,"turns":3},{"damage":0,"enemies":"3 Louse","floor":11,"turns":3},{"damage":0,"enemies":"Red Slaver","floor":13,"turns":2},{"damage":2,"enemies":"Blue Slaver","floor":14,"turns":3},{"damage":12,"enemies":"Lots of Slimes","floor":15,"turns":3},{"damage":27,"enemies":"DF_ARCHETYPE_STREAMLINE","floor":16,"turns":11},{"damage":0,"enemies":"Spheric Guardian","floor":19,"turns":3},{"damage":29,"enemies":"Sentry and Sphere","floor":20,"turns":4},{"damage":39,"enemies":"Cultist and Chosen","floor":21,"turns":6},{"damage":1,"enemies":"downfall:FleeingMerchant","floor":22,"turns":4},{"damage":23,"enemies":"Shelled Parasite and Fungi","floor":25,"turns":3},{"damage":8,"enemies":"Chosen and Byrds","floor":27,"turns":4},{"damage":57,"enemies":"Snecko","floor":29,"turns":8},{"damage":9,"enemies":"Snake Plant","floor":31,"turns":3}],"seed_played":"-1382842064686649880","potions_obtained":[{"floor":6,"key":"PowerPotion"},{"floor":10,"key":"Swift Potion"},{"floor":10,"key":"PowerPotion"},{"floor":13,"key":"ColorlessPotion"},{"floor":16,"key":"ColorlessPotion"},{"floor":17,"key":"EssenceOfSteel"},{"floor":25,"key":"EssenceOfSteel"},{"floor":28,"key":"CultistPotion"},{"floor":29,"key":"Fruit Juice"}],"is_trial":false,"path_per_floor":["R","M","M","?","?","E","T","M","R","?","M","?","M","M","M","B",null,"R","M","M","M","$","R","T","M","?","M","?","M","?","M"],"character_chosen":"THE_AUTOMATON","items_purchased":["Lee\u0027s Waffle","bronze:HardenedForm","bronze:Separator"],"campfire_rested":0,"item_purchase_floors":[22,22,22],"current_hp_per_floor":[70,61,61,61,61,46,46,46,65,65,65,65,65,63,51,24,85,85,85,56,17,92,92,92,69,69,61,61,9,9,0,0,0],"gold":149,"neow_bonus":"HUNDRED_GOLD","is_daily":false,"chose_seed":false,"campfire_upgraded":3,"win_rate":0.0,"timestamp":1612262539,"path_taken":["R","M","M","?","?","E","T","?","R","?","?","?","?","M","M","BOSS","R","M","M","M","?","R","T","M","?","M","?","?","?","M"],"items_purchased_type":["Relic","Card","Card"],"build_version":"2020-12-22","purchased_purges":0,"victory":false,"max_hp_per_floor":[70,70,70,70,70,70,70,70,80,80,80,80,80,80,80,80,85,85,85,85,85,92,92,92,92,92,92,92,97,97,97,97,97],"card_choices":[{"not_picked":["bronze:Overheat","bronze:DarkDash"],"picked":"bronze:Branch","floor":2},{"not_picked":["bronze:Turbo","bronze:WildBeam"],"picked":"bronze:ChosenStrike","floor":3},{"not_picked":["bronze:Refactor","bronze:CutThrough"],"picked":"bronze:Optimize","floor":6},{"not_picked":["bronze:BronzeArmor","bronze:BitShift"],"picked":"bronze:Constructor","floor":8},{"not_picked":["bronze:DelayedSlice","bronze:WildBeam"],"picked":"bronze:InfiniteLoop","floor":11},{"not_picked":["bronze:Safeguard","bronze:NullPointer"],"picked":"bronze:ForceShield","floor":13},{"not_picked":["bronze:Overload","bronze:OilSpill"],"picked":"bronze:DelayedSlice","floor":14},{"not_picked":["bronze:Overheat","bronze:Deprecate"],"picked":"bronze:Frontload","floor":15},{"not_picked":["bronze:CleanCode","bronze:HardenedForm"],"picked":"bronze:Verify","floor":16},{"not_picked":["bronze:Safeguard","bronze:Allocate"],"picked":"bronze:Overheat","floor":17},{"not_picked":["bronze:ClassDefault","bronze:BitShift"],"picked":"bronze:DelayedSlice","floor":19},{"not_picked":["bronze:CutThrough","bronze:Deprecate"],"picked":"bronze:CloningBeam","floor":20},{"not_picked":["bronze:Invalidate","bronze:DelayedSlice"],"picked":"bronze:Allocate+1","floor":21},{"not_picked":["bronze:Overheat","bronze:DarkDash"],"picked":"bronze:BitShift","floor":22},{"not_picked":["bronze:ForLoop","bronze:BuggyMess","bronze:ChosenStrike+1"],"picked":"SKIP","floor":25},{"not_picked":["bronze:Optimize","bronze:Deprecate"],"picked":"bronze:Terminator","floor":27},{"not_picked":["bronze:ClassDefault","bronze:CloningBeam"],"picked":"bronze:OilSpill+1","floor":29}],"player_experience":2145609,"relics_obtained":[{"floor":6,"key":"Eternal Feather"},{"floor":24,"key":"Ornamental Fan"}],"event_choices":[{"damage_healed":0,"gold_gain":0,"player_choice":"Got Potions","damage_taken":0,"max_hp_gain":0,"max_hp_loss":0,"event_name":"Lab","floor":10,"gold_loss":0},{"damage_healed":0,"gold_gain":0,"player_choice":"Ignored","damage_taken":0,"max_hp_gain":0,"max_hp_loss":0,"event_name":"Ghosts","floor":26,"gold_loss":0}],"is_beta":false,"boss_relics":[{"not_picked":["Runic Dome","Fusion Hammer"],"picked":"Tiny House"}],"items_purged_floors":[],"is_endless":false,"potions_floor_spawned":[6,11,13,14,16,19,25,29],"killed_by":"Snake Plant","ascension_level":2}}