{"host":"li7nr9q4d53iu1rb","time":1612303241,"event":{"mods":["AchievementEnabler","BaseMod","Colored Map","Colored Powertips","Downfall","Highlight Path","Minty Spire (QoL Compilation)","Permanent Neow","Quick Restart","Random Character Button","StSLib"],"gold_per_floor":[115,115,129,129,129,129,144,171,171,191,191,191,92,125,125,223,223,206,61,80,100,112,138,157,157,157],"floor_reached":25,"language":"ENG","playtime":1307,"items_purged":["Strike_B"],"score":268,"play_id":"ec95807f-6223-40f3-9c2c-fa5f10f2f4cc","local_time":"20210202180041","is_ascension_mode":true,"campfire_choices":[{"floor":6,"key":"REST"},{"data":"Recycle","floor":12,"key":"SMITH"},{"floor":15,"key":"REST"}],"circlet_count":0,"master_deck":["Strike_B","Strike_B","Strike_B","Defend_B","Defend_B+1","Defend_B","Defend_B+1","Zap","Dualcast","Rainbow+1","Redo+1","Leap","Melter","Recycle+1","Cold Snap","Go for the Eyes","BootSequence","Multi-Cast","CurseOfTheBell","Conserve Battery+1","Ball Lightning+1","Doom and Gloom","Lockon","Lockon"],"relics":["Cracked Core","Sundial","Tiny Chest","Kunai","Calling Bell","War Paint","HornCleat","Shovel","Membership Card","White Beast Statue"],"acts_visited":["Exordium","TheCity"],"potions_floor_usage":[14,23,23,23,24,25,25],"damage_taken":[{"damage":11,"enemies":"Jaw Worm","floor":1,"turns":4},{"damage":1,"enemies":"Small Slimes","floor":3,"turns":3},{"damage":0,"enemies":"2 Louse","floor":7,"turns":2},{"damage":15,"enemies":"Gremlin Nob","floor":8,"turns":4},{"damage":16,"enemies":"Exordium Thugs","floor":10,"turns":4},{"damage":28,"enemies":"Lagavulin","floor":14,"turns":5},{"damage":21,"enemies":"Slime Boss","floor":16,"turns":11},{"damage":6,"enemies":"2 Thieves","floor":18,"turns":4},{"damage":0,"enemies":"Spheric Guardian","floor":20,"turns":3},{"damage":18,"enemies":"Snake Plant","floor":21,"turns":5},{"damage":0,"enemies":"Sentry and Sphere","floor":22,"turns":3},{"damage":27,"enemies":"Gremlin Leader","floor":23,"turns":9},{"damage":3,"enemies":"Shelled Parasite and Fungi","floor":24,"turns":5},{"damage":31,"enemies":"Slavers","floor":25,"turns":3}],"seed_played":"2029259029076413190","potions_obtained":[{"floor":3,"key":"EntropicBrew"},{"floor":5,"key":"Regen Potion"},{"floor":5,"key":"DistilledChaos"},{"floor":14,"key":"FearPotion"},{"floor":24,"key":"BlessingOfTheForge"}],"is_trial":false,"path_per_floor":["M","?","M","?","?","R","M","E","T","M","?","R","$","E","R","B",null,"M","$","M","M","M","E","M","E"],"character_chosen":"DEFECT","items_purchased":["Go for the Eyes","Membership Card"],"campfire_rested":2,"item_purchase_floors":[13,19],"current_hp_per_floor":[64,49,48,53,53,77,77,62,62,46,46,46,46,32,56,35,80,74,74,74,56,56,29,26,0,0],"gold":157,"neow_bonus":"ONE_RANDOM_RARE_CARD","is_daily":false,"chose_seed":false,"campfire_upgraded":1,"win_rate":0.0,"timestamp":1612303241,"path_taken":["M","?","M","?","?","R","M","E","T","?","?","R","$","E","R","BOSS","M","$","M","?","M","E","M","E"],"items_purchased_type":["Card","Relic"],"build_version":"2020-12-22","purchased_purges":1,"victory":false,"max_hp_per_floor":[75,75,75,80,80,80,80,80,80,80,80,80,80,80,80,80,80,80,80,80,80,80,80,80,80,80],"card_choices":[{"not_picked":["Stack","Compile Driver"],"picked":"Redo","floor":1},{"not_picked":["Gash","Streamline"],"picked":"Leap","floor":3},{"not_picked":["Heatsinks","Genetic Algorithm"],"picked":"Melter","floor":7},{"not_picked":["Sweeping Beam","Stack"],"picked":"Recycle","floor":8},{"not_picked":["Coolheaded","Reboot"],"picked":"Cold Snap","floor":10},{"not_picked":["Rebound","Sweeping Beam"],"picked":"BootSequence","floor":14},{"not_picked":["Machine Learning","Meteor Strike"],"picked":"Multi-Cast","floor":16},{"not_picked":["Go for the Eyes+1","Rebound+1"],"picked":"Conserve Battery+1","floor":18},{"not_picked":["Redo","Sweeping Beam"],"picked":"Ball Lightning+1","floor":20},{"not_picked":["Storm","Meteor Strike","Stack+1"],"picked":"SKIP","floor":21},{"not_picked":["Reinforced Body","Hologram"],"picked":"Doom and Gloom","floor":22},{"not_picked":["Force Field","Fission"],"picked":"Lockon","floor":23},{"not_picked":["Sweeping Beam","Leap"],"picked":"Lockon","floor":24}],"player_experience":262422,"relics_obtained":[{"floor":8,"key":"Sundial"},{"floor":9,"key":"Tiny Chest"},{"floor":14,"key":"Kunai"},{"floor":17,"key":"War Paint"},{"floor":17,"key":"HornCleat"},{"floor":17,"key":"Shovel"},{"floor":23,"key":"White Beast Statue"}],"event_choices":[{"damage_healed":0,"gold_gain":0,"player_choice":"Entered Light","damage_taken":15,"max_hp_gain":0,"max_hp_loss":0,"event_name":"Shining Light","floor":2,"gold_loss":0,"cards_upgraded":["Defend_B","Rainbow"]},{"damage_healed":0,"gold_gain":0,"player_choice":"Donut","damage_taken":0,"max_hp_gain":5,"max_hp_loss":0,"event_name":"Big Fish","floor":4,"gold_loss":0},{"damage_healed":0,"gold_gain":0,"player_choice":"Got Potions","damage_taken":0,"max_hp_gain":0,"max_hp_loss":0,"event_name":"Lab","floor":5,"gold_loss":0},{"damage_healed":0,"gold_gain":0,"player_choice":"Bought 0 Potions","damage_taken":0,"max_hp_gain":0,"max_hp_loss":0,"event_name":"The Woman in Blue","floor":11,"gold_loss":0}],"is_beta":false,"boss_relics":[{"not_picked":["Inserter","Sozu"],"picked":"Calling Bell"}],"items_purged_floors":[13],"is_endless":false,"potions_floor_spawned":[3,10,14,20,24],"killed_by":"Slavers","ascension_level":3}}