{"host":"8is2j71l4wmybkoi","time":1612259332,"event":{"mods":["AchievementEnabler","BaseMod","Colored Map","Minty Spire (QoL Compilation)","Rare Cards Sparkle","StSLib","SuperFastMode"],"gold_per_floor":[209,229,10,10,10,10,35,35,61,136,2,2,2,28,28,99,99,116,136,32,46,56,56,22,22,22,51,51,51,68,101,101,101,101],"floor_reached":33,"language":"KOR","playtime":1294,"items_purged":["Strike_B","Strike_B","Defend_B"],"score":515,"play_id":"74afbd57-df87-4d0d-92b6-baf75d7777e4","local_time":"20210202184852","is_ascension_mode":true,"campfire_choices":[{"data":"Zap","floor":6,"key":"SMITH"},{"data":"Biased Cognition","floor":8,"key":"SMITH"},{"floor":13,"key":"REST"},{"data":"Defragment","floor":15,"key":"SMITH"},{"data":"Double Energy","floor":23,"key":"SMITH"},{"floor":25,"key":"REST"},{"floor":29,"key":"REST"},{"data":"Dualcast","floor":32,"key":"SMITH"}],"circlet_count":0,"master_deck":["AscendersBane","Strike_B+1","Defend_B+1","Defend_B","Defend_B","Zap+1","Dualcast+1","Compile Driver","Cold Snap","Biased Cognition+1","Defragment+1","Flash of Steel","Beam Cell","Genetic Algorithm","Rainbow","Conserve Battery","Capacitor","Double Energy+1","Static Discharge","BootSequence","Glacier","Chill"],"relics":["Cracked Core","Membership Card","InkBottle","Nunchaku","Thread and Needle","Sozu","Unceasing Top","Bottled Flame","Red Mask"],"acts_visited":["Exordium","TheCity"],"potions_floor_usage":[7,14,33],"damage_taken":[{"damage":1,"enemies":"Cultist","floor":1,"turns":3},{"damage":2,"enemies":"Small Slimes","floor":2,"turns":3},{"damage":18,"enemies":"Lagavulin","floor":7,"turns":7},{"damage":0,"enemies":"Gremlin Nob","floor":14,"turns":3},{"damage":12,"enemies":"Slime Boss","floor":16,"turns":9},{"damage":17,"enemies":"3 Byrds","floor":18,"turns":4},{"damage":14,"enemies":"2 Thieves","floor":19,"turns":4},{"damage":0,"enemies":"Centurion and Healer","floor":21,"turns":5},{"damage":9,"enemies":"Sentry and Sphere","floor":22,"turns":4},{"damage":35,"enemies":"Gremlin Leader","floor":27,"turns":7},{"damage":0,"enemies":"3 Cultists","floor":30,"turns":4},{"damage":5,"enemies":"Masked Bandits","floor":31,"turns":4},{"damage":23,"enemies":"Champ","floor":33,"turns":14}],"seed_played":"696338592369041723","potions_obtained":[{"floor":7,"key":"LiquidMemories"},{"floor":16,"key":"GamblersBrew"}],"is_trial":false,"path_per_floor":["M","M","$","?","?","R","E","R","T","?","$","?","R","E","R","B",null,"M","M","$","M","M","R","$","R","T","E","?","R","M","?","R","B"],"character_chosen":"DEFECT","items_purchased":["Membership Card","AttackPotion","Defragment","Flash of Steel","Beam Cell","Double Energy","BootSequence"],"campfire_rested":3,"item_purchase_floors":[3,3,11,11,11,20,24],"current_hp_per_floor":[63,61,61,66,43,43,25,25,25,14,14,14,36,36,36,24,63,46,32,32,32,23,23,23,45,45,10,10,32,32,27,27,4,4],"gold":101,"neow_bonus":"HUNDRED_GOLD","is_daily":false,"chose_seed":false,"campfire_upgraded":5,"win_rate":0.0,"timestamp":1612259332,"path_taken":["M","M","$","?","?","R","E","R","T","?","$","?","R","E","R","BOSS","M","M","$","M","M","R","?","R","T","E","?","R","?","?","R","BOSS"],"items_purchased_type":["Relic","Potion","Card","Card","Card","Card","Card"],"build_version":"2020-12-22","purchased_purges":3,"victory":false,"max_hp_per_floor":[71,71,71,76,76,76,76,76,76,76,76,76,76,76,76,76,76,76,76,76,76,76,76,76,76,76,76,76,76,76,76,76,76,76],"card_choices":[{"not_picked":["Reprogram","Loop"],"picked":"Compile Driver","floor":1},{"not_picked":["Hologram","Steam"],"picked":"Cold Snap","floor":2},{"not_picked":["Leap","Lockon"],"picked":"Biased Cognition","floor":7},{"not_picked":["Barrage","Static Discharge"],"picked":"Genetic Algorithm","floor":14},{"not_picked":["Thunder Strike","Hyperbeam"],"picked":"Rainbow","floor":16},{"not_picked":["Compile Driver","Sunder"],"picked":"Conserve Battery","floor":18},{"not_picked":["Conserve Battery","Defragment"],"picked":"Capacitor","floor":19},{"not_picked":["Blizzard+1","Streamline"],"picked":"Static Discharge","floor":21},{"not_picked":["Recycle","Cold Snap","Stack"],"picked":"SKIP","floor":22},{"not_picked":["Hologram","Storm","BootSequence"],"picked":"SKIP","floor":27},{"not_picked":["Redo","Undo"],"picked":"Glacier","floor":30},{"not_picked":["Leap+1","Consume"],"picked":"Chill","floor":31}],"player_experience":928266,"relics_obtained":[{"floor":7,"key":"InkBottle"},{"floor":9,"key":"Nunchaku"},{"floor":14,"key":"Thread and Needle"},{"floor":26,"key":"Unceasing Top"},{"floor":27,"key":"Bottled Flame"},{"floor":31,"key":"Red Mask"}],"event_choices":[{"damage_healed":0,"gold_gain":0,"player_choice":"Donut","damage_taken":0,"max_hp_gain":5,"max_hp_loss":0,"event_name":"Big Fish","floor":4,"gold_loss":0},{"damage_healed":0,"gold_gain":0,"player_choice":"Entered Light","damage_taken":23,"max_hp_gain":0,"max_hp_loss":0,"event_name":"Shining Light","floor":5,"gold_loss":0,"cards_upgraded":["Strike_B","Defend_B"]},{"damage_healed":0,"gold_gain":75,"player_choice":"Gather Gold","damage_taken":11,"max_hp_gain":0,"max_hp_loss":0,"event_name":"World of Goop","floor":10,"gold_loss":0},{"cards_removed":["Strike_B"],"damage_healed":0,"gold_gain":0,"player_choice":"Card Removal","damage_taken":0,"max_hp_gain":0,"max_hp_loss":0,"event_name":"Wheel of Change","floor":12,"gold_loss":0},{"damage_healed":0,"gold_gain":0,"player_choice":"Got Potions","damage_taken":0,"max_hp_gain":0,"max_hp_loss":0,"event_name":"Lab","floor":28,"gold_loss":0},{"damage_healed":0,"gold_gain":0,"player_choice":"Fought Bandits","damage_taken":0,"max_hp_gain":0,"max_hp_loss":0,"event_name":"Masked Bandits","floor":31,"gold_loss":0}],"is_beta":false,"boss_relics":[{"not_picked":["Astrolabe","Runic Dome"],"picked":"Sozu"}],"items_purged_floors":[3,11,20],"is_endless":false,"potions_floor_spawned":[7,16,18,22,30,31],"killed_by":"Champ","ascension_level":15}}