{"host":"uzcks4yhskks9i02","time":1612241616,"event":{"mods":["BaseMod","Minty Spire (QoL Compilation)","Quick Restart"],"gold_per_floor":[111,36,56,75,75,75,105,115,115,141,141,161,196,215,215,292,292,309,309,309,319,20,20,38,68,92,92,109,134,134,145,145,219,219,237,90,137,151,0,29,106,106,106,125,125,125,125,77,77,77,77,77,3,34,34,34],"floor_reached":55,"language":"ENG","playtime":2045,"items_purged":[],"score":1353,"play_id":"3b1fd33e-ccf4-4807-bdcb-03d5b4181f47","local_time":"20210201215336","is_ascension_mode":true,"campfire_choices":[{"data":"Swivel","floor":6.0,"key":"SMITH"},{"floor":11.0,"key":"REST"},{"floor":15.0,"key":"REST"},{"floor":23.0,"key":"REST"},{"data":"1","floor":27.0,"key":"LIFT"},{"data":"2","floor":30.0,"key":"LIFT"},{"data":"3","floor":32.0,"key":"LIFT"},{"floor":45,"key":"REST"},{"floor":46,"key":"RECALL"},{"floor":47,"key":"REST"},{"data":"Dramatic Entrance","floor":49,"key":"SMITH"},{"floor":52,"key":"REST"}],"circlet_count":0,"master_deck":["AscendersBane","Eruption+1","Vigilance","BattleHymn","Consecrate","EmptyBody","Swivel+1","ReachHeaven+1","ThirdEye","Wallop+1","Blasphemy+1","ForeignInfluence","LessonLearned+1","CurseOfTheBell","ForeignInfluence+1","Dramatic Entrance+1","Impatience","Enlightenment","Dramatic Entrance+1","Madness","WreathOfFlame","SpiritShield","Wireheading","Pray","CrushJoints","Study+1","ReachHeaven","Crescendo","CarveReality","Brilliance","Wireheading","SandsOfTime+1","Fasting2+1","Establishment"],"relics":["PureWater","Bag of Marbles","Potion Belt","Darkstone Periapt","TungstenRod","Calling Bell","PreservedInsect","White Beast Statue","Du-Vu Doll","Strawberry","CaptainsWheel","Girya","Smiling Mask","Bottled Flame","Pandora\u0027s Box","Nunchaku","WingedGreaves","Red Mask","Unceasing Top","Kunai","Toy Ornithopter"],"acts_visited":["Exordium","TheCity","TheBeyond","TheEnding"],"potions_floor_usage":[37,40,42,42,50,50,55,55,55,55],"damage_taken":[{"damage":9.0,"enemies":"2 Louse","floor":1.0,"turns":2.0},{"damage":0.0,"enemies":"Cultist","floor":3.0,"turns":2.0},{"damage":5.0,"enemies":"Small Slimes","floor":4.0,"turns":3.0},{"damage":16.0,"enemies":"Gremlin Nob","floor":7.0,"turns":3.0},{"damage":5.0,"enemies":"Blue Slaver","floor":8.0,"turns":3.0},{"damage":8.0,"enemies":"Lagavulin","floor":10.0,"turns":4.0},{"damage":0.0,"enemies":"Exordium Wildlife","floor":12.0,"turns":3.0},{"damage":25.0,"enemies":"Gremlin Nob","floor":13.0,"turns":4.0},{"damage":0.0,"enemies":"2 Fungi Beasts","floor":14.0,"turns":1.0},{"damage":29.0,"enemies":"The Guardian","floor":16.0,"turns":8.0},{"damage":5.0,"enemies":"Chosen","floor":18.0,"turns":6.0},{"damage":0.0,"enemies":"Shell Parasite","floor":21.0,"turns":1.0},{"damage":0.0,"enemies":"Snake Plant","floor":24.0,"turns":2.0},{"damage":0.0,"enemies":"Slavers","floor":25.0,"turns":1.0},{"damage":0.0,"enemies":"Snecko","floor":28.0,"turns":2.0},{"damage":0.0,"enemies":"Gremlin Leader","floor":29.0,"turns":3.0},{"damage":0.0,"enemies":"Centurion and Healer","floor":31.0,"turns":1.0},{"damage":0.0,"enemies":"Collector","floor":33.0,"turns":2.0},{"damage":0.0,"enemies":"Orb Walker","floor":35.0,"turns":1.0},{"damage":0,"enemies":"2 Orb Walkers","floor":37,"turns":1},{"damage":0,"enemies":"3 Darklings","floor":38,"turns":1},{"damage":45,"enemies":"Giant Head","floor":40,"turns":6},{"damage":0,"enemies":"Spire Growth","floor":42,"turns":1},{"damage":0,"enemies":"Sphere and 2 Shapes","floor":44,"turns":1},{"damage":73,"enemies":"Donu and Deca","floor":50,"turns":5},{"damage":16,"enemies":"Shield and Spear","floor":54,"turns":2},{"damage":95,"enemies":"The Heart","floor":55,"turns":6}],"seed_played":"-7679850801016277629","potions_obtained":[{"floor":3.0,"key":"EssenceOfSteel"},{"floor":4.0,"key":"ColorlessPotion"},{"floor":14.0,"key":"ColorlessPotion"},{"floor":18.0,"key":"BlessingOfTheForge"},{"floor":21.0,"key":"AttackPotion"},{"floor":24.0,"key":"Block Potion"},{"floor":35.0,"key":"Dexterity Potion"},{"floor":37,"key":"Fruit Juice"},{"floor":38,"key":"PowerPotion"},{"floor":40,"key":"SmokeBomb"},{"floor":44,"key":"StancePotion"},{"floor":54,"key":"AttackPotion"}],"is_trial":false,"path_per_floor":["M","$","M","M","?","R","E","M","T","E","R","M","E","M","R","B",null,"M","?","?","M","$","R","M","E","T","R","M","E","R","M","R","B",null,"M","$","?","M","?","E","T","M","T","M","R","R","R","$","R","B",null,"R","$","E","B"],"character_chosen":"WATCHER","items_purchased":["Consecrate","EmptyBody","CaptainsWheel","Nunchaku","Block Potion","LiquidMemories"],"campfire_rested":6,"item_purchase_floors":[2,2,22,36,48,53],"current_hp_per_floor":[56,56,56,51,51,51,35,30,30,22,43,43,18,18,39,10,63,58,65,25,25,25,50,50,50,50,50,50,50,50,50,50,50,76,76,76,81,81,81,36,36,36,36,36,63,63,90,90,90,17,72,90,90,74,0,0],"gold":34,"neow_bonus":"UPGRADE_CARD","is_daily":false,"chose_seed":false,"campfire_upgraded":2,"win_rate":0.0,"timestamp":1612241616,"path_taken":["M","$","M","M","?","R","E","M","T","E","R","M","E","M","R","BOSS","M","?","?","?","$","R","M","E","T","R","M","E","R","M","R","BOSS","M","$","?","M","?","E","?","?","T","M","R","R","R","$","R","BOSS","R","$","E","BOSS"],"items_purchased_type":["Card","Card","Relic","Relic","Potion","Potion"],"build_version":"2020-12-22","purchased_purges":0,"victory":false,"max_hp_per_floor":[72,72,72,72,72,72,72,72,72,72,72,72,72,72,72,72,78,78,85,85,85,85,85,85,85,85,85,85,85,85,85,85,85,85,85,85,90,90,90,90,90,90,90,90,90,90,90,90,90,90,90,90,90,90,90,90],"card_choices":[{"not_picked":["JustLucky","CrushJoints"],"picked":"BattleHymn","floor":1.0},{"not_picked":["WindmillStrike","FollowUp"],"picked":"Swivel","floor":3.0},{"not_picked":["WaveOfTheHand","Prostrate"],"picked":"ReachHeaven","floor":4.0},{"not_picked":["PathToVictory","CutThroughFate"],"picked":"ThirdEye","floor":7.0},{"not_picked":["PathToVictory","FlyingSleeves","ReachHeaven"],"picked":"SKIP","floor":8.0},{"not_picked":["MentalFortress","JustLucky"],"picked":"Wallop","floor":10.0},{"not_picked":["ThirdEye","CutThroughFate","JustLucky"],"picked":"SKIP","floor":12.0},{"not_picked":["ReachHeaven","Wallop"],"picked":"Blasphemy","floor":13.0},{"not_picked":["BattleHymn","Protect"],"picked":"ForeignInfluence","floor":14.0},{"not_picked":["SpiritShield","Omniscience"],"picked":"LessonLearned","floor":16.0},{"not_picked":["Swivel","Crescendo"],"picked":"ForeignInfluence+1","floor":18.0},{"not_picked":["Halt","ThirdEye"],"picked":"WreathOfFlame","floor":21.0},{"not_picked":["LikeWater","Swivel","SignatureMove"],"picked":"SKIP","floor":24.0},{"not_picked":["ClearTheMind","WreathOfFlame"],"picked":"SpiritShield","floor":25.0},{"not_picked":["CutThroughFate","Prostrate"],"picked":"Wireheading","floor":28.0},{"not_picked":["FlurryOfBlows","PathToVictory+1","Vengeance"],"picked":"SKIP","floor":29.0},{"not_picked":["Meditate","WreathOfFlame","Evaluate"],"picked":"SKIP","floor":31.0},{"not_picked":["SashWhip","Wallop"],"picked":"SandsOfTime+1","floor":35.0},{"not_picked":["ClearTheMind+1","Consecrate","FlyingSleeves+1"],"picked":"SKIP","floor":38},{"not_picked":["MentalFortress","WreathOfFlame"],"picked":"Fasting2+1","floor":40},{"not_picked":["EmptyBody","Crescendo","Consecrate"],"picked":"SKIP","floor":44},{"not_picked":["Wireheading+1","Vengeance"],"picked":"Establishment","floor":54}],"player_experience":557824,"relics_obtained":[{"floor":7.0,"key":"Bag of Marbles"},{"floor":9.0,"key":"Potion Belt"},{"floor":10.0,"key":"Darkstone Periapt"},{"floor":13.0,"key":"TungstenRod"},{"floor":17.0,"key":"PreservedInsect"},{"floor":17.0,"key":"White Beast Statue"},{"floor":17.0,"key":"Du-Vu Doll"},{"floor":25.0,"key":"Girya"},{"floor":26.0,"key":"Smiling Mask"},{"floor":29.0,"key":"Bottled Flame"},{"floor":37,"key":"WingedGreaves"},{"floor":40,"key":"Unceasing Top"},{"floor":43,"key":"Kunai"},{"floor":54,"key":"Toy Ornithopter"}],"event_choices":[{"damage_healed":0.0,"max_hp_gain":0.0,"max_hp_loss":0.0,"gold_gain":0.0,"event_name":"Living Wall","player_choice":"Grow","floor":5.0,"gold_loss":0.0,"damage_taken":0.0,"cards_upgraded":["ReachHeaven"]},{"damage_healed":0.0,"max_hp_gain":0.0,"max_hp_loss":0.0,"gold_gain":0.0,"event_name":"The Mausoleum","player_choice":"Opened","floor":19.0,"gold_loss":0.0,"damage_taken":0.0,"relics_obtained":["Strawberry"]},{"damage_healed":0.0,"max_hp_gain":0.0,"max_hp_loss":0.0,"gold_gain":0.0,"event_name":"Knowing Skull","player_choice":"CARD CARD CARD CARD CARD ","floor":20.0,"potions_obtained":[],"gold_loss":0.0,"damage_taken":46.0,"cards_obtained":["Dramatic Entrance","Impatience","Enlightenment","Dramatic Entrance","Madness"]},{"damage_healed":0,"gold_gain":0,"player_choice":"Fight","damage_taken":0,"max_hp_gain":0,"max_hp_loss":0,"event_name":"Mysterious Sphere","floor":37,"gold_loss":0},{"damage_healed":0,"gold_gain":0,"player_choice":"Paid","damage_taken":0,"relics_obtained":["Red Mask"],"max_hp_gain":0,"max_hp_loss":0,"event_name":"Tomb of Lord Red Mask","floor":39,"gold_loss":151}],"is_beta":false,"boss_relics":[{"not_picked":["Black Star","Runic Pyramid"],"picked":"Calling Bell"},{"not_picked":["Snecko Eye","Philosopher\u0027s Stone"],"picked":"Pandora\u0027s Box"}],"items_purged_floors":[],"is_endless":false,"potions_floor_spawned":[3,4,7,14,18,21,24,25,28,29,31,33,35,37,38,40,42,44,54],"killed_by":"The Heart","ascension_level":13}}