{"host":"o3nki8hvugtioqst","time":1612275244,"event":{"mods":["BaseMod","Minty Spire (QoL Compilation)","Quick Restart","Rare Cards Sparkle","Relic Stats","StSLib","SuperFastMode"],"gold_per_floor":[114,64,64,64,64,64,139,159,159,4,47,67,98,122,122,122,122],"floor_reached":16,"language":"ENG","playtime":394,"items_purged":[],"score":157,"play_id":"993ae89f-e1f5-4d2b-83e9-ef3228ef41c1","local_time":"20210202161404","is_ascension_mode":true,"campfire_choices":[{"data":"Cleave","floor":6,"key":"SMITH"},{"data":"Barricade","floor":15,"key":"SMITH"}],"circlet_count":0,"master_deck":["Strike_R","Strike_R","Strike_R","Defend_R","Defend_R","Defend_R","Bash","Cleave+1","Clash","Dramatic Entrance","Barricade+1","Ghostly Armor"],"relics":["Burning Blood","Golden Idol","FossilizedHelix","Blue Candle","HornCleat","Bottled Flame"],"acts_visited":["Exordium"],"potions_floor_usage":[13,13],"damage_taken":[{"damage":10,"enemies":"Small Slimes","floor":1,"turns":4},{"damage":2,"enemies":"Jaw Worm","floor":8,"turns":4},{"damage":25,"enemies":"3 Sentries","floor":11,"turns":6},{"damage":0,"enemies":"2 Louse","floor":12,"turns":1},{"damage":10,"enemies":"Lagavulin","floor":13,"turns":4},{"damage":0,"enemies":"Large Slime","floor":14,"turns":5},{"damage":41,"enemies":"Slime Boss","floor":16,"turns":12}],"seed_played":"-9198481642200119445","potions_obtained":[{"floor":12,"key":"AttackPotion"},{"floor":13,"key":"LiquidBronze"},{"floor":14,"key":"DuplicationPotion"}],"is_trial":false,"path_per_floor":["M","?","?","?","T","R","?","M","T","$","E","M","E","M","R","B"],"character_chosen":"IRONCLAD","items_purchased":["Dramatic Entrance","LiquidMemories"],"campfire_rested":0,"item_purchase_floors":[10,10],"current_hp_per_floor":[68,68,50,55,55,55,48,52,52,52,33,39,35,41,41,0,0],"gold":122,"neow_bonus":"REMOVE_TWO","is_daily":false,"chose_seed":false,"campfire_upgraded":2,"win_rate":0.0,"timestamp":1612275244,"path_taken":["M","?","?","?","?","R","?","M","T","$","E","M","E","M","R","BOSS"],"items_purchased_type":["Card","Potion"],"build_version":"2020-12-22","purchased_purges":0,"victory":false,"max_hp_per_floor":[72,72,72,77,77,77,77,77,77,77,77,77,77,77,77,77,77],"relic_stats":{"counters":[7,36],"Golden Idol":28,"Blue Candle":[0],"obtain_stats":[{"Bottled Flame":13,"HornCleat":11,"Golden Idol":3,"Blue Candle":9,"Burning Blood":0,"FossilizedHelix":5},{"Bottled Flame":5,"HornCleat":3,"Golden Idol":1,"Blue Candle":2,"Burning Blood":0,"FossilizedHelix":1},{"Bottled Flame":19,"HornCleat":14,"Golden Idol":4,"Blue Candle":8,"Burning Blood":0,"FossilizedHelix":4}],"Burning Blood":36},"card_choices":[{"not_picked":["Iron Wave","Perfected Strike"],"picked":"Cleave","floor":1},{"not_picked":["Anger","Iron Wave"],"picked":"Clash","floor":8},{"not_picked":["Anger","Berserk","Armaments"],"picked":"SKIP","floor":11},{"not_picked":["Flex","Blood for Blood","Fire Breathing"],"picked":"SKIP","floor":12},{"not_picked":["Seeing Red","Feel No Pain"],"picked":"Barricade","floor":13},{"not_picked":["Seeing Red","Heavy Blade"],"picked":"Ghostly Armor","floor":14}],"player_experience":241551,"relics_obtained":[{"floor":5,"key":"FossilizedHelix"},{"floor":9,"key":"Blue Candle"},{"floor":11,"key":"HornCleat"},{"floor":13,"key":"Bottled Flame"}],"event_choices":[{"cards_removed":["Strike_R"],"damage_healed":0,"gold_gain":0,"player_choice":"Card Removal","damage_taken":0,"max_hp_gain":0,"max_hp_loss":0,"event_name":"The Cleric","floor":2,"gold_loss":50},{"damage_healed":0,"gold_gain":0,"player_choice":"Take Damage","damage_taken":18,"relics_obtained":["Golden Idol"],"max_hp_gain":0,"max_hp_loss":0,"event_name":"Golden Idol","floor":3,"gold_loss":0},{"damage_healed":0,"gold_gain":0,"player_choice":"Donut","damage_taken":0,"max_hp_gain":5,"max_hp_loss":0,"event_name":"Big Fish","floor":4,"gold_loss":0},{"damage_healed":0,"gold_gain":75,"player_choice":"Touch","damage_taken":7,"max_hp_gain":0,"max_hp_loss":0,"event_name":"FaceTrader","floor":7,"gold_loss":0}],"is_beta":false,"boss_relics":[],"items_purged_floors":[],"is_endless":false,"potions_floor_spawned":[12,13,14],"killed_by":"Slime Boss","ascension_level":9}}