{"host":"qhn6g0owdgjb77rz","time":1612284461,"event":{"mods":["BaseMod","BetterRewards","Colored Map","Downfall","Minty Spire (QoL Compilation)","Relic Sorter","StSLib"],"gold_per_floor":[118,118,135,135,148,148,177,177,177,209,209,229,254,266,266,337,337,309,309,325,53,53,53,64,64,64,64,82,98,114,140,140,216,216,227,227,281,191,216,241,252,252,277,305,305,305,305,331,331,331],"floor_reached":51,"language":"ENG","playtime":3597,"items_purged":[],"score":1569,"play_id":"ff0eceb5-9270-47aa-a1b2-fbbeec664697","local_time":"20210203014741","is_ascension_mode":true,"campfire_choices":[{"data":"Noxious Fumes","floor":6,"key":"SMITH"},{"data":"Leg Sweep","floor":8,"key":"SMITH"},{"floor":11,"key":"REST"},{"data":"Catalyst","floor":15,"key":"SMITH"},{"data":"Neutralize","floor":23,"key":"SMITH"},{"data":"Burst","floor":25,"key":"SMITH"},{"data":"Malaise","floor":27,"key":"SMITH"},{"data":"Tools of the Trade","floor":32,"key":"SMITH"},{"data":"Noxious Fumes","floor":42,"key":"SMITH"},{"data":"Tactician","floor":45,"key":"SMITH"},{"data":"Well Laid Plans","floor":47,"key":"SMITH"},{"data":"Adrenaline","floor":49,"key":"SMITH"}],"circlet_count":0,"master_deck":["AscendersBane","Strike_G+1","Strike_G+1","Strike_G+1","Strike_G+1","Defend_G+1","Defend_G+1","Defend_G+1","Defend_G+1","Defend_G+1","Survivor","Neutralize+1","Noxious Fumes+1","Bane","Leg Sweep+1","Malaise+1","Burst+1","PiercingWail","Catalyst+1","Tools of the Trade+1","Well Laid Plans+1","Catalyst+1","Adrenaline+1","Noxious Fumes+1","Tactician+1","Reflex"],"relics":["Ring of the Serpent","Tough Bandages","Bottled Tornado","Boot","Bottled Flame","expansioncontent:StudyCardRelic","Gremlin Horn","Pear","StrikeDummy","Du-Vu Doll","Unceasing Top","InkBottle","Happy Flower","Molten Egg 2","Letter Opener","Vajra"],"acts_visited":["Exordium","TheCity","TheBeyond"],"potions_floor_usage":[11,13,18,37,40,48,50],"damage_taken":[{"damage":3,"enemies":"Jaw Worm","floor":1,"turns":5},{"damage":10,"enemies":"Small Slimes","floor":3,"turns":5},{"damage":0,"enemies":"2 Louse","floor":5,"turns":3},{"damage":12,"enemies":"3 Sentries","floor":7,"turns":7},{"damage":21,"enemies":"Gremlin Nob","floor":10,"turns":6},{"damage":6,"enemies":"Lots of Slimes","floor":12,"turns":4},{"damage":0,"enemies":"3 Sentries","floor":13,"turns":7},{"damage":1,"enemies":"Exordium Thugs","floor":14,"turns":5},{"damage":24,"enemies":"The Guardian","floor":16,"turns":12},{"damage":6,"enemies":"2 Thieves","floor":18,"turns":4},{"damage":0,"enemies":"Shell Parasite","floor":20,"turns":6},{"damage":8,"enemies":"Centurion and Healer","floor":24,"turns":6},{"damage":6,"enemies":"Chosen and Byrds","floor":28,"turns":4},{"damage":0,"enemies":"3 Cultists","floor":29,"turns":5},{"damage":0,"enemies":"Cultist and Chosen","floor":30,"turns":7},{"damage":1,"enemies":"Book of Stabbing","floor":31,"turns":6},{"damage":9,"enemies":"Collector","floor":33,"turns":6},{"damage":4,"enemies":"3 Shapes","floor":35,"turns":4},{"damage":5,"enemies":"2 Orb Walkers","floor":37,"turns":4},{"damage":0,"enemies":"Mind Bloom Boss Battle","floor":39,"turns":6},{"damage":0,"enemies":"Nemesis","floor":40,"turns":5},{"damage":4,"enemies":"Orb Walker","floor":41,"turns":4},{"damage":16,"enemies":"Giant Head","floor":44,"turns":6},{"damage":0,"enemies":"Reptomancer","floor":48,"turns":4},{"damage":17,"enemies":"Awakened One","floor":50,"turns":12}],"seed_played":"2850349467397227126","potions_obtained":[{"floor":5,"key":"Fruit Juice"},{"floor":10,"key":"champ:CounterPotion"},{"floor":13,"key":"EssenceOfSteel"},{"floor":14,"key":"Block Potion"},{"floor":20,"key":"Block Potion"},{"floor":37,"key":"hexamod:SoulburnPotion"},{"floor":41,"key":"DistilledChaos"}],"is_trial":false,"path_per_floor":["M","?","M","?","M","R","E","R","T","E","R","M","E","M","R","B",null,"M","?","M","$","?","R","M","R","T","R","M","M","M","E","R","B",null,"M","?","?","$","?","E","M","R","T","E","R","T","R","E","R","B",null],"character_chosen":"THE_SILENT","items_purchased":["Gremlin Horn","Tactician"],"campfire_rested":1,"item_purchase_floors":[21,38],"current_hp_per_floor":[62,62,52,57,57,57,45,45,45,24,53,47,47,46,46,22,67,61,61,61,61,61,61,53,53,63,63,57,57,57,56,56,47,81,77,77,72,72,72,72,68,68,68,52,52,52,52,52,52,35],"gold":331,"neow_bonus":"TEN_PERCENT_HP_BONUS","is_daily":false,"chose_seed":false,"campfire_upgraded":11,"win_rate":0.0,"timestamp":1612284461,"path_taken":["M","?","M","?","M","R","E","R","T","E","R","M","E","M","R","BOSS","M","?","M","$","?","R","?","R","T","R","M","M","M","E","R","BOSS","M","?","?","$","?","E","M","R","T","E","R","?","R","E","R","BOSS"],"items_purchased_type":["Relic","Card"],"build_version":"2020-12-22","purchased_purges":0,"victory":true,"max_hp_per_floor":[72,72,72,77,77,77,77,77,77,77,82,82,82,82,82,82,82,82,82,82,82,82,82,82,82,92,92,92,92,92,92,92,92,92,92,92,92,92,92,92,92,92,92,92,92,92,92,92,92,92],"card_choices":[{"not_picked":["Slice","Bane"],"picked":"Noxious Fumes","floor":1},{"not_picked":["Outmaneuver","Quick Slash"],"picked":"Bane","floor":3},{"not_picked":["Choke","Dodge and Roll"],"picked":"Leg Sweep","floor":5},{"not_picked":["Predator","Backstab"],"picked":"Malaise","floor":7},{"not_picked":["Deadly Poison","Dagger Throw"],"picked":"Burst","floor":10},{"not_picked":["Tactician","Deflect"],"picked":"PiercingWail","floor":12},{"not_picked":["Infinite Blades","Dagger Spray","Sucker Punch"],"picked":"SKIP","floor":13},{"not_picked":["Infinite Blades","Dagger Spray","Sucker Punch"],"picked":"SKIP","floor":13},{"not_picked":["Bane","Blade Dance"],"picked":"Catalyst","floor":14},{"not_picked":["Doppelganger","Unload"],"picked":"Tools of the Trade","floor":16},{"not_picked":["Underhanded Strike","Backflip","Blade Dance+1"],"picked":"SKIP","floor":18},{"not_picked":["Cloak And Dagger+1","Endless Agony"],"picked":"Well Laid Plans","floor":20},{"not_picked":["Well Laid Plans","Riddle With Holes","Poisoned Stab"],"picked":"SKIP","floor":24},{"not_picked":["Predator","Heel Hook","Underhanded Strike"],"picked":"SKIP","floor":28},{"not_picked":["Poisoned Stab+1","Acrobatics+1","Slice+1"],"picked":"SKIP","floor":29},{"not_picked":["Prepared","Tools of the Trade","Caltrops"],"picked":"SKIP","floor":30},{"not_picked":["Reflex","Accuracy"],"picked":"Catalyst+1","floor":31},{"not_picked":["Venomology","Night Terror"],"picked":"Adrenaline","floor":33},{"not_picked":["Slice+1","Cloak And Dagger+1","Terror"],"picked":"SKIP","floor":35},{"not_picked":["Backstab","Escape Plan"],"picked":"Noxious Fumes","floor":37},{"not_picked":["All Out Attack+1","Blade Dance"],"picked":"Reflex","floor":40},{"not_picked":["Backflip","Underhanded Strike","Flying Knee+1"],"picked":"SKIP","floor":41},{"not_picked":["Acrobatics+1","Blade Dance+1","Dodge and Roll"],"picked":"SKIP","floor":44},{"not_picked":["Unload+1","Slice+1","Finisher+1"],"picked":"SKIP","floor":48}],"player_experience":652381,"relics_obtained":[{"floor":7,"key":"Tough Bandages"},{"floor":9,"key":"Bottled Tornado"},{"floor":10,"key":"Boot"},{"floor":13,"key":"Bottled Flame"},{"floor":26,"key":"Pear"},{"floor":31,"key":"StrikeDummy"},{"floor":37,"key":"Du-Vu Doll"},{"floor":39,"key":"Unceasing Top"},{"floor":40,"key":"InkBottle"},{"floor":43,"key":"Happy Flower"},{"floor":44,"key":"Molten Egg 2"},{"floor":46,"key":"Letter Opener"},{"floor":48,"key":"Vajra"}],"event_choices":[{"damage_healed":0,"gold_gain":0,"player_choice":"Ignored","damage_taken":0,"max_hp_gain":0,"max_hp_loss":0,"event_name":"Liars Game","floor":2,"gold_loss":0},{"damage_healed":0,"gold_gain":0,"player_choice":"Donut","damage_taken":0,"max_hp_gain":5,"max_hp_loss":0,"event_name":"Big Fish","floor":4,"gold_loss":0},{"damage_healed":0,"gold_gain":0,"player_choice":"Simplicity","damage_taken":0,"max_hp_gain":0,"max_hp_loss":0,"event_name":"Back to Basics","floor":19,"gold_loss":0,"cards_upgraded":["Strike_G","Strike_G","Strike_G","Strike_G","Strike_G","Defend_G","Defend_G","Defend_G","Defend_G","Defend_G"]},{"cards_removed":["Strike_G"],"damage_healed":0,"gold_gain":0,"player_choice":"Purged","damage_taken":0,"max_hp_gain":0,"max_hp_loss":0,"event_name":"Purifier","floor":22,"gold_loss":0},{"damage_healed":0,"gold_gain":0,"player_choice":"Memory 1","damage_taken":0,"max_hp_gain":0,"max_hp_loss":0,"event_name":"SensoryStone","floor":36,"gold_loss":0},{"damage_healed":0,"gold_gain":0,"player_choice":"Fight","damage_taken":0,"max_hp_gain":0,"max_hp_loss":0,"event_name":"Mysterious Sphere","floor":37,"gold_loss":0},{"damage_healed":0,"gold_gain":0,"player_choice":"Fight","damage_taken":0,"max_hp_gain":0,"max_hp_loss":0,"event_name":"MindBloom","floor":39,"gold_loss":0}],"is_beta":false,"boss_relics":[{"not_picked":["WristBlade","Astrolabe"],"picked":"expansioncontent:StudyCardRelic"},{"not_picked":["Black Star","SlaversCollar"],"picked":"Ring of the Serpent"}],"items_purged_floors":[],"is_endless":false,"potions_floor_spawned":[5,10,13,14,16,20,29,33,37,41],"ascension_level":17}}