{"host":"wuernuywc9gl215o","time":1612292164,"event":{"mods":["AchievementEnabler","BaseMod","Block Reminder","Highlight Path","Key Reminder","Minty Spire (QoL Compilation)","Permanent Neow","Potion Indicator Mod","Quick Restart","Relic Stats"],"gold_per_floor":[113,129,139,159,179,179,204,204,255,255,290,307,321,341,341,341,341],"floor_reached":16,"language":"ENG","playtime":768,"items_purged":[],"score":191,"play_id":"ccbc3d22-b464-4464-b5b3-b01e661ea3f4","local_time":"20210202185604","is_ascension_mode":true,"campfire_choices":[{"data":"All Out Attack","floor":6.0,"key":"SMITH"},{"floor":8.0,"key":"REST"},{"floor":15,"key":"REST"}],"circlet_count":0,"master_deck":["AscendersBane","Strike_G","Strike_G","Strike_G","Strike_G","Strike_G","Defend_G","Defend_G","Defend_G","Defend_G","Defend_G","Survivor","Neutralize","PiercingWail","Riddle With Holes","Infinite Blades","All Out Attack+1","Well Laid Plans","Die Die Die","Blade Dance","Finisher","Cloak And Dagger"],"relics":["Ring of the Snake","Vajra","Toy Ornithopter","Nunchaku","Singing Bowl"],"acts_visited":["Exordium"],"potions_floor_usage":[16,16],"damage_taken":[{"damage":8.0,"enemies":"Jaw Worm","floor":1.0,"turns":5.0},{"damage":1.0,"enemies":"Small Slimes","floor":2.0,"turns":5.0},{"damage":3.0,"enemies":"2 Louse","floor":3.0,"turns":3.0},{"damage":0.0,"enemies":"Large Slime","floor":4.0,"turns":5.0},{"damage":1.0,"enemies":"Blue Slaver","floor":5.0,"turns":5.0},{"damage":28.0,"enemies":"Gremlin Nob","floor":7.0,"turns":4.0},{"damage":20.0,"enemies":"Lagavulin","floor":11.0,"turns":6.0},{"damage":6,"enemies":"Looter","floor":12,"turns":2},{"damage":0,"enemies":"Lots of Slimes","floor":13,"turns":2},{"damage":6,"enemies":"Red Slaver","floor":14,"turns":3},{"damage":51,"enemies":"The Guardian","floor":16,"turns":9}],"seed_played":"6086064961558020657","potions_obtained":[{"floor":3.0,"key":"Poison Potion"},{"floor":5.0,"key":"LiquidMemories"},{"floor":11.0,"key":"LiquidBronze"}],"is_trial":false,"path_per_floor":["M","M","M","M","M","R","E","R","T","?","E","M","M","M","R","B"],"character_chosen":"THE_SILENT","items_purchased":[],"campfire_rested":2,"item_purchase_floors":[],"current_hp_per_floor":[55,54,51,51,50,50,22,43,43,48,30,24,24,18,41,0,0],"gold":341,"neow_bonus":"RANDOM_COMMON_RELIC","is_daily":false,"chose_seed":false,"campfire_upgraded":1,"win_rate":0.0,"timestamp":1612292164,"path_taken":["M","M","M","M","M","R","E","R","T","?","E","M","M","M","R","BOSS"],"items_purchased_type":[],"build_version":"2020-12-22","purchased_purges":0,"victory":false,"max_hp_per_floor":[70,70,70,70,70,70,70,70,70,75,77,77,77,77,77,77,77],"relic_stats":{"Nunchaku":[4],"Singing Bowl":2,"counters":[11,49],"obtain_stats":[{"Nunchaku":9,"Singing Bowl":11,"Vajra":0,"Toy Ornithopter":7,"Ring of the Snake":0},{"Nunchaku":6,"Singing Bowl":7,"Vajra":0,"Toy Ornithopter":6,"Ring of the Snake":0},{"Nunchaku":27,"Singing Bowl":33,"Vajra":0,"Toy Ornithopter":27,"Ring of the Snake":0}],"Toy Ornithopter":10,"Ring of the Snake":[22]},"card_choices":[{"not_picked":["Deflect","Bane"],"picked":"PiercingWail","floor":1.0},{"not_picked":["Deadly Poison","Eviscerate"],"picked":"Riddle With Holes","floor":2.0},{"not_picked":["Blade Dance","Backflip"],"picked":"Infinite Blades","floor":3.0},{"not_picked":["Bouncing Flask","Acrobatics"],"picked":"All Out Attack","floor":4.0},{"not_picked":["Distraction","Dodge and Roll"],"picked":"Well Laid Plans","floor":5.0},{"not_picked":["Dagger Throw","Underhanded Strike"],"picked":"Die Die Die","floor":7.0},{"not_picked":["Outmaneuver","Grand Finale","Dagger Spray"],"picked":"Singing Bowl","floor":11.0},{"not_picked":["PiercingWail","Dodge and Roll"],"picked":"Blade Dance","floor":12},{"not_picked":["Deadly Poison","Deflect"],"picked":"Finisher","floor":13},{"not_picked":["Flying Knee","Deadly Poison"],"picked":"Cloak And Dagger","floor":14}],"player_experience":781751,"relics_obtained":[{"floor":7.0,"key":"Toy Ornithopter"},{"floor":9.0,"key":"Nunchaku"},{"floor":11.0,"key":"Singing Bowl"}],"event_choices":[{"damage_healed":0.0,"max_hp_gain":5.0,"max_hp_loss":0.0,"gold_gain":0.0,"event_name":"Big Fish","player_choice":"Donut","floor":10.0,"gold_loss":0.0,"damage_taken":0.0}],"is_beta":false,"boss_relics":[],"items_purged_floors":[],"is_endless":false,"potions_floor_spawned":[3,5,11,13],"killed_by":"The Guardian","ascension_level":13}}