{"host":"l84l8xigz5v5foa2","time":1612255112,"event":{"mods":["2.2 Compatiblity","AchievementEnabler","BaseMod","Better Note","Better Vampires","Card Filter","Colored Map","DeckTracker","Gremlin Skip","Highlight Path","Keyboard Shortcuts","Minty Spire (QoL Compilation)","Permanent Neow","Quick Restart","Relic Filter","Relic Stats","Shop Mod","StSLib","SuperFastMode","Transform Curses","Unknown Chances"],"gold_per_floor":[365,365,365,365,51,51,51,70,70,70,82,82,95,60,60,133,133,151,171,61,15,15,15,29,29,29,40,57,68,68,80,80,154,154,170,1169,1169,722,722,722,722],"floor_reached":40,"language":"ENG","playtime":1538,"items_purged":["Strike_G","Normality"],"score":811,"play_id":"27b4d293-73ae-4a2b-8187-ed82830fcbc7","local_time":"20210202173832","is_ascension_mode":true,"campfire_choices":[{"data":"Neutralize","floor":6.0,"key":"SMITH"},{"data":"Reflex","floor":10.0,"key":"SMITH"},{"data":"Prepared","floor":12.0,"key":"SMITH"},{"data":"Calculated Gamble","floor":15.0,"key":"SMITH"},{"data":"Acrobatics","floor":23.0,"key":"SMITH"},{"data":"Prepared","floor":25.0,"key":"SMITH"},{"data":"Poisoned Stab","floor":30.0,"key":"SMITH"},{"data":"Glass Knife","floor":32.0,"key":"SMITH"}],"circlet_count":0,"master_deck":["AscendersBane","Strike_G","Strike_G+1","Defend_G","Defend_G","Defend_G","Defend_G","Survivor","Neutralize+1","Reflex+1","Backstab","Prepared+1","Poisoned Stab+1","Calculated Gamble+1","Glass Knife+1","Acrobatics+1","Prepared+1","Masterful Stab","Footwork+1","Deflect","Footwork+1","After Image+1","Leg Sweep","Normality","Madness","Madness","Eviscerate","Footwork+1","Deflect","Sadistic Nature+1","Finesse"],"relics":["Ring of the Snake","Frozen Egg 2","Pantograph","Happy Flower","Sozu","Paper Crane","Meat on the Bone","HoveringKite","TwistedFunnel"],"acts_visited":["Exordium","TheCity","TheBeyond"],"potions_floor_usage":[],"damage_taken":[{"damage":1.0,"enemies":"Jaw Worm","floor":1.0,"turns":7.0},{"damage":0.0,"enemies":"Small Slimes","floor":8.0,"turns":4.0},{"damage":0.0,"enemies":"2 Louse","floor":11.0,"turns":3.0},{"damage":5.0,"enemies":"Red Slaver","floor":13.0,"turns":3.0},{"damage":16.0,"enemies":"Hexaghost","floor":16.0,"turns":12.0},{"damage":0.0,"enemies":"Chosen","floor":18.0,"turns":4.0},{"damage":0.0,"enemies":"Spheric Guardian","floor":19.0,"turns":3.0},{"damage":9.0,"enemies":"Cultist and Chosen","floor":24.0,"turns":6.0},{"damage":0.0,"enemies":"Centurion and Healer","floor":27.0,"turns":4.0},{"damage":26.0,"enemies":"Snecko","floor":28.0,"turns":7.0},{"damage":0.0,"enemies":"Sentry and Sphere","floor":29.0,"turns":5.0},{"damage":0.0,"enemies":"Shelled Parasite and Fungi","floor":31.0,"turns":4.0},{"damage":0.0,"enemies":"Champ","floor":33.0,"turns":12.0},{"damage":0.0,"enemies":"Orb Walker","floor":35.0,"turns":3.0},{"damage":49,"enemies":"Nemesis","floor":40,"turns":2}],"seed_played":"4027079440808857737","potions_obtained":[{"floor":11.0,"key":"EssenceOfSteel"},{"floor":16.0,"key":"GamblersBrew"}],"is_trial":false,"path_per_floor":["M","?","?","T","$","R","?","M","T","R","M","R","M","$","R","B",null,"M","M","?","$","?","R","M","R","T","M","M","M","R","M","R","B",null,"M","?","?","$","?","E"],"character_chosen":"THE_SILENT","items_purchased":["Pantograph","Calculated Gamble","Prepared","Eviscerate","Footwork+1","TwistedFunnel","Deflect"],"campfire_rested":0,"item_purchase_floors":[5,14,21,38,38,38,38],"current_hp_per_floor":[58,63,56,56,56,56,56,56,56,56,56,56,51,51,51,49,61,61,61,61,61,61,61,52,52,52,52,38,38,38,38,38,63,65,65,65,53,53,43,0,0],"gold":722,"neow_bonus":"TWO_FIFTY_GOLD","is_daily":false,"chose_seed":false,"campfire_upgraded":8,"win_rate":0.0,"timestamp":1612255112,"path_taken":["M","?","?","?","$","R","?","?","T","R","?","R","M","?","R","BOSS","M","M","?","$","?","R","M","R","T","M","M","?","R","M","R","BOSS","M","?","?","$","?","E"],"items_purchased_type":["Relic","Card","Card","Card","Card","Relic","Card"],"build_version":"2020-12-22","purchased_purges":2,"victory":false,"max_hp_per_floor":[60,65,65,65,65,65,65,65,65,65,65,65,65,65,65,65,65,65,65,65,65,65,65,65,65,65,65,65,65,65,65,65,65,65,65,65,65,65,65,65,65],"relic_stats":{"Sozu":2,"Happy Flower":[22],"counters":[15,79],"Pantograph":39,"HoveringKite":[3],"obtain_stats":[{"Sozu":17,"TwistedFunnel":38,"Happy Flower":9,"Pantograph":5,"HoveringKite":34,"Frozen Egg 2":4,"Paper Crane":22,"Ring of the Snake":0,"Meat on the Bone":26},{"Sozu":5,"TwistedFunnel":14,"Happy Flower":2,"Pantograph":1,"HoveringKite":13,"Frozen Egg 2":1,"Paper Crane":7,"Ring of the Snake":0,"Meat on the Bone":8},{"Sozu":29,"TwistedFunnel":77,"Happy Flower":11,"Pantograph":7,"HoveringKite":74,"Frozen Egg 2":7,"Paper Crane":36,"Ring of the Snake":0,"Meat on the Bone":42}],"Ring of the Snake":[30],"Meat on the Bone":12},"card_choices":[{"not_picked":["Deadly Poison","Outmaneuver"],"picked":"Reflex","floor":1.0},{"not_picked":["Backstab","Quick Slash","Sucker Punch"],"picked":"SKIP","floor":8.0},{"not_picked":["Catalyst","Distraction"],"picked":"Prepared","floor":11.0},{"not_picked":["Outmaneuver","Quick Slash"],"picked":"Poisoned Stab","floor":13.0},{"not_picked":["Storm of Steel","Night Terror"],"picked":"Glass Knife","floor":16.0},{"not_picked":["Bouncing Flask","Tactician"],"picked":"Acrobatics","floor":18.0},{"not_picked":["Bane","Quick Slash","Dagger Spray"],"picked":"SKIP","floor":19.0},{"not_picked":["Flying Knee","PiercingWail"],"picked":"Masterful Stab","floor":24.0},{"not_picked":["Endless Agony","Accuracy+1","Outmaneuver"],"picked":"SKIP","floor":27.0},{"not_picked":["Dodge and Roll","Wraith Form v2+1"],"picked":"Footwork+1","floor":28.0},{"not_picked":["Prepared","Distraction"],"picked":"Deflect","floor":29.0},{"not_picked":["Cloak And Dagger","Infinite Blades+1"],"picked":"Footwork+1","floor":31.0},{"not_picked":["Corpse Explosion","Glass Knife"],"picked":"After Image+1","floor":33.0},{"not_picked":["Endless Agony","Blade Dance"],"picked":"Leg Sweep","floor":35.0},{"not_picked":["Swift Strike","Finesse"],"picked":"Sadistic Nature+1","floor":39.0},{"not_picked":["Panacea","Madness"],"picked":"Finesse","floor":39.0}],"player_experience":1479939,"relics_obtained":[{"floor":4.0,"key":"Frozen Egg 2"},{"floor":9.0,"key":"Happy Flower"},{"floor":26.0,"key":"Meat on the Bone"}],"event_choices":[{"damage_healed":0.0,"max_hp_gain":5.0,"max_hp_loss":0.0,"gold_gain":0.0,"event_name":"Big Fish","player_choice":"Donut","floor":2.0,"gold_loss":0.0,"damage_taken":0.0},{"cards_removed":["Strike_G"],"damage_healed":0.0,"max_hp_gain":0.0,"max_hp_loss":0.0,"gold_gain":0.0,"event_name":"Golden Wing","player_choice":"Card Removal","floor":3.0,"gold_loss":0.0,"damage_taken":7.0},{"damage_healed":0.0,"max_hp_gain":0.0,"max_hp_loss":0.0,"gold_gain":0.0,"cards_transformed":["Defend_G"],"event_name":"Transmorgrifier","player_choice":"Transformed","floor":7.0,"gold_loss":0.0,"damage_taken":0.0,"cards_obtained":["Backstab"]},{"cards_removed":["Strike_G"],"damage_healed":0.0,"max_hp_gain":0.0,"max_hp_loss":0.0,"gold_gain":0.0,"event_name":"Designer","player_choice":"Upgrade and Remove","floor":20.0,"gold_loss":110.0,"damage_taken":0.0,"cards_upgraded":["Strike_G"]},{"damage_healed":0.0,"max_hp_gain":0.0,"max_hp_loss":0.0,"gold_gain":0.0,"event_name":"WeMeetAgain","player_choice":"Gave Potion","floor":22.0,"gold_loss":0.0,"damage_taken":0.0,"relics_obtained":["Paper Crane"]},{"damage_healed":0.0,"max_hp_gain":0.0,"max_hp_loss":0.0,"gold_gain":999.0,"event_name":"MindBloom","player_choice":"Gold","floor":36.0,"gold_loss":0.0,"damage_taken":0.0,"cards_obtained":["Normality","Normality"]},{"damage_healed":0.0,"max_hp_gain":0.0,"max_hp_loss":0.0,"gold_gain":0.0,"event_name":"Winding Halls","player_choice":"Embrace Madness","floor":37.0,"gold_loss":0.0,"damage_taken":12.0,"cards_obtained":["Madness","Madness"]},{"damage_healed":0.0,"max_hp_gain":0.0,"max_hp_loss":0.0,"gold_gain":0.0,"event_name":"SensoryStone","player_choice":"Memory 3","floor":39.0,"gold_loss":0.0,"damage_taken":10.0}],"is_beta":false,"boss_relics":[{"not_picked":["Empty Cage","SlaversCollar"],"picked":"Sozu"},{"not_picked":["Ring of the Serpent","Philosopher\u0027s Stone"],"picked":"HoveringKite"}],"items_purged_floors":[5,38],"is_endless":false,"potions_floor_spawned":[11,16,18,33],"killed_by":"Nemesis","ascension_level":15}}