{"host":"j4g6ia6asvpyu2b0","time":1612305863,"event":{"mods":["BaseMod","Colored Map","Minty Spire (QoL Compilation)","Permanent Neow","Quick Restart","Relic Stats","StSLib","Unceasing Turn Reminder"],"gold_per_floor":[113,63,79,79,93,123,135,135,135,64,89,89,105,131,131,226,226,245,245,261,29,41,41,76,76,158,189,205,215,314,346,346,446,446,465,465,484,484,143,183,183,183,210,234,234,265,265,289,289,289,289],"floor_reached":50,"language":"ENG","playtime":1055,"items_purged":["Defend_R","Defend_R"],"score":658,"play_id":"847acfb6-276e-4f40-a032-0d22c58c583a","local_time":"20210202154423","is_ascension_mode":true,"campfire_choices":[{"data":"Bash","floor":8.0,"key":"SMITH"},{"data":"Inflame","floor":12.0,"key":"SMITH"},{"floor":15.0,"key":"DIG"},{"floor":23.0,"key":"DIG"},{"floor":25.0,"key":"DIG"},{"floor":32.0,"key":"DIG"},{"floor":42.0,"key":"DIG"},{"floor":45,"key":"DIG"},{"floor":47,"key":"DIG"},{"floor":49,"key":"RECALL"}],"circlet_count":0,"master_deck":["Bash+1","Twin Strike","Iron Wave","Pummel","Anger","Combust","Pommel Strike","Dropkick","Inflame+1","Hemokinesis+1","Pummel+1","Immolate+1","Demon Form","Spot Weakness","Bite+1","Bite+1","Bite+1","Bite+1","Bite+1","Sword Boomerang+1","Inflame","Thunderclap+1","Feed+1","Sword Boomerang+1","Headbutt+1","Pummel+1","Feed+1","Seeing Red+1","Shrug It Off+1","Impervious","Flying Knee+1","Study"],"relics":["Burning Blood","White Beast Statue","Molten Egg 2","Strawberry","Shovel","Regal Pillow","Fusion Hammer","Omamori","Darkstone Periapt","Orichalcum","Bottled Flame","Mercury Hourglass","Smiling Mask","Happy Flower","Bird Faced Urn","Coffee Dripper","WarpedTongs","PrismaticShard","Bag of Marbles","CeramicFish","Bottled Lightning","The Courier","Bronze Scales","Shuriken"],"acts_visited":["Exordium","TheCity","TheBeyond"],"potions_floor_usage":[],"damage_taken":[{"damage":1.0,"enemies":"Jaw Worm","floor":1.0,"turns":3.0},{"damage":5.0,"enemies":"2 Louse","floor":3.0,"turns":3.0},{"damage":0.0,"enemies":"Cultist","floor":5.0,"turns":2.0},{"damage":17.0,"enemies":"3 Sentries","floor":6.0,"turns":5.0},{"damage":10.0,"enemies":"Looter","floor":7.0,"turns":2.0},{"damage":16.0,"enemies":"Gremlin Nob","floor":11.0,"turns":3.0},{"damage":2.0,"enemies":"Exordium Thugs","floor":13.0,"turns":3.0},{"damage":2.0,"enemies":"Lagavulin","floor":14.0,"turns":3.0},{"damage":22.0,"enemies":"Slime Boss","floor":16.0,"turns":7.0},{"damage":0.0,"enemies":"Chosen","floor":18.0,"turns":3.0},{"damage":0.0,"enemies":"2 Thieves","floor":20.0,"turns":2.0},{"damage":10.0,"enemies":"Chosen and Byrds","floor":22.0,"turns":3.0},{"damage":29.0,"enemies":"Gremlin Leader","floor":24.0,"turns":5.0},{"damage":14.0,"enemies":"Slavers","floor":27.0,"turns":2.0},{"damage":5.0,"enemies":"Sentry and Sphere","floor":28.0,"turns":3.0},{"damage":12.0,"enemies":"Shelled Parasite and Fungi","floor":29.0,"turns":2.0},{"damage":20.0,"enemies":"Book of Stabbing","floor":31.0,"turns":3.0},{"damage":33.0,"enemies":"Automaton","floor":33.0,"turns":6.0},{"damage":0.0,"enemies":"3 Darklings","floor":35.0,"turns":1.0},{"damage":11.0,"enemies":"Orb Walker","floor":37.0,"turns":2.0},{"damage":22.0,"enemies":"Reptomancer","floor":40.0,"turns":4.0},{"damage":24,"enemies":"Maw","floor":44,"turns":5},{"damage":12,"enemies":"Giant Head","floor":46,"turns":5},{"damage":0,"enemies":"3 Darklings","floor":48,"turns":2},{"damage":104,"enemies":"Time Eater","floor":50,"turns":8}],"seed_played":"1701835041147583870","potions_obtained":[{"floor":1.0,"key":"Dexterity Potion"},{"floor":7.0,"key":"ElixirPotion"},{"floor":11.0,"key":"SneckoOil"},{"floor":14.0,"key":"Dexterity Potion"},{"floor":16.0,"key":"EssenceOfSteel"},{"floor":18.0,"key":"SneckoOil"},{"floor":20.0,"key":"Strength Potion"},{"floor":22.0,"key":"LiquidMemories"},{"floor":24.0,"key":"SteroidPotion"},{"floor":28.0,"key":"Fruit Juice"},{"floor":29.0,"key":"BlessingOfTheForge"},{"floor":35.0,"key":"BlessingOfTheForge"},{"floor":37.0,"key":"LiquidBronze"},{"floor":48,"key":"Swift Potion"}],"is_trial":false,"path_per_floor":["M","?","M","?","M","E","M","R","T","$","E","R","M","E","R","B",null,"M","?","M","$","M","R","E","R","T","E","M","M","?","E","R","B",null,"M","?","M","?","$","E","$","R","T","M","R","E","R","M","R","B"],"character_chosen":"IRONCLAD","items_purchased":["Inflame","Omamori","PrismaticShard","Bag of Marbles"],"campfire_rested":0,"item_purchase_floors":[10,21,39,39],"current_hp_per_floor":[72,72,72,72,72,61,57,57,57,57,54,54,58,62,62,46,79,79,55,55,55,55,55,44,44,44,36,52,56,56,51,51,45,68,72,72,70,70,70,57,57,57,57,60,60,72,72,72,72,0,0],"gold":289,"neow_bonus":"TRANSFORM_TWO_CARDS","is_daily":false,"chose_seed":false,"campfire_upgraded":2,"win_rate":0.0,"timestamp":1612305863,"path_taken":["M","?","M","?","M","E","M","R","T","$","E","R","?","E","R","BOSS","M","?","M","?","?","R","E","R","T","E","M","M","?","E","R","BOSS","M","?","?","?","$","E","$","R","T","M","R","E","R","M","R","BOSS"],"items_purchased_type":["Card","Relic","Relic","Relic"],"build_version":"2020-12-22","purchased_purges":2,"victory":false,"max_hp_per_floor":[72,72,72,72,72,72,72,72,72,72,79,79,79,79,79,79,79,79,55,55,55,55,55,55,55,55,55,64,68,68,68,68,68,68,72,72,72,72,72,72,72,72,72,72,72,72,72,72,72,72,72],"relic_stats":{"Darkstone Periapt":0,"Regal Pillow":0,"Happy Flower":[11],"counters":[25,87],"CeramicFish":27,"Orichalcum":[144],"Smiling Mask":50,"Burning Blood":106,"Mercury Hourglass":[153],"WarpedTongs":[24],"Shovel":7,"Shuriken":[4],"Bird Faced Urn":[28],"Bronze Scales":[33],"obtain_stats":[{"Darkstone Periapt":23,"Regal Pillow":15,"Happy Flower":31,"CeramicFish":40,"The Courier":45,"Omamori":21,"Orichalcum":24,"Smiling Mask":27,"PrismaticShard":39,"Burning Blood":0,"White Beast Statue":6,"Mercury Hourglass":26,"WarpedTongs":36,"Bottled Flame":25,"Shovel":14,"Shuriken":47,"Strawberry":11,"Bird Faced Urn":32,"Bronze Scales":46,"Molten Egg 2":9,"Fusion Hammer":17,"Coffee Dripper":34,"Bag of Marbles":39,"Bottled Lightning":42},{"Darkstone Periapt":12,"Regal Pillow":8,"Happy Flower":17,"CeramicFish":21,"The Courier":22,"Omamori":11,"Orichalcum":13,"Smiling Mask":14,"PrismaticShard":20,"Burning Blood":0,"White Beast Statue":4,"Mercury Hourglass":13,"WarpedTongs":19,"Bottled Flame":13,"Shovel":8,"Shuriken":23,"Strawberry":6,"Bird Faced Urn":17,"Bronze Scales":23,"Molten Egg 2":5,"Fusion Hammer":9,"Coffee Dripper":18,"Bag of Marbles":20,"Bottled Lightning":21},{"Darkstone Periapt":39,"Regal Pillow":24,"Happy Flower":54,"CeramicFish":67,"The Courier":72,"Omamori":36,"Orichalcum":44,"Smiling Mask":46,"PrismaticShard":63,"Burning Blood":0,"White Beast Statue":13,"Mercury Hourglass":44,"WarpedTongs":61,"Bottled Flame":44,"Shovel":24,"Shuriken":77,"Strawberry":18,"Bird Faced Urn":54,"Bronze Scales":77,"Molten Egg 2":15,"Fusion Hammer":31,"Coffee Dripper":60,"Bag of Marbles":63,"Bottled Lightning":67}]},"card_choices":[{"not_picked":["Headbutt","Twin Strike"],"picked":"Pummel","floor":1.0},{"not_picked":["Headbutt","Seeing Red"],"picked":"Anger","floor":3.0},{"not_picked":["Searing Blow","Perfected Strike"],"picked":"Combust","floor":5.0},{"not_picked":["Evolve","Seeing Red"],"picked":"Pommel Strike","floor":6.0},{"not_picked":["Armaments","Wild Strike"],"picked":"Dropkick","floor":7.0},{"not_picked":["True Grit","Rage"],"picked":"Hemokinesis+1","floor":11.0},{"not_picked":["Clash+1","True Grit"],"picked":"Pummel+1","floor":13.0},{"not_picked":["True Grit","Uppercut+1"],"picked":"Immolate+1","floor":14.0},{"not_picked":["Reaper+1","Barricade"],"picked":"Demon Form","floor":16.0},{"not_picked":["Wild Strike+1","Fire Breathing+1"],"picked":"Spot Weakness","floor":18.0},{"not_picked":["Twin Strike+1","Shrug It Off+1"],"picked":"Sword Boomerang+1","floor":20.0},{"not_picked":["Anger+1","Havoc"],"picked":"Inflame","floor":22.0},{"not_picked":["Shrug It Off","Combust"],"picked":"Thunderclap+1","floor":24.0},{"not_picked":["Clash+1","Infernal Blade"],"picked":"Feed+1","floor":27.0},{"not_picked":["Shrug It Off","Cleave+1"],"picked":"Sword Boomerang+1","floor":28.0},{"not_picked":["Cleave+1","Havoc"],"picked":"Headbutt+1","floor":29.0},{"not_picked":["Shrug It Off","Body Slam+1"],"picked":"Pummel+1","floor":31.0},{"not_picked":["Barricade","Double Tap"],"picked":"Feed+1","floor":33.0},{"not_picked":["Clash+1","Havoc"],"picked":"Seeing Red+1","floor":35.0},{"not_picked":["Ghostly Armor+1","Clash+1"],"picked":"Shrug It Off+1","floor":37.0},{"not_picked":["Dark Shackles","DeceiveReality"],"picked":"Impervious","floor":40.0},{"not_picked":["Underhanded Strike+1","Catalyst+1"],"picked":"Flying Knee+1","floor":44},{"not_picked":["Perfected Strike+1","Collect","Bane+1"],"picked":"SKIP","floor":46},{"not_picked":["Cleave+1","Hologram"],"picked":"Study","floor":48}],"player_experience":1111443,"relics_obtained":[{"floor":6.0,"key":"White Beast Statue"},{"floor":9.0,"key":"Molten Egg 2"},{"floor":11.0,"key":"Strawberry"},{"floor":14.0,"key":"Shovel"},{"floor":15.0,"key":"Regal Pillow"},{"floor":23.0,"key":"Darkstone Periapt"},{"floor":24.0,"key":"Orichalcum"},{"floor":25.0,"key":"Bottled Flame"},{"floor":26.0,"key":"Mercury Hourglass"},{"floor":27.0,"key":"Smiling Mask"},{"floor":31.0,"key":"Happy Flower"},{"floor":32.0,"key":"Bird Faced Urn"},{"floor":40.0,"key":"CeramicFish"},{"floor":42.0,"key":"Bottled Lightning"},{"floor":45,"key":"The Courier"},{"floor":46,"key":"Bronze Scales"},{"floor":47,"key":"Shuriken"}],"event_choices":[{"cards_removed":["Strike_R"],"damage_healed":0.0,"max_hp_gain":0.0,"max_hp_loss":0.0,"gold_gain":0.0,"event_name":"The Cleric","player_choice":"Card Removal","floor":2.0,"gold_loss":50.0,"damage_taken":0.0},{"cards_removed":["Defend_R"],"damage_healed":0.0,"max_hp_gain":0.0,"max_hp_loss":0.0,"gold_gain":0.0,"event_name":"Bonfire Elementals","player_choice":"Offered Basic","floor":4.0,"gold_loss":0.0,"damage_taken":0.0},{"damage_healed":0.0,"max_hp_gain":0.0,"max_hp_loss":24.0,"gold_gain":0.0,"event_name":"Vampires","player_choice":"Became a vampire","floor":19.0,"gold_loss":0.0,"damage_taken":0.0,"cards_obtained":["Bite","Bite","Bite","Bite","Bite"]},{"damage_healed":0.0,"max_hp_gain":0.0,"max_hp_loss":0.0,"gold_gain":99.0,"event_name":"Nest","player_choice":"Stole From Cult","floor":30.0,"gold_loss":0.0,"damage_taken":0.0},{"damage_healed":0.0,"max_hp_gain":0.0,"max_hp_loss":0.0,"gold_gain":0.0,"event_name":"Accursed Blacksmith","player_choice":"Rummage","floor":36.0,"gold_loss":0.0,"damage_taken":0.0,"relics_obtained":["WarpedTongs"],"cards_obtained":["Pain"]},{"cards_removed":["Defend_R"],"damage_healed":0.0,"max_hp_gain":0.0,"max_hp_loss":0.0,"gold_gain":0.0,"event_name":"Falling","player_choice":"Removed Skill","floor":38.0,"gold_loss":0.0,"damage_taken":0.0}],"is_beta":false,"boss_relics":[{"not_picked":["Mark of Pain","Runic Pyramid"],"picked":"Fusion Hammer"},{"not_picked":["Black Blood","Pandora\u0027s Box"],"picked":"Coffee Dripper"}],"items_purged_floors":[21,39],"is_endless":false,"potions_floor_spawned":[1,7,11,13,14,16,18,20,22,24,27,28,29,31,33,35,37,40,44,46,48],"killed_by":"Time Eater","ascension_level":1}}