{"host":"jcp2nz6q7v3b3vtq","time":1612280284,"event":{"mods":["BaseMod","Marisa????????","Minty Spire (QoL Compilation)","The Servant 0.9.4"],"gold_per_floor":[109,109,109,184,209,209,240,256,279,279,55,55,69,82,82,187,187,201,101,121,121,121,121,140,140,140,169,169,169,186,286,286,386,386,405,415,134,154,72,72,72,72],"floor_reached":41,"language":"ENG","playtime":1252,"items_purged":["Strike_MRS","StarDustReverie","Strike_MRS"],"score":432,"play_id":"0b1ee6c5-d271-47a4-9383-80d8bec2664a","local_time":"20210202163804","daily_mods":["Heirloom"],"is_ascension_mode":false,"campfire_choices":[{"data":"MasterSpark","floor":6,"key":"SMITH"},{"floor":10,"key":"REST"},{"data":"MysteriousBeam","floor":15,"key":"SMITH"},{"floor":23,"key":"REST"},{"data":"MysteriousBeam","floor":25,"key":"SMITH"},{"floor":28,"key":"REST"},{"floor":32,"key":"REST"},{"floor":40,"key":"DIG"}],"circlet_count":0,"master_deck":["Strike_MRS","Defend_MRS","Defend_MRS","Defend_MRS","Defend_MRS","MasterSpark+1","UpSweep","EarthLightRay","WitchLeyline","UnstableBomb","ManaConvection","MysteriousBeam+1","GrandCross","MysteriousBeam+1","GrandCross","EarthLightRay+1","MilkyWay+1","MagicChant+1","ManaRampage","CurseOfTheBell","WitchLeyline+1","Singularity"],"relics":["MiniHakkero","WingedGreaves","Anchor","Juzu Bracelet","Ancient Tea Set","Happy Flower","RampagingMagicTools","Pear","MealTicket","Bird Faced Urn","Meat on the Bone","Calling Bell","PreservedInsect","BreadOfAWashokuLover","Shovel","TheAbacus","Lantern"],"acts_visited":["Exordium","TheCity","TheBeyond"],"potions_floor_usage":[7,20,30,33,36,41,41],"damage_taken":[{"damage":0,"enemies":"Small Slimes","floor":1,"turns":3},{"damage":24,"enemies":"Lagavulin","floor":7,"turns":6},{"damage":0,"enemies":"2 Louse","floor":8,"turns":2},{"damage":1,"enemies":"Cultist","floor":13,"turns":3},{"damage":0,"enemies":"Blue Slaver","floor":14,"turns":2},{"damage":57,"enemies":"The Guardian","floor":16,"turns":7},{"damage":20,"enemies":"2 Thieves","floor":18,"turns":4},{"damage":0,"enemies":"3 Byrds","floor":20,"turns":4},{"damage":14,"enemies":"Centurion and Healer","floor":24,"turns":4},{"damage":33,"enemies":"Book of Stabbing","floor":27,"turns":4},{"damage":11,"enemies":"Chosen and Byrds","floor":30,"turns":5},{"damage":3,"enemies":"Colosseum Slavers","floor":31,"turns":2},{"damage":23,"enemies":"Colosseum Nobs","floor":31,"turns":4},{"damage":79,"enemies":"Collector","floor":33,"turns":7},{"damage":0,"enemies":"Orb Walker","floor":35,"turns":1},{"damage":0,"enemies":"3 Darklings","floor":36,"turns":2},{"damage":0,"enemies":"Spire Growth","floor":38,"turns":1},{"damage":119,"enemies":"Reptomancer","floor":41,"turns":3}],"seed_played":"3569525690047762776","potions_obtained":[{"floor":1,"key":"Weak Potion"},{"floor":8,"key":"Energy Potion"},{"floor":16,"key":"ShroomBrew"},{"floor":18,"key":"ColorlessPotion"},{"floor":27,"key":"LiquidMemories"},{"floor":33,"key":"Dexterity Potion"},{"floor":38,"key":"SkillPotion"}],"is_trial":true,"path_per_floor":["M","?","?","?","T","R","E","M","T","R","$","?","M","M","R","B",null,"M","$","M","?","?","R","M","R","T","E","R","?","M","?","R","B",null,"M","M","$","M","$","R","E"],"character_chosen":"MARISA","items_purchased":["Happy Flower","TheAbacus","Singularity"],"campfire_rested":4,"item_purchase_floors":[11,37,39],"current_hp_per_floor":[75,80,80,69,69,69,49,49,49,73,73,73,76,80,80,27,80,64,64,68,53,53,78,68,68,78,55,83,83,76,66,94,33,95,95,95,95,95,95,95,0,0],"gold":72,"neow_bonus":"","is_daily":false,"chose_seed":false,"campfire_upgraded":3,"win_rate":0.0,"timestamp":1612280284,"path_taken":["M","?","?","?","?","R","E","M","T","R","$","?","M","M","R","BOSS","M","$","M","?","?","R","M","R","T","E","R","?","M","?","R","BOSS","M","M","$","M","$","R","E"],"items_purchased_type":["Relic","Relic","Card"],"build_version":"2020-12-22","purchased_purges":3,"victory":false,"max_hp_per_floor":[75,80,80,80,80,80,80,80,80,80,80,80,80,80,80,80,80,80,80,80,85,85,85,85,85,95,95,95,95,95,95,95,95,95,95,95,95,95,95,95,95,95],"card_choices":[{"not_picked":["FairyDestructionRay","SprinkleStarSeal"],"picked":"EarthLightRay","floor":1},{"not_picked":["SporeBomb","IllusionStar"],"picked":"UnstableBomb","floor":7},{"not_picked":["EnergyRecoil","DC"],"picked":"ManaConvection","floor":8},{"not_picked":["AsteroidBelt","MaximisePower"],"picked":"MysteriousBeam","floor":13},{"not_picked":["Orbital","AsteroidBelt"],"picked":"GrandCross","floor":14},{"not_picked":["CollectingQuirk","AbsoluteMagnitude"],"picked":"StarDustReverie","floor":16},{"not_picked":["EnergyFlow","AsteroidBelt"],"picked":"MysteriousBeam","floor":18},{"not_picked":["AsteroidBelt","MilkyWay"],"picked":"GrandCross","floor":20},{"not_picked":["BlazeAway","AsteroidBelt"],"picked":"EarthLightRay+1","floor":24},{"not_picked":["DoubleSpark","OrrerysSun"],"picked":"MilkyWay","floor":27},{"not_picked":["DoubleSpark","AsteroidBelt","GasGiant"],"picked":"SKIP","floor":30},{"not_picked":["EnergyFlow","AbsoluteMagnitude"],"picked":"MagicChant+1","floor":31},{"not_picked":["MaximisePower","FinalSpark"],"picked":"ManaRampage","floor":33},{"not_picked":["EnergyRecoil","DC+1"],"picked":"WitchLeyline+1","floor":35},{"not_picked":["MilkyWay","MeteoricShower","Robbery"],"picked":"SKIP","floor":36},{"not_picked":["DarkMatter+1","WitchOfGreed","MilkyWay"],"picked":"SKIP","floor":38}],"player_experience":27055,"relics_obtained":[{"floor":5,"key":"Anchor"},{"floor":7,"key":"Juzu Bracelet"},{"floor":9,"key":"Ancient Tea Set"},{"floor":26,"key":"Pear"},{"floor":27,"key":"MealTicket"},{"floor":31,"key":"Bird Faced Urn"},{"floor":31,"key":"Meat on the Bone"},{"floor":34,"key":"PreservedInsect"},{"floor":34,"key":"BreadOfAWashokuLover"},{"floor":34,"key":"Shovel"},{"floor":40,"key":"Lantern"}],"event_choices":[{"damage_healed":0,"gold_gain":0,"player_choice":"Donut","damage_taken":0,"max_hp_gain":5,"max_hp_loss":0,"event_name":"Big Fish","floor":2,"gold_loss":0},{"damage_healed":0,"gold_gain":0,"cards_transformed":["Strike_MRS"],"player_choice":"Change","damage_taken":0,"max_hp_gain":0,"max_hp_loss":0,"event_name":"Living Wall","floor":3,"gold_loss":0,"cards_obtained":["WitchLeyline"]},{"damage_healed":0,"gold_gain":75,"player_choice":"Gather Gold","damage_taken":11,"max_hp_gain":0,"max_hp_loss":0,"event_name":"World of Goop","floor":4,"gold_loss":0},{"damage_healed":0,"gold_gain":0,"player_choice":"Ignored","damage_taken":0,"max_hp_gain":0,"max_hp_loss":0,"event_name":"Liars Game","floor":12,"gold_loss":0},{"damage_healed":0,"gold_gain":0,"player_choice":"Shed Blood","damage_taken":20,"max_hp_gain":5,"max_hp_loss":0,"event_name":"Forgotten Altar","floor":21,"gold_loss":0},{"damage_healed":0,"gold_gain":0,"player_choice":"Ignored","damage_taken":0,"max_hp_gain":0,"max_hp_loss":0,"event_name":"Vampires","floor":22,"gold_loss":0},{"damage_healed":0,"gold_gain":0,"player_choice":"Upgraded","damage_taken":0,"max_hp_gain":0,"max_hp_loss":0,"event_name":"Upgrade Shrine","floor":29,"gold_loss":0,"cards_upgraded":["MilkyWay"]},{"damage_healed":0,"gold_gain":0,"player_choice":"Fight","damage_taken":0,"max_hp_gain":0,"max_hp_loss":0,"event_name":"Colosseum","floor":31,"gold_loss":0},{"damage_healed":0,"gold_gain":0,"player_choice":"Fought Nobs","damage_taken":0,"max_hp_gain":0,"max_hp_loss":0,"event_name":"Colosseum","floor":31,"gold_loss":0}],"is_beta":false,"boss_relics":[{"not_picked":["Busted Crown","Pandora\u0027s Box"],"picked":"RampagingMagicTools"},{"not_picked":["Empty Cage","Sozu"],"picked":"Calling Bell"}],"items_purged_floors":[11,19,37],"is_endless":false,"potions_floor_spawned":[1,8,16,18,27,33,38],"killed_by":"Reptomancer","ascension_level":0}}