{"host":"rantoq7h0pygex6x","time":1612275066,"event":{"mods":["AchievementEnabler","BaseMod","BetterRewards","Minty Spire (QoL Compilation)"],"gold_per_floor":[113,127,137,137,137,137,148,148,148,19,0,40,40,63,63,156,156,176,154,204,254,254,254],"floor_reached":22,"language":"ENG","playtime":740,"items_purged":["Strike_B","Strike_B"],"score":568,"play_id":"9e74d823-e9be-4938-b75f-006ce1fe6892","local_time":"20210202221106","is_ascension_mode":true,"campfire_choices":[{"data":"White Noise","floor":6.0,"key":"SMITH"},{"floor":15.0,"key":"REST"}],"circlet_count":0,"master_deck":["AscendersBane","Strike_B","Strike_B","Defend_B","Defend_B","Defend_B","Defend_B","Zap","Dualcast","BootSequence","Defragment+1","White Noise+1","Skim","Streamline","Static Discharge","Capacitor","Gash","Conserve Battery","Echo Form","Stack","Storm+1","Necronomicurse"],"relics":["Cracked Core","Singing Bowl","Golden Idol","Cables","Juzu Bracelet","SsserpentHead","SlaversCollar","Necronomicon"],"acts_visited":["Exordium","TheCity"],"potions_floor_usage":[],"damage_taken":[{"damage":0.0,"enemies":"Small Slimes","floor":1.0,"turns":3.0},{"damage":0.0,"enemies":"2 Louse","floor":2.0,"turns":2.0},{"damage":4.0,"enemies":"Jaw Worm","floor":3.0,"turns":4.0},{"damage":6.0,"enemies":"3 Louse","floor":7.0,"turns":3.0},{"damage":15.0,"enemies":"3 Sentries","floor":12.0,"turns":4.0},{"damage":0.0,"enemies":"Looter","floor":14.0,"turns":3.0},{"damage":28.0,"enemies":"Slime Boss","floor":16.0,"turns":7.0},{"damage":27.0,"enemies":"Shell Parasite","floor":18.0,"turns":7.0},{"damage":2.0,"enemies":"2 Thieves","floor":19.0,"turns":4.0},{"damage":8,"enemies":"Snake Plant","floor":22,"turns":2}],"seed_played":"-996450987733372047","potions_obtained":[{"floor":1.0,"key":"PotionOfCapacity"},{"floor":14.0,"key":"SkillPotion"},{"floor":16.0,"key":"FocusPotion"},{"floor":18.0,"key":"GamblersBrew"},{"floor":19.0,"key":"SteroidPotion"}],"is_trial":false,"path_per_floor":["M","M","M","?","?","R","M","?","T","$","?","E","?","M","R","B",null,"M","M","?","?","M"],"character_chosen":"DEFECT","items_purchased":["BootSequence","Defragment","White Noise","Gash"],"campfire_rested":1,"item_purchase_floors":[0,0,0,10],"current_hp_per_floor":[49,49,45,40,40,40,34,34,34,34,34,19,19,21,40,12,53,26,24,24,3,0,0],"gold":254,"neow_bonus":"","is_daily":false,"chose_seed":false,"campfire_upgraded":1,"win_rate":0.0,"timestamp":1612275066,"path_taken":["M","M","M","?","?","R","?","?","T","$","?","E","?","M","R","BOSS","M","M","?","?","M"],"items_purchased_type":["Card","Card","Card","Card"],"build_version":"2020-12-22","purchased_purges":2,"victory":false,"max_hp_per_floor":[71,71,71,71,71,71,71,64,64,64,64,64,64,66,66,66,66,66,66,66,66,66,66],"card_choices":[{"not_picked":["Doom and Gloom","Steam Power"],"picked":"Skim","floor":1.0},{"not_picked":["Go for the Eyes","Leap"],"picked":"Streamline","floor":2.0},{"not_picked":["Doom and Gloom","Turbo"],"picked":"Static Discharge","floor":3.0},{"not_picked":["Turbo","Undo"],"picked":"Capacitor","floor":7.0},{"not_picked":["Turbo","Rebound"],"picked":"Conserve Battery","floor":12.0},{"not_picked":["Go for the Eyes","Reboot","Conserve Battery"],"picked":"Singing Bowl","floor":14.0},{"not_picked":["Multi-Cast","Amplify"],"picked":"Echo Form","floor":16.0},{"not_picked":["Hologram","Reinforced Body"],"picked":"Stack","floor":18.0},{"not_picked":["Rip and Tear","Turbo"],"picked":"Storm+1","floor":19.0}],"player_experience":974259,"relics_obtained":[{"floor":9.0,"key":"Cables"},{"floor":12.0,"key":"Juzu Bracelet"},{"floor":21,"key":"Necronomicon"}],"event_choices":[{"damage_healed":0.0,"max_hp_gain":0.0,"max_hp_loss":0.0,"gold_gain":0.0,"event_name":"Scrap Ooze","player_choice":"Success","floor":4.0,"gold_loss":0.0,"damage_taken":5.0,"relics_obtained":["Singing Bowl"]},{"damage_healed":0.0,"max_hp_gain":0.0,"max_hp_loss":0.0,"gold_gain":0.0,"event_name":"Living Wall","player_choice":"Grow","floor":5.0,"gold_loss":0.0,"damage_taken":0.0,"cards_upgraded":["Defragment"]},{"damage_healed":0.0,"max_hp_gain":0.0,"max_hp_loss":7.0,"gold_gain":0.0,"event_name":"Golden Idol","player_choice":"Lose Max HP","floor":8.0,"gold_loss":0.0,"damage_taken":0.0,"relics_obtained":["Golden Idol"]},{"damage_healed":0.0,"max_hp_gain":0.0,"max_hp_loss":0.0,"gold_gain":0.0,"event_name":"World of Goop","player_choice":"Left Gold","floor":11.0,"gold_loss":19.0,"damage_taken":0.0},{"damage_healed":0.0,"max_hp_gain":0.0,"max_hp_loss":0.0,"gold_gain":0.0,"event_name":"FaceTrader","player_choice":"Trade","floor":13.0,"gold_loss":0.0,"damage_taken":0.0,"relics_obtained":["SsserpentHead"]},{"damage_healed":0,"gold_gain":0,"player_choice":"0 cards matched","damage_taken":0,"max_hp_gain":0,"max_hp_loss":0,"event_name":"Match and Keep!","floor":20,"gold_loss":0,"cards_obtained":[]},{"damage_healed":0,"gold_gain":0,"player_choice":"Obtained Book","damage_taken":21,"max_hp_gain":0,"max_hp_loss":0,"event_name":"Cursed Tome","floor":21,"gold_loss":0}],"is_beta":false,"boss_relics":[{"not_picked":["Fusion Hammer","Pandora\u0027s Box"],"picked":"SlaversCollar"}],"items_purged_floors":[0,10],"is_endless":false,"potions_floor_spawned":[1,14,16,18,19],"killed_by":"Snake Plant","ascension_level":20}}