{"host":"d6gsnuetzz7j8con","time":1612245749,"event":{"mods":["AchievementEnabler","BaseMod","Better Altar","Better Match","Better Note","Better Sensory Stone","Better Skull","Better Third Choice","BetterRewards","Evolution","Minty Spire (QoL Compilation)","Remove Card Discount Mod","StSLib"],"gold_per_floor":[115,290,255,255,269,369,407,426,449,467,483,508,542,562,562,691,691,714,739,739,758,777,811,811,811,881,897,929,929,929,929],"floor_reached":30,"language":"ENG","playtime":5031,"items_purged":[],"score":359,"play_id":"fef3523a-b78e-4ffb-9487-749ac771911d","local_time":"20210202010229","is_ascension_mode":false,"campfire_choices":[{"floor":15,"key":"REST"},{"floor":24,"key":"RECALL"}],"circlet_count":0,"master_deck":["Cold Snap","Cold Snap","Cold Snap","Cold Snap","Conserve Battery","Conserve Battery","Defend_B","Defend_B","Zap","Dualcast","Double Energy","Apotheosis","Reboot","Heatsinks","Leap","Go for the Eyes","Ball Lightning","Defragment","Fusion","Seek","Creative AI","Redo","Reboot","Capacitor+1","Gash+1","DeusExMachina+1","Loop","Beam Cell+1","BootSequence+1","Regret","BootSequence","Redo+1","Echo Form"],"relics":["Cracked Core","EVO:Axolotl","Oddly Smooth Stone","Omamori","CultistMask","Ginger","Strange Spoon","FaceOfCleric","Bloody Idol","Darkstone Periapt","betterAltar:BloodRelic","Pear","Cursed Key","Matryoshka","Tiny Chest","Pantograph"],"acts_visited":["Exordium","TheCity"],"potions_floor_usage":[8,12,16,23],"damage_taken":[{"damage":0,"enemies":"Small Slimes","floor":1,"turns":3},{"damage":5,"enemies":"2 Louse","floor":5,"turns":2},{"damage":53,"enemies":"Gremlin Nob","floor":7,"turns":6},{"damage":0,"enemies":"Cultist","floor":8,"turns":3},{"damage":0,"enemies":"Lots of Slimes","floor":10,"turns":4},{"damage":0,"enemies":"Exordium Wildlife","floor":11,"turns":4},{"damage":1,"enemies":"Red Slaver","floor":12,"turns":5},{"damage":6,"enemies":"Lagavulin","floor":13,"turns":5},{"damage":0,"enemies":"Large Slime","floor":14,"turns":3},{"damage":24,"enemies":"The Guardian","floor":16,"turns":8},{"damage":0,"enemies":"Shell Parasite","floor":18,"turns":4},{"damage":1,"enemies":"3 Byrds","floor":19,"turns":5},{"damage":8,"enemies":"Shelled Parasite and Fungi","floor":21,"turns":5},{"damage":13,"enemies":"Snecko","floor":22,"turns":5},{"damage":33,"enemies":"Slavers","floor":23,"turns":4},{"damage":0,"enemies":"Centurion and Healer","floor":27,"turns":6},{"damage":11,"enemies":"Book of Stabbing","floor":28,"turns":6},{"damage":51,"enemies":"Cultist and Chosen","floor":30,"turns":6}],"seed_played":"8323285318057330751","potions_obtained":[{"floor":1,"key":"DuplicationPotion"},{"floor":7,"key":"Regen Potion"},{"floor":8,"key":"LiquidBronze"},{"floor":11,"key":"Fruit Juice"},{"floor":14,"key":"Swift Potion"},{"floor":16,"key":"LiquidMemories"},{"floor":19,"key":"FearPotion"},{"floor":23,"key":"LiquidBronze"},{"floor":27,"key":"CultistPotion"}],"is_trial":false,"path_per_floor":["M","?","?","?","M","?","E","M","T","M","M","M","E","M","R","B",null,"M","M","?","M","M","E","R","?","T","M","E","?","M"],"character_chosen":"DEFECT","items_purchased":["Strange Spoon","Apotheosis","Reboot"],"campfire_rested":1,"item_purchase_floors":[0,0,0],"current_hp_per_floor":[40,40,59,59,55,55,3,13,13,16,19,26,33,36,65,44,100,101,101,101,95,85,55,55,49,60,70,69,47,0,0],"gold":929,"neow_bonus":"","is_daily":false,"chose_seed":false,"campfire_upgraded":0,"win_rate":0.0,"timestamp":1612245749,"path_taken":["M","?","?","?","M","?","E","M","T","?","?","M","E","M","R","BOSS","M","?","?","?","M","E","R","?","T","M","E","?","?"],"items_purchased_type":["Relic","Card","Card"],"build_version":"2020-12-22","purchased_purges":0,"victory":false,"max_hp_per_floor":[76,76,76,76,77,77,78,79,79,80,81,87,98,99,99,100,100,101,102,102,103,104,105,105,105,111,112,113,113,113,113],"card_choices":[{"not_picked":["Leap","Fusion"],"picked":"Heatsinks","floor":1},{"not_picked":["Undo","Scrape"],"picked":"Leap","floor":5},{"not_picked":["Barrage","Rebound"],"picked":"Go for the Eyes","floor":7},{"not_picked":["Turbo","Compile Driver"],"picked":"Ball Lightning","floor":8},{"not_picked":["Sweeping Beam","Coolheaded"],"picked":"Defragment","floor":10},{"not_picked":["Beam Cell","Compile Driver"],"picked":"Fusion","floor":11},{"not_picked":["Stack","Chill"],"picked":"Seek","floor":12},{"not_picked":["Doom and Gloom","Static Discharge"],"picked":"Creative AI","floor":13},{"not_picked":["Sweeping Beam","Streamline"],"picked":"Redo","floor":14},{"not_picked":["All For One","Machine Learning"],"picked":"Reboot","floor":16},{"not_picked":["Barrage","Defragment"],"picked":"Capacitor+1","floor":18},{"not_picked":["Barrage","Sweeping Beam"],"picked":"Gash+1","floor":19},{"not_picked":["Sweeping Beam","Steam"],"picked":"Loop","floor":21},{"not_picked":["Stack","Redo"],"picked":"Beam Cell+1","floor":22},{"not_picked":["Reboot","Hologram"],"picked":"BootSequence+1","floor":23},{"not_picked":["Leap","Barrage"],"picked":"BootSequence","floor":27},{"not_picked":["Heatsinks+1","Streamline"],"picked":"Redo+1","floor":28}],"player_experience":82709,"relics_obtained":[{"floor":7,"key":"Darkstone Periapt"},{"floor":9,"key":"Blood Vial"},{"floor":13,"key":"Pear"},{"floor":23,"key":"Matryoshka"},{"floor":26,"key":"Tiny Chest"},{"floor":28,"key":"Pantograph"}],"event_choices":[{"damage_healed":0,"gold_gain":175,"player_choice":"AGREE","damage_taken":115,"max_hp_gain":0,"max_hp_loss":0,"event_name":"betterThird:BetterSerpent","floor":2,"gold_loss":0},{"damage_healed":19,"gold_gain":0,"player_choice":"Healed","damage_taken":0,"max_hp_gain":0,"max_hp_loss":0,"event_name":"The Cleric","floor":3,"gold_loss":35},{"damage_healed":0,"gold_gain":0,"player_choice":"Take Wound","damage_taken":0,"relics_obtained":["Golden Idol"],"max_hp_gain":0,"max_hp_loss":0,"event_name":"Golden Idol","floor":4,"gold_loss":0,"cards_obtained":["Injury"]},{"damage_healed":0,"gold_gain":100,"player_choice":"Gold","damage_taken":0,"max_hp_gain":0,"max_hp_loss":0,"event_name":"Wheel of Change","floor":6,"gold_loss":0},{"cards_removed":["Creative AI"],"damage_healed":0,"gold_gain":0,"player_choice":"Take \u0026 Give","damage_taken":0,"max_hp_gain":0,"max_hp_loss":0,"event_name":"betterNote:BetterNote","floor":20,"gold_loss":0,"cards_obtained":["DeusExMachina"]},{"damage_healed":0,"gold_gain":0,"player_choice":" GoldIdol RottenVial ","damage_taken":6,"relics_obtained":["Bloody Idol","betterAltar:BloodRelic"],"max_hp_gain":55,"max_hp_loss":49,"event_name":"betterAltar:BetterAltar","floor":25,"potions_obtained":[],"relics_lost":["Golden Idol","Blood Vial"],"gold_loss":0},{"damage_healed":0,"gold_gain":2,"player_choice":"2","damage_taken":0,"max_hp_gain":0,"max_hp_loss":22,"event_name":"betterStone:BetterStone","floor":29,"gold_loss":0}],"is_beta":false,"boss_relics":[{"not_picked":["SacredBark","Runic Dome"],"picked":"Cursed Key"}],"items_purged_floors":[],"is_endless":false,"potions_floor_spawned":[1,7,8,11,14,16,19,23,27],"killed_by":"Cultist and Chosen","ascension_level":0}}