{"host":"wuernuywc9gl215o","time":1612263233,"event":{"mods":["AchievementEnabler","BaseMod","Block Reminder","Highlight Path","Key Reminder","Minty Spire (QoL Compilation)","Permanent Neow","Potion Indicator Mod","Quick Restart","Relic Stats"],"gold_per_floor":[13,31,31,43,55,55,87,102,127,169,181,208,251,263,275,382,394,420,448,460,489,501,547,570,596,631,568,580,619,631,654,666,774,786,816,828,867,879,891,903,1249,1280,1292,1317,1346,1389,806,816,816,816,816,816,137,172,172,172],"floor_reached":55,"language":"ENG","playtime":3761,"items_purged":["Writhe","Strike_G"],"score":1512,"play_id":"2e43ac4c-5cb9-4af2-9d5f-883204cb3e63","local_time":"20210202105353","is_ascension_mode":true,"campfire_choices":[{"data":"Catalyst","floor":6.0,"key":"SMITH"},{"data":"Catalyst","floor":15.0,"key":"SMITH"},{"data":"Venomology","floor":28.0,"key":"SMITH"},{"floor":32.0,"key":"REST"},{"data":"Tools of the Trade","floor":40.0,"key":"SMITH"},{"floor":49.0,"key":"RECALL"},{"data":"Tactician","floor":52.0,"key":"SMITH"}],"circlet_count":0,"master_deck":["AscendersBane","Strike_G","Defend_G","Defend_G","Defend_G","Defend_G+1","Defend_G","Survivor","Neutralize","Catalyst+1","Deadly Poison","Unload","Escape Plan","Leg Sweep","Deadly Poison","Catalyst+1","PiercingWail","Bouncing Flask","Bane","Backflip","Sucker Punch","Corpse Explosion","Outmaneuver","Flechettes+1","Footwork","Calculated Gamble","Glass Knife","Deflect","Slice","Venomology+1","Outmaneuver","Catalyst+1","Corpse Explosion","Underhanded Strike","Tools of the Trade+1","Noxious Fumes","Concentrate","Blur+1","Tactician+1","Footwork","Master of Strategy","Prepared+1","Apotheosis","Malaise+1"],"relics":["Ring of the Snake","Prayer Wheel","Paper Crane","MawBank","MealTicket","Orichalcum","Blood Vial","Runic Pyramid","Anchor","Bag of Preparation","Tiny Chest","Matryoshka","Cursed Key","Bag of Marbles","Omamori","Old Coin","Art of War","Tough Bandages","Frozen Eye","Boot","War Paint","Shuriken"],"acts_visited":["Exordium","TheCity","TheBeyond","TheEnding"],"potions_floor_usage":[55,55,55,55,55,55,55],"damage_taken":[{"damage":3.0,"enemies":"Small Slimes","floor":1.0,"turns":5.0},{"damage":0.0,"enemies":"Cultist","floor":2.0,"turns":4.0},{"damage":0.0,"enemies":"2 Louse","floor":4.0,"turns":3.0},{"damage":3.0,"enemies":"Looter","floor":5.0,"turns":2.0},{"damage":10.0,"enemies":"Lagavulin","floor":7.0,"turns":5.0},{"damage":3.0,"enemies":"2 Fungi Beasts","floor":8.0,"turns":3.0},{"damage":16.0,"enemies":"3 Sentries","floor":10.0,"turns":9.0},{"damage":0.0,"enemies":"Large Slime","floor":12.0,"turns":4.0},{"damage":0.0,"enemies":"Gremlin Nob","floor":13.0,"turns":2.0},{"damage":16.0,"enemies":"The Guardian","floor":16.0,"turns":5.0},{"damage":0.0,"enemies":"Chosen","floor":18.0,"turns":4.0},{"damage":0.0,"enemies":"Shell Parasite","floor":19.0,"turns":3.0},{"damage":0.0,"enemies":"3 Cultists","floor":21.0,"turns":3.0},{"damage":14.0,"enemies":"Gremlin Leader","floor":23.0,"turns":5.0},{"damage":0.0,"enemies":"Snake Plant","floor":24.0,"turns":2.0},{"damage":10.0,"enemies":"Shelled Parasite and Fungi","floor":25.0,"turns":5.0},{"damage":10.0,"enemies":"Book of Stabbing","floor":29.0,"turns":4.0},{"damage":3.0,"enemies":"Chosen and Byrds","floor":31.0,"turns":5.0},{"damage":0.0,"enemies":"Champ","floor":33.0,"turns":6.0},{"damage":3.0,"enemies":"Orb Walker","floor":35.0,"turns":3.0},{"damage":0.0,"enemies":"Reptomancer","floor":41.0,"turns":3.0},{"damage":21.0,"enemies":"3 Darklings","floor":42.0,"turns":5.0},{"damage":7.0,"enemies":"Writhing Mass","floor":44.0,"turns":4.0},{"damage":0.0,"enemies":"Transient","floor":45.0,"turns":5.0},{"damage":1.0,"enemies":"Giant Head","floor":46.0,"turns":5.0},{"damage":0.0,"enemies":"Sphere and 2 Shapes","floor":48.0,"turns":3.0},{"damage":0.0,"enemies":"Donu and Deca","floor":50.0,"turns":2.0},{"damage":24.0,"enemies":"Shield and Spear","floor":54.0,"turns":5.0},{"damage":73,"enemies":"The Heart","floor":55,"turns":5}],"seed_played":"-5565007094988393904","potions_obtained":[{"floor":2.0,"key":"BlessingOfTheForge"},{"floor":5.0,"key":"Energy Potion"},{"floor":12.0,"key":"DistilledChaos"},{"floor":23.0,"key":"LiquidBronze"},{"floor":24.0,"key":"BlessingOfTheForge"},{"floor":29.0,"key":"Weak Potion"},{"floor":35.0,"key":"AttackPotion"},{"floor":41.0,"key":"Regen Potion"}],"is_trial":false,"path_per_floor":["M","M","?","M","M","R","E","M","T","E","$","M","E","?","R","B",null,"M","M","?","M","?","E","M","M","T","?","R","E","?","M","R","B",null,"M","?","T","?","?","R","E","M","T","M","M","E","$","M","R","B",null,"R","$","E","B"],"character_chosen":"THE_SILENT","items_purchased":["Footwork","Frozen Eye","Boot","Master of Strategy","Apotheosis","Malaise","War Paint","EntropicBrew"],"campfire_rested":1,"item_purchase_floors":[47,47,47,47,53,53,53,53],"current_hp_per_floor":[60,60,60,60,57,57,47,44,44,28,43,43,43,43,43,29,60,62,64,64,66,66,54,56,48,48,48,48,40,27,26,48,50,69,68,68,68,75,75,75,75,68,68,63,65,66,75,75,75,75,75,75,75,51,0,0],"gold":172,"neow_bonus":"ONE_RARE_RELIC","is_daily":false,"chose_seed":false,"campfire_upgraded":5,"win_rate":0.0,"timestamp":1612263233,"path_taken":["M","M","?","M","M","R","E","?","T","E","?","M","E","?","R","BOSS","M","M","?","M","?","E","M","?","T","?","R","E","?","M","R","BOSS","M","?","?","?","?","R","E","M","T","M","M","E","$","M","R","BOSS","R","$","E","BOSS"],"items_purchased_type":["Card","Relic","Relic","Card","Card","Card","Relic","Potion"],"build_version":"2020-12-22","purchased_purges":2,"victory":false,"max_hp_per_floor":[70,70,70,70,70,70,70,70,70,70,70,70,70,70,70,70,70,70,70,70,70,70,70,70,70,70,70,70,70,75,75,75,75,75,75,75,75,75,75,75,75,75,75,75,75,75,75,75,75,75,75,75,75,75,75,75],"relic_stats":{"counters":[29,119],"Bag of Preparation":[30],"Orichalcum":[168],"War Paint":["Defend_G","Malaise"],"MawBank":456,"Cursed Key":2,"Boot":[7],"Blood Vial":30,"Tough Bandages":[75],"Shuriken":[0],"Prayer Wheel":17,"MealTicket":24,"Tiny Chest":1,"Art of War":[7],"obtain_stats":[{"Bag of Preparation":23,"Omamori":37,"Paper Crane":7,"Orichalcum":13,"War Paint":53,"MawBank":9,"Cursed Key":34,"Boot":47,"Old Coin":41,"Blood Vial":14,"keyreminder:keyreminder":29,"Frozen Eye":47,"Anchor":20,"Tough Bandages":46,"Matryoshka":29,"Shuriken":54,"Prayer Wheel":0,"MealTicket":10,"Tiny Chest":26,"Bag of Marbles":37,"Art of War":43,"Ring of the Snake":0,"Runic Pyramid":17},{"Bag of Preparation":14,"Omamori":20,"Paper Crane":5,"Orichalcum":9,"War Paint":27,"MawBank":6,"Cursed Key":19,"Boot":25,"Old Coin":21,"Blood Vial":9,"keyreminder:keyreminder":17,"Frozen Eye":25,"Anchor":12,"Tough Bandages":25,"Matryoshka":17,"Shuriken":28,"Prayer Wheel":0,"MealTicket":7,"Tiny Chest":16,"Bag of Marbles":20,"Art of War":22,"Ring of the Snake":0,"Runic Pyramid":10},{"Bag of Preparation":57,"Omamori":82,"Paper Crane":19,"Orichalcum":37,"War Paint":109,"MawBank":22,"Cursed Key":79,"Boot":104,"Old Coin":85,"Blood Vial":37,"keyreminder:keyreminder":68,"Frozen Eye":104,"Anchor":49,"Tough Bandages":104,"Matryoshka":68,"Shuriken":114,"Prayer Wheel":0,"MealTicket":31,"Tiny Chest":64,"Bag of Marbles":82,"Art of War":90,"Ring of the Snake":0,"Runic Pyramid":42}],"Ring of the Snake":[58]},"card_choices":[{"not_picked":["Acrobatics","Deflect"],"picked":"Catalyst","floor":1.0},{"not_picked":["Dagger Throw","Deflect"],"picked":"Deadly Poison","floor":1.0},{"not_picked":["Reflex","Dodge and Roll"],"picked":"Unload","floor":2.0},{"not_picked":["Dodge and Roll","Infinite Blades"],"picked":"Escape Plan","floor":2.0},{"not_picked":["Dodge and Roll","Dagger Throw"],"picked":"Deadly Poison","floor":4.0},{"not_picked":["Poisoned Stab","All Out Attack"],"picked":"Catalyst","floor":4.0},{"not_picked":["Underhanded Strike","Catalyst"],"picked":"PiercingWail","floor":5.0},{"not_picked":["Expertise","Escape Plan","Eviscerate"],"picked":"SKIP","floor":5.0},{"not_picked":["Slice","Riddle With Holes"],"picked":"Bouncing Flask","floor":7.0},{"not_picked":["Backflip","Accuracy"],"picked":"Bane","floor":8.0},{"not_picked":["Sucker Punch","Outmaneuver","Underhanded Strike"],"picked":"SKIP","floor":8.0},{"not_picked":["Escape Plan","Sucker Punch","Tactician"],"picked":"SKIP","floor":10.0},{"not_picked":["Deflect","Envenom"],"picked":"Backflip","floor":12.0},{"not_picked":["Backflip","Riddle With Holes"],"picked":"Skewer","floor":12.0},{"not_picked":["Outmaneuver","Quick Slash"],"picked":"Sucker Punch","floor":13.0},{"not_picked":["Envenom","Wraith Form v2"],"picked":"Corpse Explosion","floor":16.0},{"not_picked":["Prepared","Poisoned Stab"],"picked":"Outmaneuver","floor":18.0},{"not_picked":["Dodge and Roll","Cloak And Dagger"],"picked":"Flechettes+1","floor":18.0},{"not_picked":["Predator","Poisoned Stab+1"],"picked":"Footwork","floor":19.0},{"not_picked":["Poisoned Stab","Sucker Punch","Choke"],"picked":"SKIP","floor":19.0},{"not_picked":["Flechettes","After Image"],"picked":"Calculated Gamble","floor":21.0},{"not_picked":["Dagger Throw+1","Quick Slash","Sucker Punch"],"picked":"SKIP","floor":21.0},{"not_picked":["Dagger Spray","Cloak And Dagger"],"picked":"Deflect","floor":23.0},{"not_picked":["Riddle With Holes","Noxious Fumes"],"picked":"Slice","floor":24.0},{"not_picked":["Dash+1","Finisher","Acrobatics"],"picked":"SKIP","floor":24.0},{"not_picked":["Terror","Blur"],"picked":"Venomology","floor":25.0},{"not_picked":["Prepared","Eviscerate+1"],"picked":"Outmaneuver","floor":25.0},{"not_picked":["Deadly Poison","Deflect","Glass Knife"],"picked":"SKIP","floor":29.0},{"not_picked":["Acrobatics","Expertise"],"picked":"Catalyst+1","floor":31.0},{"not_picked":["Catalyst","Accuracy","Predator"],"picked":"SKIP","floor":31.0},{"not_picked":["Venomology","Doppelganger"],"picked":"Corpse Explosion","floor":33.0},{"not_picked":["Masterful Stab","Backflip+1"],"picked":"Underhanded Strike","floor":35.0},{"not_picked":["Bane+1","Flying Knee+1"],"picked":"Tools of the Trade","floor":35.0},{"not_picked":["Blade Dance","Choke"],"picked":"Noxious Fumes","floor":41.0},{"not_picked":["Acrobatics","Dagger Throw"],"picked":"Concentrate","floor":42.0},{"not_picked":["Concentrate","Outmaneuver"],"picked":"Blur+1","floor":42.0},{"not_picked":["Flying Knee+1","Heel Hook","Acrobatics"],"picked":"SKIP","floor":44.0},{"not_picked":["PiercingWail","Dagger Throw","Blade Dance"],"picked":"SKIP","floor":44.0},{"not_picked":["Backflip+1","Escape Plan","Expertise"],"picked":"SKIP","floor":45.0},{"not_picked":["Crippling Poison","Slice","Bane"],"picked":"SKIP","floor":45.0},{"not_picked":["Wraith Form v2","Skewer"],"picked":"Tactician","floor":46.0},{"not_picked":["Flying Knee","Backflip+1"],"picked":"Prepared+1","floor":48.0},{"not_picked":["Sucker Punch+1","Bouncing Flask","Outmaneuver+1"],"picked":"SKIP","floor":48.0},{"not_picked":["Outmaneuver","Predator+1","Terror"],"picked":"SKIP","floor":54.0}],"player_experience":764088,"relics_obtained":[{"floor":7.0,"key":"Paper Crane"},{"floor":9.0,"key":"MawBank"},{"floor":10.0,"key":"MealTicket"},{"floor":13.0,"key":"Orichalcum"},{"floor":23.0,"key":"Bag of Preparation"},{"floor":26.0,"key":"Tiny Chest"},{"floor":29.0,"key":"Matryoshka"},{"floor":37.0,"key":"Bag of Marbles"},{"floor":37.0,"key":"Omamori"},{"floor":41.0,"key":"Old Coin"},{"floor":43.0,"key":"Art of War"},{"floor":46.0,"key":"Tough Bandages"},{"floor":54.0,"key":"Shuriken"}],"event_choices":[{"damage_healed":0.0,"max_hp_gain":0.0,"max_hp_loss":0.0,"gold_gain":0.0,"cards_transformed":["Strike_G"],"event_name":"Transmorgrifier","player_choice":"Transformed","floor":3.0,"gold_loss":0.0,"damage_taken":0.0,"cards_obtained":["Leg Sweep"]},{"damage_healed":0.0,"max_hp_gain":0.0,"max_hp_loss":0.0,"gold_gain":0.0,"event_name":"WeMeetAgain","player_choice":"Gave Potion","floor":14.0,"gold_loss":0.0,"damage_taken":0.0,"relics_obtained":["Blood Vial"]},{"damage_healed":0.0,"max_hp_gain":0.0,"max_hp_loss":0.0,"gold_gain":0.0,"event_name":"The Mausoleum","player_choice":"Opened","floor":20.0,"gold_loss":0.0,"damage_taken":0.0,"relics_obtained":["Anchor"]},{"damage_healed":0.0,"max_hp_gain":0.0,"max_hp_loss":0.0,"gold_gain":0.0,"cards_transformed":["Strike_G"],"event_name":"Transmorgrifier","player_choice":"Transformed","floor":22.0,"gold_loss":0.0,"damage_taken":0.0,"cards_obtained":["Glass Knife"]},{"cards_removed":["Strike_G"],"damage_healed":0.0,"max_hp_gain":0.0,"max_hp_loss":0.0,"gold_gain":0.0,"event_name":"Beggar","player_choice":"Gave Gold","floor":27.0,"gold_loss":75.0,"damage_taken":0.0},{"damage_healed":0.0,"max_hp_gain":5.0,"max_hp_loss":0.0,"gold_gain":0.0,"event_name":"Forgotten Altar","player_choice":"Shed Blood","floor":30.0,"gold_loss":0.0,"damage_taken":18.0},{"cards_removed":["Skewer"],"damage_healed":0.0,"max_hp_gain":0.0,"max_hp_loss":0.0,"gold_gain":0.0,"event_name":"Falling","player_choice":"Removed Attack","floor":36.0,"gold_loss":0.0,"damage_taken":0.0},{"damage_healed":19.0,"max_hp_gain":0.0,"max_hp_loss":0.0,"gold_gain":0.0,"event_name":"Winding Halls","player_choice":"Writhe","floor":38.0,"gold_loss":0.0,"damage_taken":0.0,"cards_obtained":["Writhe"]},{"damage_healed":0.0,"max_hp_gain":0.0,"max_hp_loss":0.0,"gold_gain":0.0,"event_name":"Tomb of Lord Red Mask","player_choice":"Ignored","floor":39.0,"gold_loss":0.0,"damage_taken":0.0}],"is_beta":false,"boss_relics":[{"not_picked":["Snecko Eye","Astrolabe"],"picked":"Runic Pyramid"},{"not_picked":["Coffee Dripper","Tiny House"],"picked":"Cursed Key"}],"items_purged_floors":[47,53],"is_endless":false,"potions_floor_spawned":[2,5,12,13,23,24,29,35,41],"killed_by":"The Heart","ascension_level":12}}