{"host":"kmq7aw60w430zvtx","time":1612261548,"event":{"mods":["BaseMod","Downfall","GifTheSpireLib","Hermit","Hubris","Minty Spire (QoL Compilation)","Reliquary","Replay The Spire","StSLib","The Construct","The Cursed","The Hierophant","The Jungle","The Necromancer","The Runesmith"],"gold_per_floor":[15,33,48,48,223,223,266,279,279,279,320,71,71,94,94,220,220,215,42,42,60,60,60],"floor_reached":22,"language":"ENG","playtime":989,"items_purged":[],"score":243,"play_id":"f17ccb14-5b25-4a4c-a568-879e80284c9e","local_time":"20210202112548","is_ascension_mode":true,"campfire_choices":[{"data":"True Grit","floor":6,"key":"SMITH"},{"floor":10,"key":"RECALL"},{"floor":13,"key":"REST"},{"floor":15,"key":"REST"}],"circlet_count":0,"master_deck":["Strike_R","Strike_R","Strike_R","Defend_R","Defend_R","Defend_R","Bash","Violence","Cleave","ReplayTheSpireMod:Strike From Hell","True Grit+1","Injury","Doubt","Blood for Blood","ReplayReversal","Dark Embrace","ReplayTheSpireMod:Necrogeddon","Sentinel","ReplayTheSpireMod:Muscle Training","Bludgeon","Cleave+1","Uppercut+1","hubris:SharpeningStone+1","ReplayTheSpireMod:Strike From Hell","Feel No Pain+1","Finesse"],"relics":["Burning Blood","Golden Idol","reliquary:Aerogel","Runesmith:Nanobots","Kunai","Astrolabe"],"acts_visited":["Exordium","TheCity"],"potions_floor_usage":[7,11,11,16,21,21],"damage_taken":[{"damage":6,"enemies":"Cultist","floor":1,"turns":3},{"damage":14,"enemies":"Jaw Worm","floor":2,"turns":3},{"damage":0,"enemies":"Small Slimes","floor":3,"turns":2},{"damage":23,"enemies":"Gremlin Nob","floor":7,"turns":4},{"damage":6,"enemies":"Blue Slaver","floor":8,"turns":5},{"damage":32,"enemies":"Lagavulin","floor":11,"turns":8},{"damage":22,"enemies":"Large Slime","floor":14,"turns":8},{"damage":52,"enemies":"The Guardian","floor":16,"turns":13},{"damage":25,"enemies":"2 Thieves","floor":18,"turns":4},{"damage":38,"enemies":"Shell Parasite","floor":21,"turns":10},{"damage":29,"enemies":"Cultist and Chosen","floor":22,"turns":4}],"seed_played":"-4382210873753651744","potions_obtained":[{"floor":3,"key":"Elixir"},{"floor":7,"key":"Adrenaline Potion"},{"floor":8,"key":"Weak Potion"},{"floor":14,"key":"Venom Potion"},{"floor":16,"key":"ColorlessPotion"},{"floor":18,"key":"ColorlessPotion"}],"is_trial":false,"path_per_floor":["M","M","M","?","?","R","E","M","T","R","E","$","R","M","R","B",null,"M","$","?","M","M"],"character_chosen":"IRONCLAD","items_purchased":["ReplayTheSpireMod:Necrogeddon","Sentinel","Feel No Pain","Finesse"],"campfire_rested":2,"item_purchase_floors":[12,12,19,19],"current_hp_per_floor":[80,72,78,78,78,78,61,61,61,61,35,35,59,43,67,21,65,46,46,46,14,0,0],"gold":60,"neow_bonus":"RANDOM_COLORLESS_2","is_daily":false,"chose_seed":false,"campfire_upgraded":1,"win_rate":0.0,"timestamp":1612261548,"path_taken":["M","M","?","?","?","R","E","M","T","R","E","?","R","M","R","BOSS","M","$","?","M","M"],"items_purchased_type":["Card","Card","Card","Card"],"build_version":"2020-12-22","purchased_purges":0,"victory":false,"max_hp_per_floor":[80,80,80,80,80,80,80,80,80,80,80,80,80,80,80,80,80,80,80,80,80,80,80],"card_choices":[{"not_picked":["Secret Weapon","Transmutation"],"picked":"Violence","floor":0},{"not_picked":["Anger","hubris:ReadiedAction"],"picked":"Cleave","floor":1},{"not_picked":["Thunderclap","Run Through"],"picked":"ReplayTheSpireMod:Strike From Hell","floor":2},{"not_picked":["Evolve","Rage"],"picked":"True Grit","floor":3},{"not_picked":["Barricade","Warcry"],"picked":"Blood for Blood","floor":7},{"not_picked":["Warcry","Shrug It Off"],"picked":"ReplayReversal","floor":8},{"not_picked":["Flex","Perfected Strike"],"picked":"Dark Embrace","floor":11},{"not_picked":["True Grit","Hemokinesis"],"picked":"ReplayTheSpireMod:Muscle Training","floor":14},{"not_picked":["Brutality","Barricade"],"picked":"Bludgeon","floor":16},{"not_picked":["Pommel Strike","Headbutt"],"picked":"ReplayTheSpireMod:Strike From Hell","floor":18},{"not_picked":["Clothesline","Sword Boomerang","Thunderclap"],"picked":"SKIP","floor":21}],"player_experience":325916,"relics_obtained":[{"floor":7,"key":"reliquary:Aerogel"},{"floor":9,"key":"Runesmith:Nanobots"},{"floor":11,"key":"Kunai"}],"event_choices":[{"damage_healed":0,"gold_gain":0,"player_choice":"Take Wound","damage_taken":0,"relics_obtained":["Golden Idol"],"max_hp_gain":0,"max_hp_loss":0,"event_name":"Golden Idol","floor":4,"gold_loss":0,"cards_obtained":["Injury"]},{"damage_healed":0,"gold_gain":175,"player_choice":"AGREE","damage_taken":0,"max_hp_gain":0,"max_hp_loss":0,"event_name":"Liars Game","floor":5,"gold_loss":0,"cards_obtained":["Doubt"]},{"damage_healed":0,"gold_gain":0,"player_choice":"Upgraded","damage_taken":0,"max_hp_gain":0,"max_hp_loss":0,"event_name":"Upgrade Shrine","floor":20,"gold_loss":0,"cards_upgraded":["Feel No Pain"]}],"is_beta":false,"boss_relics":[{"not_picked":["Replay:Grab Bag","hubris:TerracottaHorce"],"picked":"Astrolabe"}],"items_purged_floors":[],"is_endless":false,"potions_floor_spawned":[3,7,8,14,16,18],"killed_by":"Cultist and Chosen","ascension_level":5}}