{"host":"c6u7e77myxvw4d0m","time":1612252004,"event":{"mods":["AchievementEnabler","BaseMod","Bestiary","Colored Map","Colored Powertips","Minty Spire (QoL Compilation)","Rare Cards Sparkle","Relic Stats","everything is the same but u backflip on backflip"],"gold_per_floor":[114,134,209,223,235,235,269,239,239,239,239],"floor_reached":10,"language":"ENG","playtime":372,"items_purged":[],"score":126,"play_id":"0102cfc0-ecd8-46cd-a7c3-2cb45cc15182","local_time":"20210202094644","is_ascension_mode":true,"campfire_choices":[{"data":"Sever Soul","floor":6,"key":"SMITH"}],"circlet_count":0,"master_deck":["AscendersBane","Strike_R","Strike_R","Strike_R","Strike_R","Defend_R","Defend_R","Defend_R","Bash","Dropkick","Dropkick","Burning Pact","Sever Soul+1","Pommel Strike","Whirlwind","Fiend Fire"],"relics":["Burning Blood","HornCleat","Calipers"],"acts_visited":["Exordium"],"potions_floor_usage":[10],"damage_taken":[{"damage":4,"enemies":"Jaw Worm","floor":1,"turns":3},{"damage":7,"enemies":"Small Slimes","floor":2,"turns":3},{"damage":6,"enemies":"Cultist","floor":4,"turns":3},{"damage":12,"enemies":"2 Fungi Beasts","floor":5,"turns":3},{"damage":32,"enemies":"Gremlin Nob","floor":7,"turns":4},{"damage":26,"enemies":"Lagavulin","floor":10,"turns":3}],"seed_played":"-4525147447584685052","potions_obtained":[{"floor":2,"key":"Swift Potion"},{"floor":8,"key":"Fire Potion"}],"is_trial":false,"path_per_floor":["M","M","?","M","M","R","E","?","T","E"],"character_chosen":"IRONCLAD","items_purchased":[],"campfire_rested":0,"item_purchase_floors":[],"current_hp_per_floor":[68,67,56,56,50,50,24,24,24,0,0],"gold":239,"neow_bonus":"TRANSFORM_TWO_CARDS","is_daily":false,"chose_seed":false,"campfire_upgraded":1,"win_rate":0.0,"timestamp":1612252004,"path_taken":["M","M","?","M","M","R","E","?","T","E"],"items_purchased_type":[],"build_version":"2020-12-22","purchased_purges":0,"victory":false,"max_hp_per_floor":[68,68,68,68,68,68,68,68,68,68,68],"relic_stats":{"counters":[6,19],"obtain_stats":[{"HornCleat":7,"Calipers":9,"Burning Blood":0},{"HornCleat":5,"Calipers":5,"Burning Blood":0},{"HornCleat":16,"Calipers":16,"Burning Blood":0}],"Burning Blood":28},"card_choices":[{"not_picked":["Iron Wave","Sentinel"],"picked":"Burning Pact","floor":1},{"not_picked":["Power Through","Shrug It Off"],"picked":"Sever Soul","floor":2},{"not_picked":["Armaments","Wild Strike"],"picked":"Pommel Strike","floor":4},{"not_picked":["Clothesline","Armaments"],"picked":"Whirlwind","floor":5},{"not_picked":["Rupture","Metallicize"],"picked":"Fiend Fire","floor":7}],"player_experience":610855,"relics_obtained":[{"floor":7,"key":"HornCleat"},{"floor":9,"key":"Calipers"}],"event_choices":[{"damage_healed":0,"gold_gain":75,"player_choice":"Gather Gold","damage_taken":11,"max_hp_gain":0,"max_hp_loss":0,"event_name":"World of Goop","floor":3,"gold_loss":0},{"damage_healed":0,"gold_gain":0,"player_choice":"Bought 2 Potions","damage_taken":0,"max_hp_gain":0,"max_hp_loss":0,"event_name":"The Woman in Blue","floor":8,"gold_loss":0}],"is_beta":false,"boss_relics":[],"items_purged_floors":[],"is_endless":false,"potions_floor_spawned":[2],"killed_by":"Lagavulin","ascension_level":17}}