{"host":"2zjdcgw4be5n15ja","time":1612250856,"event":{"mods":["2.2 Compatiblity","AchievementEnabler","BaseMod","Bestiary","Better Skull","Better Third Choice","BetterRewards","Colored Powertips","Downfall","Hermit","Marisa????????","Marked Mod","Minty Spire (QoL Compilation)","Quick Restart","Rare Cards Sparkle","Reimu??????","Relic Stats","Reliquary","Replay The Spire","StSLib","The Bug Knight","The Problem Sleuth","The Runesmith"],"gold_per_floor":[118,211,211,231,132,166,166,194,194,221,231,243,35,45,45,141,141,131,148,148,108,121,121,12,12,12,12,12],"floor_reached":27,"language":"ENG","playtime":2219,"items_purged":["Replay:Hysterical Blindness"],"score":232,"play_id":"eb4c1e63-7577-44dc-8980-0123cb03edec","local_time":"20210202202736","is_ascension_mode":true,"campfire_choices":[{"floor":7.0,"key":"REST"},{"floor":15.0,"key":"REST"},{"floor":23,"key":"RECALL"}],"circlet_count":0,"master_deck":["Bash","Feed","Heavy Blade","ReplayTheSpireMod:Splinters","Iron Wave","Whirlwind","Regret","Flex","True Grit","Limit Break","ReplayTheSpireMod:Limb From Limb","Ghostly Armor","Run Through","Hemogenesis","Shrug It Off","Exhume","Rampage","Hemogenesis","Demon Form","Uppercut","Uppercut","Rupture","Massacre+1","Sentinel","Life Link","CurseOfTheBell","CurseOfTheBell","ZunPunch:ReiMu","Run Through+1","Armaments"],"relics":["Burning Blood","reliquary:ExpiredCoupon","reliquary:Sideboard","Boot","ReplayTheSpireMod:Spearhead","Red Skull","Pandora\u0027s Box","downfall:ExtraCursedBell","reliquary:PorcupineQuills","Pantograph","TungstenRod","reliquary:FeatherDuster"],"acts_visited":["Exordium","TheCity"],"potions_floor_usage":[27],"damage_taken":[{"damage":6.0,"enemies":"Cultist","floor":1.0,"turns":3.0},{"damage":17.0,"enemies":"Jaw Worm","floor":4.0,"turns":4.0},{"damage":34.0,"enemies":"3 Sentries","floor":6.0,"turns":6.0},{"damage":19.0,"enemies":"Gremlin Nob","floor":8.0,"turns":4.0},{"damage":5.0,"enemies":"2 Louse","floor":11.0,"turns":2.0},{"damage":12.0,"enemies":"Blue Slaver","floor":12.0,"turns":3.0},{"damage":14.0,"enemies":"Exordium Thugs","floor":14.0,"turns":4.0},{"damage":61.0,"enemies":"The Guardian","floor":16.0,"turns":10.0},{"damage":35.0,"enemies":"2 Thieves","floor":18.0,"turns":4.0},{"damage":68.0,"enemies":"Spheric Guardian","floor":19.0,"turns":6.0},{"damage":0,"enemies":"Centurion and Healer","floor":22,"turns":1},{"damage":28,"enemies":"Slavers","floor":27,"turns":2}],"seed_played":"-5649558760085440391","potions_obtained":[{"floor":6.0,"key":"FairyPotion"},{"floor":8.0,"key":"PowerPotion"},{"floor":16.0,"key":"GamblersBrew"},{"floor":19.0,"key":"Reflective Coating"}],"is_trial":false,"path_per_floor":["M","?","?","M","$","E","R","E","T","T","M","M","$","M","R","B",null,"M","M","?","?","M","R","$","?","T","E"],"character_chosen":"IRONCLAD","items_purchased":["Flex","True Grit","Limit Break","ReplayTheSpireMod:Limb From Limb","Armaments"],"campfire_rested":2,"item_purchase_floors":[5,5,13,13,24],"current_hp_per_floor":[83,83,83,72,72,44,68,55,55,55,56,50,50,42,66,11,83,66,38,38,38,44,44,44,28,28,0,0],"gold":12,"neow_bonus":"THREE_RARE_CARDS","is_daily":false,"chose_seed":false,"campfire_upgraded":0,"win_rate":0.0,"timestamp":1612250856,"path_taken":["M","?","?","M","$","E","R","E","T","?","?","M","?","M","R","BOSS","M","M","?","?","M","R","$","?","T","E"],"items_purchased_type":["Card","Card","Card","Card","Card"],"build_version":"2020-12-22","purchased_purges":1,"victory":false,"max_hp_per_floor":[83,83,83,83,83,83,83,83,83,83,83,83,83,83,83,83,83,86,86,86,86,86,86,86,91,91,91,91],"relic_stats":{"counters":[12,49],"Pantograph":0,"Pandora\u0027s Box":["Ghostly Armor","Run Through","Hemogenesis","Shockwave","Entrench","Shrug It Off","Exhume","Body Slam","Rampage"],"Boot":[7],"obtain_stats":[{"reliquary:FeatherDuster":26,"reliquary:Sideboard":3,"ZunR:ReiMu":21,"Boot":6,"Burning Blood":0,"reliquary:ExpiredCoupon":2,"ReplayTheSpireMod:Spearhead":8,"reliquary:PorcupineQuills":20,"Pantograph":20,"Pandora\u0027s Box":17,"downfall:ExtraCursedBell":20,"Red Skull":10,"TungstenRod":20},{"reliquary:FeatherDuster":11,"reliquary:Sideboard":1,"ZunR:ReiMu":10,"Boot":3,"Burning Blood":0,"reliquary:ExpiredCoupon":1,"ReplayTheSpireMod:Spearhead":4,"reliquary:PorcupineQuills":10,"Pantograph":10,"Pandora\u0027s Box":8,"downfall:ExtraCursedBell":10,"Red Skull":4,"TungstenRod":10},{"reliquary:FeatherDuster":47,"reliquary:Sideboard":3,"ZunR:ReiMu":46,"Boot":13,"Burning Blood":0,"reliquary:ExpiredCoupon":3,"ReplayTheSpireMod:Spearhead":17,"reliquary:PorcupineQuills":46,"Pantograph":46,"Pandora\u0027s Box":36,"downfall:ExtraCursedBell":46,"Red Skull":17,"TungstenRod":46}],"Burning Blood":66,"TungstenRod":7},"card_choices":[{"not_picked":["Corruption","Impervious"],"picked":"Feed","floor":0.0},{"not_picked":["Headbutt","Shrug It Off"],"picked":"Heavy Blade","floor":1.0},{"not_picked":["Headbutt","Battle Trance"],"picked":"Iron Wave","floor":2.0},{"not_picked":["ReplayReversal","Armaments"],"picked":"Whirlwind","floor":2.0},{"not_picked":["Iron Wave","Warcry"],"picked":"Demon Form","floor":4.0},{"not_picked":["Metallicize","Body Slam"],"picked":"Rupture","floor":6.0},{"not_picked":["Clothesline","Heavy Blade"],"picked":"Life Link","floor":8.0},{"not_picked":["Entrench","Iron Wave"],"picked":"Uppercut","floor":11.0},{"not_picked":["Body Slam","Replay:Undeath\u0027s Touch"],"picked":"Battle Trance","floor":12.0},{"not_picked":["Havoc","True Grit"],"picked":"Uppercut","floor":14.0},{"not_picked":["Demonic Infusion","Replay:Many Hands"],"picked":"Hemogenesis","floor":16.0},{"not_picked":["Anger","Shrug It Off"],"picked":"Sentinel","floor":18.0},{"not_picked":["Havoc","ReplayReversal+1"],"picked":"Massacre+1","floor":19.0},{"not_picked":["Anger","Replay:Undeath\u0027s Touch"],"picked":"Run Through+1","floor":22}],"player_experience":378801,"relics_obtained":[{"floor":2.0,"key":"reliquary:ExpiredCoupon"},{"floor":6.0,"key":"Boot"},{"floor":8.0,"key":"ReplayTheSpireMod:Spearhead"},{"floor":10.0,"key":"Red Skull"},{"floor":20.0,"key":"reliquary:PorcupineQuills"},{"floor":20.0,"key":"Pantograph"},{"floor":20.0,"key":"TungstenRod"},{"floor":26,"key":"reliquary:FeatherDuster"}],"event_choices":[{"damage_healed":0.0,"max_hp_gain":0.0,"max_hp_loss":0.0,"gold_gain":0.0,"event_name":"Big Fish","player_choice":"Box","floor":3.0,"gold_loss":0.0,"damage_taken":0.0,"relics_obtained":["reliquary:Sideboard"],"cards_obtained":["Regret"]},{"damage_healed":0.0,"max_hp_gain":0.0,"max_hp_loss":0.0,"gold_gain":0.0,"event_name":"ZunEvent","player_choice":"Hand rover O-miki","floor":21.0,"relics_lost":["ZunR:ReiMu"],"gold_loss":0.0,"damage_taken":0.0,"cards_obtained":["ZunPunch:ReiMu"]},{"damage_healed":0,"gold_gain":0,"player_choice":"Shed Blood","damage_taken":22,"max_hp_gain":5,"max_hp_loss":0,"event_name":"Forgotten Altar","floor":25,"gold_loss":0}],"is_beta":false,"boss_relics":[{"not_picked":["Snecko Eye","Velvet Choker"],"picked":"Pandora\u0027s Box"}],"items_purged_floors":[24],"is_endless":false,"potions_floor_spawned":[6,8,11,16,19],"killed_by":"Slavers","ascension_level":1}}