{"host":"c2vrdknshfutmcsq","time":1612283134,"event":{"mods":["BaseMod","Minty Spire (QoL Compilation)"],"gold_per_floor":[119,119,131,150,165,200,137,165,190,206,39,39,39,50,50,122,122,139,157,170,170,187,187,213,213,240,240,240],"floor_reached":27,"language":"ENG","playtime":4364,"items_purged":[],"score":507,"play_id":"f6ed0645-19f6-4447-824e-4dcc8c7e204e","local_time":"20210202172534","is_ascension_mode":true,"campfire_choices":[{"data":"Dualcast","floor":13.0,"key":"SMITH"},{"floor":15.0,"key":"REST"},{"floor":23,"key":"REST"}],"circlet_count":0,"master_deck":["AscendersBane","Strike_B","Strike_B","Strike_B","Defend_B","Defend_B","Defend_B","Defend_B","Zap","Dualcast+1","Conserve Battery","Leap","Conserve Battery+1","Leap","Doom and Gloom","Streamline","Chill+1","Barrage","Biased Cognition","FTL","Lockon","Conserve Battery","Buffer","Compile Driver","Compile Driver","Shame"],"relics":["Cracked Core","Darkstone Periapt","Anchor","Blood Vial","Ancient Tea Set","Oddly Smooth Stone","Akabeko","Cursed Key","Pear","War Paint"],"acts_visited":["Exordium","TheCity"],"potions_floor_usage":[19,20,21,24],"damage_taken":[{"damage":5.0,"enemies":"Small Slimes","floor":1.0,"turns":4.0},{"damage":6.0,"enemies":"2 Louse","floor":3.0,"turns":4.0},{"damage":1.0,"enemies":"Cultist","floor":4.0,"turns":3.0},{"damage":0.0,"enemies":"2 Fungi Beasts","floor":5.0,"turns":4.0},{"damage":21.0,"enemies":"3 Sentries","floor":6.0,"turns":7.0},{"damage":7.0,"enemies":"Lagavulin","floor":8.0,"turns":7.0},{"damage":4.0,"enemies":"Gremlin Gang","floor":10.0,"turns":5.0},{"damage":0.0,"enemies":"3 Louse","floor":14.0,"turns":4.0},{"damage":16,"enemies":"The Guardian","floor":16,"turns":13},{"damage":0,"enemies":"Chosen","floor":18,"turns":6},{"damage":0,"enemies":"2 Thieves","floor":19,"turns":4},{"damage":29,"enemies":"Chosen and Byrds","floor":20,"turns":8},{"damage":0,"enemies":"Cultist and Chosen","floor":21,"turns":3},{"damage":14,"enemies":"Centurion and Healer","floor":22,"turns":14},{"damage":13,"enemies":"Book of Stabbing","floor":24,"turns":5},{"damage":44,"enemies":"Gremlin Leader","floor":27,"turns":8}],"seed_played":"-1804704077388975364","potions_obtained":[{"floor":3.0,"key":"LiquidBronze"},{"floor":5.0,"key":"AttackPotion"},{"floor":8.0,"key":"Dexterity Potion"},{"floor":10.0,"key":"SmokeBomb"},{"floor":16,"key":"SkillPotion"},{"floor":20,"key":"Fruit Juice"},{"floor":22,"key":"FearPotion"}],"is_trial":false,"path_per_floor":["M","?","M","M","M","E","?","E","T","M","$","?","R","M","R","B",null,"M","M","M","M","M","R","E","?","T","E"],"character_chosen":"DEFECT","items_purchased":["Oddly Smooth Stone"],"campfire_rested":2,"item_purchase_floors":[11],"current_hp_per_floor":[59,54,48,47,47,26,26,19,19,17,17,17,17,19,40,26,60,62,64,42,44,32,54,53,53,59,17,17],"gold":240,"neow_bonus":"REMOVE_CARD","is_daily":false,"chose_seed":false,"campfire_upgraded":1,"win_rate":0.0,"timestamp":1612283134,"path_taken":["M","?","M","M","M","E","?","E","T","M","$","?","R","M","R","BOSS","M","?","M","M","M","R","E","?","T","E"],"items_purchased_type":["Relic"],"build_version":"2020-12-22","purchased_purges":0,"victory":false,"max_hp_per_floor":[71,71,71,71,71,71,71,71,71,71,71,71,71,71,71,71,71,71,71,76,76,76,76,86,86,92,92,92],"card_choices":[{"not_picked":["Barrage","Tempest"],"picked":"Conserve Battery","floor":1.0},{"not_picked":["Stack","Hologram"],"picked":"Leap","floor":3.0},{"not_picked":["Blizzard","Redo"],"picked":"Conserve Battery","floor":4.0},{"not_picked":["Force Field","Coolheaded"],"picked":"Leap","floor":5.0},{"not_picked":["Hyperbeam","Sweeping Beam"],"picked":"Doom and Gloom","floor":6.0},{"not_picked":["Stack","Heatsinks"],"picked":"Streamline","floor":8.0},{"not_picked":["Coolheaded","Tempest"],"picked":"Chill","floor":10.0},{"not_picked":["Sweeping Beam","Amplify"],"picked":"Barrage","floor":14.0},{"not_picked":["Machine Learning","Amplify"],"picked":"Biased Cognition","floor":16},{"not_picked":["Hologram","Stack"],"picked":"FTL","floor":18},{"not_picked":["Leap","Double Energy"],"picked":"Lockon","floor":19},{"not_picked":["Cold Snap","Redo+1"],"picked":"Conserve Battery","floor":20},{"not_picked":["Compile Driver","Sweeping Beam"],"picked":"Buffer","floor":22},{"not_picked":["Scrape","Loop"],"picked":"Compile Driver","floor":24}],"player_experience":1336535,"relics_obtained":[{"floor":6.0,"key":"Anchor"},{"floor":8.0,"key":"Blood Vial"},{"floor":9.0,"key":"Ancient Tea Set"},{"floor":24,"key":"Pear"},{"floor":26,"key":"War Paint"}],"event_choices":[{"damage_healed":0.0,"max_hp_gain":0.0,"max_hp_loss":0.0,"gold_gain":0.0,"event_name":"Scrap Ooze","player_choice":"Success","floor":2.0,"gold_loss":0.0,"damage_taken":5.0,"relics_obtained":["Darkstone Periapt"]},{"damage_healed":0.0,"max_hp_gain":0.0,"max_hp_loss":0.0,"gold_gain":0.0,"event_name":"World of Goop","player_choice":"Left Gold","floor":7.0,"gold_loss":63.0,"damage_taken":0.0},{"damage_healed":0.0,"max_hp_gain":0.0,"max_hp_loss":0.0,"gold_gain":0.0,"event_name":"WeMeetAgain","player_choice":"Gave Potion","floor":12.0,"gold_loss":0.0,"damage_taken":0.0,"relics_obtained":["Akabeko"]},{"damage_healed":0,"gold_gain":0,"player_choice":"1 cards matched","damage_taken":0,"max_hp_gain":0,"max_hp_loss":0,"event_name":"Match and Keep!","floor":25,"gold_loss":0,"cards_obtained":["Compile Driver"]}],"is_beta":false,"boss_relics":[{"not_picked":["Fusion Hammer","Calling Bell"],"picked":"Cursed Key"}],"items_purged_floors":[],"is_endless":false,"potions_floor_spawned":[3,5,8,10,16,20,22],"killed_by":"Gremlin Leader","ascension_level":19}}