{"host":"e3jr8cs0hrgde9ri","time":1612285235,"event":{"mods":["2.2 Compatiblity","BaseMod","Highlight Path","Minty Spire (QoL Compilation)","Permanent Neow","Quick Restart","SuperFastMode"],"gold_per_floor":[111,130,143,103,120,151,151,151,174,174,210,226,261,286,286,286,286],"floor_reached":16,"language":"ENG","playtime":369,"items_purged":[],"score":290,"play_id":"4b4496da-a94f-487d-a4b8-cec3cdb78832","local_time":"20210202090035","is_ascension_mode":true,"campfire_choices":[{"data":"Eruption","floor":7.0,"key":"SMITH"},{"floor":10,"key":"REST"},{"data":"EmptyFist","floor":15,"key":"SMITH"}],"circlet_count":0,"master_deck":["AscendersBane","Strike_P","Strike_P","Strike_P","Strike_P+1","Defend_P","Defend_P","Defend_P","Defend_P","Eruption+1","Vigilance","FearNoEvil","Evaluate","ReachHeaven","CarveReality+1","EmptyFist+1","BowlingBash"],"relics":["Sozu","Orichalcum","Golden Idol","Happy Flower","Whetstone","Strawberry"],"acts_visited":["Exordium"],"potions_floor_usage":[],"damage_taken":[{"damage":11.0,"enemies":"Jaw Worm","floor":1.0,"turns":5.0},{"damage":3.0,"enemies":"2 Louse","floor":2.0,"turns":3.0},{"damage":0.0,"enemies":"Cultist","floor":3.0,"turns":3.0},{"damage":1.0,"enemies":"Looter","floor":4.0,"turns":4.0},{"damage":10.0,"enemies":"Gremlin Gang","floor":5.0,"turns":4.0},{"damage":27.0,"enemies":"3 Sentries","floor":6.0,"turns":5.0},{"damage":17,"enemies":"Lagavulin","floor":11,"turns":6},{"damage":9,"enemies":"3 Louse","floor":12,"turns":2},{"damage":0,"enemies":"3 Sentries","floor":13,"turns":3},{"damage":8,"enemies":"Hexaghost","floor":16,"turns":4}],"seed_played":"-7351458764598965570","potions_obtained":[],"is_trial":false,"path_per_floor":["M","M","M","M","M","E","R","?","T","R","E","M","E","T","R","B"],"character_chosen":"WATCHER","items_purchased":[],"campfire_rested":1,"item_purchase_floors":[],"current_hp_per_floor":[50,47,47,46,36,9,9,9,9,27,10,1,1,8,8,0,0],"gold":286,"neow_bonus":"BOSS_RELIC","is_daily":false,"chose_seed":false,"campfire_upgraded":2,"win_rate":0.0,"timestamp":1612285235,"path_taken":["M","M","M","M","M","E","R","?","T","R","E","M","E","?","R","BOSS"],"items_purchased_type":[],"build_version":"2020-12-22","purchased_purges":0,"victory":false,"max_hp_per_floor":[68,68,68,68,68,68,68,62,62,62,62,62,62,69,69,69,69],"card_choices":[{"not_picked":["EmptyFist","FlurryOfBlows"],"picked":"FearNoEvil","floor":1.0},{"not_picked":["CrushJoints","SandsOfTime"],"picked":"Evaluate","floor":2.0},{"not_picked":["ThirdEye","FollowUp"],"picked":"ReachHeaven","floor":3.0},{"not_picked":["Halt","EmptyMind"],"picked":"CarveReality","floor":4.0},{"not_picked":["FlyingSleeves","Consecrate","ClearTheMind"],"picked":"SKIP","floor":5.0},{"not_picked":["ClearTheMind","MasterReality","Crescendo"],"picked":"SKIP","floor":6.0},{"not_picked":["FearNoEvil","Indignation"],"picked":"EmptyFist","floor":11},{"not_picked":["FearNoEvil","EmptyFist"],"picked":"BowlingBash","floor":12},{"not_picked":["FollowUp","WreathOfFlame","Evaluate"],"picked":"SKIP","floor":13}],"player_experience":1423671,"relics_obtained":[{"floor":6.0,"key":"Orichalcum"},{"floor":11,"key":"Happy Flower"},{"floor":13,"key":"Whetstone"},{"floor":14,"key":"Strawberry"}],"event_choices":[{"damage_healed":0.0,"max_hp_gain":0.0,"max_hp_loss":6.0,"gold_gain":0.0,"event_name":"Golden Idol","player_choice":"Lose Max HP","floor":8.0,"gold_loss":0.0,"damage_taken":0.0,"relics_obtained":["Golden Idol"]}],"is_beta":false,"boss_relics":[],"items_purged_floors":[],"is_endless":false,"potions_floor_spawned":[1,3,6,11,12,13],"killed_by":"Hexaghost","ascension_level":20}}