{"host":"wfkvcf4y4vkrpwe0","time":1612278719,"event":{"mods":["BaseMod","Conspire","Downfall","Hermit","Minty Spire (QoL Compilation)","StSLib","The Construct","The Cursed","The Disciple","The Hierophant","The Necromancer"],"gold_per_floor":[117,132,307,317,39,39,65,65,65,65,77,62,62,62,62,160,160,180,180,360,376,395,395,414,414,414,414,414],"floor_reached":27,"language":"ENG","playtime":3882,"items_purged":["Doubt"],"score":213,"play_id":"7b84a15e-658c-43b1-a22e-d90c63a66dce","local_time":"20210202151159","is_ascension_mode":false,"campfire_choices":[{"data":"TheCursedMod:Hemoplague","floor":6,"key":"SMITH"},{"floor":8,"key":"REST"},{"data":"TheCursedMod:Torture","floor":10,"key":"SMITH"},{"floor":13,"key":"REST"},{"floor":15,"key":"REST"},{"floor":23,"key":"REST"},{"floor":25,"key":"REST"}],"circlet_count":0,"master_deck":["TheCursedMod:Strike_TheCursed","TheCursedMod:Strike_TheCursed","TheCursedMod:Strike_TheCursed","TheCursedMod:Strike_TheCursed","TheCursedMod:Defend_TheCursed","TheCursedMod:Defend_TheCursed","TheCursedMod:Defend_TheCursed","TheCursedMod:Defend_TheCursed","TheCursedMod:CursedWand","TheCursedMod:CleanUpWorkshop","TheCursedMod:Dregs","TheCursedMod:Torture+1","TheCursedMod:Hemoplague+1","Mayhem","TheCursedMod:CircleOfCorruption"],"relics":["TheCursedMod:BlackMagic101","NeowsBlessing","conspire:GlowingRock","Thread and Needle","Gremlin Horn","Black Star"],"acts_visited":["Exordium","TheCity"],"potions_floor_usage":[22,22,22],"damage_taken":[{"damage":0,"enemies":"Jaw Worm","floor":1,"turns":1},{"damage":0,"enemies":"Small Slimes","floor":2,"turns":1},{"damage":0,"enemies":"Cultist","floor":4,"turns":1},{"damage":32,"enemies":"Lagavulin","floor":7,"turns":8},{"damage":11,"enemies":"2 Fungi Beasts","floor":11,"turns":3},{"damage":18,"enemies":"Exordium Thugs","floor":12,"turns":4},{"damage":30,"enemies":"Hexaghost","floor":16,"turns":9},{"damage":20,"enemies":"3 Byrds","floor":18,"turns":4},{"damage":13,"enemies":"Chosen","floor":21,"turns":6},{"damage":14,"enemies":"Snake Plant","floor":22,"turns":3},{"damage":24,"enemies":"Snecko","floor":24,"turns":8},{"damage":37,"enemies":"Centurion and Healer","floor":27,"turns":7}],"seed_played":"-2965933817021289893","potions_obtained":[{"floor":2,"key":"FearPotion"},{"floor":7,"key":"AttackPotion"},{"floor":11,"key":"SkillPotion"},{"floor":12,"key":"FearPotion"},{"floor":16,"key":"DistilledChaos"}],"is_trial":false,"path_per_floor":["M","M","?","M","$","R","E","R","T","R","M","M","R","?","R","B",null,"M","?","?","M","M","R","M","R","T","M"],"character_chosen":"THE_CURSED","items_purchased":["TheCursedMod:Hemoplague","Mayhem"],"campfire_rested":5,"item_purchase_floors":[5,5],"current_hp_per_floor":[75,75,75,75,75,75,43,65,65,65,54,36,58,40,62,32,75,55,55,36,23,9,31,7,29,29,0,0],"gold":414,"neow_bonus":"THREE_ENEMY_KILL","is_daily":false,"chose_seed":false,"campfire_upgraded":2,"win_rate":0.0,"timestamp":1612278719,"path_taken":["M","M","?","M","$","R","E","R","T","R","M","M","R","?","R","BOSS","M","?","?","?","M","R","M","R","T","M"],"items_purchased_type":["Card","Card"],"build_version":"2020-12-22","purchased_purges":1,"victory":false,"max_hp_per_floor":[75,75,75,75,75,75,75,75,75,75,75,75,75,75,75,75,75,75,75,75,75,75,75,75,75,75,75,75],"card_choices":[{"not_picked":["TheCursedMod:SmokeScreen","TheCursedMod:ReleasedKnowledge","TheCursedMod:WearCloak"],"picked":"SKIP","floor":1},{"not_picked":["TheCursedMod:FleshFromBone","TheCursedMod:CursedStaff","TheCursedMod:CursedAmulet"],"picked":"SKIP","floor":2},{"not_picked":["TheCursedMod:Wield","TheCursedMod:SpitefulPlan"],"picked":"TheCursedMod:Torture","floor":4},{"not_picked":["TheCursedMod:CursedSpellbook","TheCursedMod:ForbiddenAlchemy","TheCursedMod:CursedBlade"],"picked":"SKIP","floor":7},{"not_picked":["TheCursedMod:FleshFromBone","TheCursedMod:DoubleShield"],"picked":"TheCursedMod:CircleOfCorruption","floor":11},{"not_picked":["TheCursedMod:Wield","TheCursedMod:CursedShiv","TheCursedMod:VitalStrike"],"picked":"SKIP","floor":12},{"not_picked":["TheCursedMod:CircleOfFocus","TheCursedMod:Stigma+1","TheCursedMod:Wield+1"],"picked":"SKIP","floor":18},{"not_picked":["TheCursedMod:SpitefulStrike","TheCursedMod:CursedShiv+1","TheCursedMod:RapidMovement"],"picked":"SKIP","floor":21},{"not_picked":["TheCursedMod:FleshFromBone","TheCursedMod:CircleOfFlame","TheCursedMod:CircleOfAmplification"],"picked":"SKIP","floor":22},{"not_picked":["TheCursedMod:SoulCrush+1","TheCursedMod:AbyssShockwave+1","TheCursedMod:Stigma"],"picked":"SKIP","floor":24}],"player_experience":581240,"relics_obtained":[{"floor":7,"key":"conspire:GlowingRock"},{"floor":9,"key":"Thread and Needle"}],"event_choices":[{"damage_healed":0,"gold_gain":175,"player_choice":"AGREE","damage_taken":0,"max_hp_gain":0,"max_hp_loss":0,"event_name":"Liars Game","floor":3,"gold_loss":0,"cards_obtained":["Doubt"]},{"damage_healed":0,"gold_gain":0,"player_choice":"Success","damage_taken":18,"relics_obtained":["Gremlin Horn"],"max_hp_gain":0,"max_hp_loss":0,"event_name":"Scrap Ooze","floor":14,"gold_loss":0},{"damage_healed":0,"gold_gain":0,"player_choice":"Ignored","damage_taken":0,"max_hp_gain":0,"max_hp_loss":0,"event_name":"Ghosts","floor":19,"gold_loss":0},{"damage_healed":0,"gold_gain":180,"player_choice":"GOLD GOLD ","damage_taken":19,"max_hp_gain":0,"max_hp_loss":0,"event_name":"Knowing Skull","floor":20,"potions_obtained":[],"gold_loss":0,"cards_obtained":[]}],"is_beta":false,"boss_relics":[{"not_picked":["conspire:RunicOctahedron","Busted Crown"],"picked":"Black Star"}],"items_purged_floors":[5],"is_endless":false,"potions_floor_spawned":[2,7,11,12,16,21],"killed_by":"Centurion and Healer","ascension_level":0}}