{"host":"vumwfieg2b2mnrfl","time":1612229410,"event":{"mods":["AchievementEnabler","BaseMod","Minty Spire (QoL Compilation)","Rare Cards Sparkle","Relic Stats"],"gold_per_floor":[109,109,184,109,128,128,159,176,176,176,176,187,215,32,32,110,110,128,147,72,72,72,72,100,115,115,37,37,37,51,62,62,137,137,148,72,88,113,127,160,160,160,160,175,207,224,240,240,240],"floor_reached":48,"language":"ENG","playtime":2138,"items_purged":["Regret","Strike_G"],"score":1140,"play_id":"5b661118-113d-42be-904f-3208a6104756","local_time":"20210201193010","is_ascension_mode":true,"campfire_choices":[{"data":"Cloak And Dagger","floor":6.0,"key":"SMITH"},{"data":"Noxious Fumes","floor":11.0,"key":"SMITH"},{"floor":15.0,"key":"REST"},{"data":"Catalyst","floor":23,"key":"SMITH"},{"floor":32,"key":"REST"},{"floor":41,"key":"REST"}],"circlet_count":0,"master_deck":["AscendersBane","Strike_G","Strike_G","Defend_G+1","Defend_G","Defend_G+1","Survivor","Neutralize","Prepared","Cloak And Dagger+1","Cloak And Dagger","Noxious Fumes+1","Catalyst+1","Noxious Fumes","A Thousand Cuts","Backflip","Doppelganger","Well Laid Plans","Blade Dance","Leg Sweep","Noxious Fumes","Decay","Footwork","Storm of Steel","Footwork","Prepared+1","Acrobatics","Sucker Punch","Pain","Footwork"],"relics":["Ring of the Snake","NeowsBlessing","Ninja Scroll","Oddly Smooth Stone","Singing Bowl","Anchor","Letter Opener","Sozu","Lantern","Bird Faced Urn","Cursed Key","Dead Branch","War Paint","Pantograph"],"acts_visited":["Exordium","TheCity","TheBeyond"],"potions_floor_usage":[24],"damage_taken":[{"damage":0.0,"enemies":"Cultist","floor":1.0,"turns":1.0},{"damage":0.0,"enemies":"Small Slimes","floor":5.0,"turns":1.0},{"damage":0.0,"enemies":"Lagavulin","floor":7.0,"turns":1.0},{"damage":0.0,"enemies":"2 Louse","floor":8.0,"turns":3.0},{"damage":4.0,"enemies":"Exordium Thugs","floor":12.0,"turns":5.0},{"damage":24.0,"enemies":"Gremlin Nob","floor":13.0,"turns":5.0},{"damage":23.0,"enemies":"Slime Boss","floor":16.0,"turns":9.0},{"damage":17.0,"enemies":"Chosen","floor":18.0,"turns":6.0},{"damage":7,"enemies":"3 Byrds","floor":19,"turns":3},{"damage":7,"enemies":"Gremlin Leader","floor":24,"turns":6},{"damage":13,"enemies":"Shelled Parasite and Fungi","floor":25,"turns":5},{"damage":12,"enemies":"3 Cultists","floor":30,"turns":4},{"damage":18,"enemies":"Snake Plant","floor":31,"turns":4},{"damage":20,"enemies":"Collector","floor":33,"turns":9},{"damage":34,"enemies":"Orb Walker","floor":35,"turns":4},{"damage":25,"enemies":"3 Shapes","floor":37,"turns":5},{"damage":13,"enemies":"Mind Bloom Boss Battle","floor":38,"turns":8},{"damage":6,"enemies":"Jaw Worm Horde","floor":39,"turns":3},{"damage":38,"enemies":"Giant Head","floor":40,"turns":7},{"damage":1,"enemies":"3 Darklings","floor":44,"turns":4},{"damage":41,"enemies":"Nemesis","floor":45,"turns":9},{"damage":32,"enemies":"Transient","floor":46,"turns":6},{"damage":31,"enemies":"Spire Growth","floor":47,"turns":5},{"damage":25,"enemies":"Reptomancer","floor":48,"turns":2}],"seed_played":"-6128540679740790556","potions_obtained":[{"floor":7.0,"key":"Energy Potion"},{"floor":8.0,"key":"Ancient Potion"},{"floor":13.0,"key":"BlessingOfTheForge"},{"floor":16.0,"key":"DistilledChaos"}],"is_trial":false,"path_per_floor":["M","?","?","$","M","R","E","M","T","?","R","M","E","$","R","B",null,"M","M","?","?","?","R","E","M","T","$","$","?","M","M","R","B",null,"M","$","M","?","M","E","R","?","T","M","E","M","M","E"],"character_chosen":"THE_SILENT","items_purchased":["Noxious Fumes","Noxious Fumes","Footwork"],"campfire_rested":3,"item_purchase_floors":[14,27,36],"current_hp_per_floor":[59,59,48,48,48,48,48,48,48,48,48,46,22,22,42,19,56,41,34,34,34,48,48,41,28,28,28,28,28,28,18,39,31,62,42,42,33,36,42,18,41,41,41,54,35,21,2,0,0],"gold":240,"neow_bonus":"THREE_ENEMY_KILL","is_daily":false,"chose_seed":false,"campfire_upgraded":3,"win_rate":0.0,"timestamp":1612229410,"path_taken":["M","?","?","$","M","R","E","M","T","?","R","?","E","$","R","BOSS","M","M","?","?","?","R","E","M","T","?","$","?","?","M","R","BOSS","M","$","?","?","M","E","R","?","T","?","E","M","M","E"],"items_purchased_type":["Card","Card","Card"],"build_version":"2020-12-22","purchased_purges":2,"victory":false,"max_hp_per_floor":[66,66,66,66,66,66,66,66,66,66,66,68,68,68,68,68,68,70,70,70,70,70,70,70,70,70,70,70,70,72,72,72,72,72,74,74,76,78,78,78,78,78,78,80,82,84,84,84,84],"relic_stats":{"Sozu":9,"Singing Bowl":18,"counters":[24,115],"Bird Faced Urn":[166],"Dead Branch":[131],"Pantograph":0,"Letter Opener":[295],"War Paint":["Defend_G","Defend_G"],"Cursed Key":1,"obtain_stats":[{"Lantern":24,"NeowsBlessing":0,"Singing Bowl":9,"Dead Branch":38,"Oddly Smooth Stone":7,"Letter Opener":13,"War Paint":40,"Cursed Key":34,"Sozu":17,"Anchor":10,"Ninja Scroll":2,"Bird Faced Urn":26,"Pantograph":43,"Ring of the Snake":0},{"Lantern":10,"NeowsBlessing":0,"Singing Bowl":4,"Dead Branch":17,"Oddly Smooth Stone":3,"Letter Opener":6,"War Paint":19,"Cursed Key":14,"Sozu":7,"Anchor":4,"Ninja Scroll":1,"Bird Faced Urn":11,"Pantograph":19,"Ring of the Snake":0},{"Lantern":40,"NeowsBlessing":0,"Singing Bowl":6,"Dead Branch":79,"Oddly Smooth Stone":3,"Letter Opener":16,"War Paint":89,"Cursed Key":62,"Sozu":25,"Anchor":6,"Ninja Scroll":1,"Bird Faced Urn":45,"Pantograph":89,"Ring of the Snake":0}],"Ring of the Snake":[48]},"card_choices":[{"not_picked":["Sucker Punch","Dagger Throw"],"picked":"Prepared","floor":1.0},{"not_picked":["Slice","Prepared"],"picked":"Cloak And Dagger","floor":5.0},{"not_picked":["Sucker Punch","Choke"],"picked":"Cloak And Dagger","floor":7.0},{"not_picked":["Quick Slash","Dash"],"picked":"Noxious Fumes","floor":8.0},{"not_picked":["Skewer","Dagger Spray","Acrobatics"],"picked":"Singing Bowl","floor":12.0},{"not_picked":["Terror","Tactician"],"picked":"Catalyst","floor":13.0},{"not_picked":["Glass Knife","Grand Finale"],"picked":"A Thousand Cuts","floor":16.0},{"not_picked":["Underhanded Strike","Setup","Masterful Stab"],"picked":"Singing Bowl","floor":18.0},{"not_picked":["Acrobatics","Poisoned Stab+1"],"picked":"Backflip","floor":19},{"not_picked":["Sucker Punch","Slice+1"],"picked":"Blade Dance","floor":24},{"not_picked":["Heel Hook","Dodge and Roll"],"picked":"Leg Sweep","floor":25},{"not_picked":["Bane","Masterful Stab","Eviscerate"],"picked":"Singing Bowl","floor":30},{"not_picked":["Sucker Punch","All Out Attack"],"picked":"Footwork","floor":31},{"not_picked":["Bullet Time","Die Die Die"],"picked":"Storm of Steel","floor":33},{"not_picked":["Sucker Punch+1","Dodge and Roll+1","Backstab"],"picked":"Singing Bowl","floor":35},{"not_picked":["Dagger Spray+1","Dagger Throw","Terror"],"picked":"Singing Bowl","floor":37},{"not_picked":["Cloak And Dagger","Blade Dance","Flying Knee"],"picked":"Singing Bowl","floor":38},{"not_picked":["Caltrops+1","Blade Dance+1"],"picked":"Prepared+1","floor":39},{"not_picked":["Riddle With Holes","Eviscerate"],"picked":"Acrobatics","floor":40},{"not_picked":["Backstab","Slice+1","Adrenaline"],"picked":"Singing Bowl","floor":44},{"not_picked":["Deadly Poison","Flying Knee","Predator"],"picked":"Singing Bowl","floor":45},{"not_picked":["Slice","Dagger Spray","Endless Agony"],"picked":"Singing Bowl","floor":46},{"not_picked":["PiercingWail","Finisher"],"picked":"Footwork","floor":47}],"player_experience":512639,"relics_obtained":[{"floor":7.0,"key":"Oddly Smooth Stone"},{"floor":9.0,"key":"Singing Bowl"},{"floor":13.0,"key":"Letter Opener"},{"floor":24,"key":"Lantern"},{"floor":26,"key":"Bird Faced Urn"},{"floor":38,"key":"Dead Branch"},{"floor":40,"key":"War Paint"},{"floor":43,"key":"Pantograph"}],"event_choices":[{"damage_healed":0.0,"max_hp_gain":0.0,"max_hp_loss":0.0,"gold_gain":0.0,"event_name":"Big Fish","player_choice":"Box","floor":2.0,"gold_loss":0.0,"damage_taken":0.0,"relics_obtained":["Ninja Scroll"],"cards_obtained":["Regret"]},{"damage_healed":0.0,"max_hp_gain":0.0,"max_hp_loss":0.0,"gold_gain":75.0,"event_name":"World of Goop","player_choice":"Gather Gold","floor":3.0,"gold_loss":0.0,"damage_taken":11.0},{"damage_healed":0.0,"max_hp_gain":0.0,"max_hp_loss":0.0,"gold_gain":0.0,"event_name":"WeMeetAgain","player_choice":"Gave Potion","floor":10.0,"gold_loss":0.0,"damage_taken":0.0,"relics_obtained":["Anchor"]},{"cards_removed":["Strike_G"],"damage_healed":0,"gold_gain":0,"player_choice":"Gave Gold","damage_taken":0,"max_hp_gain":0,"max_hp_loss":0,"event_name":"Beggar","floor":20,"gold_loss":75},{"damage_healed":0,"gold_gain":0,"cards_transformed":["Defend_G","Strike_G"],"player_choice":"Became Test Subject","damage_taken":0,"max_hp_gain":0,"max_hp_loss":0,"event_name":"Drug Dealer","floor":21,"gold_loss":0,"cards_obtained":["Doppelganger","Well Laid Plans"]},{"damage_healed":14,"gold_gain":0,"player_choice":"Heal","damage_taken":0,"max_hp_gain":0,"max_hp_loss":0,"event_name":"The Library","floor":22,"gold_loss":0},{"damage_healed":0,"gold_gain":0,"player_choice":"Smashed Altar","damage_taken":0,"max_hp_gain":0,"max_hp_loss":0,"event_name":"Forgotten Altar","floor":29,"gold_loss":0,"cards_obtained":["Decay"]},{"damage_healed":0,"gold_gain":0,"player_choice":"Fight","damage_taken":0,"max_hp_gain":0,"max_hp_loss":0,"event_name":"MindBloom","floor":38,"gold_loss":0},{"damage_healed":0,"gold_gain":0,"cards_transformed":["Defend_G"],"player_choice":"Transformed","damage_taken":0,"max_hp_gain":0,"max_hp_loss":0,"event_name":"Transmorgrifier","floor":42,"gold_loss":0,"cards_obtained":["Sucker Punch"]}],"is_beta":false,"boss_relics":[{"not_picked":["Calling Bell","Fusion Hammer"],"picked":"Sozu"},{"not_picked":["Empty Cage","Philosopher\u0027s Stone"],"picked":"Cursed Key"}],"items_purged_floors":[4,14],"is_endless":false,"potions_floor_spawned":[7,8,13,16,19,25,31,33,37,39,44,46,47],"killed_by":"Reptomancer","ascension_level":20}}