{"host":"erjc6dqs793djrmy","time":1612289712,"event":{"mods":["BaseMod","Minty Spire (QoL Compilation)","StSLib","The Animator"],"gold_per_floor":[111,111,111,135,160,160,160,160,160,197,197,209,209,238,238,347,347,373,389,408,408,408,408],"floor_reached":22,"language":"ENG","playtime":1860,"items_purged":[],"score":298,"play_id":"b3db1188-00aa-4934-9d91-07b64242260f","local_time":"20210202131512","is_ascension_mode":true,"campfire_choices":[{"floor":6,"key":"REST"},{"floor":8,"key":"REST"},{"data":"animator:KyokoSakura","floor":13,"key":"SMITH"},{"floor":15,"key":"REST"}],"circlet_count":0,"master_deck":["AscendersBane","animator:Strike_Overlord","animator:Defend_Overlord","animator:Defend","animator:Defend","animator:Defend","animator:Cocytus+1","animator:Demiurge+1","animator:TanyaDegurechaff+1","animator:Demiurge","animator:NarberalGamma","Regret","animator:KyokoSakura+1","animator:Shalltear","animator:Kyubey","animator:Albedo","animator:Evileye","animator:Evileye","animator:Demiurge","animator:IrohaTamaki","animator:DolaSchwi","animator:Sebas"],"relics":["animator:LivingPicture","animator:TheMissingPiece","Eternal Feather","Strawberry","Regal Pillow","Charon\u0027s Ashes","The Courier","Darkstone Periapt","animator:RacePiece","MutagenicStrength"],"acts_visited":["Exordium","TheCity"],"potions_floor_usage":[10,14,20,22],"damage_taken":[{"damage":7,"enemies":"Jaw Worm","floor":1,"turns":4},{"damage":2,"enemies":"2 Louse","floor":5,"turns":4},{"damage":36,"enemies":"3 Sentries","floor":10,"turns":7},{"damage":2,"enemies":"Small Slimes","floor":12,"turns":2},{"damage":18,"enemies":"Gremlin Nob","floor":14,"turns":4},{"damage":69,"enemies":"The Guardian","floor":16,"turns":10},{"damage":12,"enemies":"Spheric Guardian","floor":18,"turns":3},{"damage":19,"enemies":"Chosen","floor":19,"turns":5},{"damage":11,"enemies":"3 Cultists","floor":20,"turns":4},{"damage":40,"enemies":"Shelled Parasite and Fungi","floor":22,"turns":2}],"seed_played":"-4156928355669468228","potions_obtained":[{"floor":5,"key":"Weak Potion"},{"floor":10,"key":"Strength Potion"},{"floor":16,"key":"Explosive Potion"},{"floor":19,"key":"Fire Potion"}],"is_trial":false,"path_per_floor":["M","?","?","T","M","R","?","R","T","E","?","M","R","E","R","B",null,"M","M","M","?","M"],"character_chosen":"THE_ANIMATOR","items_purchased":[],"campfire_rested":3,"item_purchase_floors":[],"current_hp_per_floor":[37,19,6,13,11,38,38,73,73,37,37,36,45,28,74,5,58,46,27,17,17,0,0],"gold":408,"neow_bonus":"RANDOM_COLORLESS_2","is_daily":false,"chose_seed":false,"campfire_upgraded":1,"win_rate":0.0,"timestamp":1612289712,"path_taken":["M","?","?","?","?","R","?","R","T","E","?","M","R","E","R","BOSS","M","M","M","?","M"],"items_purchased_type":[],"build_version":"2020-12-22","purchased_purges":0,"victory":false,"max_hp_per_floor":[66,66,66,73,73,73,73,73,73,73,73,74,74,75,75,75,75,75,75,76,76,76,76],"card_choices":[{"not_picked":["animator:Kira","animator:Patchouli"],"picked":"animator:TanyaDegurechaff","floor":0},{"not_picked":["animator:Genos","animator:Caster"],"picked":"animator:Demiurge","floor":1},{"not_picked":["animator:Lu","animator:DolaCouronne"],"picked":"animator:NarberalGamma","floor":5},{"not_picked":["animator:YuiTsuruno","animator:Elsword"],"picked":"animator:KyokoSakura","floor":10},{"not_picked":["animator:Demiurge","animator:PandorasActor"],"picked":"animator:Shalltear","floor":12},{"not_picked":["animator:DolaCouronne","animator:MetalKnight"],"picked":"animator:Kyubey","floor":14},{"not_picked":["animator:MadokaKaname","animator:Sora"],"picked":"animator:Albedo","floor":16},{"not_picked":["animator:SuzuneAmano","animator:Spearman"],"picked":"animator:IrohaTamaki","floor":18},{"not_picked":["animator:ShinjiMatou","animator:Jibril+1"],"picked":"animator:DolaSchwi","floor":19},{"not_picked":["animator:Demiurge","animator:Cocytus"],"picked":"animator:Sebas","floor":20}],"player_experience":378752,"relics_obtained":[{"floor":4,"key":"Strawberry"},{"floor":9,"key":"Charon\u0027s Ashes"},{"floor":10,"key":"The Courier"},{"floor":14,"key":"Darkstone Periapt"}],"event_choices":[{"damage_healed":0,"gold_gain":0,"player_choice":"Success","damage_taken":18,"relics_obtained":["Eternal Feather"],"max_hp_gain":0,"max_hp_loss":0,"event_name":"Scrap Ooze","floor":2,"gold_loss":0},{"damage_healed":0,"gold_gain":0,"player_choice":"Entered Light","damage_taken":13,"max_hp_gain":0,"max_hp_loss":0,"event_name":"Shining Light","floor":3,"gold_loss":0,"cards_upgraded":["animator:Cocytus","animator:Demiurge"]},{"damage_healed":0,"gold_gain":0,"player_choice":"Box","damage_taken":0,"relics_obtained":["Regal Pillow"],"max_hp_gain":0,"max_hp_loss":0,"event_name":"Big Fish","floor":7,"gold_loss":0,"cards_obtained":["Regret"]},{"damage_healed":0,"gold_gain":0,"player_choice":"Grow","damage_taken":0,"max_hp_gain":0,"max_hp_loss":0,"event_name":"Living Wall","floor":11,"gold_loss":0,"cards_upgraded":["animator:TanyaDegurechaff"]},{"damage_healed":0,"gold_gain":0,"player_choice":"Inject Mutagens","damage_taken":0,"relics_obtained":["MutagenicStrength"],"max_hp_gain":0,"max_hp_loss":0,"event_name":"Drug Dealer","floor":21,"gold_loss":0}],"is_beta":false,"boss_relics":[{"not_picked":["SacredBark","Fusion Hammer"],"picked":"animator:RacePiece"}],"items_purged_floors":[],"is_endless":false,"potions_floor_spawned":[5,10,16,19],"killed_by":"Shelled Parasite and Fungi","ascension_level":11}}