{"host":"4kmvpqjeiacgn1pr","time":1612225100,"event":{"mods":["AchievementEnabler","BaseMod","Better Altar","Better Match","Better Note","Better Sensory Stone","Better Skull","Better Third Choice","Colored Map","Colored Powertips","Curses Come First","Downfall","Highlight Path","Infinite Spire","Minty Spire (QoL Compilation)","Permanent Neow","Quick Restart","Rare Cards Sparkle","Replay The Spire","Shop Mod","Spicy Shops","Spikes Relics","StSLib","Waifu the Spire"],"gold_per_floor":[118,135,153,153,170,205,205,238,261,275,275,9,28,63,63,160,160,180,180,180,180,195,224,224,250,250,263,22,22,22,56,56,151,151,162,355,12,12,22,53,53,80,106,106,131,131,146,146,146,159,159,159,159],"floor_reached":52,"language":"ENG","playtime":3151,"items_purged":["Strike_G","Strike_G"],"score":1024,"play_id":"d3e19ecc-f3bc-46f8-ad5e-86dcfc4c68ea","local_time":"20210201191820","is_ascension_mode":true,"campfire_choices":[{"data":"Adrenaline","floor":7,"key":"SMITH"},{"data":"Choke","floor":15,"key":"SMITH"},{"data":"Replay:Dark Deal","floor":41,"key":"SMITH"},{"data":"Panache","floor":44,"key":"SMITH"}],"circlet_count":0,"master_deck":["AscendersBane","Strike_G","Defend_G","Defend_G+1","Defend_G","Defend_G","Defend_G+1","Survivor","Neutralize","Blade Dance","Blade Dance","Adrenaline+1","Cloak And Dagger","Choke+1","ReplayTheSpireMod:Tripwire","Die Die Die+1","Flying Knee","Endless Agony","After Image","Draining Mist+1","Slimebound:CheckThePlaybook","Endless Agony","Slice","Deflect","Eviscerate+1","Bullet Time","Adrenaline","Slice","Catalyst","Envenom","Cloak And Dagger+1","Cloak And Dagger+1","Replay:Dark Deal+1","Die Die Die+1","Panache+1","Feint","Degenerate","Pain","Terror","Cloak And Dagger+1","Storm of Steel","Blade Dance","Infinite Blades+1","Escape Plan+1"],"relics":["Ring of the Snake","Vampiric Spirits","Lantern","infinitespire:Beetle Shell","Potion Belt","SpikesRelics:DaevaFist","Membership Card","Juzu Bracelet","WristBlade","Centennial Puzzle","Pondfish Scales","Centennial Puzzle","Replay:Accelerometer","ToxicTincture","Pantograph","Orichalcum","DollysMirror","ReplayTheSpireMod:ShopPack","Simple Rune","Replay:Rubber Ducky","WarpedTongs","Eternal Feather","Replay:Bottled Snecko","Replay:Mystery Machine","SpikesRelics:ToyHorsey","Ring of Chaos","Replay:Wax Seal"],"acts_visited":["Exordium","TheCity","TheBeyond"],"potions_floor_usage":[6,8,16,16,18,23,23,33,42,52,52,52,52],"damage_taken":[{"damage":6,"enemies":"Cultist","floor":1,"turns":5},{"damage":7,"enemies":"2 Louse","floor":2,"turns":2},{"damage":1,"enemies":"Jaw Worm","floor":3,"turns":2},{"damage":2,"enemies":"Blue Slaver","floor":5,"turns":4},{"damage":14,"enemies":"3 Sentries","floor":6,"turns":7},{"damage":11,"enemies":"Gremlin Nob","floor":8,"turns":3},{"damage":0,"enemies":"Looter","floor":10,"turns":1},{"damage":0,"enemies":"2 Fungi Beasts","floor":13,"turns":1},{"damage":5,"enemies":"3 Sentries","floor":14,"turns":4},{"damage":49,"enemies":"Hexaghost","floor":16,"turns":9},{"damage":5,"enemies":"2 Thieves","floor":18,"turns":3},{"damage":8,"enemies":"Shell Parasite","floor":22,"turns":2},{"damage":27,"enemies":"Slavers","floor":23,"turns":3},{"damage":20,"enemies":"Gremlin Leader","floor":25,"turns":4},{"damage":0,"enemies":"Centurion and Healer","floor":27,"turns":3},{"damage":10,"enemies":"Nightmare","floor":31,"turns":6},{"damage":39,"enemies":"Automaton","floor":33,"turns":7},{"damage":26,"enemies":"3 Darklings","floor":35,"turns":3},{"damage":0,"enemies":"Orb Walker","floor":39,"turns":1},{"damage":51,"enemies":"Nightmare","floor":40,"turns":5},{"damage":17,"enemies":"Reptomancer","floor":42,"turns":3},{"damage":31,"enemies":"Nemesis","floor":45,"turns":5},{"damage":1,"enemies":"Sphere and 2 Shapes","floor":47,"turns":1},{"damage":7,"enemies":"3 Darklings","floor":50,"turns":2},{"damage":72,"enemies":"Replay:Hell Engine","floor":52,"turns":7}],"seed_played":"-8050560027277563470","potions_obtained":[{"floor":2,"key":"LiquidMemories"},{"floor":5,"key":"Fire Potion"},{"floor":8,"key":"Fire Potion"},{"floor":14,"key":"Swift Potion"},{"floor":16,"key":"GhostInAJar"},{"floor":18,"key":"Weak Potion"},{"floor":22,"key":"Swift Potion"},{"floor":27,"key":"Block Potion"},{"floor":35,"key":"champ:CounterPotion"},{"floor":47,"key":"SteroidPotion"},{"floor":50,"key":"Doom Potion"},{"floor":51,"key":"Elixir"},{"floor":51,"key":"Explosive Potion"}],"is_trial":false,"path_per_floor":["M","M","M","?","M","E","R","E","T","M","?","$","M","E","R","B",null,"M","?","?","AVR","M","E","?","E","T","M","$","?","$","NM","R_BF","B",null,"M","?","$","?","M","NM","R","E","T","R","E","AVR","M","PTL","PTL","M","R_BF","B"],"character_chosen":"THE_SILENT","items_purchased":["Membership Card","Die Die Die+1","Bullet Time","ToxicTincture","Pantograph","Replay:Dark Deal","DollysMirror","ReplayTheSpireMod:ShopPack","Simple Rune","Replay:Rubber Ducky"],"campfire_rested":0,"item_purchase_floors":[12,12,28,28,28,37,37,37,37,37],"current_hp_per_floor":[41,37,42,42,44,36,36,31,31,37,30,30,43,53,53,12,56,63,39,39,39,41,43,43,48,48,67,67,67,67,60,60,31,60,44,16,16,16,45,16,40,53,53,70,39,39,63,63,63,63,70,0,0],"gold":159,"neow_bonus":"ONE_RARE_RELIC","is_daily":false,"chose_seed":false,"campfire_upgraded":4,"win_rate":0.0,"timestamp":1612225100,"path_taken":["M","?","M","?","M","E","R","E","T","M","?","$","?","E","R","BOSS","M","?","?","AVR","M","E","?","E","T","M","$","?","?","NM","R_BF","BOSS","M","?","$","?","M","NM","R","E","T","R","E","AVR","M","PTL","PTL","M","R_BF","BOSS"],"items_purchased_type":["Relic","Card","Card","Relic","Relic","Card","Relic","Relic","Relic","Relic"],"build_version":"2020-12-22","purchased_purges":2,"victory":false,"max_hp_per_floor":[70,70,70,70,70,70,70,70,70,70,70,70,70,70,70,70,70,70,70,70,70,70,70,70,70,70,70,70,70,70,70,70,70,70,70,70,70,70,70,70,70,70,70,70,70,70,70,70,70,70,70,70,70],"card_choices":[{"not_picked":["Deadly Poison","Bane"],"picked":"Blade Dance","floor":1},{"not_picked":["Hidden Blade","Cloak And Dagger"],"picked":"Blade Dance","floor":2},{"not_picked":["Outmaneuver","Blade Dance"],"picked":"Adrenaline","floor":3},{"not_picked":["Leg Sweep","Outmaneuver"],"picked":"Cloak And Dagger","floor":5},{"not_picked":["Dagger Throw","ShadowRift"],"picked":"Choke","floor":6},{"not_picked":["Cloak And Dagger","Backflip","Acrobatics"],"picked":"SKIP","floor":8},{"not_picked":["Slice","PiercingWail"],"picked":"ReplayTheSpireMod:Tripwire","floor":10},{"not_picked":["ReplayTheSpireMod:The Works","Cloak And Dagger"],"picked":"Flying Knee","floor":13},{"not_picked":["Slice","Pace"],"picked":"Endless Agony","floor":14},{"not_picked":["Poison Darts","A Thousand Cuts"],"picked":"After Image","floor":16},{"not_picked":["Prepared","Flying Knee"],"picked":"Draining Mist+1","floor":18},{"not_picked":["Terror","Replay:Poison Smokescreen"],"picked":"Slice","floor":22},{"not_picked":["Dagger Spray","Quick Slash+1","Dodge and Roll"],"picked":"SKIP","floor":23},{"not_picked":["Bane","Cloak And Dagger"],"picked":"Deflect","floor":25},{"not_picked":["Fluid Movement","Acrobatics"],"picked":"Eviscerate+1","floor":27},{"not_picked":["ReplayTheSpireMod:Speed Training","ReplayTheSpireMod:Shiv Toss"],"picked":"Slice","floor":31},{"not_picked":["Replay:Bag of Tricks","Venomology"],"picked":"Envenom","floor":33},{"not_picked":["Quick Slash","Bane+1"],"picked":"Cloak And Dagger+1","floor":35},{"not_picked":["Sucker Punch+1","Catalyst+1"],"picked":"Cloak And Dagger+1","floor":36},{"not_picked":["The Bomb","ReplayTheSpireMod:Necrogeddon"],"picked":"Panache","floor":37},{"not_picked":["Chrysalis","The Bomb"],"picked":"Feint","floor":37},{"not_picked":["Deep Breath","Replay:Bootleg Shield Generator"],"picked":"Degenerate","floor":37},{"not_picked":["Poisoned Stab+1","Dagger Throw"],"picked":"Terror","floor":39},{"not_picked":["Dodge and Roll+1","Deadly Poison"],"picked":"Cloak And Dagger+1","floor":40},{"not_picked":["Unload","Tools of the Trade"],"picked":"Storm of Steel","floor":42},{"not_picked":["ShadowRift","Dagger Throw"],"picked":"Blade Dance","floor":45},{"not_picked":["Slice","Poisoned Stab"],"picked":"Infinite Blades+1","floor":47},{"not_picked":["Pace","ReplayTheSpireMod:Tripwire"],"picked":"Escape Plan+1","floor":50}],"player_experience":412161,"relics_obtained":[{"floor":6,"key":"infinitespire:Beetle Shell"},{"floor":8,"key":"Potion Belt"},{"floor":9,"key":"SpikesRelics:DaevaFist"},{"floor":14,"key":"Juzu Bracelet"},{"floor":23,"key":"Pondfish Scales"},{"floor":25,"key":"Centennial Puzzle"},{"floor":26,"key":"Replay:Accelerometer"},{"floor":31,"key":"Orichalcum"},{"floor":40,"key":"Eternal Feather"},{"floor":42,"key":"Replay:Bottled Snecko"},{"floor":43,"key":"Replay:Mystery Machine"},{"floor":45,"key":"SpikesRelics:ToyHorsey"}],"event_choices":[{"damage_healed":0,"gold_gain":0,"player_choice":"Box","damage_taken":0,"relics_obtained":["Lantern"],"max_hp_gain":0,"max_hp_loss":0,"event_name":"Big Fish","floor":4,"gold_loss":0,"cards_obtained":["Regret"]},{"cards_removed":["Regret"],"damage_healed":0,"gold_gain":0,"player_choice":"Card Removal","damage_taken":7,"max_hp_gain":0,"max_hp_loss":0,"event_name":"Golden Wing","floor":11,"gold_loss":0},{"damage_healed":0,"gold_gain":0,"player_choice":"Read","damage_taken":0,"max_hp_gain":0,"max_hp_loss":0,"event_name":"The Library","floor":20,"gold_loss":0,"cards_obtained":["Endless Agony"]},{"damage_healed":0,"gold_gain":0,"player_choice":"Bought 0 Potions","damage_taken":0,"max_hp_gain":0,"max_hp_loss":0,"event_name":"The Woman in Blue","floor":24,"gold_loss":0},{"damage_healed":0,"gold_gain":0,"cards_transformed":["Strike_G"],"player_choice":"Transformed","damage_taken":0,"max_hp_gain":0,"max_hp_loss":0,"event_name":"Transmorgrifier","floor":29,"gold_loss":0,"cards_obtained":["Adrenaline"]},{"damage_healed":0,"gold_gain":0,"player_choice":"Rummage","damage_taken":0,"relics_obtained":["WarpedTongs"],"max_hp_gain":0,"max_hp_loss":0,"event_name":"Accursed Blacksmith","floor":38,"gold_loss":0,"cards_obtained":["Pain"]}],"is_beta":false,"boss_relics":[{"not_picked":["Sozu","Coffee Dripper"],"picked":"WristBlade"},{"not_picked":["ChewingGum","Fusion Hammer","Snecko Eye"]}],"items_purged_floors":[12,21],"is_endless":true,"potions_floor_spawned":[2,5,8,14,16,18,22,27,35,47,50],"killed_by":"Replay:Hell Engine","ascension_level":10}}