{"host":"lklj3eidp7g5an38","time":1612310151,"event":{"mods":["BaseMod","Minty Spire (QoL Compilation)","Relic Stats","StSLib"],"gold_per_floor":[141,157,199,246,246,246,246,262,289,350,401,401,436,446,446,554,554,604,604,604],"floor_reached":19,"language":"ENG","playtime":1523,"items_purged":[],"score":367,"play_id":"4c3037a4-6c1c-47ec-b3da-9c9bec5c6012","local_time":"20210202235551","is_ascension_mode":true,"campfire_choices":[{"data":"Eruption","floor":6.0,"key":"SMITH"},{"floor":12.0,"key":"REST"},{"data":"Blasphemy","floor":15.0,"key":"SMITH"}],"circlet_count":0,"master_deck":["AscendersBane","Strike_P+1","Defend_P","Defend_P","Defend_P","Eruption+1","Vigilance","Crescendo+1","Protect+1","Wish+1","FlyingSleeves","EmptyFist","CrushJoints","Scrawl","Halt+1","Blasphemy+1","CutThroughFate","LessonLearned"],"relics":["Astrolabe","Nunchaku","Blood Vial","Juzu Bracelet","Philosopher\u0027s Stone"],"acts_visited":["Exordium","TheCity"],"potions_floor_usage":[],"damage_taken":[{"damage":12.0,"enemies":"Cultist","floor":1.0,"turns":3.0},{"damage":9.0,"enemies":"Small Slimes","floor":2.0,"turns":3.0},{"damage":1.0,"enemies":"2 Louse","floor":3.0,"turns":3.0},{"damage":27.0,"enemies":"Exordium Wildlife","floor":4.0,"turns":5.0},{"damage":0.0,"enemies":"Blue Slaver","floor":8.0,"turns":4.0},{"damage":10.0,"enemies":"3 Sentries","floor":10.0,"turns":7.0},{"damage":0.0,"enemies":"Lagavulin","floor":13.0,"turns":7.0},{"damage":0.0,"enemies":"3 Louse","floor":14.0,"turns":2.0},{"damage":7.0,"enemies":"Hexaghost","floor":16.0,"turns":9.0},{"damage":20.0,"enemies":"Chosen","floor":18.0,"turns":5.0},{"damage":44,"enemies":"Masked Bandits","floor":19,"turns":3}],"seed_played":"2756742113946981789","potions_obtained":[{"floor":4.0,"key":"LiquidBronze"},{"floor":8.0,"key":"SteroidPotion"},{"floor":10.0,"key":"LiquidBronze"},{"floor":13.0,"key":"DuplicationPotion"},{"floor":18.0,"key":"BlessingOfTheForge"}],"is_trial":false,"path_per_floor":["M","M","M","M","?","R","?","M","T","E","T","R","E","M","R","B",null,"M","?"],"character_chosen":"WATCHER","items_purchased":[],"campfire_rested":1,"item_purchase_floors":[],"current_hp_per_floor":[49,40,39,12,34,34,27,27,27,17,17,37,39,41,41,36,60,42,0,0],"gold":604,"neow_bonus":"BOSS_RELIC","is_daily":false,"chose_seed":false,"campfire_upgraded":2,"win_rate":0.0,"timestamp":1612310151,"path_taken":["M","M","?","M","?","R","?","?","T","E","?","R","E","M","R","BOSS","M","?"],"items_purchased_type":[],"build_version":"2020-12-22","purchased_purges":0,"victory":false,"max_hp_per_floor":[68,68,68,68,68,68,68,68,68,68,68,68,68,68,68,68,68,68,68,68],"relic_stats":{"Blood Vial":10,"Nunchaku":[4],"counters":[11,51],"Astrolabe":["Crescendo","Protect","Wish"],"Juzu Bracelet":0,"obtain_stats":[{"Blood Vial":10,"Nunchaku":9,"Astrolabe":0,"Philosopher\u0027s Stone":17,"Juzu Bracelet":13,"PureWater":0},{"Blood Vial":6,"Nunchaku":5,"Astrolabe":0,"Philosopher\u0027s Stone":9,"Juzu Bracelet":7,"PureWater":0},{"Blood Vial":25,"Nunchaku":18,"Astrolabe":0,"Philosopher\u0027s Stone":43,"Juzu Bracelet":32,"PureWater":0}]},"card_choices":[{"not_picked":["EmptyBody","Crescendo"],"picked":"FlyingSleeves","floor":1.0},{"not_picked":["JustLucky","WreathOfFlame"],"picked":"EmptyFist","floor":2.0},{"not_picked":["Judgement","Evaluate"],"picked":"CrushJoints","floor":3.0},{"not_picked":["Crescendo","SashWhip","EmptyFist"],"picked":"SKIP","floor":4.0},{"not_picked":["FlyingSleeves","Prostrate"],"picked":"Scrawl","floor":8.0},{"not_picked":["Prostrate","ForeignInfluence"],"picked":"Halt","floor":10.0},{"not_picked":["Alpha","FollowUp"],"picked":"Blasphemy","floor":13.0},{"not_picked":["Crescendo","BattleHymn"],"picked":"CutThroughFate","floor":14.0},{"not_picked":["DeusExMachina","SpiritShield"],"picked":"LessonLearned","floor":16.0},{"not_picked":["FollowUp","EmptyFist","Halt"],"picked":"SKIP","floor":18.0}],"player_experience":915562,"relics_obtained":[{"floor":9.0,"key":"Nunchaku"},{"floor":10.0,"key":"Blood Vial"},{"floor":13.0,"key":"Juzu Bracelet"}],"event_choices":[{"damage_healed":22.0,"max_hp_gain":0.0,"max_hp_loss":0.0,"gold_gain":0.0,"event_name":"Big Fish","player_choice":"Banana","floor":5.0,"gold_loss":0.0,"damage_taken":0.0},{"cards_removed":["Strike_P"],"damage_healed":0.0,"max_hp_gain":0.0,"max_hp_loss":0.0,"gold_gain":0.0,"event_name":"Golden Wing","player_choice":"Card Removal","floor":7.0,"gold_loss":0.0,"damage_taken":7.0},{"damage_healed":0,"gold_gain":0,"player_choice":"Fought Bandits","damage_taken":0,"max_hp_gain":0,"max_hp_loss":0,"event_name":"Masked Bandits","floor":19,"gold_loss":0}],"is_beta":false,"boss_relics":[{"not_picked":["Runic Dome","Empty Cage"],"picked":"Philosopher\u0027s Stone"}],"items_purged_floors":[],"is_endless":false,"potions_floor_spawned":[4,8,10,13,14,18],"killed_by":"Masked Bandits","ascension_level":16}}