{"host":"1zjc08c6hob33401","time":1612295280,"event":{"mods":["AchievementEnabler","Act Like it!","Aspiration","BaseMod","Downfall","Elementarium","Energized Spire","Evolution","Friendly Minions","Gensokyo","GifTheSpireLib","Hubris","Infinite Spire","Jedi Mod","Menagerie","Minty Spire (QoL Compilation)","Pale of the Ancients","Quick Restart","Reliquary","Replay The Spire","Retaliation","Shop Mod","Spicy Shops","Spire Arcade","StS++","StSLib","Stuff the Spire","The Blue Laboratory","Wandering Minibosses","??????REMEMod"],"gold_per_floor":[109,109,128,53,53,53,85,5,29,29,49,49,74,93,93,167,167,187,198,198,198,217,217,217,217],"floor_reached":24,"language":"RUS","playtime":946,"items_purged":["Strike_B"],"score":404,"play_id":"b7fcdb43-92c5-41c1-905e-684e920aa7dd","local_time":"20210202214800","is_ascension_mode":true,"campfire_choices":[{"data":"Zap","floor":6,"key":"SMITH"},{"data":"Darkness","floor":12,"key":"SMITH"},{"floor":15,"key":"REST"},{"data":"Thunder Strike","floor":23,"key":"SMITH"}],"circlet_count":0,"master_deck":["AscendersBane","Sweeping Beam","Sweeping Beam","Sweeping Beam+1","Defend_B","Defend_B","Defend_B","Defend_B","Zap+1","Dualcast","ReplayRNGCard+1","StuffTheSpire:Plugnplay+1","Ball Lightning","Go for the Eyes","Capacitor","Darkness+1","Thunder Strike+1","Sweeping Beam","Machine Learning","ReplayTheSpireMod:Calculation Training+1","Compile Driver"],"relics":["Cracked Core","EVO:Axolotl","REME_ComplimentaryCards","Replay:Rubber Ducky","reliquary:Buckler","jedi:shrinkray","Geode","aspiration:Stellarator","Gensokyo:SongOfSouls"],"acts_visited":["Gensokyo:Gensokyo","Gensokyo:Gensokyoer"],"potions_floor_usage":[7,19,22],"damage_taken":[{"damage":0,"enemies":"Gensokyo:3_Fairies","floor":1,"turns":3},{"damage":8,"enemies":"Gensokyo:Python","floor":3,"turns":3},{"damage":18,"enemies":"Gensokyo:Mamizou","floor":7,"turns":4},{"damage":0,"enemies":"Gensokyo:2_Kodama","floor":11,"turns":1},{"damage":27,"enemies":"Gensokyo:Aya","floor":13,"turns":4},{"damage":0,"enemies":"Gensokyo:LivingMonolith","floor":14,"turns":3},{"damage":30,"enemies":"Gensokyo:Yukari","floor":16,"turns":9},{"damage":5,"enemies":"Gensokyo:2_Gloops","floor":18,"turns":4},{"damage":19,"enemies":"Gensokyo:3_Dogs","floor":19,"turns":5},{"damage":22,"enemies":"Gensokyo:3_Gloops","floor":22,"turns":4},{"damage":23,"enemies":"Gensokyo:Swordslinger","floor":24,"turns":1}],"seed_played":"7463284888733346290","potions_obtained":[{"floor":3,"key":"jedi:StrikingPotion"},{"floor":11,"key":"blueLaboratory:NullPotion"},{"floor":13,"key":"blueLaboratory:BottledHope"},{"floor":16,"key":"Adrenaline Potion"}],"is_trial":false,"path_per_floor":["M","?","M","$","?","R","E","$","T","?","M","R","E","M","R","B",null,"M","M","?","?","M","R","M"],"character_chosen":"DEFECT","items_purchased":["Capacitor"],"campfire_rested":1,"item_purchase_floors":[8],"current_hp_per_floor":[71,71,63,63,63,63,45,45,45,52,52,52,25,25,50,20,69,64,45,45,45,23,23,0,0],"gold":217,"neow_bonus":"TEN_PERCENT_HP_BONUS","is_daily":false,"chose_seed":false,"campfire_upgraded":3,"win_rate":0.0,"timestamp":1612295280,"path_taken":["M","?","M","$","?","R","E","?","T","?","M","R","E","?","R","BOSS","M","M","?","?","M","R","M"],"items_purchased_type":["Card"],"build_version":"2020-12-22","purchased_purges":1,"victory":false,"max_hp_per_floor":[78,78,78,78,78,78,78,78,78,85,85,85,85,85,85,85,85,85,85,85,85,85,85,85,85],"card_choices":[{"not_picked":["Recycle","jedi:BurstLightning"],"picked":"StuffTheSpire:Plugnplay","floor":1},{"not_picked":["Steam","StuffTheSpire:Purify"],"picked":"Ball Lightning","floor":3},{"not_picked":["Redo","Conserve Battery"],"picked":"Go for the Eyes","floor":7},{"not_picked":["jedi:spotbugs","Beam Cell"],"picked":"Darkness","floor":11},{"not_picked":["jedi:BurstFrost","Compile Driver"],"picked":"Thunder Strike","floor":13},{"not_picked":["Heatsinks","Turbo"],"picked":"Sweeping Beam","floor":14},{"not_picked":["hubris:SpecializedCircuitry","StSpp:MemoryLeak"],"picked":"Machine Learning","floor":16},{"not_picked":["Beam Cell","BasicCrystalCard"],"picked":"ReplayTheSpireMod:Calculation Training+1","floor":18},{"not_picked":["Reprogram","Blizzard","StuffTheSpire:GlassShard"],"picked":"SKIP","floor":19},{"not_picked":["Steam Power","Steam"],"picked":"Compile Driver","floor":22}],"player_experience":730573,"relics_obtained":[{"floor":7,"key":"reliquary:Buckler"},{"floor":9,"key":"jedi:shrinkray"},{"floor":13,"key":"Geode"}],"event_choices":[],"is_beta":false,"boss_relics":[{"not_picked":["StuffTheSpire:RunicConfusion","reliquary:Ember"],"picked":"aspiration:Stellarator"}],"items_purged_floors":[4],"is_endless":false,"potions_floor_spawned":[3,11,13,16],"killed_by":"Gensokyo:Swordslinger","ascension_level":19}}