{"host":"deirlxtsw53uoa9y","time":1612247759,"event":{"mods":["AchievementEnabler","BaseMod","DeckTracker","Lobotomy","Minty Spire (QoL Compilation)","Permanent Neow","Rare Cards Sparkle","StSLib","The Hierophant","everything is the same but u backflip on backflip"],"gold_per_floor":[272,272,272,272,29,62,62,62,62,62,62,62,62,62,62,188,188,188,204,7,106,106,106,106,106,106],"floor_reached":25,"language":"KOR","playtime":709,"items_purged":[],"score":201,"play_id":"eb898640-7153-4a54-9ca1-bec51c0ea62b","local_time":"20210202153559","is_ascension_mode":false,"campfire_choices":[{"data":"Barricade","floor":7,"key":"SMITH"},{"data":"Metallicize","floor":15,"key":"SMITH"},{"data":"Inflame","floor":24,"key":"SMITH"}],"circlet_count":0,"master_deck":["Strike_R+1","Strike_R+1","Strike_R+1","Strike_R+1","Strike_R+1","Defend_R+1","Defend_R+1","Defend_R+1","Defend_R+1","Bash","Barricade+1","WallGazer","Metallicize+1","CrumblingArmor","Heavy Blade+1","Blood for Blood+1","Anger+1","Double Tap","BigBird","Whirlwind+1","Inflame+1","Hemokinesis+1","Twin Strike+1"],"relics":["Burning Blood","CogitoBucket","Mummified Hand","Molten Egg 2","Mercury Hourglass","Golden Idol","TreeSap","Black Star","Membership Card"],"acts_visited":["Exordium","TheCity"],"potions_floor_usage":[14,25,25,25],"damage_taken":[{"damage":0,"enemies":"2 Louse","floor":1,"turns":3},{"damage":20,"enemies":"Gremlin Nob","floor":6,"turns":4},{"damage":0,"enemies":"Cultist","floor":8,"turns":2},{"damage":9,"enemies":"Small Slimes","floor":11,"turns":3},{"damage":8,"enemies":"Exordium Wildlife","floor":13,"turns":3},{"damage":54,"enemies":"Large Slime","floor":14,"turns":11},{"damage":7,"enemies":"Hexaghost","floor":16,"turns":10},{"damage":4,"enemies":"Shell Parasite","floor":18,"turns":4},{"damage":17,"enemies":"Chosen","floor":19,"turns":5},{"damage":3,"enemies":"Sentry and Sphere","floor":22,"turns":3},{"damage":73,"enemies":"Cultist and Chosen","floor":25,"turns":3}],"seed_played":"2090089763344419867","potions_obtained":[{"floor":8,"key":"FairyPotion"},{"floor":13,"key":"BlessingOfTheForge"},{"floor":14,"key":"DuplicationPotion"},{"floor":16,"key":"Strength Potion"},{"floor":18,"key":"PowerPotion"}],"is_trial":false,"path_per_floor":["M","?","$","?","$","E","R","M","T","$","M","?","M","M","R","B",null,"M","M","$","?","M","?","R","M"],"character_chosen":"IRONCLAD","items_purchased":["Molten Egg 2","Membership Card","Hemokinesis+1"],"campfire_rested":0,"item_purchase_floors":[5,20,20],"current_hp_per_floor":[80,80,80,64,64,50,50,56,56,56,53,33,31,13,13,12,80,80,69,69,69,72,72,72,0,0],"gold":106,"neow_bonus":"","is_daily":false,"chose_seed":false,"campfire_upgraded":3,"win_rate":0.0,"timestamp":1612247759,"path_taken":["M","?","?","?","$","E","R","M","T","$","M","?","M","M","R","BOSS","M","M","$","?","M","?","R","M"],"items_purchased_type":["Relic","Relic","Card"],"build_version":"2020-12-22","purchased_purges":0,"victory":false,"max_hp_per_floor":[80,80,80,80,80,80,80,80,80,80,80,80,80,80,80,80,80,80,80,80,80,80,80,80,80,80],"card_choices":[{"not_picked":["Wellcheers","BlackSwan"],"picked":"Woodsman","floor":1},{"not_picked":["Clothesline","Warcry","Twin Strike"],"picked":"SKIP","floor":1},{"not_picked":["Dual Wield","Havoc"],"picked":"Barricade","floor":6},{"not_picked":["OldLady","BlackSwan"],"picked":"WallGazer","floor":8},{"not_picked":["True Grit","Headbutt+1"],"picked":"Metallicize","floor":8},{"not_picked":["Yin","RedShoes","VoidDream"],"picked":"Singing Bowl","floor":11},{"not_picked":["SpiderBud","FairyFestival"],"picked":"CrumblingArmor","floor":11},{"not_picked":["Armaments","Thunderclap+1"],"picked":"Heavy Blade+1","floor":11},{"not_picked":["Freischutz","Scorched","QueenBee"],"picked":"Singing Bowl","floor":13},{"not_picked":["Battle Trance","Shrug It Off"],"picked":"Blood for Blood+1","floor":13},{"not_picked":["Combust","Warcry"],"picked":"Anger+1","floor":14},{"not_picked":["Offering","Berserk"],"picked":"Double Tap","floor":16},{"not_picked":["ShyLook","Bloodbath"],"picked":"BigBird","floor":16},{"not_picked":["Headbutt+1","Armaments+1"],"picked":"Whirlwind+1","floor":18},{"not_picked":["Wild Strike+1","Armaments"],"picked":"Inflame","floor":19},{"not_picked":["Heavy Blade+1","Infernal Blade"],"picked":"Twin Strike+1","floor":22}],"player_experience":67778,"relics_obtained":[{"floor":6,"key":"Mercury Hourglass"}],"event_choices":[{"cards_removed":["Woodsman"],"damage_healed":0,"gold_gain":0,"player_choice":"Gave Card","damage_taken":0,"relics_obtained":["Mummified Hand"],"max_hp_gain":0,"max_hp_loss":0,"event_name":"WeMeetAgain","floor":2,"gold_loss":0},{"damage_healed":0,"gold_gain":0,"player_choice":"Entered Light","damage_taken":16,"max_hp_gain":0,"max_hp_loss":0,"event_name":"Shining Light","floor":4,"gold_loss":0,"cards_upgraded":["Defend_R","Strike_R"]},{"damage_healed":0,"gold_gain":0,"player_choice":"Take Damage","damage_taken":20,"relics_obtained":["Golden Idol"],"max_hp_gain":0,"max_hp_loss":0,"event_name":"Golden Idol","floor":12,"gold_loss":0},{"damage_healed":0,"gold_gain":99,"player_choice":"Stole From Cult","damage_taken":0,"max_hp_gain":0,"max_hp_loss":0,"event_name":"Nest","floor":21,"gold_loss":0},{"damage_healed":0,"gold_gain":0,"player_choice":"Simplicity","damage_taken":0,"max_hp_gain":0,"max_hp_loss":0,"event_name":"Back to Basics","floor":23,"gold_loss":0,"cards_upgraded":["Strike_R","Strike_R","Strike_R","Strike_R","Defend_R","Defend_R","Defend_R"]}],"is_beta":false,"boss_relics":[{"not_picked":["Busted Crown","Velvet Choker"],"picked":"Black Star"}],"items_purged_floors":[],"is_endless":false,"potions_floor_spawned":[8,13,14,16,18],"killed_by":"Cultist and Chosen","ascension_level":0}}