{"host":"y4sghvfd0ewtcchd","time":1612293290,"event":{"mods":["A Penny For Your Troubles","Aspiration","BaseMod","Better Altar","Better Debug","Better Note","Better Third Choice","BetterRewards","Block Reminder","Colored Map","Colored Powertips","Highlight Path","Hubris","Infinite Spire","Minty Spire (QoL Compilation)","Relic Sorter","Relic Stats","Replay The Spire","Robot Space Explorer","Shop Mod","Spicy Shops","StSLib","The Jungle","The Saiyan","Wide Potions"],"gold_per_floor":[109,125,200,212,232,232,265,265,265,282,292,304,304,315,315,419,419,432,432,443,443,10,10,22,22,22,35,35,61,61,79,79,176,176,194,212,222,222,240,240,272,283,583,583,597,647,681,699,699,700,700,700,485,513,513,513],"floor_reached":55,"language":"ENG","playtime":2399,"items_purged":["Clumsy","Defend_R","Defend_R"],"score":1078,"play_id":"a8d862ff-aaaa-4fbd-897d-9e7f796efad8","local_time":"20210202221450","is_ascension_mode":true,"campfire_choices":[{"data":"Metallicize","floor":6.0,"key":"SMITH"},{"data":"Flame Barrier","floor":8.0,"key":"SMITH"},{"data":"Perfected Strike","floor":13.0,"key":"SMITH"},{"data":"Wild Strike","floor":15.0,"key":"SMITH"},{"data":"hubris:DuctTapeCard","floor":23.0,"key":"SMITH"},{"data":"Double Tap","floor":25.0,"key":"SMITH"},{"data":"Perfected Strike","floor":32.0,"key":"SMITH"},{"floor":40,"key":"RECALL"},{"floor":49,"key":"REST"},{"floor":52,"key":"REST"}],"circlet_count":0,"master_deck":["Strike_R","Strike_R","Strike_R","Strike_R","Strike_R","Defend_R","Defend_R","Perfected Strike+1","Metallicize+1","Wild Strike+1","Flame Barrier+1","hubris:ReadiedAction","Power Through","Double Tap+1","Twin Strike","Perfected Strike+1","ReplayTheSpireMod:Faulty Equipment","Sword Boomerang","Wild Strike+1","hubris:DuctTapeCard","Impervious","ReplayTheSpireMod:Muscle Training+1","Headbutt","Pommel Strike+1","hubris:InfiniteBlow+420","hubris:Fate","Demon Form","Power Through+1","ReplayTheSpireMod:Stacked+1","Perfected Strike","Impervious+1","Heavy Blade","Shrug It Off+1","hubris:StunningStrike"],"relics":["Burning Blood","hubris:GlazedTorus","Sling","Bag of Marbles","Another Sword","Bottled Tornado","Replay:Bottled Flurry","Ring of Chaos","Philosopher\u0027s Stone","Pantograph","ReplayTheSpireMod:CursedCoin","hubris:DuctTape","hubris:TinFlute","hubris:Icosahedron","Fusion Hammer","hubris:Towel","infinitespire:Lucky Rock","Old Coin","Brimstone","hubris:Zylophone","Toxic Egg 2","Orrery","Happy Flower"],"acts_visited":["Exordium","TheCity","TheBeyond","TheEnding"],"potions_floor_usage":[50,55],"damage_taken":[{"damage":0.0,"enemies":"Small Slimes","floor":1.0,"turns":2.0},{"damage":0.0,"enemies":"Cultist","floor":2.0,"turns":2.0},{"damage":0.0,"enemies":"2 Louse","floor":4.0,"turns":2.0},{"damage":0.0,"enemies":"Blue Slaver","floor":5.0,"turns":1.0},{"damage":5.0,"enemies":"3 Sentries","floor":7.0,"turns":6.0},{"damage":3.0,"enemies":"Looter","floor":10.0,"turns":2.0},{"damage":1.0,"enemies":"2 Fungi Beasts","floor":11.0,"turns":3.0},{"damage":0.0,"enemies":"Red Slaver","floor":12.0,"turns":2.0},{"damage":0.0,"enemies":"Large Slime","floor":14.0,"turns":1.0},{"damage":2.0,"enemies":"The Guardian","floor":16.0,"turns":7.0},{"damage":0.0,"enemies":"Chosen","floor":18.0,"turns":3.0},{"damage":0.0,"enemies":"3 Byrds","floor":20.0,"turns":3.0},{"damage":0.0,"enemies":"Snecko","floor":24.0,"turns":3.0},{"damage":0.0,"enemies":"Snake Plant","floor":27.0,"turns":1.0},{"damage":0.0,"enemies":"Gremlin Leader","floor":29.0,"turns":4.0},{"damage":7.0,"enemies":"Shelled Parasite and Fungi","floor":31.0,"turns":3.0},{"damage":52,"enemies":"Automaton","floor":33,"turns":7},{"damage":0,"enemies":"3 Shapes","floor":35,"turns":4},{"damage":0,"enemies":"Orb Walker","floor":36,"turns":3},{"damage":0,"enemies":"3 Darklings","floor":37,"turns":5},{"damage":4,"enemies":"Jaw Worm Horde","floor":39,"turns":3},{"damage":7,"enemies":"Giant Head","floor":41,"turns":6},{"damage":10,"enemies":"4 Shapes","floor":42,"turns":5},{"damage":1,"enemies":"Spire Growth","floor":45,"turns":3},{"damage":0,"enemies":"Mind Bloom Boss Battle","floor":46,"turns":2},{"damage":6,"enemies":"R_Hoarder","floor":47,"turns":3},{"damage":0,"enemies":"3 Darklings","floor":48,"turns":4},{"damage":7,"enemies":"infinitespire:MassOfShapes","floor":50,"turns":2},{"damage":0,"enemies":"Shield and Spear","floor":54,"turns":4},{"damage":102,"enemies":"The Heart","floor":55,"turns":5}],"seed_played":"-2677929937440144424","potions_obtained":[{"floor":1.0,"key":"BloodPotion"},{"floor":4.0,"key":"Swift Potion"},{"floor":12.0,"key":"Fruit Juice"},{"floor":18.0,"key":"DuplicationPotion"},{"floor":33,"key":"LifebloodPotion"}],"is_trial":false,"path_per_floor":["M","M","?","M","M","R","E","R","T","M","M","M","R","M","R","B",null,"M","AVR","M","?","$","R","M","R","T","M","?","E","?","M","R","B",null,"M","M","M","?","M","R","E","M","T","AVR","M","?","E","M","R","B",null,"R","$","E","B"],"character_chosen":"IRONCLAD","items_purchased":["Perfected Strike+1","hubris:GlazedTorus","Sling","Bag of Marbles","Metallicize","Another Sword","ReplayTheSpireMod:CursedCoin","hubris:EnhanceAbility","hubris:DuctTape","Perfected Strike","Orrery"],"campfire_rested":2,"item_purchase_floors":[0,0,0,0,0,0,22,22,22,53,53],"current_hp_per_floor":[42,48,40,46,52,52,53,53,53,56,61,72,72,78,78,82,84,85,85,85,85,85,85,85,85,85,85,85,85,85,84,84,39,74,80,85,85,85,85,85,84,80,80,80,85,85,85,85,85,84,85,85,85,85,0,0],"gold":513,"neow_bonus":"","is_daily":false,"chose_seed":false,"campfire_upgraded":7,"win_rate":0.0,"timestamp":1612293290,"path_taken":["M","M","?","M","?","R","E","R","T","M","M","M","R","M","R","BOSS","M","AVR","M","?","?","R","M","R","T","M","?","E","?","M","R","BOSS","M","M","M","?","M","R","E","M","T","AVR","M","?","E","M","R","BOSS","R","$","E","BOSS"],"items_purchased_type":["Card","Relic","Relic","Relic","Card","Relic","Relic","Card","Relic","Card","Relic"],"build_version":"2020-12-22","purchased_purges":3,"victory":false,"max_hp_per_floor":[80,80,80,80,80,80,80,80,80,80,80,85,85,85,85,85,85,85,85,85,85,85,85,85,85,85,85,85,85,85,85,85,85,85,85,85,85,85,85,85,85,85,85,85,85,85,85,85,85,85,85,85,85,85,85,85],"relic_stats":{"Happy Flower":[1],"counters":[210,902],"Pantograph":1,"obtain_stats":[{"infinitespire:BottledMercury":26,"Golden Egg":53,"infinitespire:Cubic Diamond":2,"aspiration:PoetsPen_weak":17,"Whetstone":53,"Bottled Tornado":7,"Sling":0,"Boot":0,"aspiration:RitualStick":31,"Old Coin":43,"Blood Vial":5,"Replay:Wanted Poster":17,"infinitespire:ShieldingShard":0,"Replay:Bronze Core":17,"hubris:DeckOfHolding":10,"infinitespire:Golems Mask":0,"Fusion Hammer":34,"HandDrill":53,"Replay:Bottled Flurry":9,"hubris:TinFlute":0,"Blue Candle":7,"hubris:SphereOfDissonance":24,"ReplayTheSpireMod:SealedPack":17,"aspiration:FrozenJewel":46,"infinitespire:EvilPickle":33,"infinitespire:Broken Mirror":0,"MutagenicStrength":29,"aspiration:SilentSkillbook":34,"infinitespire:PuzzleCube":0,"Abe\u0027s Treasure":17,"Unceasing Top":54,"hubris:Reverence":46,"Regal Pillow":6,"aspiration:Lifesprig":0,"Lantern":0,"hubris:Metronome":54,"Singing Bowl":7,"Magic Flower":47,"Blue Doll":0,"Painkiller Herb":28,"Bag of Preparation":9,"hubris:EmptyBottle":53,"Smiling Mask":26,"Burning Blood":0,"Replay:Rubber Ducky":9,"hubris:Backtick":46,"Matryoshka":0,"Shovel":29,"infinitespire:Bottled Soul":28,"aspiration:AnachronicSnailShell":36,"hubris:ScarierMask":34,"hubris:FunFungus":11,"WingedGreaves":23,"aspiration:FutureDiary":34,"hubris:GlazedTorus":0,"Lee\u0027s Waffle":0,"NeowsBlessing":0,"Golden Idol":3,"Self Forming Clay":53,"The Courier":38,"PreservedInsect":8,"Omamori":28,"infinitespire:Lucky Rock":25,"Frozen Egg 2":26,"hubris:Towel":38,"Bloody Idol":37,"Orrery":36,"Art of War":25,"Champion Belt":6,"Toy Ornithopter":9,"Tiny House":17,"hubris:CrystalStatue":40,"Calipers":0,"Gremlin Horn":0,"Vajra":0,"Centennial Puzzle":54,"Prayer Wheel":7,"Philosopher\u0027s Stone":19,"Toxic Egg 2":0,"hexamod:SpiritBrand":24,"Happy Flower":0,"hubris:DuctTape":22,"ReplayTheSpireMod:CursedCoin":4,"aspiration:Nostalgia":24,"Oddly Smooth Stone":13,"infinitespire:Beetle Shell":53,"Ring of Chaos":17,"hubris:Zylophone":46,"OrangePellets":0,"Replay:Baseball":0,"ReplayTheSpireMod:Shallot":45,"Shuriken":31,"Brimstone":44,"Bronze Scales":29,"Onion Ring":42,"hubris:PeanutButter":30,"ReplayTheSpireMod:TigerMarble":29,"hubris:ToyBattleship":6,"Mirror":0,"ReplayTheSpireMod:DimensionalGlitch":34,"Darkstone Periapt":13,"Juzu Bracelet":19,"ClockworkSouvenir":47,"Replay:Bandana":7,"hubris:Icosahedron":42,"Chameleon Ring":38,"TheAbacus":53,"Mummified Hand":0,"Pantograph":19,"Tiny Chest":14,"Cracked Core":0,"Red Skull":28,"hubris:DisguiseKit":9,"BargainBundle":0,"ReplayTheSpireMod:Ninjato":41,"Guide Book":0,"hubris:MedicalManual":46,"aspiration:HummingbirdHeart":0,"Orichalcum":29,"Medical Kit":39,"White Beast Statue":53,"Peace Pipe":31,"Strange Spoon":0,"Anchor":24,"infinitespire:WardingShard":9,"infinitespire:Satchel":4,"ChewingGum":34,"hubris:BundleOfHerbs":41,"Another Sword":0,"Coffee Dripper":17,"hubris:GrandSneckoEye":17,"Bag of Marbles":0,"Membership Card":0,"hubris:Potato":26,"FossilizedHelix":44,"TungstenRod":45,"m_BurningSludge":2,"hubris:NiceRug":53},{"infinitespire:BottledMercury":66,"Golden Egg":126,"infinitespire:Cubic Diamond":19,"aspiration:PoetsPen_weak":85,"Whetstone":101,"Bottled Tornado":185,"Sling":103,"Boot":128,"aspiration:RitualStick":115,"Old Coin":203,"Blood Vial":161,"Replay:Wanted Poster":165,"infinitespire:ShieldingShard":176,"Replay:Bronze Core":47,"hubris:DeckOfHolding":21,"infinitespire:Golems Mask":128,"Fusion Hammer":197,"HandDrill":101,"Replay:Bottled Flurry":185,"hubris:TinFlute":157,"Blue Candle":42,"hubris:SphereOfDissonance":168,"ReplayTheSpireMod:SealedPack":109,"aspiration:FrozenJewel":72,"infinitespire:EvilPickle":68,"infinitespire:Broken Mirror":157,"MutagenicStrength":91,"aspiration:SilentSkillbook":68,"infinitespire:PuzzleCube":12,"Abe\u0027s Treasure":33,"Unceasing Top":156,"hubris:Reverence":98,"Regal Pillow":3,"aspiration:Lifesprig":39,"Lantern":77,"hubris:Metronome":127,"Singing Bowl":105,"Magic Flower":73,"Blue Doll":103,"Painkiller Herb":141,"Bag of Preparation":5,"hubris:EmptyBottle":155,"Smiling Mask":168,"Burning Blood":0,"Replay:Rubber Ducky":82,"hubris:Backtick":98,"Matryoshka":157,"Shovel":169,"infinitespire:Bottled Soul":66,"aspiration:AnachronicSnailShell":96,"hubris:ScarierMask":144,"hubris:FunFungus":57,"WingedGreaves":65,"aspiration:FutureDiary":172,"hubris:GlazedTorus":180,"Lee\u0027s Waffle":39,"NeowsBlessing":0,"Golden Idol":104,"Self Forming Clay":155,"The Courier":70,"PreservedInsect":133,"Omamori":114,"infinitespire:Lucky Rock":66,"Frozen Egg 2":141,"hubris:Towel":200,"Bloody Idol":174,"Orrery":145,"Art of War":141,"Champion Belt":133,"Toy Ornithopter":133,"Tiny House":10,"hubris:CrystalStatue":148,"Calipers":157,"Gremlin Horn":103,"Vajra":39,"Centennial Puzzle":102,"Prayer Wheel":56,"Philosopher\u0027s Stone":191,"Toxic Egg 2":128,"hexamod:SpiritBrand":112,"Happy Flower":39,"hubris:DuctTape":192,"ReplayTheSpireMod:CursedCoin":80,"aspiration:Nostalgia":112,"Oddly Smooth Stone":135,"infinitespire:Beetle Shell":155,"Ring of Chaos":190,"hubris:Zylophone":205,"OrangePellets":176,"Replay:Baseball":128,"ReplayTheSpireMod:Shallot":98,"Shuriken":143,"Brimstone":203,"Bronze Scales":66,"Onion Ring":122,"hubris:PeanutButter":170,"ReplayTheSpireMod:TigerMarble":66,"hubris:ToyBattleship":82,"Mirror":51,"ReplayTheSpireMod:DimensionalGlitch":94,"Darkstone Periapt":8,"Juzu Bracelet":48,"ClockworkSouvenir":98,"Replay:Bandana":29,"hubris:Icosahedron":71,"Chameleon Ring":97,"TheAbacus":126,"Mummified Hand":26,"Pantograph":191,"Tiny Chest":46,"Cracked Core":0,"Red Skull":141,"hubris:DisguiseKit":105,"BargainBundle":77,"ReplayTheSpireMod:Ninjato":98,"Guide Book":77,"hubris:MedicalManual":98,"aspiration:HummingbirdHeart":157,"Orichalcum":169,"Medical Kit":175,"White Beast Statue":101,"Peace Pipe":93,"Strange Spoon":39,"Anchor":112,"infinitespire:WardingShard":14,"infinitespire:Satchel":2,"ChewingGum":116,"hubris:BundleOfHerbs":71,"Another Sword":180,"Coffee Dripper":24,"hubris:GrandSneckoEye":59,"Bag of Marbles":180,"Membership Card":128,"hubris:Potato":112,"FossilizedHelix":122,"TungstenRod":150,"m_BurningSludge":19,"hubris:NiceRug":101},{"infinitespire:BottledMercury":326,"Golden Egg":582,"infinitespire:Cubic Diamond":63,"aspiration:PoetsPen_weak":417,"Whetstone":468,"Bottled Tornado":814,"Sling":477,"Boot":601,"aspiration:RitualStick":529,"Old Coin":879,"Blood Vial":726,"Replay:Wanted Poster":741,"infinitespire:ShieldingShard":791,"Replay:Bronze Core":225,"hubris:DeckOfHolding":83,"infinitespire:Golems Mask":601,"Fusion Hammer":853,"HandDrill":468,"Replay:Bottled Flurry":814,"hubris:TinFlute":711,"Blue Candle":196,"hubris:SphereOfDissonance":755,"ReplayTheSpireMod:SealedPack":500,"aspiration:FrozenJewel":357,"infinitespire:EvilPickle":338,"infinitespire:Broken Mirror":711,"MutagenicStrength":436,"aspiration:SilentSkillbook":338,"infinitespire:PuzzleCube":39,"Abe\u0027s Treasure":146,"Unceasing Top":706,"hubris:Reverence":457,"Regal Pillow":3,"aspiration:Lifesprig":175,"Lantern":393,"hubris:Metronome":590,"Singing Bowl":482,"Magic Flower":364,"Blue Doll":477,"Painkiller Herb":649,"Bag of Preparation":11,"hubris:EmptyBottle":703,"Smiling Mask":755,"Burning Blood":0,"Replay:Rubber Ducky":406,"hubris:Backtick":457,"Matryoshka":711,"Shovel":758,"infinitespire:Bottled Soul":326,"aspiration:AnachronicSnailShell":450,"hubris:ScarierMask":662,"hubris:FunFungus":272,"WingedGreaves":322,"aspiration:FutureDiary":773,"hubris:GlazedTorus":801,"Lee\u0027s Waffle":175,"NeowsBlessing":0,"Golden Idol":479,"Self Forming Clay":703,"The Courier":347,"PreservedInsect":616,"Omamori":524,"infinitespire:Lucky Rock":326,"Frozen Egg 2":649,"hubris:Towel":865,"Bloody Idol":782,"Orrery":667,"Art of War":649,"Champion Belt":616,"Toy Ornithopter":616,"Tiny House":30,"hubris:CrystalStatue":675,"Calipers":711,"Gremlin Horn":477,"Vajra":175,"Centennial Puzzle":471,"Prayer Wheel":267,"Philosopher\u0027s Stone":832,"Toxic Egg 2":601,"hexamod:SpiritBrand":513,"Happy Flower":175,"hubris:DuctTape":835,"ReplayTheSpireMod:CursedCoin":401,"aspiration:Nostalgia":513,"Oddly Smooth Stone":623,"infinitespire:Beetle Shell":703,"Ring of Chaos":829,"hubris:Zylophone":884,"OrangePellets":791,"Replay:Baseball":601,"ReplayTheSpireMod:Shallot":457,"Shuriken":656,"Brimstone":879,"Bronze Scales":326,"Onion Ring":563,"hubris:PeanutButter":761,"ReplayTheSpireMod:TigerMarble":326,"hubris:ToyBattleship":406,"Mirror":248,"ReplayTheSpireMod:DimensionalGlitch":445,"Darkstone Periapt":22,"Juzu Bracelet":230,"ClockworkSouvenir":457,"Replay:Bandana":131,"hubris:Icosahedron":353,"Chameleon Ring":452,"TheAbacus":582,"Mummified Hand":119,"Pantograph":832,"Tiny Chest":215,"Cracked Core":0,"Red Skull":649,"hubris:DisguiseKit":482,"BargainBundle":393,"ReplayTheSpireMod:Ninjato":457,"Guide Book":393,"hubris:MedicalManual":457,"aspiration:HummingbirdHeart":711,"Orichalcum":758,"Medical Kit":787,"White Beast Statue":468,"Peace Pipe":440,"Strange Spoon":175,"Anchor":513,"infinitespire:WardingShard":45,"infinitespire:Satchel":2,"ChewingGum":533,"hubris:BundleOfHerbs":353,"Another Sword":801,"Coffee Dripper":106,"hubris:GrandSneckoEye":290,"Bag of Marbles":801,"Membership Card":601,"hubris:Potato":513,"FossilizedHelix":563,"TungstenRod":681,"m_BurningSludge":63,"hubris:NiceRug":468}],"Burning Blood":785},"card_choices":[{"not_picked":["Armaments","Heavy Blade"],"picked":"Wild Strike","floor":1.0},{"not_picked":["Cleave","Bludgeon","Whirlwind"],"picked":"SKIP","floor":2.0},{"not_picked":["Headbutt","Replay:Undeath\u0027s Touch","Blood for Blood"],"picked":"SKIP","floor":4.0},{"not_picked":["Headbutt","Replay:Undeath\u0027s Touch","Blood for Blood"],"picked":"SKIP","floor":4.0},{"not_picked":["Hemokinesis","Rampage"],"picked":"Flame Barrier","floor":5.0},{"not_picked":["Run Through","Disarm"],"picked":"hubris:ReadiedAction","floor":7.0},{"not_picked":["Defy Death","Replay:Undeath\u0027s Touch","Heavy Blade"],"picked":"SKIP","floor":10.0},{"not_picked":["Body Slam","Clash"],"picked":"Power Through","floor":11.0},{"not_picked":["Reckless Charge","Headbutt"],"picked":"Perfected Strike","floor":12.0},{"not_picked":["Armaments","Replay:Undeath\u0027s Touch","Clash"],"picked":"SKIP","floor":14.0},{"not_picked":["Immolate","Corruption"],"picked":"Double Tap","floor":16.0},{"not_picked":["hubris:ReadiedAction+1","Disarm"],"picked":"Twin Strike","floor":18.0},{"not_picked":["Combust","hubris:CleavingFinish"],"picked":"Perfected Strike","floor":20.0},{"not_picked":["Body Slam","Shrug It Off"],"picked":"Sword Boomerang","floor":24.0},{"not_picked":["Replay:Undeath\u0027s Touch+1","Burning Pact"],"picked":"Wild Strike+1","floor":27.0},{"not_picked":["Armaments","Run Through","Fiend Fire"],"picked":"SKIP","floor":29.0},{"not_picked":["Headbutt","hubris:ReadiedAction","Flex+1"],"picked":"SKIP","floor":31.0},{"not_picked":["Barricade","Juggernaut"],"picked":"Impervious","floor":33},{"not_picked":["Sword Boomerang+1","Heavy Blade+1"],"picked":"ReplayTheSpireMod:Muscle Training+1","floor":35},{"not_picked":["Havoc+1","Flex","hubris:SharpeningStone+1"],"picked":"SKIP","floor":36},{"not_picked":["Anger","Sword Boomerang+1"],"picked":"Headbutt","floor":37},{"not_picked":["Replay:Undeath\u0027s Touch+1","Armaments+1","Carnage+1"],"picked":"SKIP","floor":39},{"not_picked":["Anger","Thunderclap+1","Dark Embrace"],"picked":"SKIP","floor":41},{"not_picked":["Massacre+1","True Grit"],"picked":"Pommel Strike+1","floor":42},{"not_picked":["Spot Weakness+1","Iron Wave"],"picked":"Demon Form","floor":45},{"not_picked":["hubris:ReadiedAction","Clash"],"picked":"Power Through+1","floor":46},{"not_picked":["Immolate","Defy Death+1"],"picked":"ReplayTheSpireMod:Stacked+1","floor":47},{"not_picked":["Clash","ReplayTheSpireMod:Muscle Training+1","ReplayTheSpireMod:Corrosion Curse+1"],"picked":"SKIP","floor":48},{"not_picked":["Thunderclap+1","Run Through+1"],"picked":"Impervious+1","floor":53},{"not_picked":["Entrench+1","Searing Blow+1"],"picked":"Heavy Blade","floor":53},{"not_picked":["hubris:ReadiedAction+1","Second Wind+1"],"picked":"Shrug It Off+1","floor":53},{"not_picked":["Shockwave+1","ReplayTheSpireMod:Strike From Hell"],"picked":"hubris:StunningStrike","floor":53},{"not_picked":["Reaper","Run Through","Sentinel+1"],"picked":"SKIP","floor":54}],"player_experience":782512,"relics_obtained":[{"floor":7.0,"key":"Bottled Tornado"},{"floor":9.0,"key":"Replay:Bottled Flurry"},{"floor":29.0,"key":"hubris:TinFlute"},{"floor":41,"key":"infinitespire:Lucky Rock"},{"floor":43,"key":"Old Coin"},{"floor":46,"key":"hubris:Zylophone"},{"floor":47,"key":"Toxic Egg 2"},{"floor":54,"key":"Happy Flower"}],"event_choices":[{"damage_healed":0.0,"max_hp_gain":0.0,"max_hp_loss":0.0,"gold_gain":75.0,"event_name":"FaceTrader","player_choice":"Touch","floor":3.0,"gold_loss":0.0,"damage_taken":8.0},{"cards_removed":["Bash"],"damage_healed":0.0,"max_hp_gain":0.0,"max_hp_loss":0.0,"gold_gain":0.0,"event_name":"Bonfire Elementals","player_choice":"Offered Basic","floor":21.0,"gold_loss":0.0,"damage_taken":0.0},{"damage_healed":0,"gold_gain":0,"player_choice":"Fight","damage_taken":0,"max_hp_gain":0,"max_hp_loss":0,"event_name":"MindBloom","floor":46,"gold_loss":0}],"is_beta":false,"boss_relics":[{"not_picked":["Ectoplasm","aspiration:SilentSkillbook"],"picked":"Ring of Chaos"},{"not_picked":["Abe\u0027s Treasure","hubris:TerracottaHorce"],"picked":"Fusion Hammer"}],"items_purged_floors":[19,22,44],"is_endless":false,"potions_floor_spawned":[1,4,7,10,12,18,24,33,37,46,47,48],"killed_by":"The Heart","ascension_level":7}}