{"host":"1xo5g347e5o4auts","time":1612256822,"event":{"mods":["BaseMod","Minty Spire (QoL Compilation)","Permanent Neow","StSLib"],"gold_per_floor":[212,232,17,31,51,51,66,93,93,120,120,120,120,220,220,220,220],"floor_reached":16,"language":"ENG","playtime":408,"items_purged":[],"score":220,"play_id":"3dff0df4-045f-440a-9a2e-c3f1a1eeb3ed","local_time":"20210202110702","is_ascension_mode":true,"campfire_choices":[{"data":"Poisoned Stab","floor":6,"key":"SMITH"},{"data":"Neutralize","floor":11,"key":"SMITH"},{"floor":13,"key":"REST"},{"data":"Envenom","floor":15,"key":"SMITH"}],"circlet_count":0,"master_deck":["AscendersBane","Strike_G","Strike_G","Strike_G","Strike_G","Defend_G","Defend_G","Defend_G","Defend_G","Defend_G","Survivor","Neutralize+1","Poisoned Stab+1","Blade Dance","PiercingWail","Envenom+1"],"relics":["Ring of the Snake","Blood Vial","Ninja Scroll","Paper Crane","The Courier"],"acts_visited":["Exordium"],"potions_floor_usage":[8,10],"damage_taken":[{"damage":2,"enemies":"2 Louse","floor":1,"turns":5},{"damage":0,"enemies":"Cultist","floor":2,"turns":4},{"damage":1,"enemies":"Small Slimes","floor":4,"turns":3},{"damage":1,"enemies":"2 Fungi Beasts","floor":5,"turns":4},{"damage":3,"enemies":"Looter","floor":7,"turns":3},{"damage":26,"enemies":"Gremlin Nob","floor":8,"turns":4},{"damage":22,"enemies":"Lagavulin","floor":10,"turns":7},{"damage":33,"enemies":"The Guardian","floor":16,"turns":12}],"seed_played":"-4812137232595989980","potions_obtained":[{"floor":4,"key":"SpeedPotion"},{"floor":5,"key":"Energy Potion"}],"is_trial":false,"path_per_floor":["M","M","$","M","M","R","M","E","T","E","R","?","R","?","R","B"],"character_chosen":"THE_SILENT","items_purchased":["Blood Vial","Poison Potion"],"campfire_rested":1,"item_purchase_floors":[3,3],"current_hp_per_floor":[57,57,57,58,59,59,58,34,34,14,14,7,26,26,26,0,0],"gold":220,"neow_bonus":"HUNDRED_GOLD","is_daily":false,"chose_seed":false,"campfire_upgraded":3,"win_rate":0.0,"timestamp":1612256822,"path_taken":["M","M","$","M","M","R","M","E","T","E","R","?","R","?","R","BOSS"],"items_purchased_type":["Relic","Potion"],"build_version":"2020-12-22","purchased_purges":0,"victory":false,"max_hp_per_floor":[66,66,66,66,66,66,66,66,66,66,66,66,66,66,66,66,66],"card_choices":[{"not_picked":["Deflect","Bouncing Flask"],"picked":"Poisoned Stab","floor":1},{"not_picked":["Finisher","Heel Hook","Setup"],"picked":"SKIP","floor":2},{"not_picked":["Deflect","Quick Slash"],"picked":"Blade Dance","floor":4},{"not_picked":["Backflip","Deflect"],"picked":"PiercingWail","floor":5},{"not_picked":["Outmaneuver","Concentrate","Deflect"],"picked":"SKIP","floor":7},{"not_picked":["Blade Dance","Slice"],"picked":"Envenom","floor":8},{"not_picked":["Finisher","Calculated Gamble","Flying Knee"],"picked":"SKIP","floor":10}],"player_experience":1410986,"relics_obtained":[{"floor":8,"key":"Ninja Scroll"},{"floor":9,"key":"Paper Crane"},{"floor":10,"key":"The Courier"}],"event_choices":[{"cards_removed":["Strike_G"],"damage_healed":0,"gold_gain":0,"player_choice":"Card Removal","damage_taken":7,"max_hp_gain":0,"max_hp_loss":0,"event_name":"Golden Wing","floor":12,"gold_loss":0},{"damage_healed":0,"gold_gain":100,"player_choice":"Gold","damage_taken":0,"max_hp_gain":0,"max_hp_loss":0,"event_name":"Wheel of Change","floor":14,"gold_loss":0}],"is_beta":false,"boss_relics":[],"items_purged_floors":[],"is_endless":false,"potions_floor_spawned":[4,5,7],"killed_by":"The Guardian","ascension_level":20}}