{"host":"bxd97rc2ofc6op20","time":1612234885,"event":{"mods":["BaseMod","Colored Map","Colored Powertips","Googly Eyes","Highlight Path","Minty Spire (QoL Compilation)","Quick Restart","Rare Cards Sparkle"],"gold_per_floor":[111,125,140,156,174,174,204,204,250,230,257,13,49,69,69,69,69],"floor_reached":16,"language":"ENG","playtime":894,"items_purged":["Strike_R"],"score":143,"play_id":"39a56bd5-d761-47cd-b6d5-2685f02db5f7","local_time":"20210201190125","is_ascension_mode":true,"campfire_choices":[{"data":"Sword Boomerang","floor":6,"key":"SMITH"},{"data":"Inflame","floor":8,"key":"SMITH"},{"data":"Shrug It Off","floor":15,"key":"SMITH"}],"circlet_count":0,"master_deck":["Strike_R","Strike_R","Strike_R","Strike_R","Defend_R","Defend_R","Defend_R","Defend_R","Bash","Limit Break","Twin Strike","Inflame+1","Cleave","Infernal Blade","Sword Boomerang+1","Rampage","Heavy Blade","Flex","Bludgeon","Shrug It Off+1"],"relics":["Burning Blood","Meat on the Bone","CeramicFish","Anchor","Frozen Egg 2"],"acts_visited":["Exordium"],"potions_floor_usage":[7,11,14,16],"damage_taken":[{"damage":5,"enemies":"Cultist","floor":1,"turns":5},{"damage":4,"enemies":"Jaw Worm","floor":2,"turns":4},{"damage":11,"enemies":"Small Slimes","floor":3,"turns":3},{"damage":16,"enemies":"Looter","floor":4,"turns":4},{"damage":3,"enemies":"Exordium Wildlife","floor":5,"turns":2},{"damage":28,"enemies":"Gremlin Nob","floor":7,"turns":4},{"damage":8,"enemies":"Red Slaver","floor":11,"turns":3},{"damage":25,"enemies":"3 Sentries","floor":13,"turns":5},{"damage":11,"enemies":"Large Slime","floor":14,"turns":4},{"damage":72,"enemies":"The Guardian","floor":16,"turns":6}],"seed_played":"-1442992978470521423","potions_obtained":[{"floor":4,"key":"EssenceOfSteel"},{"floor":5,"key":"Regen Potion"},{"floor":7,"key":"SpeedPotion"},{"floor":10,"key":"SpeedPotion"},{"floor":13,"key":"BloodPotion"}],"is_trial":false,"path_per_floor":["M","M","M","M","M","R","E","R","T","?","M","$","E","M","R","B"],"character_chosen":"IRONCLAD","items_purchased":["Anchor","Flex"],"campfire_rested":0,"item_purchase_floors":[12,12],"current_hp_per_floor":[80,80,75,65,68,68,46,46,46,46,56,56,49,56,56,0,0],"gold":69,"neow_bonus":"ONE_RANDOM_RARE_CARD","is_daily":false,"chose_seed":false,"campfire_upgraded":3,"win_rate":0.0,"timestamp":1612234885,"path_taken":["M","M","M","M","?","R","E","R","T","?","M","$","E","M","R","BOSS"],"items_purchased_type":["Relic","Card"],"build_version":"2020-12-22","purchased_purges":1,"victory":false,"max_hp_per_floor":[80,80,80,80,80,80,80,80,80,80,80,80,80,80,80,80,80],"card_choices":[{"not_picked":["Shrug It Off","Sword Boomerang"],"picked":"Twin Strike","floor":1},{"not_picked":["Body Slam","Warcry"],"picked":"Inflame","floor":2},{"not_picked":["Armaments","Wild Strike"],"picked":"Cleave","floor":3},{"not_picked":["True Grit","Warcry"],"picked":"Infernal Blade","floor":4},{"not_picked":["Headbutt","Rage"],"picked":"Sword Boomerang","floor":5},{"not_picked":["Body Slam","Sword Boomerang"],"picked":"Rampage","floor":7},{"not_picked":["Perfected Strike","Wild Strike"],"picked":"Heavy Blade","floor":11},{"not_picked":["Clash","Thunderclap"],"picked":"Bludgeon","floor":13},{"not_picked":["Reckless Charge","Warcry"],"picked":"Shrug It Off","floor":14}],"player_experience":438928,"relics_obtained":[{"floor":7,"key":"Meat on the Bone"},{"floor":9,"key":"CeramicFish"},{"floor":13,"key":"Frozen Egg 2"}],"event_choices":[{"damage_healed":0,"gold_gain":0,"player_choice":"Bought 1 Potion","damage_taken":0,"max_hp_gain":0,"max_hp_loss":0,"event_name":"The Woman in Blue","floor":10,"gold_loss":0}],"is_beta":false,"boss_relics":[],"items_purged_floors":[12],"is_endless":false,"potions_floor_spawned":[4,5,7,13],"killed_by":"The Guardian","ascension_level":5}}