{"host":"c35j6tsoy7cxzn43","time":1612272420,"event":{"mods":["BaseMod","Better Third Choice","BetterRewards","Colored Map","Colored Powertips","Conspire","Highlight Path","Hubris","Infinite Spire","Minty Spire (QoL Compilation)","Quick Restart","Replay The Spire","Shop Mod","StSLib"],"gold_per_floor":[115,132,132,152,170,199,199,199,274,302,302,313,238,249,249,346,346,360,360,380,392,411,411,445,445,445,457,488,505,524,524,524,621,621,635,56,75,92,92,123,123,158,183,183,183,183,183,183,183,183,183],"floor_reached":50,"language":"ENG","playtime":2862,"items_purged":["Strike_G","Strike_G","Strike_G","Strike_G"],"score":702,"play_id":"ee8dbfcd-415a-4993-97f2-e5f76c370c46","local_time":"20210202142700","is_ascension_mode":false,"campfire_choices":[{"data":"1","floor":8,"key":"LIFT"},{"data":"2","floor":15,"key":"LIFT"},{"data":"infinitespire:Gouge","floor":23,"key":"SMITH"},{"data":"3","floor":25,"key":"LIFT"},{"floor":32,"key":"RECALL"},{"data":"Poison Darts","floor":44,"key":"SMITH"},{"data":"conspire:DoublingDagger","floor":46,"key":"SMITH"},{"data":"Blade Dance","floor":49,"key":"SMITH"}],"circlet_count":0,"master_deck":["Strike_G","Defend_G","Defend_G","Defend_G","Defend_G","Defend_G","Survivor","Neutralize","conspire:DoublingDagger+1","Flying Knee","infinitespire:Gouge+1","Blade Dance+1","Choke","Bane+1","Dagger Spray+1","ReplayTheSpireMod:From All Sides+1","CurseOfTheBell","Poisoned Stab+1","Poisoned Stab+1","Terror","Eviscerate+1","Corpse Explosion","Poisoned Stab+1","Poison Darts+1","Bane+1","Bane+1","Strike_G+1","Defend_G","Defend_G","Defend_G","Defend_G","Defend_G","Survivor","Neutralize+1","conspire:DoublingDagger+1","Flying Knee+1","infinitespire:Gouge+1","Blade Dance","Choke+1","Bane+1","Dagger Spray+1","ReplayTheSpireMod:From All Sides+1","CurseOfTheBell","Poisoned Stab+1","Poisoned Stab+1","Terror","Eviscerate+1","Corpse Explosion","Poisoned Stab+1","Poison Darts+1","Bane+1","Bane+1"],"relics":["Ring of the Snake","Girya","hubris:Icosahedron","Molten Egg 2","Pet Ghost","Calling Bell","infinitespire:Satchel","HornCleat","Ice Cream","Basket Of Snakes","hubris:PeanutButter","Mummified Hand","Incense Burner","hubris:ScarierMask","Bottled Flame","Membership Card","Juzu Bracelet","Happy Flower","Boot","Replay:Mystery Machine"],"acts_visited":["Exordium","TheCity","TheBeyond"],"potions_floor_usage":[6,10,21,27,28,50,50,50],"damage_taken":[{"damage":0,"enemies":"Small Slimes","floor":1,"turns":4},{"damage":0,"enemies":"2 Louse","floor":2,"turns":3},{"damage":0,"enemies":"Cultist","floor":4,"turns":3},{"damage":0,"enemies":"Looter","floor":5,"turns":3},{"damage":16,"enemies":"Lagavulin","floor":6,"turns":5},{"damage":20,"enemies":"3 Sentries","floor":10,"turns":7},{"damage":3,"enemies":"Lots of Slimes","floor":12,"turns":3},{"damage":4,"enemies":"Blue Slaver","floor":14,"turns":2},{"damage":2,"enemies":"Hexaghost","floor":16,"turns":6},{"damage":0,"enemies":"Spheric Guardian","floor":18,"turns":3},{"damage":3,"enemies":"Shell Parasite","floor":20,"turns":2},{"damage":0,"enemies":"Centurion and Healer","floor":21,"turns":4},{"damage":2,"enemies":"Snake Plant","floor":22,"turns":2},{"damage":22,"enemies":"Slavers","floor":24,"turns":4},{"damage":10,"enemies":"Shelled Parasite and Fungi","floor":27,"turns":3},{"damage":0,"enemies":"Book of Stabbing","floor":28,"turns":2},{"damage":0,"enemies":"Sentry and Sphere","floor":29,"turns":3},{"damage":0,"enemies":"Snake Plant","floor":30,"turns":2},{"damage":7,"enemies":"conspire:MysteriousRune","floor":33,"turns":6},{"damage":0,"enemies":"3 Darklings","floor":35,"turns":2},{"damage":0,"enemies":"3 Shapes","floor":37,"turns":4},{"damage":13,"enemies":"Writhing Mass","floor":38,"turns":4},{"damage":36,"enemies":"Reptomancer","floor":40,"turns":5},{"damage":0,"enemies":"R_Hoarder","floor":42,"turns":6},{"damage":35,"enemies":"Replay:Hell Engine","floor":50,"turns":6}],"seed_played":"-8788767306639209070","potions_obtained":[{"floor":1,"key":"Adrenaline Potion"},{"floor":4,"key":"Explosive Potion"},{"floor":14,"key":"Strength Potion"},{"floor":16,"key":"Explosive Potion"},{"floor":18,"key":"Toxic Potion"},{"floor":24,"key":"AttackPotion"},{"floor":27,"key":"DistilledChaos"},{"floor":29,"key":"SkillPotion"}],"is_trial":false,"path_per_floor":["M","M","?","M","M","E","?","R","T","E","?","M","$","M","R","B",null,"M","?","M","M","M","R","E","R","T","M","E","M","M","AVR","R","B",null,"M","$","M","M","?","E","AVR","E","T","R","?","R","?","?","R","B"],"character_chosen":"THE_SILENT","items_purchased":["Bottled Flame","Membership Card","Juzu Bracelet"],"campfire_rested":0,"item_purchase_floors":[36,36,36],"current_hp_per_floor":[70,70,52,52,52,36,36,36,36,16,16,13,13,9,9,7,70,70,70,67,67,65,65,43,43,43,33,33,33,33,33,33,26,70,70,70,70,57,57,21,21,21,21,21,21,21,21,21,21,0,0],"gold":183,"neow_bonus":"RANDOM_COLORLESS","is_daily":false,"chose_seed":false,"campfire_upgraded":4,"win_rate":0.0,"timestamp":1612272420,"path_taken":["M","M","?","M","M","E","?","R","T","E","?","M","$","M","R","BOSS","M","?","M","M","M","R","E","R","T","M","E","M","M","AVR","R","BOSS","M","$","M","M","?","E","AVR","E","T","R","?","R","?","?","R","BOSS"],"items_purchased_type":["Relic","Relic","Relic"],"build_version":"2020-12-22","purchased_purges":4,"victory":false,"max_hp_per_floor":[70,70,70,70,70,70,70,70,70,70,70,70,70,70,70,70,70,70,70,70,70,70,70,70,70,70,70,70,70,70,70,70,70,70,70,70,70,70,70,70,70,70,70,70,70,70,70,70,70,70,70],"card_choices":[{"not_picked":["Setup","Hidden Blade"],"picked":"conspire:DoublingDagger","floor":1},{"not_picked":["Calculated Gamble","Prepared"],"picked":"Flying Knee","floor":2},{"not_picked":["infinitespire:NeuralNetwork","ReplayTheSpireMod:??????????????????????"],"picked":"infinitespire:Gouge","floor":3},{"not_picked":["Dodge and Roll","Riddle With Holes","Blade Dance"],"picked":"SKIP","floor":4},{"not_picked":["hubris:SlightOfHand","Prepared"],"picked":"Blade Dance","floor":5},{"not_picked":["Flying Knee","Dodge and Roll"],"picked":"Choke","floor":6},{"not_picked":["Finisher+1","Underhanded Strike+1"],"picked":"Bane+1","floor":10},{"not_picked":["Deflect","Sucker Punch+1"],"picked":"Dagger Spray+1","floor":12},{"not_picked":["Dagger Throw+1","Quick Slash+1","ReplayTheSpireMod:Tripwire"],"picked":"SKIP","floor":14},{"not_picked":["Glass Knife+1","Atom Bomb+1"],"picked":"ReplayTheSpireMod:From All Sides+1","floor":16},{"not_picked":["Predator+1","Underhanded Strike+1"],"picked":"Poisoned Stab+1","floor":18},{"not_picked":["Deflect","Cloak And Dagger","Outmaneuver"],"picked":"SKIP","floor":20},{"not_picked":["Underhanded Strike+1","hubris:TrickCloak+1"],"picked":"Poisoned Stab+1","floor":21},{"not_picked":["Dagger Throw+1","Sucker Punch+1"],"picked":"Terror","floor":22},{"not_picked":["Dagger Throw+1","Sucker Punch+1","Dagger Spray+1"],"picked":"SKIP","floor":24},{"not_picked":["Draining Mist","Blade Dance"],"picked":"Eviscerate+1","floor":27},{"not_picked":["hubris:Sniper","Slice+1"],"picked":"Corpse Explosion","floor":28},{"not_picked":["All Out Attack+1","Well Laid Plans+1","Backflip+1"],"picked":"SKIP","floor":29},{"not_picked":["Outmaneuver+1","Sucker Punch+1"],"picked":"Poisoned Stab+1","floor":30},{"not_picked":["Tools of the Trade","Night Terror"],"picked":"Poison Darts","floor":33},{"not_picked":["Terror+1","Dodge and Roll+1","Deadly Poison"],"picked":"SKIP","floor":35},{"not_picked":["Leg Sweep+1","Dagger Throw+1"],"picked":"Bane+1","floor":37},{"not_picked":["Predator+1","Hidden Blade","Dagger Throw+1"],"picked":"SKIP","floor":38},{"not_picked":["Distraction+1","Dagger Spray+1"],"picked":"Bane+1","floor":40},{"not_picked":["Slice+1","Replay:Poison Smokescreen","hubris:TrickCloak"],"picked":"SKIP","floor":42}],"player_experience":434138,"relics_obtained":[{"floor":6,"key":"Girya"},{"floor":9,"key":"Molten Egg 2"},{"floor":10,"key":"Pet Ghost"},{"floor":17,"key":"infinitespire:Satchel"},{"floor":17,"key":"HornCleat"},{"floor":17,"key":"Ice Cream"},{"floor":24,"key":"Basket Of Snakes"},{"floor":26,"key":"hubris:PeanutButter"},{"floor":28,"key":"Mummified Hand"},{"floor":40,"key":"Happy Flower"},{"floor":42,"key":"Replay:Mystery Machine"}],"event_choices":[{"damage_healed":0,"gold_gain":0,"player_choice":"Ignored","damage_taken":0,"max_hp_gain":0,"max_hp_loss":0,"event_name":"The Moai Head","floor":47,"gold_loss":0},{"damage_healed":0,"gold_gain":0,"player_choice":"Upgraded","damage_taken":0,"max_hp_gain":0,"max_hp_loss":0,"event_name":"Upgrade Shrine","floor":48,"gold_loss":0,"cards_upgraded":["conspire:DoublingDagger"]}],"is_beta":false,"boss_relics":[{"not_picked":["Replay:Drink Me","Honey Jar"],"picked":"Calling Bell"},{"not_picked":["conspire:SlowCooker","Kintsugi"],"picked":"hubris:ScarierMask"}],"items_purged_floors":[13,31,36,41],"is_endless":false,"potions_floor_spawned":[1,4,14,16,18,24,27,29,33,35,37,40],"killed_by":"Replay:Hell Engine","ascension_level":0}}