{"host":"8e3sp1tozjyrh64l","time":1612228640,"event":{"mods":["BaseMod","Better Altar","Better Match","Better Note","Better Sensory Stone","Better Silent Start","Better Skull","Better Third Choice","BetterRewards","Curses Come First","Defuse TimeMaze Blight","Infinite Spire","Minty Spire (QoL Compilation)","Permanent Neow","Rare Cards Sparkle","Relic Sorter","Reliquary","Replay The Spire","Shop Mod","Spicy Shops","StSLib","SuperFastMode","Wandering Minibosses"],"gold_per_floor":[119,139,156,8,8,40,57,68,68,68,100,8,40,50,50,146,196,206,224,20,20,20,54,65,75,75,75,110,110,120,120,120,219,219,238,252,267,278,295,322,322,353,353,385,288,307,324,324,324,429,429,428,428],"floor_reached":52,"language":"ENG","playtime":2149,"items_purged":["Regret","Decay","Strike_G"],"score":948,"play_id":"86d31a1c-987e-4e30-9599-f66ec83f4208","local_time":"20210201181720","is_ascension_mode":true,"campfire_choices":[{"data":"Noxious Fumes","floor":15,"key":"SMITH"},{"data":"Cloak And Dagger","floor":27,"key":"SMITH"},{"data":"Neutralize","floor":29,"key":"SMITH"},{"data":"Acrobatics","floor":32,"key":"SMITH"},{"data":"infinitespire:Neurotoxin","floor":49,"key":"SMITH"}],"circlet_count":0,"master_deck":["Strike_G","Strike_G","Defend_G+1","Defend_G","Defend_G","Defend_G","Survivor","Neutralize+1","Noxious Fumes+1","Poisoned Stab","Acrobatics+1","Poison Darts","Bouncing Flask","Hidden Blade","Acrobatics+1","Cloak And Dagger+1","Accuracy","infinitespire:Neurotoxin+1","Corpse Explosion","Phantasmal Killer","Infinite Blades+1","Infinite Blades+1","Decay","infinitespire:UltimateForm","Envenom"],"relics":["Ring of the Snake","reliquary:Firecrackers","Vajra","Singing Bowl","reliquary:KillPill","MerchantsRug","Membership Card","Paper Crane","Snack Pack","reliquary:HotPoker","Shuriken","Tiny House","TwistedFunnel","Oddly Smooth Stone","Chameleon Ring","Replay:Mystery Machine","Replay:Bottled Flurry","Painkiller Herb","Shovel","Ancient Tea Set","infinitespire:WardingShard","Ornamental Fan","reliquary:Bookmark","Honey Jar"],"acts_visited":["Exordium","TheCity","TheBeyond","Exordium"],"potions_floor_usage":[6,11,11,16,28,39,45,45,50],"damage_taken":[{"damage":3,"enemies":"2 Louse","floor":1,"turns":3},{"damage":0,"enemies":"Jaw Worm","floor":2,"turns":3},{"damage":0,"enemies":"Cultist","floor":3,"turns":3},{"damage":1,"enemies":"Lagavulin","floor":6,"turns":8},{"damage":7,"enemies":"Looter","floor":7,"turns":3},{"damage":9,"enemies":"Red Slaver","floor":8,"turns":3},{"damage":0,"enemies":"Replay:BlueRogue","floor":11,"turns":4},{"damage":22,"enemies":"3 Sentries","floor":13,"turns":8},{"damage":6,"enemies":"Gremlin Gang","floor":14,"turns":4},{"damage":21,"enemies":"Slime Boss","floor":16,"turns":6},{"damage":6,"enemies":"3 Byrds","floor":18,"turns":4},{"damage":10,"enemies":"Shell Parasite","floor":19,"turns":5},{"damage":0,"enemies":"Replay:Snechameleon","floor":23,"turns":6},{"damage":0,"enemies":"3 Cultists","floor":24,"turns":4},{"damage":1,"enemies":"Centurion and Healer","floor":25,"turns":5},{"damage":3,"enemies":"Slavers","floor":28,"turns":3},{"damage":0,"enemies":"Snecko","floor":30,"turns":3},{"damage":45,"enemies":"Collector","floor":33,"turns":8},{"damage":2,"enemies":"Orb Walker","floor":35,"turns":3},{"damage":0,"enemies":"3 Shapes","floor":36,"turns":3},{"damage":14,"enemies":"Transient","floor":37,"turns":5},{"damage":7,"enemies":"Maw","floor":38,"turns":6},{"damage":0,"enemies":"3 Darklings","floor":39,"turns":2},{"damage":26,"enemies":"Reptomancer","floor":40,"turns":5},{"damage":0,"enemies":"Nemesis","floor":42,"turns":5},{"damage":13,"enemies":"Nightmare","floor":44,"turns":6},{"damage":0,"enemies":"Jaw Worm Horde","floor":46,"turns":3},{"damage":3,"enemies":"Transient","floor":47,"turns":5},{"damage":30,"enemies":"Replay:Hell Engine","floor":50,"turns":6},{"damage":0,"enemies":"2 Louse","floor":52,"turns":1}],"seed_played":"-1269401994609839006","potions_obtained":[{"floor":3,"key":"Weak Potion"},{"floor":6,"key":"Regen Potion"},{"floor":7,"key":"FearPotion"},{"floor":14,"key":"PowerPotion"},{"floor":17,"key":"Elixir"},{"floor":19,"key":"Weak Potion"},{"floor":24,"key":"GhostInAJar"},{"floor":28,"key":"Weak Potion"},{"floor":35,"key":"Block Potion"},{"floor":36,"key":"AttackPotion"},{"floor":40,"key":"Elixir"},{"floor":41,"key":"Strength Potion"},{"floor":47,"key":"Ancient Potion"}],"is_trial":false,"path_per_floor":["M","M","M","$","?","E","M","M","T","?","E","$","E","M","R","B",null,"M","M","$","?","AVR","E","M","M","T","R","E","R","M","?","R","B",null,"?","?","?","?","?","E","?","E","T","NM","T","?","?","?","T","B",null,"?"],"character_chosen":"THE_SILENT","items_purchased":["reliquary:Firecrackers","Vajra","Singing Bowl","reliquary:KillPill","MerchantsRug","Noxious Fumes","Membership Card","reliquary:HotPoker","TwistedFunnel","Acrobatics+1","Oddly Smooth Stone","Cloak And Dagger","Accuracy","Ornamental Fan","reliquary:Bookmark","Fruit Juice"],"campfire_rested":0,"item_purchase_floors":[0,0,0,0,0,0,4,12,20,20,20,20,20,45,45,45],"current_hp_per_floor":[35,37,39,39,39,40,35,28,28,28,44,44,26,24,24,9,91,85,77,77,77,77,77,81,84,84,84,87,87,91,91,91,50,97,97,101,93,88,92,72,72,74,74,69,83,87,92,92,92,70,127,127,127],"gold":428,"neow_bonus":"","is_daily":false,"chose_seed":false,"campfire_upgraded":5,"win_rate":0.0,"timestamp":1612228640,"path_taken":["M","M","M","$","?","E","M","M","T","?","E","?","E","M","R","BOSS","M","M","$","?","AVR","E","M","?","T","R","E","R","?","?","R","BOSS","?","?","?","?","?","E","?","E","T","NM","T","?","?","?","T","BOSS","?"],"items_purchased_type":["Relic","Relic","Relic","Relic","Relic","Card","Relic","Relic","Relic","Card","Relic","Card","Card","Relic","Relic","Potion"],"build_version":"2020-12-22","purchased_purges":3,"victory":false,"max_hp_per_floor":[70,72,74,74,74,76,78,80,80,80,82,82,84,84,84,84,91,91,91,91,91,91,91,93,95,95,95,97,97,97,97,97,97,97,99,101,103,103,105,107,107,107,107,109,123,125,127,127,127,127,127,127,127],"card_choices":[{"not_picked":["Dagger Spray","Underhanded Strike"],"picked":"Poisoned Stab","floor":1},{"not_picked":["Dagger Throw","Dodge and Roll","All Out Attack"],"picked":"Singing Bowl","floor":2},{"not_picked":["Flying Knee","Eviscerate","Choke"],"picked":"Singing Bowl","floor":3},{"not_picked":["Finisher","Flying Knee","Toxin Wave"],"picked":"Singing Bowl","floor":6},{"not_picked":["Sucker Punch","Crippling Poison","Concentrate"],"picked":"Singing Bowl","floor":7},{"not_picked":["Backflip","Slice","Flying Knee"],"picked":"Singing Bowl","floor":8},{"not_picked":["Well Laid Plans","Fluid Movement","ReplayTheSpireMod:Shiv Toss"],"picked":"Singing Bowl","floor":11},{"not_picked":["Leg Sweep","Footwork","Hidden Blade"],"picked":"Singing Bowl","floor":13},{"not_picked":["Dagger Throw","Hidden Blade"],"picked":"Acrobatics","floor":14},{"not_picked":["Burst","Replay:Bag of Tricks"],"picked":"Poison Darts","floor":16},{"not_picked":["Fluid Movement","Outmaneuver","Underhanded Strike"],"picked":"Singing Bowl","floor":17},{"not_picked":["Quick Slash","Flying Knee+1"],"picked":"Bouncing Flask","floor":18},{"not_picked":["Prepared","Replay:Poison Smokescreen"],"picked":"Hidden Blade","floor":19},{"not_picked":["Prepared+1","Dagger Spray+1"],"picked":"Phantasmal Killer","floor":23},{"not_picked":["Eviscerate","Draining Mist+1","Concentrate"],"picked":"Singing Bowl","floor":24},{"not_picked":["PiercingWail","Flying Knee","Hidden Blade"],"picked":"Singing Bowl","floor":25},{"not_picked":["Outmaneuver+1","Dagger Throw+1","Underhanded Strike+1"],"picked":"Singing Bowl","floor":28},{"not_picked":["Prepared","Finisher+1"],"picked":"Corpse Explosion","floor":30},{"not_picked":["Envenom","Wraith Form v2"],"picked":"infinitespire:Neurotoxin","floor":33},{"not_picked":["Outmaneuver","Poisoned Stab+1","Slice"],"picked":"Singing Bowl","floor":35},{"not_picked":["Underhanded Strike+1","Fluid Movement","Prepared+1"],"picked":"Singing Bowl","floor":36},{"not_picked":["Poisoned Stab","Dodge and Roll+1","PiercingWail+1"],"picked":"Singing Bowl","floor":37},{"not_picked":["Quick Slash","Flying Knee"],"picked":"Infinite Blades+1","floor":38},{"not_picked":["Deflect","Skewer","Catalyst+1"],"picked":"Singing Bowl","floor":39},{"not_picked":["Bane+1","Fluid Movement+1","Die Die Die"],"picked":"Singing Bowl","floor":40},{"not_picked":["ReplayTheSpireMod:The Works+1","Acrobatics"],"picked":"Infinite Blades+1","floor":42},{"not_picked":["infinitespire:Starlight","infinitespire:Menacing"],"picked":"infinitespire:UltimateForm","floor":44},{"not_picked":["Blur+1","Dagger Spray","Riddle With Holes+1"],"picked":"Singing Bowl","floor":44},{"not_picked":["Hidden Blade","Dagger Throw+1","Underhanded Strike"],"picked":"Singing Bowl","floor":46},{"not_picked":["Deflect","Flying Knee","ReplayTheSpireMod:Shiv Toss+1"],"picked":"Singing Bowl","floor":47},{"not_picked":["Unload","Venomology"],"picked":"Envenom","floor":50}],"player_experience":897356,"relics_obtained":[{"floor":6,"key":"reliquary:TatteredRug"},{"floor":9,"key":"Paper Crane"},{"floor":11,"key":"Snack Pack"},{"floor":13,"key":"Shuriken"},{"floor":23,"key":"Chameleon Ring"},{"floor":26,"key":"Replay:Mystery Machine"},{"floor":28,"key":"Replay:Bottled Flurry"},{"floor":40,"key":"Shovel"},{"floor":42,"key":"Ancient Tea Set"},{"floor":43,"key":"infinitespire:WardingShard"},{"floor":44,"key":"ReplayTheSpireMod:TigerMarble"}],"event_choices":[{"cards_removed":["Strike_G"],"damage_healed":0,"gold_gain":0,"player_choice":"Purged","damage_taken":0,"max_hp_gain":0,"max_hp_loss":0,"event_name":"Purifier","floor":21,"gold_loss":0},{"damage_healed":0,"gold_gain":0,"player_choice":"Ignored","damage_taken":0,"max_hp_gain":0,"max_hp_loss":0,"event_name":"betterNote:BetterNote","floor":31,"gold_loss":0,"cards_obtained":["ReplayTheSpireMod:Brewmster"]},{"damage_healed":0,"gold_gain":0,"player_choice":"Got Potions","damage_taken":0,"max_hp_gain":0,"max_hp_loss":0,"event_name":"Lab","floor":41,"gold_loss":0},{"damage_healed":0,"gold_gain":0,"player_choice":"Ignored","damage_taken":0,"max_hp_gain":0,"max_hp_loss":0,"event_name":"Tomb of Lord Red Mask","floor":48,"gold_loss":0}],"is_beta":false,"boss_relics":[{"not_picked":["Cursed Key","HoveringKite"],"picked":"Tiny House"},{"not_picked":["Ring of the Serpent","Pandora\u0027s Box"],"picked":"Painkiller Herb"},{"not_picked":["Calling Bell","Abe\u0027s Treasure"],"picked":"Honey Jar"}],"items_purged_floors":[0,20,22],"is_endless":true,"potions_floor_spawned":[3,6,7,14,19,24,28,35,36,40,42,47],"killed_by":"2 Louse","ascension_level":1}}