{"host":"vz6qv7tthcp8jtis","time":1612300790,"event":{"mods":["BaseMod","Block Reminder","Colored Map","Highlight Path","Keyboard Shortcuts","Minty Spire (QoL Compilation)","Relic Stats"],"gold_per_floor":[118,134,209,220,237,237,254,219,219,245,275,310,111,130,130,228,228,244,262,212,229,229,258,158,188,211,253,203,212,248,267,267,371,371,382,409,436,464,464,498,527,566,617,657,688,721,733,780,792,804,816,828,129,171,171],"floor_reached":56,"language":"ENG","playtime":7367,"items_purged":["Defend_B","Reprogram+1","Pain","Strike_B","Strike_B"],"score":1631,"play_id":"0aa30860-0c16-4e17-bcd6-f1b1d51dfded","local_time":"20210202221950","is_ascension_mode":true,"campfire_choices":[{"data":"Recycle","floor":6,"key":"SMITH"},{"data":"Hello World","floor":15,"key":"SMITH"},{"data":"Defragment","floor":32,"key":"SMITH"},{"floor":49,"key":"RECALL"},{"data":"Buffer","floor":52,"key":"SMITH"}],"circlet_count":0,"master_deck":["Defend_B","Defend_B","Zap","Dualcast+1","Recycle+1","Glacier+1","Chill","Barrage+1","Defragment+1","Hello World+1","Blizzard+1","Buffer+1","Doom and Gloom+1","Ball Lightning+1","Loop+1","Aggregate","Loop+1","Redo+1","Leap+1","Chill+1","Buffer","Double Energy+1","Panacea+1","Finesse+1","Impatience+1","Defragment+1","Loop","Capacitor+1","Steam+1","Cold Snap+1","Conserve Battery+1","Loop","Force Field+1"],"relics":["Cracked Core","Anchor","Smiling Mask","Meat on the Bone","Darkstone Periapt","War Paint","Astrolabe","WarpedTongs","CeramicFish","Toxic Egg 2","Red Mask","Nunchaku","SlaversCollar","Bronze Scales","Bag of Marbles","MawBank","Strawberry","Eternal Feather","Dream Catcher","Cables","OrangePellets","Akabeko","Whetstone"],"acts_visited":["Exordium","TheCity","TheBeyond","TheEnding"],"potions_floor_usage":[12,14,16,16,23,25,27,35,38,40,48,50,55,55,55],"damage_taken":[{"damage":1,"enemies":"Cultist","floor":1,"turns":3},{"damage":20,"enemies":"Small Slimes","floor":2,"turns":4},{"damage":0,"enemies":"2 Louse","floor":4,"turns":2},{"damage":8,"enemies":"Blue Slaver","floor":5,"turns":4},{"damage":2,"enemies":"Gremlin Gang","floor":7,"turns":6},{"damage":3,"enemies":"3 Sentries","floor":10,"turns":9},{"damage":3,"enemies":"Lagavulin","floor":12,"turns":8},{"damage":6,"enemies":"Exordium Thugs","floor":14,"turns":4},{"damage":31,"enemies":"Hexaghost","floor":16,"turns":9},{"damage":10,"enemies":"Shell Parasite","floor":18,"turns":9},{"damage":12,"enemies":"2 Thieves","floor":19,"turns":4},{"damage":4,"enemies":"Sentry and Sphere","floor":21,"turns":6},{"damage":45,"enemies":"Gremlin Leader","floor":23,"turns":7},{"damage":0,"enemies":"Book of Stabbing","floor":25,"turns":5},{"damage":9,"enemies":"Masked Bandits","floor":27,"turns":4},{"damage":21,"enemies":"Slavers","floor":30,"turns":6},{"damage":0,"enemies":"Snake Plant","floor":31,"turns":5},{"damage":0,"enemies":"Champ","floor":33,"turns":9},{"damage":7,"enemies":"3 Darklings","floor":35,"turns":5},{"damage":6,"enemies":"3 Shapes","floor":36,"turns":4},{"damage":11,"enemies":"Transient","floor":38,"turns":5},{"damage":48,"enemies":"Reptomancer","floor":40,"turns":7},{"damage":0,"enemies":"Maw","floor":41,"turns":8},{"damage":0,"enemies":"Nemesis","floor":42,"turns":5},{"damage":2,"enemies":"Giant Head","floor":44,"turns":8},{"damage":15,"enemies":"Jaw Worm Horde","floor":45,"turns":5},{"damage":23,"enemies":"Transient","floor":46,"turns":5},{"damage":0,"enemies":"Reptomancer","floor":48,"turns":8},{"damage":36,"enemies":"Awakened One","floor":50,"turns":13},{"damage":0,"enemies":"Shield and Spear","floor":54,"turns":10},{"damage":24,"enemies":"The Heart","floor":55,"turns":12}],"seed_played":"1583495567911038722","potions_obtained":[{"floor":1,"key":"Fire Potion"},{"floor":4,"key":"Swift Potion"},{"floor":5,"key":"Dexterity Potion"},{"floor":12,"key":"SkillPotion"},{"floor":16,"key":"Block Potion"},{"floor":25,"key":"AttackPotion"},{"floor":30,"key":"Explosive Potion"},{"floor":31,"key":"SkillPotion"},{"floor":33,"key":"Block Potion"},{"floor":38,"key":"SteroidPotion"},{"floor":41,"key":"Block Potion"},{"floor":42,"key":"ColorlessPotion"},{"floor":46,"key":"DistilledChaos"},{"floor":48,"key":"SpeedPotion"},{"floor":54,"key":"FocusPotion"}],"is_trial":false,"path_per_floor":["M","M","?","M","M","R","M","?","T","E","?","E","$","M","R","B",null,"M","M","$","M","?","E","$","E","T","?","$","?","E","M","R","B",null,"M","M","?","M","?","E","M","E","T","E","M","M","T","E","R","B",null,"R","$","E","B",null],"character_chosen":"DEFECT","items_purchased":["War Paint","FocusPotion","Cables","Swift Potion","OrangePellets","Akabeko","Loop"],"campfire_rested":0,"item_purchase_floors":[13,24,53,53,53,53,53],"current_hp_per_floor":[81,61,50,50,42,42,40,60,60,57,57,54,54,48,48,29,82,72,60,60,56,62,29,29,41,41,44,44,44,35,47,47,47,88,81,75,65,54,54,18,30,42,42,59,56,45,45,57,75,51,95,95,95,95,71],"gold":171,"neow_bonus":"TEN_PERCENT_HP_BONUS","is_daily":false,"chose_seed":false,"campfire_upgraded":4,"win_rate":0.0,"timestamp":1612300790,"path_taken":["M","M","?","M","M","R","M","?","T","E","?","E","?","?","R","BOSS","M","M","$","M","?","E","?","E","T","?","$","?","E","M","R","BOSS","M","M","?","M","?","E","M","E","T","E","M","M","?","E","R","BOSS","R","$","E","BOSS"],"items_purchased_type":["Relic","Potion","Relic","Potion","Relic","Relic","Card"],"build_version":"2020-12-22","purchased_purges":5,"victory":true,"max_hp_per_floor":[82,82,82,82,82,82,82,82,82,82,82,82,82,82,82,82,82,82,82,82,82,88,88,88,88,88,88,88,88,88,88,88,88,88,88,88,88,88,88,88,88,88,88,95,95,95,95,95,95,95,95,95,95,95,95],"relic_stats":{"Darkstone Periapt":6,"counters":[31,195],"Astrolabe":["Doom and Gloom","Reprogram","Ball Lightning"],"CeramicFish":153,"Eternal Feather":18,"Whetstone":["Barrage","Blizzard"],"War Paint":["Dualcast","Glacier"],"Smiling Mask":375,"MawBank":120,"WarpedTongs":[115],"Cables":[20,3,15,2,0],"OrangePellets":[5],"Nunchaku":[13],"Dream Catcher":0,"Bronze Scales":[340],"obtain_stats":[{"Darkstone Periapt":12,"Astrolabe":17,"CeramicFish":23,"Eternal Feather":47,"Whetstone":54,"War Paint":13,"Smiling Mask":10,"MawBank":43,"Akabeko":53,"WarpedTongs":22,"Cables":53,"SlaversCollar":34,"OrangePellets":53,"Anchor":9,"Nunchaku":30,"Dream Catcher":48,"Bronze Scales":40,"Strawberry":44,"Red Mask":27,"Bag of Marbles":42,"Toxic Egg 2":25,"Cracked Core":0,"Meat on the Bone":11},{"Darkstone Periapt":7,"Astrolabe":9,"CeramicFish":13,"Eternal Feather":27,"Whetstone":30,"War Paint":7,"Smiling Mask":6,"MawBank":24,"Akabeko":29,"WarpedTongs":12,"Cables":29,"SlaversCollar":18,"OrangePellets":29,"Anchor":5,"Nunchaku":16,"Dream Catcher":28,"Bronze Scales":22,"Strawberry":25,"Red Mask":15,"Bag of Marbles":24,"Toxic Egg 2":14,"Cracked Core":0,"Meat on the Bone":6},{"Darkstone Periapt":36,"Astrolabe":49,"CeramicFish":75,"Eternal Feather":154,"Whetstone":183,"War Paint":36,"Smiling Mask":28,"MawBank":136,"Akabeko":174,"WarpedTongs":68,"Cables":174,"SlaversCollar":103,"OrangePellets":174,"Anchor":19,"Nunchaku":89,"Dream Catcher":161,"Bronze Scales":124,"Strawberry":144,"Red Mask":84,"Bag of Marbles":136,"Toxic Egg 2":80,"Cracked Core":0,"Meat on the Bone":28}],"Meat on the Bone":168},"card_choices":[{"not_picked":["Reinforced Body","Redo"],"picked":"Recycle","floor":1},{"not_picked":["Turbo","Doom and Gloom"],"picked":"Glacier","floor":2},{"not_picked":["Stack","Redo"],"picked":"Chill","floor":4},{"not_picked":["Genetic Algorithm","Rebound"],"picked":"Barrage","floor":5},{"not_picked":["Thunder Strike","Ball Lightning"],"picked":"Defragment","floor":7},{"not_picked":["Self Repair","Turbo"],"picked":"Defragment","floor":10},{"not_picked":["Go for the Eyes","Scrape"],"picked":"Hello World","floor":12},{"not_picked":["BootSequence","Compile Driver"],"picked":"Blizzard","floor":14},{"not_picked":["Thunder Strike","Multi-Cast"],"picked":"Buffer","floor":16},{"not_picked":["Go for the Eyes+1","Reprogram","Stack"],"picked":"SKIP","floor":18},{"not_picked":["Go for the Eyes","Leap"],"picked":"Loop+1","floor":19},{"not_picked":["Self Repair","Barrage+1"],"picked":"Aggregate","floor":21},{"not_picked":["Sunder","Loop","Coolheaded"],"picked":"SKIP","floor":23},{"not_picked":["Skim+1","Barrage","Buffer"],"picked":"SKIP","floor":25},{"not_picked":["Stack+1","Streamline"],"picked":"Loop+1","floor":27},{"not_picked":["Gash+1","Rainbow+1"],"picked":"Leap+1","floor":30},{"not_picked":["Genetic Algorithm+1","Scrape"],"picked":"Chill+1","floor":31},{"not_picked":["Creative AI","Thunder Strike"],"picked":"Buffer","floor":33},{"not_picked":["Rebound","Blizzard","Gash+1"],"picked":"SKIP","floor":35},{"not_picked":["Compile Driver+1","Leap+1"],"picked":"Double Energy+1","floor":36},{"not_picked":["Swift Strike","Trip+1"],"picked":"Panacea+1","floor":37},{"not_picked":["The Bomb+1","Mind Blast"],"picked":"Finesse+1","floor":37},{"not_picked":["Dark Shackles+1","Bandage Up+1"],"picked":"Impatience+1","floor":37},{"not_picked":["Hologram+1","Beam Cell+1"],"picked":"Defragment+1","floor":38},{"not_picked":["Rip and Tear+1","Doom and Gloom+1"],"picked":"Loop","floor":40},{"not_picked":["Barrage+1","Darkness+1"],"picked":"Capacitor+1","floor":41},{"not_picked":["Meteor Strike","FTL+1"],"picked":"Steam+1","floor":42},{"not_picked":["Beam Cell+1","Stack+1","Creative AI"],"picked":"SKIP","floor":44},{"not_picked":["Sweeping Beam","Conserve Battery+1"],"picked":"Cold Snap+1","floor":45},{"not_picked":["Rip and Tear","Double Energy+1"],"picked":"Conserve Battery+1","floor":46},{"not_picked":["Compile Driver","Stack+1","Blizzard+1"],"picked":"SKIP","floor":48},{"not_picked":["Redo+1","Ball Lightning+1"],"picked":"Force Field+1","floor":54}],"player_experience":113608,"relics_obtained":[{"floor":9,"key":"Anchor"},{"floor":10,"key":"Smiling Mask"},{"floor":12,"key":"Darkstone Periapt"},{"floor":23,"key":"CeramicFish"},{"floor":25,"key":"Toxic Egg 2"},{"floor":27,"key":"Red Mask"},{"floor":30,"key":"Nunchaku"},{"floor":40,"key":"Bronze Scales"},{"floor":42,"key":"Bag of Marbles"},{"floor":43,"key":"MawBank"},{"floor":44,"key":"Strawberry"},{"floor":47,"key":"Eternal Feather"},{"floor":48,"key":"Dream Catcher"},{"floor":54,"key":"Whetstone"}],"event_choices":[{"damage_healed":0,"gold_gain":75,"player_choice":"Gather Gold","damage_taken":11,"max_hp_gain":0,"max_hp_loss":0,"event_name":"World of Goop","floor":3,"gold_loss":0},{"damage_healed":20,"gold_gain":0,"player_choice":"Healed","damage_taken":0,"max_hp_gain":0,"max_hp_loss":0,"event_name":"The Cleric","floor":8,"gold_loss":35},{"damage_healed":0,"gold_gain":30,"player_choice":"Searched \u00273\u0027 times","damage_taken":0,"relics_obtained":["Meat on the Bone"],"max_hp_gain":0,"max_hp_loss":0,"event_name":"Dead Adventurer","floor":11,"gold_loss":0},{"damage_healed":0,"gold_gain":0,"player_choice":"Rummage","damage_taken":0,"relics_obtained":["WarpedTongs"],"max_hp_gain":0,"max_hp_loss":0,"event_name":"Accursed Blacksmith","floor":22,"gold_loss":0,"cards_obtained":["Pain"]},{"damage_healed":0,"gold_gain":0,"player_choice":"Fought Bandits","damage_taken":0,"max_hp_gain":0,"max_hp_loss":0,"event_name":"Masked Bandits","floor":27,"gold_loss":0},{"damage_healed":0,"gold_gain":0,"player_choice":"1 cards matched","damage_taken":0,"max_hp_gain":0,"max_hp_loss":0,"event_name":"Match and Keep!","floor":29,"gold_loss":0,"cards_obtained":["Redo"]},{"damage_healed":0,"gold_gain":0,"player_choice":"Memory 3","damage_taken":10,"max_hp_gain":0,"max_hp_loss":0,"event_name":"SensoryStone","floor":37,"gold_loss":0},{"cards_removed":["Defragment"],"damage_healed":0,"gold_gain":0,"player_choice":"Removed Power","damage_taken":0,"max_hp_gain":0,"max_hp_loss":0,"event_name":"Falling","floor":39,"gold_loss":0}],"is_beta":false,"boss_relics":[{"not_picked":["Pandora\u0027s Box","Velvet Choker"],"picked":"Astrolabe"},{"not_picked":["Black Star","Snecko Eye"],"picked":"SlaversCollar"}],"items_purged_floors":[13,20,24,28,53],"is_endless":false,"potions_floor_spawned":[1,4,5,12,16,25,30,31,33,38,41,42,46,48,54],"ascension_level":2}}