{"host":"skr63qsdfgeey3it","time":1612254284,"event":{"mods":["BaseMod","Colored Map","Hubris","Minty Spire (QoL Compilation)","Reliquary","Replay The Spire","Spicy Shops","StSLib"],"gold_per_floor":[114,114,114,114,114,155,155,194,194,218,259,20,20,38,38,38,38],"floor_reached":16,"language":"ENG","playtime":278,"items_purged":[],"score":266,"play_id":"0dc93db0-4ff7-4a7f-b3b1-28499fc51dc2","local_time":"20210202022444","is_ascension_mode":true,"campfire_choices":[{"data":"Fission","floor":7,"key":"SMITH"},{"floor":13,"key":"REST"},{"data":"Ball Lightning","floor":15,"key":"SMITH"}],"circlet_count":0,"master_deck":["AscendersBane","Strike_B","Strike_B","Strike_B","Defend_B","Defend_B","Defend_B","Defend_B","Zap","Dualcast","Fission+1","ReplayTheSpireMod:Repulse","Turbo","Ball Lightning+1","hubris:PowerSurge","Cold Snap"],"relics":["Cracked Core","NeowsBlessing","Golden Idol","Strawberry","hubris:MedicalManual","Oddly Smooth Stone","reliquary:Firecrackers","hubris:Metronome","Kunai"],"acts_visited":["Exordium"],"potions_floor_usage":[11,11],"damage_taken":[{"damage":0,"enemies":"Cultist","floor":1,"turns":1},{"damage":0,"enemies":"Gremlin Nob","floor":6,"turns":1},{"damage":0,"enemies":"Lagavulin","floor":8,"turns":1},{"damage":2,"enemies":"2 Louse","floor":10,"turns":2},{"damage":28,"enemies":"3 Sentries","floor":11,"turns":5},{"damage":2,"enemies":"Small Slimes","floor":14,"turns":2},{"damage":0,"enemies":"Fading Forest","floor":16,"turns":1}],"seed_played":"-2675818946781502000","potions_obtained":[{"floor":8,"key":"DistilledChaos"},{"floor":10,"key":"CultistPotion"},{"floor":11,"key":"PowerPotion"}],"is_trial":false,"path_per_floor":["M","?","?","?","?","E","R","E","T","M","E","$","R","M","R","B"],"character_chosen":"DEFECT","items_purchased":["Kunai"],"campfire_rested":1,"item_purchase_floors":[12],"current_hp_per_floor":[68,68,50,50,50,50,50,50,50,48,20,20,44,42,42,42,42],"gold":38,"neow_bonus":"THREE_ENEMY_KILL","is_daily":false,"chose_seed":false,"campfire_upgraded":2,"win_rate":0.0,"timestamp":1612254284,"path_taken":["M","?","?","?","?","E","R","E","T","M","E","$","R","M","R","BOSS"],"items_purchased_type":["Relic"],"build_version":"2020-12-22","purchased_purges":0,"victory":false,"max_hp_per_floor":[75,75,75,82,82,82,82,82,82,82,82,82,82,82,82,82,82],"card_choices":[{"not_picked":["Barrage","ReplayTheSpireMod:Repulse","Go for the Eyes"],"picked":"SKIP","floor":1},{"not_picked":["Steam","Recycle"],"picked":"ReplayTheSpireMod:Repulse","floor":6},{"not_picked":["Barrage","Coolheaded"],"picked":"Turbo","floor":8},{"not_picked":["BootSequence","Self Repair"],"picked":"Ball Lightning","floor":10},{"not_picked":["ReplayTheSpireMod:GoodbyeWorld","Conserve Battery"],"picked":"hubris:PowerSurge","floor":11},{"not_picked":["Leap","ReplaySolidLightProjector"],"picked":"Cold Snap","floor":14}],"player_experience":856728,"relics_obtained":[{"floor":6,"key":"hubris:MedicalManual"},{"floor":8,"key":"Oddly Smooth Stone"},{"floor":9,"key":"reliquary:Firecrackers"},{"floor":11,"key":"hubris:Metronome"}],"event_choices":[{"damage_healed":0,"gold_gain":0,"cards_transformed":["Strike_B"],"player_choice":"Change","damage_taken":0,"max_hp_gain":0,"max_hp_loss":0,"event_name":"Living Wall","floor":2,"gold_loss":0,"cards_obtained":["Fission"]},{"damage_healed":0,"gold_gain":0,"player_choice":"Take Damage","damage_taken":18,"relics_obtained":["Golden Idol"],"max_hp_gain":0,"max_hp_loss":0,"event_name":"Golden Idol","floor":3,"gold_loss":0},{"damage_healed":0,"gold_gain":0,"player_choice":"Success","damage_taken":7,"relics_obtained":["Strawberry"],"max_hp_gain":0,"max_hp_loss":0,"event_name":"Scrap Ooze","floor":4,"gold_loss":0},{"damage_healed":0,"gold_gain":0,"player_choice":"Ignored","damage_taken":0,"max_hp_gain":0,"max_hp_loss":0,"event_name":"WeMeetAgain","floor":5,"gold_loss":0}],"is_beta":false,"boss_relics":[],"items_purged_floors":[],"is_endless":false,"potions_floor_spawned":[8,10,11],"killed_by":"Fading Forest","ascension_level":12}}