{"host":"ugys05tpep779cl6","time":1612255246,"event":{"mods":["AchievementEnabler","Aspiration","BaseMod","Beaked The Cultist","CatGirl Mod","Colored Powertips","HololiveMod","Lobotomy","Minty Spire (QoL Compilation)","Quick Restart","Replay The Spire","Spicy Shops","StSLib","The Druid"],"gold_per_floor":[117,173,173,183,202,202,202],"floor_reached":6,"language":"ENG","playtime":333,"items_purged":[],"score":70,"play_id":"11c197df-b19e-40dc-a94d-75feda46b9f1","local_time":"20210202094046","is_ascension_mode":true,"campfire_choices":[],"circlet_count":0,"master_deck":["AscendersBane","theDruid:Strike_O","theDruid:Strike_O","theDruid:Strike_O","theDruid:Strike_O","theDruid:Defend_O","theDruid:Defend_O","theDruid:Defend_O","theDruid:Defend_O","theDruid:BriarArmor+1","theDruid:WildSlash"],"relics":["theDruid:CrownOfTheWilds","aspiration:Nostalgia","m_ByrdBlood","ReplayTheSpireMod:Lightbulb"],"acts_visited":["Exordium"],"potions_floor_usage":[],"damage_taken":[{"damage":2,"enemies":"2 Louse","floor":1,"turns":3},{"damage":0,"enemies":"Cultist","floor":4,"turns":3},{"damage":2,"enemies":"Jaw Worm","floor":5,"turns":4},{"damage":82,"enemies":"Lagavulin","floor":6,"turns":10}],"seed_played":"-7970807810062061311","potions_obtained":[],"is_trial":false,"path_per_floor":["M","?","?","M","M","E"],"character_chosen":"DRUID","items_purchased":[],"campfire_rested":0,"item_purchase_floors":[],"current_hp_per_floor":[68,41,41,61,68,16,16],"gold":202,"neow_bonus":"NOSTALGIA","is_daily":false,"chose_seed":false,"campfire_upgraded":0,"win_rate":0.0,"timestamp":1612255246,"path_taken":["M","?","?","M","?","E"],"items_purchased_type":[],"build_version":"2020-12-22","purchased_purges":0,"victory":false,"max_hp_per_floor":[68,68,68,68,68,68,68],"card_choices":[{"not_picked":["theDruid:Gore","theDruid:Swipe","theDruid:ForestsSoul"],"picked":"SKIP","floor":1},{"not_picked":["Flex","theDruid:Recoil","theDruid:Eclipse"],"picked":"SKIP","floor":4},{"not_picked":["theDruid:AstralShield","theDruid:ForestsSoul","theDruid:TwilightsCall"],"picked":"SKIP","floor":5}],"player_experience":1183382,"relics_obtained":[{"floor":2,"key":"ReplayTheSpireMod:Lightbulb"}],"event_choices":[{"damage_healed":0,"gold_gain":0,"player_choice":"Forge","damage_taken":0,"max_hp_gain":0,"max_hp_loss":0,"event_name":"Accursed Blacksmith","floor":3,"gold_loss":0,"cards_upgraded":["theDruid:BriarArmor"]}],"is_beta":false,"boss_relics":[],"items_purged_floors":[],"is_endless":false,"potions_floor_spawned":[4],"killed_by":"Lagavulin","ascension_level":19}}