{"host":"usru02jcpe2a942d","time":1612224754,"event":{"mods":["Act Like it!","BaseMod","Colored Powertips","Friendly Minions","GifTheSpireLib","Highlight Path","Hubris","Infinite Spire","Jedi Mod","Minty Spire (QoL Compilation)","MostiFishMod","Pale of the Ancients","Prisma Mod","Quick Restart","Relic Stats","RumiaBox-露米娅的神秘盒子","StSLib","noobMod","【遗物卡牌】REMEMod","篝火指南"],"gold_per_floor":[109,109,126,142,159,189,203,215,215,490,522,536,552,575,96,198,198,215,241,241,241,254,254,268,15,15,41,54,65,165,180,180,280,280,296,518,518,518,528,528,544,171,195,244,276,276,291,291,125,245,349,446,446,133,133,152,152,198,198,210],"floor_reached":61,"language":"ZHS","playtime":2197,"items_purged":["Regret","PrismaMod:ChloeDiscardRecovery","PrismaMod:ChloeCommonAttack","PrismaMod:ChloeCommonDefend","PrismaMod:ChloeCommonAttack","PrismaMod:ChloeCommonDefend"],"score":1187,"play_id":"62acfcf3-79ea-490a-bd12-74e9ad2b38a3","local_time":"20210202081234","is_ascension_mode":false,"campfire_choices":[{"data":"PrismaMod:ChloeMordred","floor":23.0,"key":"SMITH"},{"data":"PrismaMod:ChloeUnlimitedBladeWorks","floor":32.0,"key":"SMITH"},{"data":"PrismaMod:MiyuBride","floor":40.0,"key":"SMITH"},{"data":"PrismaMod:ChloeDiscardRecovery","floor":55,"key":"SMITH"},{"data":"PrismaMod:ChloeCarnivalAOEAttack","floor":57,"key":"SMITH"}],"circlet_count":0,"master_deck":["PrismaMod:ChloeCommonAttack","PrismaMod:ChloeCommonAttack","PrismaMod:ChloeCommonAttack","PrismaMod:ChloeCommonDefend","PrismaMod:ChloeCommonDefend","PrismaMod:ChloeCommonDefend","PrismaMod:ChloeCheapAttack","PrismaMod:ChloeCheapDefend","PrismaMod:MiyuBride+1","PrismaMod:ChloeCheapAttack+1","PrismaMod:ChloeCommonAOEAttack+1","PrismaMod:ChloeCarnivalDefend","PrismaMod:ChloeExhaustOne+1","PrismaMod:ChloeMordred+1","PrismaMod:ChloeCarnivalAOEAttack+1","PrismaMod:ChloeUnlimitedBladeWorks+1","PrismaMod:ChloeDiscardRecovery+1","MostiFishMod:OneDayCity","PrismaMod:ChloeCheapAttackTwo","PrismaMod:ChloeGaeBolg+1","PrismaMod:ChloeRitsuka+1","PrismaMod:ChloeChristmas+1","hubris:DuctTapeCard","PrismaMod:ChloeRuleBreaker"],"relics":["PrismaMod:PrismaTraceOn","DaveBox","ice","REME_ComplimentaryCards","SentryEyes","SynthV:TestCard","Centennial Puzzle","Whetstone","Bottled Lightning","Singing Bowl","Bronze Scales","Lee\u0027s Waffle","hubris:MysteriousPyramids","REME_LowDesire","Happy Flower","infinitespire:Beetle Shell","Red Mask","MutagenicStrength","jedi:bottledfury","SynthV","infinitespire:CheckeredPen","Dream Catcher","MoreBug","hubris:SphereOfDissonance","hubris:ScarierMask","hubris:Icosahedron","infinitespire:FocusingShard","Anchor","Ice Cream","Omamori","War Paint","Membership Card","Civilization","Torii","ImprovedEquipment","hubris:DuctTape","Mummified Hand","REME_ArchaeologicalTools","REME_CardOfGreed","paleoftheancients:Timepiece","Coffee Dripper","Letter Opener","paleoftheancients:SoulOfTheShowman","Ccalipers","Dodecahedron","infinitespire:Satchel","infinitespire:Lucky Rock"],"acts_visited":["Exordium","TheCity","TheBeyond","paleoftheancients:PaleOfTheAncients"],"potions_floor_usage":[51,60],"damage_taken":[{"damage":0.0,"enemies":"2 Louse","floor":1.0,"turns":1.0},{"damage":0.0,"enemies":"Jaw Worm","floor":3.0,"turns":2.0},{"damage":0.0,"enemies":"Cultist","floor":4.0,"turns":2.0},{"damage":0.0,"enemies":"Red Slaver","floor":5.0,"turns":2.0},{"damage":4.0,"enemies":"Gremlin Nob","floor":6.0,"turns":3.0},{"damage":11.0,"enemies":"Exordium Wildlife","floor":7.0,"turns":2.0},{"damage":0.0,"enemies":"Blue Slaver","floor":8.0,"turns":2.0},{"damage":24.0,"enemies":"Lagavulin","floor":11.0,"turns":3.0},{"damage":2.0,"enemies":"Large Slime","floor":12.0,"turns":3.0},{"damage":2.0,"enemies":"3 Louse","floor":13.0,"turns":2.0},{"damage":35.0,"enemies":"The Guardian","floor":16.0,"turns":8.0},{"damage":3.0,"enemies":"Spheric Guardian","floor":18.0,"turns":4.0},{"damage":0.0,"enemies":"Masked Bandits","floor":19.0,"turns":2.0},{"damage":0.0,"enemies":"2 Thieves","floor":22.0,"turns":2.0},{"damage":0.0,"enemies":"3 Cultists","floor":24.0,"turns":2.0},{"damage":0.0,"enemies":"Nightmare","floor":27.0,"turns":4.0},{"damage":0.0,"enemies":"Snake Plant","floor":28.0,"turns":2.0},{"damage":0.0,"enemies":"Sentry and Sphere","floor":29.0,"turns":1.0},{"damage":0.0,"enemies":"Colosseum Slavers","floor":30.0,"turns":2.0},{"damage":0.0,"enemies":"Colosseum Nobs","floor":30.0,"turns":2.0},{"damage":0.0,"enemies":"Cultist and Chosen","floor":31.0,"turns":3.0},{"damage":16.0,"enemies":"hubris:MusketHawk","floor":33.0,"turns":4.0},{"damage":0.0,"enemies":"3 Darklings","floor":35.0,"turns":1.0},{"damage":0.0,"enemies":"3 Shapes","floor":39.0,"turns":2.0},{"damage":0.0,"enemies":"Spire Growth","floor":41.0,"turns":3.0},{"damage":0,"enemies":"2 Orb Walkers","floor":44,"turns":2},{"damage":0,"enemies":"Giant Head","floor":45,"turns":4},{"damage":0,"enemies":"3 Darklings","floor":47,"turns":2},{"damage":1,"enemies":"Awakened One","floor":50,"turns":3},{"damage":50,"enemies":"Awakened One","floor":51,"turns":6},{"damage":1,"enemies":"Awakened One","floor":52,"turns":4},{"damage":0,"enemies":"Awakened One","floor":56,"turns":1},{"damage":0,"enemies":"paleoftheancients:N","floor":60,"turns":3}],"seed_played":"3714363544194990689","potions_obtained":[{"floor":5.0,"key":"AttackPotion"},{"floor":6.0,"key":"Ancient Potion"},{"floor":8.0,"key":"SkillPotion"},{"floor":18.0,"key":"Strength Potion"},{"floor":27.0,"key":"SpeedPotion"},{"floor":39.0,"key":"SkillPotion"}],"is_trial":false,"path_per_floor":["M","?","M","M","M","E","M","M","T","?","E","M","M","T","R","B",null,"M","?","?","?","M","R","M","$","T","NM","M","M","?","M","R","B",null,"M","?","?","?","M","R","M","R","T","?","E","$","M","T","R","B","M","M","?","$","R","M","R","T","?","B",null],"character_chosen":"CHLOE","items_purchased":["Lee\u0027s Waffle","hubris:MysteriousPyramids","SynthV","infinitespire:FocusingShard","War Paint","Membership Card","Civilization","Torii","ImprovedEquipment","hubris:DuctTape","Mummified Hand","REME_CardOfGreed","PrismaMod:ChloeRuleBreaker","Ccalipers","Dodecahedron","infinitespire:Satchel"],"campfire_rested":0,"item_purchase_floors":[15,15,25,42,46,46,46,46,46,46,46,49,49,54,54,54],"current_hp_per_floor":[82,82,82,82,82,78,67,67,67,67,45,45,43,43,93,58,93,90,90,90,90,90,90,90,90,90,90,90,92,94,96,96,82,101,103,103,103,103,105,105,105,105,105,105,107,4,7,7,7,114,98,181,181,181,181,194,194,194,194,239],"gold":210,"neow_bonus":"TEN_PERCENT_HP_BONUS","is_daily":false,"chose_seed":false,"campfire_upgraded":5,"win_rate":0.0,"timestamp":1612224754,"path_taken":["M","?","M","M","M","E","M","M","T","?","E","?","?","?","R","BOSS","M","?","?","?","?","R","M","$","T","NM","M","?","?","M","R","BOSS","M","?","?","?","M","R","?","R","T","?","E","?","M","?","R","BOSS","M","M","?","$","R","M","R","T","?","BOSS"],"items_purchased_type":["Relic","Relic","Relic","Relic","Relic","Relic","Relic","Relic","Relic","Relic","Relic","Relic","Card","Relic","Relic","Relic"],"build_version":"2020-12-22","purchased_purges":6,"victory":true,"max_hp_per_floor":[82,82,82,82,82,82,82,82,82,82,84,86,86,86,93,93,93,93,93,93,93,93,93,93,93,93,93,93,95,97,99,99,101,101,103,103,103,103,105,105,105,105,105,105,107,107,110,110,110,114,121,192,192,192,192,199,199,199,199,241],"relic_stats":{"Lee\u0027s Waffle":50,"Singing Bowl":26,"Happy Flower":[19],"Torii":4,"counters":[33,79],"Whetstone":["PrismaMod:ChloeCheapAttack","PrismaMod:ChloeCommonAOEAttack"],"Letter Opener":[155],"War Paint":["hubris:Insight","PrismaMod:ChloeChristmas"],"Centennial Puzzle":[34],"Dream Catcher":0,"Mummified Hand":[6],"Bronze Scales":[171],"obtain_stats":[{"Ice Cream":44,"DaveBox":0,"Singing Bowl":11,"Torii":46,"SynthV":25,"ice":0,"Whetstone":6,"jedi:bottledfury":21,"hubris:MysteriousPyramids":15,"PrismaMod:PrismaTraceOn":0,"Civilization":46,"Centennial Puzzle":2,"Dream Catcher":27,"hubris:Icosahedron":37,"Mummified Hand":46,"Ccalipers":54,"hubris:ScarierMask":34,"Red Mask":19,"REME_ArchaeologicalTools":48,"REME_LowDesire":17,"MoreBug":30,"Lee\u0027s Waffle":15,"Happy Flower":17,"hubris:DuctTape":46,"Dodecahedron":54,"ImprovedEquipment":46,"hubris:SphereOfDissonance":30,"infinitespire:Beetle Shell":17,"infinitespire:FocusingShard":42,"Omamori":45,"infinitespire:CheckeredPen":26,"Letter Opener":50,"infinitespire:Lucky Rock":58,"War Paint":46,"paleoftheancients:Timepiece":50,"Anchor":43,"SynthV:TestCard":1,"Bronze Scales":14,"MutagenicStrength":20,"SentryEyes":0,"infinitespire:Satchel":54,"Coffee Dripper":50,"Bottled Lightning":9,"Membership Card":46,"REME_CardOfGreed":49,"paleoftheancients:SoulOfTheShowman":52,"REME_ComplimentaryCards":0},{"Ice Cream":26,"DaveBox":0,"Singing Bowl":8,"Torii":27,"SynthV":15,"ice":0,"Whetstone":5,"jedi:bottledfury":13,"hubris:MysteriousPyramids":10,"PrismaMod:PrismaTraceOn":0,"Civilization":27,"Centennial Puzzle":1,"Dream Catcher":16,"hubris:Icosahedron":23,"Mummified Hand":27,"Ccalipers":31,"hubris:ScarierMask":22,"Red Mask":13,"REME_ArchaeologicalTools":28,"REME_LowDesire":11,"MoreBug":20,"Lee\u0027s Waffle":10,"Happy Flower":11,"hubris:DuctTape":27,"Dodecahedron":31,"ImprovedEquipment":27,"hubris:SphereOfDissonance":20,"infinitespire:Beetle Shell":11,"infinitespire:FocusingShard":25,"Omamori":27,"infinitespire:CheckeredPen":15,"Letter Opener":29,"infinitespire:Lucky Rock":32,"War Paint":27,"paleoftheancients:Timepiece":29,"Anchor":25,"SynthV:TestCard":1,"Bronze Scales":10,"MutagenicStrength":13,"SentryEyes":0,"infinitespire:Satchel":31,"Coffee Dripper":29,"Bottled Lightning":7,"Membership Card":27,"REME_CardOfGreed":28,"paleoftheancients:SoulOfTheShowman":31,"REME_ComplimentaryCards":0},{"Ice Cream":56,"DaveBox":0,"Singing Bowl":15,"Torii":60,"SynthV":32,"ice":0,"Whetstone":9,"jedi:bottledfury":30,"hubris:MysteriousPyramids":18,"PrismaMod:PrismaTraceOn":0,"Civilization":60,"Centennial Puzzle":1,"Dream Catcher":36,"hubris:Icosahedron":50,"Mummified Hand":60,"Ccalipers":75,"hubris:ScarierMask":49,"Red Mask":30,"REME_ArchaeologicalTools":62,"REME_LowDesire":25,"MoreBug":43,"Lee\u0027s Waffle":18,"Happy Flower":25,"hubris:DuctTape":60,"Dodecahedron":75,"ImprovedEquipment":60,"hubris:SphereOfDissonance":43,"infinitespire:Beetle Shell":25,"infinitespire:FocusingShard":55,"Omamori":60,"infinitespire:CheckeredPen":32,"Letter Opener":65,"infinitespire:Lucky Rock":76,"War Paint":60,"paleoftheancients:Timepiece":65,"Anchor":55,"SynthV:TestCard":1,"Bronze Scales":18,"MutagenicStrength":30,"SentryEyes":0,"infinitespire:Satchel":75,"Coffee Dripper":65,"Bottled Lightning":12,"Membership Card":60,"REME_CardOfGreed":62,"paleoftheancients:SoulOfTheShowman":75,"REME_ComplimentaryCards":0}]},"card_choices":[{"not_picked":["PrismaMod:ChloeBetterTracePools","PrismaMod:ChloeExhaustTwo"],"picked":"PrismaMod:ChloeCheapAttack","floor":1.0},{"not_picked":["PrismaMod:ChloeDiscardRecovery","PrismaMod:ChloeRitsuka","PrismaMod:ChloeExhaustOne","PrismaMod:ChloeCheapAttackTwo"],"picked":"PrismaMod:ChloeCommonAOEAttack","floor":3.0},{"not_picked":["PrismaMod:ChloeCheapDefend","PrismaMod:ChloeCheapAttackTwo","PrismaMod:ChloeExhaustOne","PrismaMod:ChloeBetterTracePools"],"picked":"PrismaMod:ChloeCarnivalDefend","floor":4.0},{"not_picked":["PrismaMod:ChloeCheapDefendTwo","PrismaMod:ChloeCheapDefend","PrismaMod:ChloeAnySkillTrace","PrismaMod:ChloeExhaustOne"],"picked":"PrismaMod:ChloeDiscardRecovery","floor":5.0},{"not_picked":["PrismaMod:ChloeCheapDefendTwo","PrismaMod:ChloeDiscardRecovery","PrismaMod:ChloeUncommonAttack","PrismaMod:ChloeCheapDefend"],"picked":"PrismaMod:ChloeExhaustOne","floor":6.0},{"not_picked":["PrismaMod:ChloeCheapDefendTwo","PrismaMod:ChloeChristmas","PrismaMod:ChloeMaid","PrismaMod:ChloeExhaustOne"],"picked":"PrismaMod:ChloeMordred","floor":7.0},{"not_picked":["PrismaMod:ChloeDiscardRecovery","PrismaMod:ChloeCheapDefend","PrismaMod:ChloeCheapAttackTwo","PrismaMod:ChloeExhaustOne","PrismaMod:ChloeCheapAttack"],"picked":"SKIP","floor":8.0},{"not_picked":["PrismaMod:ChloeCheapAttack","PrismaMod:ChloeChristmas","PrismaMod:ChloeDiscardRecovery","PrismaMod:ChloeEyeOfTheEuryale","PrismaMod:ChloeCommonAOEAttack"],"picked":"Singing Bowl","floor":11.0},{"not_picked":["PrismaMod:ChloeUncommonAOEAttack","PrismaMod:ChloeExhaustOne","PrismaMod:ChloeCheapDefend","PrismaMod:ChloeBetterTracePools","PrismaMod:ChloeCommonAOEAttack"],"picked":"Singing Bowl","floor":12.0},{"not_picked":["PrismaMod:ChloeCheapDefendTwo","PrismaMod:ChloeCheapDefend","PrismaMod:ChloeCheapAttackTwo","PrismaMod:ChloeCommonAOEAttack"],"picked":"PrismaMod:ChloeCarnivalAOEAttack","floor":13.0},{"not_picked":["PrismaMod:ChloeCarnivalAttack","PrismaMod:ChloeAnyAttackTrace","PrismaMod:ChloeAnyCommonTrace","PrismaMod:ChloeCarnivalAOEAttack"],"picked":"PrismaMod:ChloeUnlimitedBladeWorks","floor":16.0},{"not_picked":["PrismaMod:ChloeDemonicTutor","PrismaMod:ChloeEyeOfTheEuryale+1","PrismaMod:ChloeCheapDefend","PrismaMod:ChloeCheapDefendTwo","MostiFishMod:MusicBox"],"picked":"PrismaMod:ChloeDiscardRecovery","floor":18.0},{"not_picked":["PrismaMod:ChloeCheapAttack","PrismaMod:ChloeCheapDefendTwo","PrismaMod:ChloeChristmas","PrismaMod:ChloeCheapDefend","PrismaMod:ChloeAnyAttackTrace"],"picked":"MostiFishMod:OneDayCity","floor":19.0},{"not_picked":["PrismaMod:ChloeExcalibur","PrismaMod:ChloeExhaustOne","PrismaMod:ChloeCheapDefendTwo","PrismaMod:ChloeDiscardRecovery+1","Good Instincts"],"picked":"PrismaMod:ChloeCheapAttackTwo","floor":22.0},{"not_picked":["PrismaMod:ChloeCommonAOEAttack","PrismaMod:ChloeCheapDefendTwo","PrismaMod:ChloeMordred+1","PrismaMod:ChloeExhaustTwo","Violence"],"picked":"PrismaMod:ChloeGaeBolg+1","floor":24.0},{"not_picked":["infinitespire:Menacing","infinitespire:FinalStrike"],"picked":"infinitespire:SealOfDarkness+","floor":27.0},{"not_picked":["PrismaMod:ChloeCommonAOEAttack+1","PrismaMod:ChloeExhaustOne","PrismaMod:ChloeMaid+1","PrismaMod:ChloeRuleBreaker","PrismaMod:ChloeGaeBolg"],"picked":"hubris:Insight","floor":27.0},{"not_picked":["PrismaMod:ChloeCheapDefend","PrismaMod:ChloeCommonAOEAttack","PrismaMod:ChloeMaid","PrismaMod:ChloeCheapDefendTwo+1","MostiFishMod:PerfectForm"],"picked":"PrismaMod:ChloeRitsuka+1","floor":28.0},{"not_picked":["PrismaMod:ChloeDiscardRecovery","PrismaMod:ChloeHalloween","PrismaMod:ChloeUncommonAttack+1","PrismaMod:ChloeCheapDefend","PrismaMod:ChloeMordred","Metamorphosis"],"picked":"Singing Bowl","floor":29.0},{"not_picked":["PrismaMod:ChloeExhaustOne+1","PrismaMod:ChloeUncommonAttack+1","PrismaMod:ChloeCheapAttack","PrismaMod:ChloeRitsuka","PrismaMod:ChloeDiscardRecovery+1","MostiFishMod:TheLastGuard"],"picked":"Singing Bowl","floor":30.0},{"not_picked":["PrismaMod:ChloeGaeBolg","PrismaMod:ChloeMordred","PrismaMod:ChloeCheapDefend+1","PrismaMod:ChloeRhongomyniad+1","PrismaMod:ChloeCommonAOEAttack","Finesse"],"picked":"Singing Bowl","floor":31.0},{"not_picked":["PrismaMod:ChloeReshuffleDiscard","PrismaMod:ChloeExhaustThree","PrismaMod:ChloeAnyRareTrace","PrismaMod:ChloeAnySkillTrace","PrismaMod:ChloeAnyUncommonTrace","REME_MagicPocketWatch"],"picked":"Singing Bowl","floor":33.0},{"not_picked":["PrismaMod:ChloeRitsuka","PrismaMod:ChloeEyeOfTheEuryale","PrismaMod:ChloeExhaustOne","PrismaMod:ChloeCheapAttack","PrismaMod:ChloeMordred","Secret Technique"],"picked":"Singing Bowl","floor":35.0},{"not_picked":["PrismaMod:ChloeCheapDefendTwo","PrismaMod:ChloeUncommonAOEAttack","PrismaMod:ChloeDiscardRecovery","PrismaMod:ChloeCheapDefend+1","PrismaMod:ChloeExhaustOne+1","Sadistic Nature"],"picked":"Singing Bowl","floor":39.0},{"not_picked":["PrismaMod:ChloeCheapDefendTwo+1","PrismaMod:ChloeDemonicTutor+1","PrismaMod:ChloeMordred+1","PrismaMod:ChloeCommonAOEAttack","PanicButton"],"picked":"PrismaMod:ChloeChristmas","floor":41},{"not_picked":["PrismaMod:ChloeExhaustOne+1","PrismaMod:ChloeCommonAOEAttack","PrismaMod:ChloeUncommonAttack+1","PrismaMod:ChloeCheapDefend","PrismaMod:ChloeCaladbolg+1"],"picked":"hubris:Insight","floor":44},{"not_picked":["PrismaMod:ChloeRitsuka","PrismaMod:ChloeAnyAttackTrace","PrismaMod:ChloeCheapAttackTwo","PrismaMod:ChloeCommonAOEAttack+1","PrismaMod:ChloeBetterTracePools+1","Dramatic Entrance"],"picked":"Singing Bowl","floor":45},{"not_picked":["PrismaMod:ChloeMordred","PrismaMod:ChloeCheapAttack","PrismaMod:ChloeCheapAttackTwo","PrismaMod:ChloeChristmas+1","PrismaMod:ChloeExhaustOne","MostiFishMod:KingOfFree"],"picked":"Singing Bowl","floor":47},{"not_picked":["PrismaMod:ChloeCommonAOEAttack","PrismaMod:ChloeCheapAttack+1","PrismaMod:ChloeBetterTracePools","PrismaMod:ChloeEyeOfTheEuryale+1","PrismaMod:ChloeDemonicTutor","Swift Strike"],"picked":"Singing Bowl","floor":51},{"not_picked":["PrismaMod:ChloeEyeOfTheEuryale+1","PrismaMod:ChloeDiscardRecovery+1","PrismaMod:ChloeUncommonAOEAttack+1","PrismaMod:ChloeCommonAOEAttack+1","PrismaMod:ChloeCheapAttack","MostiFishMod:OneDayCity"],"picked":"Singing Bowl","floor":52},{"not_picked":["PrismaMod:ChloeUncommonDefend","PrismaMod:ChloeRhongomyniad+1","PrismaMod:ChloeExhaustOne","PrismaMod:ChloeMordred+1","PrismaMod:ChloeCheapAttackTwo","REME_BodyOfCthun"],"picked":"Singing Bowl","floor":56}],"player_experience":240419,"relics_obtained":[{"floor":1.0,"key":"SynthV:TestCard"},{"floor":2.0,"key":"Centennial Puzzle"},{"floor":6.0,"key":"Whetstone"},{"floor":9.0,"key":"Bottled Lightning"},{"floor":11.0,"key":"Singing Bowl"},{"floor":14.0,"key":"Bronze Scales"},{"floor":17.0,"key":"Happy Flower"},{"floor":17.0,"key":"infinitespire:Beetle Shell"},{"floor":19.0,"key":"Red Mask"},{"floor":26.0,"key":"infinitespire:CheckeredPen"},{"floor":27.0,"key":"Dream Catcher"},{"floor":30.0,"key":"MoreBug"},{"floor":30.0,"key":"hubris:SphereOfDissonance"},{"floor":43,"key":"Anchor"},{"floor":44,"key":"Ice Cream"},{"floor":45,"key":"Omamori"},{"floor":48,"key":"REME_ArchaeologicalTools"},{"floor":52,"key":"paleoftheancients:SoulOfTheShowman"},{"floor":58,"key":"infinitespire:Lucky Rock"}],"event_choices":[{"damage_healed":0.0,"max_hp_gain":0.0,"max_hp_loss":0.0,"gold_gain":275.0,"event_name":"Golden Shrine","player_choice":"Desecrate","floor":10.0,"gold_loss":0.0,"damage_taken":0.0,"cards_obtained":["Regret"]},{"damage_healed":0.0,"max_hp_gain":0.0,"max_hp_loss":0.0,"gold_gain":0.0,"event_name":"Masked Bandits","player_choice":"Fought Bandits","floor":19.0,"gold_loss":0.0,"damage_taken":0.0},{"damage_healed":0.0,"max_hp_gain":0.0,"max_hp_loss":0.0,"gold_gain":0.0,"event_name":"Drug Dealer","player_choice":"Inject Mutagens","floor":20.0,"gold_loss":0.0,"damage_taken":0.0,"relics_obtained":["MutagenicStrength"]},{"damage_healed":0.0,"max_hp_gain":0.0,"max_hp_loss":0.0,"gold_gain":0.0,"event_name":"WeMeetAgain","player_choice":"Gave Potion","floor":21.0,"gold_loss":0.0,"damage_taken":0.0,"relics_obtained":["jedi:bottledfury"]},{"damage_healed":0.0,"max_hp_gain":0.0,"max_hp_loss":0.0,"gold_gain":0.0,"event_name":"Colosseum","player_choice":"Fight","floor":30.0,"gold_loss":0.0,"damage_taken":0.0},{"damage_healed":0.0,"max_hp_gain":0.0,"max_hp_loss":0.0,"gold_gain":0.0,"event_name":"Colosseum","player_choice":"Fought Nobs","floor":30.0,"gold_loss":0.0,"damage_taken":0.0},{"damage_healed":0.0,"max_hp_gain":0.0,"max_hp_loss":0.0,"gold_gain":222.0,"event_name":"Tomb of Lord Red Mask","player_choice":"Wore Mask","floor":36.0,"gold_loss":0.0,"damage_taken":0.0},{"damage_healed":0.0,"max_hp_gain":0.0,"max_hp_loss":0.0,"gold_gain":0.0,"event_name":"Duplicator","player_choice":"Copied","floor":38.0,"gold_loss":0.0,"damage_taken":0.0,"cards_obtained":["infinitespire:SealOfDarkness"]},{"damage_healed":0,"gold_gain":0,"player_choice":"Fight","damage_taken":0,"max_hp_gain":0,"max_hp_loss":0,"event_name":"Mysterious Sphere","floor":44,"gold_loss":0}],"is_beta":false,"boss_relics":[{"not_picked":["GreenFoldingFan","Empty Cage"],"picked":"REME_LowDesire"},{"not_picked":["ExusiaiGun","jedi:hotpepper"],"picked":"hubris:ScarierMask"}],"items_purged_floors":[15,25,42,46,49,54],"is_endless":false,"potions_floor_spawned":[5,6,8,12,18,27,28,29,30,31,39,41,44,45],"ascension_level":0}}