{"host":"r3islh0l1a1ykxfu","time":1612304267,"event":{"mods":["BaseMod","Bestiary","Colored Map","Colored Powertips","Highlight Path","Minty Spire (QoL Compilation)","Relic Stats","Slay-I"],"gold_per_floor":[114,129,144,159,159,189,264,264,289,319,319,19,19,19,19,119,119,134,134,149,164,164,164,194,194,194,209,224,224,239,269,269,369,369,384,384,184,199,49,49,79,94,94,124,139,139,139,154,154,154],"floor_reached":51,"language":"ENG","playtime":6641,"items_purged":[],"score":879,"play_id":"881a9f9b-4a3a-4524-a110-ed12e295fcf6","local_time":"20210202161747","daily_mods":["Chimera","ControlledChaos","Night Terrors"],"is_ascension_mode":false,"campfire_choices":[{"data":"1","floor":8.0,"key":"LIFT"},{"floor":11.0,"key":"REST"},{"data":"2","floor":13.0,"key":"LIFT"},{"data":"3","floor":15.0,"key":"LIFT"},{"floor":23.0,"key":"DIG"},{"floor":25.0,"key":"DIG"},{"floor":32.0,"key":"DIG"},{"floor":40.0,"key":"DIG"},{"floor":47,"key":"DIG"},{"floor":49,"key":"DIG"}],"circlet_count":0,"master_deck":["Bash","Survivor+1","Zap","Eruption","Strike_R","Strike_G","Strike_B","Defend_R","Defend_P","Intimidate","Spot Weakness+1","Havoc+1","Ghostly Armor","Flex+1","Sword Boomerang+1","Reaper+1","Thunderclap+1","Uppercut+1","Sword Boomerang+1","Havoc+1","Limit Break","Immolate+1","CurseOfTheBell","Pain","Havoc+1","Limit Break","Sword Boomerang+1","Limit Break"],"relics":["Burning Blood","Frozen Eye","Shovel","Girya","Orichalcum","Molten Egg 2","Akabeko","Lee\u0027s Waffle","Runic Cube","Spirit Poop","Happy Flower","Thread and Needle","PreservedInsect","Gambling Chip","Oddly Smooth Stone","Unceasing Top","Calling Bell","Anchor","Letter Opener","Champion Belt","WarpedTongs","Boot","Red Skull","Omamori","Mercury Hourglass","InkBottle","War Paint","Nunchaku","StrikeDummy"],"acts_visited":[],"potions_floor_usage":[],"damage_taken":[{"damage":2.0,"enemies":"Jaw Worm","floor":1.0,"turns":3.0},{"damage":0.0,"enemies":"Small Slimes","floor":2.0,"turns":3.0},{"damage":4.0,"enemies":"Cultist","floor":3.0,"turns":3.0},{"damage":10.0,"enemies":"Looter","floor":4.0,"turns":3.0},{"damage":16.0,"enemies":"3 Sentries","floor":6.0,"turns":6.0},{"damage":38.0,"enemies":"Lagavulin","floor":10.0,"turns":4.0},{"damage":2.0,"enemies":"Slime Boss","floor":16.0,"turns":5.0},{"damage":3.0,"enemies":"Chosen","floor":18.0,"turns":3.0},{"damage":4.0,"enemies":"3 Byrds","floor":20.0,"turns":4.0},{"damage":0.0,"enemies":"Snecko","floor":21.0,"turns":2.0},{"damage":25.0,"enemies":"Book of Stabbing","floor":24.0,"turns":4.0},{"damage":14.0,"enemies":"Snake Plant","floor":27.0,"turns":4.0},{"damage":0.0,"enemies":"3 Cultists","floor":28.0,"turns":2.0},{"damage":0.0,"enemies":"Centurion and Healer","floor":30.0,"turns":3.0},{"damage":0.0,"enemies":"Gremlin Leader","floor":31.0,"turns":2.0},{"damage":17.0,"enemies":"Collector","floor":33.0,"turns":6.0},{"damage":0.0,"enemies":"Orb Walker","floor":35.0,"turns":1.0},{"damage":13.0,"enemies":"3 Shapes","floor":38.0,"turns":2.0},{"damage":34.0,"enemies":"Giant Head","floor":41.0,"turns":7.0},{"damage":0.0,"enemies":"3 Darklings","floor":42.0,"turns":2.0},{"damage":0,"enemies":"Reptomancer","floor":44,"turns":2},{"damage":8,"enemies":"Transient","floor":45,"turns":4},{"damage":1,"enemies":"Writhing Mass","floor":48,"turns":3},{"damage":22,"enemies":"Donu and Deca","floor":50,"turns":5}],"seed_played":"-6699970657251824518","potions_obtained":[{"floor":1.0,"key":"Fire Potion"},{"floor":2.0,"key":"HeartOfIron"},{"floor":6.0,"key":"DistilledChaos"},{"floor":21.0,"key":"FearPotion"},{"floor":27.0,"key":"AttackPotion"}],"is_trial":false,"path_per_floor":["M","M","M","M","?","E","?","R","T","E","R","$","R","?","R","B",null,"M","?","M","M","?","R","E","R","T","M","M","?","M","E","R","B",null,"M","?","$","M","$","R","E","M","T","E","M","?","R","M","R","B",null],"character_chosen":"IRONCLAD","items_purchased":["Akabeko","Lee\u0027s Waffle","Boot","Block Potion","Red Skull"],"campfire_rested":1,"item_purchase_floors":[12,12,37,37,39],"current_hp_per_floor":[80,80,80,76,76,66,55,55,55,23,75,82,82,66,66,70,82,82,82,82,82,82,82,63,63,63,73,82,82,82,82,82,71,82,82,82,82,75,75,75,53,60,60,66,64,64,64,69,69,82],"gold":154,"neow_bonus":"","is_daily":true,"chose_seed":false,"campfire_upgraded":0,"win_rate":0.0,"timestamp":1612304267,"path_taken":["M","M","M","M","?","E","?","R","T","E","R","$","R","?","R","BOSS","M","?","?","M","?","R","E","R","T","M","M","?","M","E","R","BOSS","M","?","$","M","?","R","E","M","T","E","M","?","R","?","R","BOSS"],"items_purchased_type":["Relic","Relic","Relic","Potion","Relic"],"build_version":"2020-12-22","purchased_purges":0,"victory":true,"max_hp_per_floor":[80,80,80,80,80,80,80,80,80,80,75,82,82,82,82,82,82,82,82,82,82,82,82,82,82,82,82,82,82,82,82,82,82,82,82,82,82,82,82,82,82,82,82,82,82,82,82,82,82,82],"relic_stats":{"Lee\u0027s Waffle":0,"Happy Flower":[4],"counters":[4,13],"PreservedInsect":59,"Letter Opener":[32],"Orichalcum":[18],"War Paint":["Survivor","Flex"],"Boot":[0],"Burning Blood":18,"WarpedTongs":[12],"Mercury Hourglass":[53],"Nunchaku":[1],"Shovel":2,"Gambling Chip":[8],"Champion Belt":[4],"obtain_stats":[{"Spirit Poop":0,"Boot":0,"Burning Blood":0,"Frozen Eye":0,"Nunchaku":47,"Shovel":0,"Gambling Chip":0,"Red Skull":0,"InkBottle":43,"Runic Cube":0,"Girya":0,"Lee\u0027s Waffle":0,"Happy Flower":0,"Oddly Smooth Stone":0,"Thread and Needle":0,"PreservedInsect":0,"Omamori":0,"Letter Opener":0,"Orichalcum":0,"War Paint":44,"Akabeko":0,"WarpedTongs":0,"Mercury Hourglass":0,"Calling Bell":0,"Anchor":0,"Molten Egg 2":0,"Champion Belt":0,"StrikeDummy":49,"Unceasing Top":0},{"Spirit Poop":0,"Boot":0,"Burning Blood":0,"Frozen Eye":0,"Nunchaku":2,"Shovel":0,"Gambling Chip":0,"Red Skull":0,"InkBottle":0,"Runic Cube":0,"Girya":0,"Lee\u0027s Waffle":0,"Happy Flower":0,"Oddly Smooth Stone":0,"Thread and Needle":0,"PreservedInsect":0,"Omamori":0,"Letter Opener":0,"Orichalcum":0,"War Paint":1,"Akabeko":0,"WarpedTongs":0,"Mercury Hourglass":0,"Calling Bell":0,"Anchor":0,"Molten Egg 2":0,"Champion Belt":0,"StrikeDummy":3,"Unceasing Top":0},{"Spirit Poop":0,"Boot":0,"Burning Blood":0,"Frozen Eye":0,"Nunchaku":6,"Shovel":0,"Gambling Chip":0,"Red Skull":0,"InkBottle":0,"Runic Cube":0,"Girya":0,"Lee\u0027s Waffle":0,"Happy Flower":0,"Oddly Smooth Stone":0,"Thread and Needle":0,"PreservedInsect":0,"Omamori":0,"Letter Opener":0,"Orichalcum":0,"War Paint":2,"Akabeko":0,"WarpedTongs":0,"Mercury Hourglass":0,"Calling Bell":0,"Anchor":0,"Molten Egg 2":0,"Champion Belt":0,"StrikeDummy":8,"Unceasing Top":0}],"Unceasing Top":[0],"InkBottle":[5],"Runic Cube":[12]},"card_choices":[{"not_picked":["Searing Blow","Havoc"],"picked":"Intimidate","floor":1.0},{"not_picked":["Flex","Clothesline"],"picked":"Spot Weakness","floor":2.0},{"not_picked":["Warcry","Heavy Blade"],"picked":"Havoc","floor":3.0},{"not_picked":["True Grit","Havoc"],"picked":"Ghostly Armor","floor":4.0},{"not_picked":["Berserk","Warcry"],"picked":"Flex","floor":6.0},{"not_picked":["Wild Strike+1","Reckless Charge+1"],"picked":"Sword Boomerang+1","floor":10.0},{"not_picked":["Berserk","Offering"],"picked":"Reaper+1","floor":16.0},{"not_picked":["Cleave+1","Blood for Blood+1"],"picked":"Thunderclap+1","floor":18.0},{"not_picked":["Burning Pact","Body Slam+1"],"picked":"Uppercut+1","floor":20.0},{"not_picked":["Perfected Strike+1","True Grit","Clash+1"],"picked":"SKIP","floor":21.0},{"not_picked":["Pommel Strike+1","True Grit","Flame Barrier+1"],"picked":"SKIP","floor":24.0},{"not_picked":["Iron Wave+1","Warcry"],"picked":"Sword Boomerang+1","floor":27.0},{"not_picked":["True Grit","Wild Strike+1"],"picked":"Havoc+1","floor":28.0},{"not_picked":["Iron Wave+1","Twin Strike+1","Evolve"],"picked":"SKIP","floor":30.0},{"not_picked":["Cleave+1","True Grit","Spot Weakness+1"],"picked":"SKIP","floor":31.0},{"not_picked":["Brutality","Exhume"],"picked":"Immolate+1","floor":33.0},{"not_picked":["Twin Strike+1","Havoc","Shrug It Off+1"],"picked":"SKIP","floor":35.0},{"not_picked":["Pommel Strike+1","Clothesline+1"],"picked":"Havoc+1","floor":38.0},{"not_picked":["Carnage+1","Warcry+1"],"picked":"Limit Break","floor":41.0},{"not_picked":["Wild Strike+1","Carnage+1","Sentinel"],"picked":"SKIP","floor":42.0},{"not_picked":["Clash+1","Cleave+1","Wild Strike+1"],"picked":"SKIP","floor":44},{"not_picked":["Anger+1","Twin Strike+1"],"picked":"Sword Boomerang+1","floor":45},{"not_picked":["Wild Strike+1","Sever Soul+1","Rupture"],"picked":"SKIP","floor":48}],"player_experience":1193166,"relics_obtained":[{"floor":6.0,"key":"Girya"},{"floor":9.0,"key":"Orichalcum"},{"floor":10.0,"key":"Molten Egg 2"},{"floor":23.0,"key":"Happy Flower"},{"floor":24.0,"key":"Thread and Needle"},{"floor":25.0,"key":"PreservedInsect"},{"floor":26.0,"key":"Gambling Chip"},{"floor":31.0,"key":"Oddly Smooth Stone"},{"floor":32.0,"key":"Unceasing Top"},{"floor":34.0,"key":"Anchor"},{"floor":34.0,"key":"Letter Opener"},{"floor":34.0,"key":"Champion Belt"},{"floor":40.0,"key":"Omamori"},{"floor":41.0,"key":"Mercury Hourglass"},{"floor":43,"key":"InkBottle"},{"floor":44,"key":"War Paint"},{"floor":47,"key":"Nunchaku"},{"floor":49,"key":"StrikeDummy"}],"event_choices":[{"damage_healed":0.0,"max_hp_gain":0.0,"max_hp_loss":0.0,"gold_gain":0.0,"event_name":"Big Fish","player_choice":"Box","floor":5.0,"gold_loss":0.0,"damage_taken":0.0,"relics_obtained":["Shovel"],"cards_obtained":["Regret"]},{"damage_healed":0.0,"max_hp_gain":0.0,"max_hp_loss":0.0,"gold_gain":75.0,"event_name":"World of Goop","player_choice":"Gather Gold","floor":7.0,"gold_loss":0.0,"damage_taken":11.0},{"damage_healed":0.0,"max_hp_gain":0.0,"max_hp_loss":0.0,"gold_gain":0.0,"event_name":"Shining Light","player_choice":"Entered Light","floor":14.0,"gold_loss":0.0,"damage_taken":16.0,"cards_upgraded":["Havoc","Spot Weakness"]},{"cards_removed":["Regret"],"damage_healed":0.0,"max_hp_gain":0.0,"max_hp_loss":0.0,"gold_gain":0.0,"event_name":"Bonfire Elementals","player_choice":"Offered Curse","floor":19.0,"gold_loss":0.0,"damage_taken":0.0,"relics_obtained":["Spirit Poop"]},{"cards_removed":["Defend_G"],"damage_healed":0.0,"max_hp_gain":0.0,"max_hp_loss":0.0,"gold_gain":0.0,"event_name":"Back to Basics","player_choice":"Elegance","floor":22.0,"gold_loss":0.0,"damage_taken":0.0},{"damage_healed":0.0,"max_hp_gain":0.0,"max_hp_loss":0.0,"gold_gain":0.0,"event_name":"The Library","player_choice":"Read","floor":29.0,"gold_loss":0.0,"damage_taken":0.0,"cards_obtained":["Limit Break"]},{"damage_healed":0.0,"max_hp_gain":0.0,"max_hp_loss":0.0,"gold_gain":0.0,"event_name":"Accursed Blacksmith","player_choice":"Rummage","floor":36.0,"gold_loss":0.0,"damage_taken":0.0,"relics_obtained":["WarpedTongs"],"cards_obtained":["Pain"]},{"damage_healed":0,"gold_gain":0,"player_choice":"Copied","damage_taken":0,"max_hp_gain":0,"max_hp_loss":0,"event_name":"Duplicator","floor":46,"gold_loss":0,"cards_obtained":["Limit Break"]}],"is_beta":false,"boss_relics":[{"not_picked":["Snecko Eye","Cursed Key"],"picked":"Runic Cube"},{"not_picked":["Velvet Choker","Fusion Hammer"],"picked":"Calling Bell"}],"items_purged_floors":[],"is_endless":false,"potions_floor_spawned":[1,2,6,21,24,27,38,44,48],"ascension_level":0}}