{"host":"u1dfzl6o6mfmauc3","time":1612255801,"event":{"mods":["2.2 Compatiblity","AchievementEnabler","BaseMod","Bestiary","Block Reminder","Challenge The Spire","Colored Map","Dark Map","Hermit","Minty Spire (QoL Compilation)","Random Character Button","Rare Cards Sparkle","Relic Stats","Robot Space Explorer","StSLib","The Disciple"],"gold_per_floor":[115,133,208,208,173,173,214,214,294,294,308,321,321,125,125,248,248,268,291,216,216,48,48,0,0,0,0,44,68,68,167,202,202,325,325,340,358,381,1380,1380,1421,1421,1421,677,703,703,718,51,51,76,107,207,207,207,207,207,3,39,39],"floor_reached":60,"language":"ENG","playtime":1812,"items_purged":["hermit:Strike_Hermit","Shame","Normality","Normality","hermit:Defend_Hermit"],"score":1802,"play_id":"d84bfe55-fb51-4166-b469-9a9c2da85b8c","local_time":"20210202035001","is_ascension_mode":true,"campfire_choices":[{"data":"hermit:CursedWeapon","floor":6,"key":"SMITH"},{"floor":8,"key":"REST"},{"floor":10,"key":"RECALL"},{"data":"hermit:Magnum","floor":13,"key":"SMITH"},{"data":"hermit:NoHoldsBarred","floor":15,"key":"SMITH"},{"data":"hermit:Manifest","floor":23,"key":"SMITH"},{"data":"hermit:EyeOfTheStorm","floor":25,"key":"SMITH"},{"data":"hermit:RoundhouseKick","floor":30,"key":"SMITH"},{"data":"hermit:Defend_Hermit","floor":33,"key":"SMITH"},{"data":"hermit:Adapt","floor":43,"key":"SMITH"},{"data":"Dark Shackles","floor":49,"key":"SMITH"},{"data":"hermit:Determination","floor":53,"key":"SMITH"},{"data":"hermit:TakeAim","floor":56,"key":"SMITH"}],"circlet_count":0,"master_deck":["hermit:Defend_Hermit+1","hermit:Defend_Hermit","hermit:Defend_Hermit","hermit:Snapshot+1","hermit:Covet","hermit:CursedWeapon+1","hermit:Virtue","hermit:Magnum+1","hermit:Glare","hermit:NoHoldsBarred+1","hermit:RoundhouseKick+1","hermit:Manifest+1","hermit:EyeOfTheStorm+1","hermit:Horror+1","hermit:Headshot+1","hermit:Adapt+1","hermit:Deadeye+1","hermit:TakeAim+1","hermit:Determination+1","hermit:WideOpen+1","Dark Shackles+1","hermit:Snipe+1","hermit:Manifest+1","hermit:EternalForm","hermit:Quickdraw+1"],"relics":["Runic Pyramid","Golden Idol","Whetstone","Shuriken","Sozu","The Courier","Membership Card","InkBottle","Meat on the Bone","Pantograph","Empty Cage","HornCleat","Orichalcum","Ancient Tea Set","Pen Nib","Molten Egg 2","Lizard Tail","hermit:CharredGlove","Mummified Hand","Happy Flower","Blue Candle","Lee\u0027s Waffle","PreservedInsect","Vajra","Thread and Needle","CaptainsWheel","hermit:Horseshoe","Nunchaku","Anchor","Toy Ornithopter","Pear"],"acts_visited":["Exordium","TheCity","TheBeyond","TheEnding"],"potions_floor_usage":[7,59,59,59],"damage_taken":[{"damage":2,"enemies":"Jaw Worm","floor":1,"turns":3},{"damage":9,"enemies":"Small Slimes","floor":2,"turns":4},{"damage":32,"enemies":"Lagavulin","floor":7,"turns":6},{"damage":0,"enemies":"2 Louse","floor":11,"turns":2},{"damage":2,"enemies":"Large Slime","floor":12,"turns":2},{"damage":2,"enemies":"Slime Boss","floor":16,"turns":3},{"damage":9,"enemies":"3 Byrds","floor":18,"turns":3},{"damage":3,"enemies":"Spheric Guardian","floor":19,"turns":3},{"damage":21,"enemies":"Book of Stabbing","floor":28,"turns":3},{"damage":2,"enemies":"Chosen and Byrds","floor":29,"turns":3},{"damage":2,"enemies":"Gremlin Leader","floor":32,"turns":2},{"damage":6,"enemies":"Collector","floor":34,"turns":6},{"damage":13,"enemies":"Orb Walker","floor":36,"turns":2},{"damage":12,"enemies":"3 Shapes","floor":37,"turns":3},{"damage":8,"enemies":"3 Darklings","floor":38,"turns":4},{"damage":17,"enemies":"Giant Head","floor":41,"turns":7},{"damage":19,"enemies":"Sphere and 2 Shapes","floor":47,"turns":7},{"damage":2,"enemies":"Maw","floor":50,"turns":4},{"damage":2,"enemies":"Reptomancer","floor":51,"turns":3},{"damage":48,"enemies":"Awakened One","floor":54,"turns":10},{"damage":8,"enemies":"Shield and Spear","floor":58,"turns":5},{"damage":85,"enemies":"The Heart","floor":59,"turns":8}],"seed_played":"-3646552043819111549","potions_obtained":[{"floor":1,"key":"hermit:BlackBile"},{"floor":11,"key":"Block Potion"},{"floor":16,"key":"FearPotion"}],"is_trial":false,"path_per_floor":["M","M","?","?","?","R","E","R","T","R","M","M","R","$","R","B",null,"M","M","?","?","$","R","?","R","?","T","E","M","R","?","E","R","B",null,"M","M","M","?","T","E","T","R","$","T","T","M","$","R","M","E","?","R","B",null,"R","$","E","B",null],"character_chosen":"HERMIT","items_purchased":["hermit:NoHoldsBarred","FearPotion","Membership Card","Ancient Tea Set","Pen Nib","Molten Egg 2","Lizard Tail","hermit:CharredGlove","Mummified Hand","hermit:TakeAim","hermit:Determination","hermit:WideOpen+1","Dark Shackles","Lee\u0027s Waffle","PreservedInsect","Vajra","Thread and Needle","CaptainsWheel","hermit:Horseshoe","Nunchaku","Toy Ornithopter","hermit:EternalForm","hermit:Quickdraw+1"],"campfire_rested":1,"item_purchase_floors":[14,14,22,44,44,44,44,44,44,44,44,44,44,48,48,48,48,48,48,48,57,57,57],"current_hp_per_floor":[66,57,57,39,57,57,25,47,47,47,47,45,45,45,45,43,67,58,55,55,55,55,55,55,55,55,55,34,44,44,44,42,42,61,72,59,47,39,39,39,34,34,34,34,34,34,27,82,82,80,78,78,78,46,73,73,73,75,24],"gold":39,"neow_bonus":"BOSS_RELIC","is_daily":false,"chose_seed":false,"campfire_upgraded":11,"win_rate":0.0,"timestamp":1612255801,"path_taken":["M","M","?","?","?","R","E","R","T","R","M","M","R","?","R","BOSS","M","M","?","?","$","R","?","R","?","T","E","M","R","?","E","R","BOSS","M","M","M","?","?","E","?","R","$","T","T","M","$","R","M","E","?","R","BOSS","R","$","E","BOSS"],"items_purchased_type":["Card","Potion","Relic","Relic","Relic","Relic","Relic","Relic","Relic","Card","Card","Card","Card","Relic","Relic","Relic","Relic","Relic","Relic","Relic","Relic","Card","Card"],"build_version":"2020-12-22","purchased_purges":5,"victory":true,"max_hp_per_floor":[75,75,75,75,75,75,75,75,75,75,75,75,75,75,75,75,75,75,75,75,75,75,75,75,75,75,75,75,75,75,75,75,75,75,75,75,75,75,75,75,75,75,75,75,75,75,75,82,82,82,82,82,82,82,82,82,82,92,92],"relic_stats":{"Lee\u0027s Waffle":55,"Happy Flower":[12],"counters":[22,93],"Golden Idol":184,"Blue Candle":[0],"Pen Nib":[6],"PreservedInsect":125,"Whetstone":["hermit:Snapshot","hermit:Strike_Hermit"],"Orichalcum":[60],"Sozu":5,"Lizard Tail":0,"Nunchaku":[5],"Shuriken":[15],"Mummified Hand":[21],"Pantograph":46,"obtain_stats":[{"Vajra":48,"Whetstone":7,"Empty Cage":35,"Ancient Tea Set":44,"Sozu":17,"Lizard Tail":44,"Nunchaku":48,"HornCleat":41,"Mummified Hand":44,"Pantograph":32,"InkBottle":27,"Runic Pyramid":0,"Lee\u0027s Waffle":48,"Pear":58,"Happy Flower":45,"Golden Idol":4,"Blue Candle":46,"Thread and Needle":48,"The Courier":21,"Pen Nib":44,"PreservedInsect":48,"Orichalcum":42,"CaptainsWheel":48,"Anchor":51,"Shuriken":9,"hermit:CharredGlove":44,"Molten Egg 2":44,"Membership Card":22,"hermit:Horseshoe":48,"hermit:Momento":0,"Toy Ornithopter":57,"Meat on the Bone":28},{"Vajra":17,"Whetstone":3,"Empty Cage":12,"Ancient Tea Set":16,"Sozu":6,"Lizard Tail":16,"Nunchaku":17,"HornCleat":16,"Mummified Hand":16,"Pantograph":11,"InkBottle":8,"Runic Pyramid":0,"Lee\u0027s Waffle":17,"Pear":21,"Happy Flower":16,"Golden Idol":2,"Blue Candle":16,"Thread and Needle":17,"The Courier":8,"Pen Nib":16,"PreservedInsect":17,"Orichalcum":16,"CaptainsWheel":17,"Anchor":19,"Shuriken":3,"hermit:CharredGlove":16,"Molten Egg 2":16,"Membership Card":8,"hermit:Horseshoe":17,"hermit:Momento":0,"Toy Ornithopter":20,"Meat on the Bone":9},{"Vajra":63,"Whetstone":13,"Empty Cage":40,"Ancient Tea Set":56,"Sozu":20,"Lizard Tail":56,"Nunchaku":63,"HornCleat":56,"Mummified Hand":56,"Pantograph":34,"InkBottle":26,"Runic Pyramid":0,"Lee\u0027s Waffle":63,"Pear":85,"Happy Flower":56,"Golden Idol":7,"Blue Candle":56,"Thread and Needle":63,"The Courier":26,"Pen Nib":56,"PreservedInsect":63,"Orichalcum":56,"CaptainsWheel":63,"Anchor":70,"Shuriken":13,"hermit:CharredGlove":56,"Molten Egg 2":56,"Membership Card":26,"hermit:Horseshoe":63,"hermit:Momento":0,"Toy Ornithopter":80,"Meat on the Bone":29}],"InkBottle":[26],"Toy Ornithopter":5,"Meat on the Bone":60},"card_choices":[{"not_picked":["hermit:TrackingShot","hermit:HighCaliber"],"picked":"hermit:CursedWeapon","floor":1},{"not_picked":["hermit:Feint","hermit:WideOpen"],"picked":"hermit:Virtue","floor":2},{"not_picked":["hermit:Enervate","hermit:Glare"],"picked":"hermit:Magnum","floor":7},{"not_picked":["hermit:Determination","hermit:Quickdraw"],"picked":"hermit:Glare","floor":11},{"not_picked":["hermit:GoldenBullet","hermit:Misfire","hermit:CalledShot"],"picked":"SKIP","floor":12},{"not_picked":["hermit:Dissolve","hermit:FromBeyond"],"picked":"hermit:RoundhouseKick","floor":16},{"not_picked":["hermit:EyeOfTheStorm","hermit:WideOpen"],"picked":"hermit:Manifest","floor":18},{"not_picked":["hermit:TrackingShot","hermit:NoHoldsBarred"],"picked":"hermit:EyeOfTheStorm","floor":19},{"not_picked":["hermit:BodyArmor+1","hermit:CalledShot","hermit:Headshot"],"picked":"SKIP","floor":28},{"not_picked":["hermit:DeadMansHand","hermit:LowProfile+1"],"picked":"hermit:Horror+1","floor":29},{"not_picked":["hermit:Horror","hermit:Brawl"],"picked":"hermit:Headshot+1","floor":32},{"not_picked":["hermit:RoundhouseKick","hermit:Gambit"],"picked":"hermit:Adapt","floor":34},{"not_picked":["hermit:TakeAim+1","hermit:Ricochet","hermit:TakeCover+1"],"picked":"SKIP","floor":36},{"not_picked":["hermit:Coalescence","hermit:GoldenBullet+1"],"picked":"hermit:Deadeye+1","floor":37},{"not_picked":["hermit:Coalescence","hermit:Roulette","hermit:TrackingShot"],"picked":"SKIP","floor":38},{"not_picked":["hermit:Glare+1","hermit:HoleUp+1","hermit:Vantage"],"picked":"SKIP","floor":41},{"not_picked":["hermit:Virtue","hermit:Deadeye+1"],"picked":"hermit:Snipe+1","floor":47},{"not_picked":["hermit:LoneWolf","hermit:LowProfile","hermit:WideOpen+1"],"picked":"SKIP","floor":50},{"not_picked":["hermit:WideOpen+1","hermit:ShadowCloak+1"],"picked":"hermit:Manifest+1","floor":51},{"not_picked":["hermit:Ricochet+1","hermit:Roulette+1","hermit:CursedWeapon+1"],"picked":"SKIP","floor":58}],"player_experience":223113,"relics_obtained":[{"floor":7,"key":"Whetstone"},{"floor":9,"key":"Shuriken"},{"floor":27,"key":"InkBottle"},{"floor":28,"key":"Meat on the Bone"},{"floor":32,"key":"Pantograph"},{"floor":41,"key":"HornCleat"},{"floor":42,"key":"Orichalcum"},{"floor":45,"key":"Happy Flower"},{"floor":46,"key":"Blue Candle"},{"floor":51,"key":"Anchor"},{"floor":58,"key":"Pear"}],"event_choices":[{"damage_healed":0,"gold_gain":75,"player_choice":"Gained Gold","damage_taken":0,"max_hp_gain":0,"max_hp_loss":0,"event_name":"Golden Wing","floor":3,"gold_loss":0},{"damage_healed":0,"gold_gain":0,"player_choice":"Take Damage","damage_taken":18,"relics_obtained":["Golden Idol"],"max_hp_gain":0,"max_hp_loss":0,"event_name":"Golden Idol","floor":4,"gold_loss":0},{"damage_healed":18,"gold_gain":0,"player_choice":"Healed","damage_taken":0,"max_hp_gain":0,"max_hp_loss":0,"event_name":"The Cleric","floor":5,"gold_loss":35},{"cards_removed":["hermit:Strike_Hermit"],"damage_healed":0,"gold_gain":0,"player_choice":"Gave Gold","damage_taken":0,"max_hp_gain":0,"max_hp_loss":0,"event_name":"Beggar","floor":20,"gold_loss":75},{"damage_healed":0,"gold_gain":0,"player_choice":"Stole Relic","damage_taken":0,"relics_obtained":["The Courier"],"max_hp_gain":0,"max_hp_loss":0,"event_name":"Addict","floor":21,"gold_loss":0,"cards_obtained":["Shame"]},{"damage_healed":0,"gold_gain":0,"player_choice":"Paid Fearfully","damage_taken":0,"max_hp_gain":0,"max_hp_loss":0,"event_name":"Masked Bandits","floor":24,"gold_loss":48},{"damage_healed":0,"gold_gain":0,"player_choice":"Ignored","damage_taken":0,"max_hp_gain":0,"max_hp_loss":0,"event_name":"The Mausoleum","floor":26,"gold_loss":0},{"damage_healed":0,"gold_gain":99,"player_choice":"Stole From Cult","damage_taken":0,"max_hp_gain":0,"max_hp_loss":0,"event_name":"Nest","floor":31,"gold_loss":0},{"damage_healed":0,"gold_gain":999,"player_choice":"Gold","damage_taken":0,"max_hp_gain":0,"max_hp_loss":0,"event_name":"MindBloom","floor":39,"gold_loss":0,"cards_obtained":["Normality","Normality"]},{"damage_healed":0,"gold_gain":100,"player_choice":"Pray","damage_taken":0,"max_hp_gain":0,"max_hp_loss":0,"event_name":"Golden Shrine","floor":52,"gold_loss":0}],"is_beta":false,"boss_relics":[{"not_picked":["SacredBark","Pandora\u0027s Box"],"picked":"Sozu"},{"not_picked":["Astrolabe","Black Star"],"picked":"Empty Cage"}],"items_purged_floors":[14,22,44,48,57],"is_endless":false,"potions_floor_spawned":[1,11,16,18,28,34,47,50],"ascension_level":6}}