{"host":"osk2oboccoevp2u5","time":1612289399,"event":{"mods":["AchievementEnabler","Alarm Clock","BaseMod","Colored Powertips","Disable Question Mark Monsters","Displayed Cursed Tome","Key Reminder","Koishi","Minty Spire (QoL Compilation)","Potion Indicator Mod","Quick Restart","Rare Cards Sparkle","Reorder Act Four","StSLib","Useless Jewels Mod"],"gold_per_floor":[113,12,32,32,49,49,60,71,71,21,21,50,63,63,63,164,164,177,196,207,207,220,220,235,252,301,331,331,5,22,22,22,124,124,136,147,147,147,22,55,55,83,83,83,83,83,97,28,28,28,28],"floor_reached":50,"language":"ENG","playtime":6187,"items_purged":["Koishi:BasicStrike","Koishi:BasicDefend","Koishi:BasicDefend"],"score":522,"play_id":"ef287ba7-b37e-47c8-99d2-b83ecbe51d7a","local_time":"20210202140959","is_ascension_mode":false,"campfire_choices":[{"data":"Koishi:DreadfulBlow","floor":6,"key":"SMITH"},{"data":"Koishi:DNAsFlaw","floor":11,"key":"SMITH"},{"data":"Koishi:VengefulSpirit","floor":15,"key":"SMITH"},{"data":"Koishi:JumpScare","floor":23,"key":"SMITH"},{"data":"Koishi:PhilosophyOfTheDespised","floor":28,"key":"SMITH"},{"floor":32,"key":"REST"},{"data":"Koishi:MentalBreakdown","floor":41,"key":"SMITH"},{"floor":46,"key":"RECALL"},{"data":"Koishi:Provoke","floor":49,"key":"SMITH"}],"circlet_count":0,"master_deck":["Koishi:BasicDefend","Koishi:BasicDefend","Koishi:Provoke+1","Koishi:HauntingSlash+1","Koishi:RacingHeart","Koishi:CatchAndRose","Koishi:DreadfulBlow+1","Koishi:RacingHeart","Koishi:DNAsFlaw+1","Koishi:CatchAndRose","Koishi:JumpScare+1","Koishi:VengefulSpirit+1","Koishi:MentalBreakdown+1","Koishi:PhilosophyOfTheDespised+1","Koishi:TerrifyingSpectre","Koishi:PhantomBarrier+1","Koishi:SpiritedAway","Koishi:Bloodlust","Koishi:UnansweredLove","Koishi:RacingHeart","Koishi:JumpScare"],"relics":["Koishi:ImaginaryFriend","Koishi:LettersToReimu","Ornamental Fan","Mummified Hand","Busted Crown","Strawberry","Pen Nib","OrangePellets","Enchiridion","Coffee Dripper","HornCleat","Toy Ornithopter","Anchor"],"acts_visited":["Exordium","TheCity","TheBeyond"],"potions_floor_usage":[8,12,12,12,16,20,24,27,27,33,36,50],"damage_taken":[{"damage":1,"enemies":"2 Louse","floor":1,"turns":3},{"damage":0,"enemies":"Cultist","floor":3,"turns":4},{"damage":0,"enemies":"Small Slimes","floor":5,"turns":4},{"damage":1,"enemies":"Exordium Wildlife","floor":7,"turns":3},{"damage":14,"enemies":"Gremlin Gang","floor":8,"turns":8},{"damage":9,"enemies":"3 Sentries","floor":12,"turns":13},{"damage":5,"enemies":"Looter","floor":13,"turns":3},{"damage":10,"enemies":"The Guardian","floor":16,"turns":10},{"damage":8,"enemies":"Spheric Guardian","floor":18,"turns":4},{"damage":3,"enemies":"Chosen","floor":19,"turns":5},{"damage":12,"enemies":"Snake Plant","floor":20,"turns":5},{"damage":12,"enemies":"Centurion and Healer","floor":22,"turns":7},{"damage":15,"enemies":"Snecko","floor":24,"turns":7},{"damage":10,"enemies":"Cultist and Chosen","floor":25,"turns":9},{"damage":1,"enemies":"Gremlin Leader","floor":27,"turns":6},{"damage":20,"enemies":"Sentry and Sphere","floor":30,"turns":11},{"damage":88,"enemies":"Collector","floor":33,"turns":10},{"damage":11,"enemies":"3 Shapes","floor":35,"turns":5},{"damage":0,"enemies":"3 Darklings","floor":36,"turns":4},{"damage":24,"enemies":"Nemesis","floor":40,"turns":9},{"damage":58,"enemies":"Giant Head","floor":42,"turns":9},{"damage":4,"enemies":"Transient","floor":47,"turns":5},{"damage":38,"enemies":"Donu and Deca","floor":50,"turns":7}],"seed_played":"3713208360273939700","potions_obtained":[{"floor":4,"key":"Strength Potion"},{"floor":4,"key":"EssenceOfSteel"},{"floor":4,"key":"Ancient Potion"},{"floor":8,"key":"Swift Potion"},{"floor":12,"key":"Fire Potion"},{"floor":19,"key":"EssenceOfSteel"},{"floor":22,"key":"EntropicBrew"},{"floor":24,"key":"ColorlessPotion"},{"floor":35,"key":"Swift Potion"},{"floor":47,"key":"DuplicationPotion"}],"is_trial":false,"path_per_floor":["M","$","M","?","M","R","M","M","T","?","R","E","M","T","R","B",null,"M","M","M","?","M","R","M","M","T","E","R","$","M","?","R","B",null,"M","M","?","?","$","E","R","E","T","?","T","R","M","$","R","B"],"character_chosen":"KOISHI","items_purchased":["Koishi:CatchAndRose","OrangePellets","Regen Potion","Koishi:RacingHeart","Koishi:JumpScare"],"campfire_rested":1,"item_purchase_floors":[2,29,29,48,48],"current_hp_per_floor":[60,60,60,60,60,60,60,46,46,46,46,47,49,49,49,55,60,56,60,55,55,55,55,55,58,65,67,67,67,55,39,59,45,67,60,67,67,67,67,65,65,28,28,28,28,28,24,24,24,0,0],"gold":28,"neow_bonus":"UPGRADE_CARD","is_daily":false,"chose_seed":false,"campfire_upgraded":7,"win_rate":0.0,"timestamp":1612289399,"path_taken":["M","$","M","?","M","R","M","?","T","?","R","E","M","?","R","BOSS","M","?","M","?","M","R","M","M","T","E","R","$","M","?","R","BOSS","M","M","?","?","$","E","R","E","T","?","?","R","M","$","R","BOSS"],"items_purchased_type":["Card","Relic","Potion","Card","Card"],"build_version":"2020-12-22","purchased_purges":3,"victory":false,"max_hp_per_floor":[60,60,60,60,60,60,60,60,60,60,60,60,60,60,60,60,60,60,60,60,60,60,60,60,60,67,67,67,67,67,67,67,67,67,67,67,67,67,67,67,67,67,67,67,67,67,67,67,67,67,67],"card_choices":[{"not_picked":["Koishi:SprinkleStarAndHeart","Koishi:EmbryosDream"],"picked":"Koishi:RacingHeart","floor":1},{"not_picked":["Koishi:UnansweredLove","Koishi:Jaunt"],"picked":"Koishi:DreadfulBlow","floor":3},{"not_picked":["Koishi:Prune","Koishi:GhostParty"],"picked":"Koishi:RacingHeart","floor":5},{"not_picked":["Koishi:TraumaticStroke","Koishi:YoukaiPolygraph"],"picked":"Koishi:DNAsFlaw","floor":7},{"not_picked":["Koishi:Whimsy","Koishi:ParalyzingFear"],"picked":"Koishi:CatchAndRose","floor":8},{"not_picked":["Koishi:FleetingPhantom","Koishi:Heartbroken"],"picked":"Koishi:JumpScare","floor":12},{"not_picked":["Koishi:Catatonia","Koishi:MassHysteria"],"picked":"Koishi:VengefulSpirit","floor":13},{"not_picked":["Koishi:RollingInRichesHeart","Koishi:SuperEgo"],"picked":"Koishi:MentalBreakdown","floor":16},{"not_picked":["Koishi:UnconsciousUprising"],"picked":"SKIP","floor":18},{"not_picked":["Koishi:CatchAndRose+1"],"picked":"SKIP","floor":19},{"not_picked":["Koishi:ReflexRadar"],"picked":"SKIP","floor":20},{"not_picked":["Koishi:UnconsciousUprising"],"picked":"SKIP","floor":22},{"not_picked":[],"picked":"Koishi:TerrifyingSpectre","floor":24},{"not_picked":[],"picked":"Koishi:PhantomBarrier+1","floor":25},{"not_picked":["Koishi:DreadfulBlow"],"picked":"SKIP","floor":27},{"not_picked":["Koishi:MassHysteria"],"picked":"SKIP","floor":30},{"not_picked":[],"picked":"Koishi:SpiritedAway","floor":35},{"not_picked":["Koishi:SubterraneanRose"],"picked":"SKIP","floor":36},{"not_picked":["Koishi:MassHysteria+1"],"picked":"SKIP","floor":40},{"not_picked":[],"picked":"Koishi:Bloodlust","floor":42},{"not_picked":[],"picked":"Koishi:UnansweredLove","floor":47}],"player_experience":921797,"relics_obtained":[{"floor":9,"key":"Koishi:LettersToReimu"},{"floor":12,"key":"Ornamental Fan"},{"floor":14,"key":"Mummified Hand"},{"floor":26,"key":"Strawberry"},{"floor":27,"key":"Pen Nib"},{"floor":40,"key":"HornCleat"},{"floor":42,"key":"Toy Ornithopter"},{"floor":45,"key":"Anchor"}],"event_choices":[{"damage_healed":0,"gold_gain":0,"player_choice":"Got Potions","damage_taken":0,"max_hp_gain":0,"max_hp_loss":0,"event_name":"Lab","floor":4,"gold_loss":0},{"cards_removed":["Koishi:BasicStrike"],"damage_healed":0,"gold_gain":0,"player_choice":"Card Removal","damage_taken":0,"max_hp_gain":0,"max_hp_loss":0,"event_name":"The Cleric","floor":10,"gold_loss":50},{"damage_healed":0,"gold_gain":0,"cards_transformed":["Koishi:BasicStrike","Koishi:BasicStrike"],"player_choice":"Became Test Subject","damage_taken":0,"max_hp_gain":0,"max_hp_loss":0,"event_name":"Drug Dealer","floor":21,"gold_loss":0,"cards_obtained":["Koishi:PhilosophyOfTheDespised","Koishi:MindNumbingTerror"]},{"damage_healed":0,"gold_gain":0,"player_choice":"Obtained Book","damage_taken":16,"max_hp_gain":0,"max_hp_loss":0,"event_name":"Cursed Tome","floor":31,"gold_loss":0},{"damage_healed":0,"gold_gain":0,"player_choice":"Ignored","damage_taken":0,"max_hp_gain":0,"max_hp_loss":0,"event_name":"Tomb of Lord Red Mask","floor":37,"gold_loss":0},{"damage_healed":0,"gold_gain":0,"player_choice":"Ignored","damage_taken":0,"max_hp_gain":0,"max_hp_loss":0,"event_name":"Mysterious Sphere","floor":38,"gold_loss":0},{"cards_removed":["Koishi:MindNumbingTerror"],"damage_healed":0,"gold_gain":0,"player_choice":"Removed Attack","damage_taken":0,"max_hp_gain":0,"max_hp_loss":0,"event_name":"Falling","floor":44,"gold_loss":0}],"is_beta":false,"boss_relics":[{"not_picked":["SacredBark","Fusion Hammer"],"picked":"Busted Crown"},{"not_picked":["Astrolabe","Pandora\u0027s Box"],"picked":"Coffee Dripper"}],"items_purged_floors":[2,29,39],"is_endless":false,"potions_floor_spawned":[5,8,12,19,22,24,25,35,47],"killed_by":"Donu and Deca","ascension_level":0}}