{"host":"2q82lssse0ckn8xu","time":1612268939,"event":{"mods":["AchievementEnabler","BaseMod","Colored Map","Colored Powertips","Minty Spire (QoL Compilation)","Permanent Neow","Quick Restart","StSLib","The Saiyan","Unceasing Turn Reminder"],"gold_per_floor":[110,120,134,150,160,160,191,268,268,268,301,301,314,340,340,414,414,429,443,443,443,458,458,484,484,484,14,14,14],"floor_reached":28,"language":"ENG","playtime":1282,"items_purged":["Shame"],"score":577,"play_id":"19ab7f28-b39c-4656-9a55-a977767f1349","local_time":"20210202175859","is_ascension_mode":true,"campfire_choices":[{"floor":6.0,"key":"REST"},{"floor":10.0,"key":"REST"},{"data":"1","floor":15.0,"key":"LIFT"},{"floor":23.0,"key":"REST"},{"floor":25.0,"key":"REST"}],"circlet_count":0,"master_deck":["AscendersBane","Strike_R","Strike_R","Strike_R","Strike_R","Defend_R","Defend_R","Defend_R","Defend_R","Bash","Inflame","Thunderclap","Infernal Blade","Intimidate","Intimidate","Bludgeon","Feed","Metallicize","Clothesline","Bludgeon","Dropkick","Iron Wave","Armaments"],"relics":["Burning Blood","Ice Cream","StoneCalendar","Girya","Letter Opener","Cursed Key","Unceasing Top","Omamori","Juzu Bracelet","Toxic Egg 2"],"acts_visited":["Exordium","TheCity"],"potions_floor_usage":[28],"damage_taken":[{"damage":8.0,"enemies":"Cultist","floor":1.0,"turns":5.0},{"damage":9.0,"enemies":"Jaw Worm","floor":2.0,"turns":4.0},{"damage":10.0,"enemies":"Small Slimes","floor":3.0,"turns":3.0},{"damage":12.0,"enemies":"Looter","floor":4.0,"turns":3.0},{"damage":23.0,"enemies":"2 Fungi Beasts","floor":5.0,"turns":4.0},{"damage":34.0,"enemies":"3 Sentries","floor":7.0,"turns":8.0},{"damage":5.0,"enemies":"Lagavulin","floor":11.0,"turns":5.0},{"damage":3.0,"enemies":"Large Slime","floor":13.0,"turns":4.0},{"damage":0.0,"enemies":"Gremlin Nob","floor":14.0,"turns":2.0},{"damage":16.0,"enemies":"The Guardian","floor":16.0,"turns":9.0},{"damage":22.0,"enemies":"Chosen","floor":18.0,"turns":4.0},{"damage":10.0,"enemies":"3 Byrds","floor":19.0,"turns":5.0},{"damage":33.0,"enemies":"Centurion and Healer","floor":22.0,"turns":6.0},{"damage":41.0,"enemies":"Gremlin Leader","floor":24.0,"turns":7.0},{"damage":62,"enemies":"Slavers","floor":28,"turns":5}],"seed_played":"-4752088034572954869","potions_obtained":[{"floor":3.0,"key":"BloodPotion"},{"floor":13.0,"key":"Energy Potion"},{"floor":16.0,"key":"DuplicationPotion"},{"floor":22.0,"key":"Energy Potion"}],"is_trial":false,"path_per_floor":["M","M","M","M","M","R","E","?","T","R","E","?","M","E","R","B",null,"M","M","?","?","M","R","E","R","T","$","E"],"character_chosen":"IRONCLAD","items_purchased":["Armaments","Toxic Egg 2","Energy Potion"],"campfire_rested":4,"item_purchase_floors":[27,27,27],"current_hp_per_floor":[73,70,66,60,43,67,39,39,39,63,64,64,70,79,79,72,86,70,66,66,39,15,44,28,57,57,57,0,0],"gold":14,"neow_bonus":"TEN_PERCENT_HP_BONUS","is_daily":false,"chose_seed":false,"campfire_upgraded":0,"win_rate":0.0,"timestamp":1612268939,"path_taken":["M","M","M","M","M","R","E","?","T","R","E","?","?","E","R","BOSS","M","M","?","?","M","R","E","R","T","$","E"],"items_purchased_type":["Card","Relic","Potion"],"build_version":"2020-12-22","purchased_purges":1,"victory":false,"max_hp_per_floor":[82,82,82,82,82,82,82,82,82,82,82,82,85,88,88,91,91,91,91,91,96,99,99,99,99,99,99,99,99],"card_choices":[{"not_picked":["Havoc","Whirlwind"],"picked":"Inflame","floor":1.0},{"not_picked":["Sword Boomerang","True Grit"],"picked":"Thunderclap","floor":2.0},{"not_picked":["Combust","Pommel Strike"],"picked":"Infernal Blade","floor":3.0},{"not_picked":["Evolve","Feel No Pain"],"picked":"Intimidate","floor":4.0},{"not_picked":["Combust","Havoc"],"picked":"Intimidate","floor":5.0},{"not_picked":["Evolve","Fiend Fire"],"picked":"Bludgeon","floor":7.0},{"not_picked":["Inflame","Armaments"],"picked":"Feed","floor":11.0},{"not_picked":["Warcry","Sword Boomerang"],"picked":"Metallicize","floor":13.0},{"not_picked":["Clash","Searing Blow"],"picked":"Clothesline","floor":14.0},{"not_picked":["Brutality","Offering"],"picked":"Bludgeon","floor":16.0},{"not_picked":["Rage","Bloodletting"],"picked":"Dropkick","floor":18.0},{"not_picked":["Perfected Strike","Havoc","True Grit"],"picked":"SKIP","floor":19.0},{"not_picked":["True Grit","Clothesline"],"picked":"Iron Wave","floor":22.0},{"not_picked":["Havoc","Cleave","Juggernaut"],"picked":"SKIP","floor":24.0}],"player_experience":654807,"relics_obtained":[{"floor":7.0,"key":"Ice Cream"},{"floor":9.0,"key":"StoneCalendar"},{"floor":11.0,"key":"Girya"},{"floor":14.0,"key":"Letter Opener"},{"floor":24.0,"key":"Omamori"},{"floor":26.0,"key":"Juzu Bracelet"}],"event_choices":[{"damage_healed":0.0,"max_hp_gain":0.0,"max_hp_loss":0.0,"gold_gain":77.0,"event_name":"Golden Wing","player_choice":"Gained Gold","floor":8.0,"gold_loss":0.0,"damage_taken":0.0},{"cards_removed":["Strike_R"],"damage_healed":0.0,"max_hp_gain":0.0,"max_hp_loss":0.0,"gold_gain":0.0,"event_name":"Purifier","player_choice":"Purged","floor":12.0,"gold_loss":0.0,"damage_taken":0.0},{"damage_healed":0.0,"max_hp_gain":0.0,"max_hp_loss":0.0,"gold_gain":0.0,"event_name":"Addict","player_choice":"Stole Relic","floor":20.0,"gold_loss":0.0,"damage_taken":0.0,"relics_obtained":["Unceasing Top"],"cards_obtained":["Shame"]},{"damage_healed":0.0,"max_hp_gain":5.0,"max_hp_loss":0.0,"gold_gain":0.0,"event_name":"Forgotten Altar","player_choice":"Shed Blood","floor":21.0,"gold_loss":0.0,"damage_taken":32.0}],"is_beta":false,"boss_relics":[{"not_picked":["Sozu","Calling Bell"],"picked":"Cursed Key"}],"items_purged_floors":[27],"is_endless":false,"potions_floor_spawned":[3,13,16,22],"killed_by":"Slavers","ascension_level":19}}