{"host":"sup1rd0ujr5jgopq","time":1612232759,"event":{"mods":["BaseMod","Colored Map","Minty Spire (QoL Compilation)","StSLib"],"gold_per_floor":[111,129,146,165,68,78,78,91,140,140,157,157,192,142,142,242,242,255,255,270,7,17,17,35,35,35,35,35,35,65,80,80,80,80],"floor_reached":33,"playtime":1716,"items_purged":["Strike_R","Defend_R"],"score":269,"play_id":"c4eb7513-10d2-46b0-8d4c-cf2e098eca59","local_time":"20210201212559","is_ascension_mode":false,"campfire_choices":[{"data":"Flex","floor":7,"key":"SMITH"},{"data":"Rage","floor":12,"key":"SMITH"},{"data":"Bash","floor":15,"key":"SMITH"},{"data":"Offering","floor":23,"key":"SMITH"},{"data":"Whirlwind","floor":28,"key":"SMITH"},{"floor":32,"key":"REST"}],"circlet_count":0,"master_deck":["Strike_R","Defend_R+1","Defend_R","Defend_R+1","Bash+1","True Grit","Rage+1","Twin Strike","Sword Boomerang","Flex+1","Sword Boomerang","Cleave","Thunderclap","Bludgeon","Dual Wield+1","Flame Barrier+1","Double Tap+1","Second Wind","Inflame","Offering+1","Whirlwind+1","Ghostly Armor"],"relics":["Burning Blood","Boot","War Paint","Astrolabe","Letter Opener","Bird Faced Urn","Mummified Hand"],"acts_visited":["Exordium","TheCity"],"potions_floor_usage":[6,30,31,33,33],"damage_taken":[{"damage":6,"enemies":"Cultist","floor":1,"turns":3},{"damage":0,"enemies":"2 Louse","floor":2,"turns":4},{"damage":2,"enemies":"Jaw Worm","floor":3,"turns":6},{"damage":8,"enemies":"Looter","floor":4,"turns":4},{"damage":5,"enemies":"3 Louse","floor":6,"turns":3},{"damage":0,"enemies":"2 Fungi Beasts","floor":8,"turns":2},{"damage":1,"enemies":"Large Slime","floor":11,"turns":4},{"damage":6,"enemies":"Gremlin Nob","floor":13,"turns":3},{"damage":56,"enemies":"Hexaghost","floor":16,"turns":9},{"damage":2,"enemies":"Chosen","floor":18,"turns":4},{"damage":24,"enemies":"Spheric Guardian","floor":20,"turns":4},{"damage":22,"enemies":"Cultist and Chosen","floor":22,"turns":5},{"damage":6,"enemies":"Centurion and Healer","floor":24,"turns":5},{"damage":26,"enemies":"Book of Stabbing","floor":30,"turns":4},{"damage":16,"enemies":"Chosen and Byrds","floor":31,"turns":2},{"damage":63,"enemies":"Automaton","floor":33,"turns":10}],"seed_played":"7793190091738287854","potions_obtained":[{"floor":1,"key":"PowerPotion"},{"floor":3,"key":"SneckoOil"},{"floor":16,"key":"DuplicationPotion"},{"floor":19,"key":"Weak Potion"},{"floor":22,"key":"GamblersBrew"},{"floor":30,"key":"Ancient Potion"},{"floor":31,"key":"Swift Potion"}],"is_trial":false,"path_per_floor":["M","M","M","M","$","M","R","M","T","?","M","R","E","?","R","B",null,"M","?","M","$","M","R","M","$","T","?","R","T","E","M","R","B"],"character_chosen":"IRONCLAD","items_purchased":["Sword Boomerang","Offering"],"campfire_rested":1,"item_purchase_floors":[5,21],"current_hp_per_floor":[88,88,88,86,86,87,87,88,88,93,93,93,93,93,93,43,93,93,93,75,75,59,59,59,59,59,59,59,59,41,31,58,0,0],"gold":80,"neow_bonus":"TEN_PERCENT_HP_BONUS","is_daily":false,"chose_seed":false,"campfire_upgraded":5,"win_rate":0.0,"timestamp":1612232759,"path_taken":["M","M","M","?","$","M","R","?","T","?","M","R","E","?","R","BOSS","M","?","M","$","?","R","M","?","T","?","R","?","E","M","R","BOSS"],"items_purchased_type":["Card","Card"],"build_version":"2020-12-13","purchased_purges":2,"victory":false,"max_hp_per_floor":[88,88,88,88,88,88,88,88,88,93,93,93,93,93,93,93,93,93,93,93,93,93,93,93,93,93,93,93,93,93,93,93,93,93],"card_choices":[{"not_picked":["Fire Breathing","Pommel Strike"],"picked":"True Grit","floor":1},{"not_picked":["Bloodletting","Iron Wave"],"picked":"Rage","floor":2},{"not_picked":["Shrug It Off","Pommel Strike"],"picked":"Perfected Strike","floor":3},{"not_picked":["Bloodletting","Seeing Red"],"picked":"Twin Strike","floor":4},{"not_picked":["Warcry","Brutality"],"picked":"Flex","floor":6},{"not_picked":["Rampage","Shrug It Off"],"picked":"Sword Boomerang","floor":8},{"not_picked":["Shrug It Off","Flex"],"picked":"Cleave","floor":11},{"not_picked":["Shrug It Off","Clash"],"picked":"Thunderclap","floor":13},{"not_picked":["Barricade","Juggernaut"],"picked":"Bludgeon","floor":16},{"not_picked":["Pommel Strike","Dual Wield+1"],"picked":"Second Wind","floor":18},{"not_picked":["Rupture","Ghostly Armor"],"picked":"Inflame","floor":20},{"not_picked":["Shrug It Off","Headbutt","Warcry"],"picked":"SKIP","floor":22},{"not_picked":["Second Wind","Cleave","Whirlwind"],"picked":"SKIP","floor":24},{"not_picked":["Second Wind","Cleave"],"picked":"Whirlwind","floor":24},{"not_picked":["Blood for Blood","Armaments"],"picked":"Ghostly Armor","floor":30},{"not_picked":["Cleave","Uppercut","Clothesline"],"picked":"SKIP","floor":31}],"player_experience":0,"relics_obtained":[{"floor":9,"key":"Boot"},{"floor":13,"key":"War Paint"},{"floor":26,"key":"Letter Opener"},{"floor":29,"key":"Bird Faced Urn"},{"floor":30,"key":"Mummified Hand"}],"event_choices":[{"damage_healed":0,"gold_gain":0,"player_choice":"Donut","damage_taken":0,"max_hp_gain":5,"max_hp_loss":0,"event_name":"Big Fish","floor":10,"gold_loss":0},{"cards_removed":["Strike_R"],"damage_healed":0,"gold_gain":0,"player_choice":"Card Removal","damage_taken":0,"max_hp_gain":0,"max_hp_loss":0,"event_name":"The Cleric","floor":14,"gold_loss":50},{"damage_healed":0,"gold_gain":0,"player_choice":"Got Potions","damage_taken":0,"max_hp_gain":0,"max_hp_loss":0,"event_name":"Lab","floor":19,"gold_loss":0},{"damage_healed":0,"gold_gain":0,"player_choice":"Ignored","damage_taken":0,"max_hp_gain":0,"max_hp_loss":0,"event_name":"Vampires","floor":27,"gold_loss":0}],"is_beta":false,"boss_relics":[{"not_picked":["Mark of Pain","Black Blood"],"picked":"Astrolabe"}],"items_purged_floors":[5,21],"is_endless":false,"potions_floor_spawned":[1,3,13,16,22,30,31],"killed_by":"Automaton","ascension_level":0}}