{"host":"qrt7o4dq2qslzw13","time":1612238804,"event":{"mods":["AchievementEnabler","BaseMod","Colored Map","Colored Powertips","Minty Spire (QoL Compilation)","Quick Restart","StSLib","SuperFastMode"],"gold_per_floor":[116,116,126,144,144,144,159,182,266,278,318,343,355,377,389,401,401],"floor_reached":16,"language":"ENG","playtime":209,"items_purged":[],"score":137,"play_id":"d19d2263-7c3f-4fb7-857f-639cd3db0ec6","local_time":"20210201230644","is_ascension_mode":true,"campfire_choices":[{"data":"Dualcast","floor":6.0,"key":"SMITH"},{"floor":13,"key":"REST"},{"floor":15,"key":"REST"}],"circlet_count":0,"master_deck":["Strike_B","Strike_B","Strike_B","Defend_B","Defend_B","Defend_B","Defend_B","Zap","Dualcast+1","Beam Cell","Rebound","Regret","Ball Lightning","Defragment","Ball Lightning"],"relics":["Cracked Core","Bag of Preparation","MawBank","Singing Bowl","MealTicket"],"acts_visited":["Exordium"],"potions_floor_usage":[],"damage_taken":[{"damage":10.0,"enemies":"2 Louse","floor":1.0,"turns":2.0},{"damage":0.0,"enemies":"Cultist","floor":3.0,"turns":3.0},{"damage":7.0,"enemies":"Jaw Worm","floor":4.0,"turns":2.0},{"damage":6.0,"enemies":"Blue Slaver","floor":7.0,"turns":3.0},{"damage":27.0,"enemies":"3 Sentries","floor":11.0,"turns":6.0},{"damage":5,"enemies":"2 Fungi Beasts","floor":12,"turns":2},{"damage":17,"enemies":"Red Slaver","floor":14,"turns":2},{"damage":57,"enemies":"The Guardian","floor":16,"turns":6}],"seed_played":"3050268244292308798","potions_obtained":[{"floor":7.0,"key":"Swift Potion"},{"floor":12,"key":"SteroidPotion"}],"is_trial":false,"path_per_floor":["M","?","M","M","?","R","M","T","T","$","E","M","R","M","R","B"],"character_chosen":"DEFECT","items_purchased":[],"campfire_rested":2,"item_purchase_floors":[],"current_hp_per_floor":[58,58,58,51,51,51,45,45,45,45,20,15,42,25,52,0,0],"gold":401,"neow_bonus":"TWENTY_PERCENT_HP_BONUS","is_daily":false,"chose_seed":false,"campfire_upgraded":1,"win_rate":0.0,"timestamp":1612238804,"path_taken":["M","?","?","M","?","R","M","?","T","$","E","M","R","M","R","BOSS"],"items_purchased_type":[],"build_version":"2020-12-22","purchased_purges":0,"victory":false,"max_hp_per_floor":[89,89,89,89,89,89,89,89,89,89,91,91,91,91,91,91,91],"card_choices":[{"not_picked":["Turbo","Self Repair"],"picked":"Beam Cell","floor":1.0},{"not_picked":["Gash","Static Discharge"],"picked":"Rebound","floor":3.0},{"not_picked":["Rip and Tear","Beam Cell","Compile Driver"],"picked":"SKIP","floor":4.0},{"not_picked":["Go for the Eyes","Cold Snap"],"picked":"Ball Lightning","floor":7.0},{"not_picked":["Double Energy","Self Repair","Fusion"],"picked":"Singing Bowl","floor":11.0},{"not_picked":["Leap","Genetic Algorithm"],"picked":"Defragment","floor":12},{"not_picked":["Leap","Doom and Gloom"],"picked":"Ball Lightning","floor":14}],"player_experience":615527,"relics_obtained":[{"floor":8.0,"key":"MawBank"},{"floor":9.0,"key":"Singing Bowl"},{"floor":11.0,"key":"MealTicket"}],"event_choices":[{"cards_removed":["Strike_B"],"damage_healed":0.0,"max_hp_gain":0.0,"max_hp_loss":0.0,"gold_gain":0.0,"event_name":"Bonfire Elementals","player_choice":"Offered Basic","floor":2.0,"gold_loss":0.0,"damage_taken":0.0},{"damage_healed":0.0,"max_hp_gain":0.0,"max_hp_loss":0.0,"gold_gain":0.0,"event_name":"Big Fish","player_choice":"Box","floor":5.0,"gold_loss":0.0,"damage_taken":0.0,"relics_obtained":["Bag of Preparation"],"cards_obtained":["Regret"]}],"is_beta":false,"boss_relics":[],"items_purged_floors":[],"is_endless":false,"potions_floor_spawned":[7,12],"killed_by":"The Guardian","ascension_level":2}}