{"host":"zxkjcgzis4pm3za5","time":1612234436,"event":{"mods":["AchievementEnabler","Act Like it!","BaseMod","Colored Map","Colored Powertips","Friendly Minions","GifTheSpireLib","Minty Spire (QoL Compilation)","Quick Restart","Random Character Button","Relic Sorter","Relic Stats","StSLib"],"gold_per_floor":[119,133,133,144,164,197,197,197,197,212,212,235,274,288,288,387,387,403,328,328,355,367,379,391,391],"floor_reached":24,"language":"ENG","playtime":832,"items_purged":[],"score":538,"play_id":"0493953d-48a7-41ad-ba10-70dfb8710abe","local_time":"20210202082356","is_ascension_mode":true,"campfire_choices":[{"data":"Turbo","floor":8,"key":"SMITH"},{"data":"Hyperbeam","floor":11,"key":"SMITH"},{"data":"Doom and Gloom","floor":15,"key":"SMITH"},{"floor":23,"key":"REST"}],"circlet_count":0,"master_deck":["AscendersBane","Defend_B","Defend_B","Defend_B","Defend_B","Zap","Dualcast","Buffer+1","Compile Driver","Skim","Cold Snap","Glacier","Turbo+1","Hyperbeam+1","Rip and Tear","Capacitor","Doom and Gloom+1","Meteor Strike","Coolheaded+1","Conserve Battery+1","Sunder+1","Tempest","Shame","Defragment"],"relics":["Cracked Core","HornCleat","Golden Idol","Cables","Astrolabe","MawBank"],"acts_visited":["Exordium","TheCity"],"potions_floor_usage":[18,24],"damage_taken":[{"damage":2,"enemies":"Jaw Worm","floor":1,"turns":4},{"damage":10,"enemies":"Small Slimes","floor":2,"turns":3},{"damage":0,"enemies":"2 Louse","floor":4,"turns":3},{"damage":9,"enemies":"Looter","floor":5,"turns":3},{"damage":13,"enemies":"Gremlin Nob","floor":6,"turns":6},{"damage":2,"enemies":"Blue Slaver","floor":10,"turns":5},{"damage":0,"enemies":"Large Slime","floor":12,"turns":3},{"damage":0,"enemies":"3 Sentries","floor":13,"turns":4},{"damage":3,"enemies":"Exordium Thugs","floor":14,"turns":2},{"damage":0,"enemies":"Slime Boss","floor":16,"turns":5},{"damage":6,"enemies":"2 Thieves","floor":18,"turns":4},{"damage":22,"enemies":"Shell Parasite","floor":21,"turns":6},{"damage":47,"enemies":"Book of Stabbing","floor":24,"turns":5}],"seed_played":"7036121824860609714","potions_obtained":[{"floor":2,"key":"GamblersBrew"},{"floor":5,"key":"GamblersBrew"},{"floor":10,"key":"LiquidMemories"},{"floor":18,"key":"SteroidPotion"}],"is_trial":false,"path_per_floor":["M","M","?","M","M","E","?","R","T","M","R","M","E","M","R","B",null,"M","?","?","M","?","R","E"],"character_chosen":"DEFECT","items_purchased":[],"campfire_rested":1,"item_purchase_floors":[],"current_hp_per_floor":[62,52,52,52,43,30,30,30,30,28,28,28,28,25,25,25,54,48,48,48,26,26,45,0,0],"gold":391,"neow_bonus":"ONE_RANDOM_RARE_CARD","is_daily":false,"chose_seed":false,"campfire_upgraded":3,"win_rate":0.0,"timestamp":1612234436,"path_taken":["M","M","?","M","M","E","?","R","T","M","R","M","E","M","R","BOSS","M","?","?","M","?","R","E"],"items_purchased_type":[],"build_version":"2020-12-22","purchased_purges":0,"victory":false,"max_hp_per_floor":[71,71,71,71,71,71,64,64,64,64,64,64,64,64,64,64,64,64,64,64,64,64,64,64,64],"relic_stats":{"counters":[13,53],"Golden Idol":45,"Astrolabe":["Coolheaded","Conserve Battery","Sunder"],"MawBank":48,"obtain_stats":[{"HornCleat":6,"Golden Idol":7,"Astrolabe":17,"Cracked Core":0,"MawBank":20,"Cables":13},{"HornCleat":5,"Golden Idol":5,"Astrolabe":10,"Cracked Core":0,"MawBank":11,"Cables":8},{"HornCleat":19,"Golden Idol":19,"Astrolabe":38,"Cracked Core":0,"MawBank":42,"Cables":31}],"Cables":[16,5,3,7,1]},"card_choices":[{"not_picked":["Hologram","Steam"],"picked":"Compile Driver","floor":1},{"not_picked":["Coolheaded","Beam Cell"],"picked":"Skim","floor":2},{"not_picked":["Leap","Double Energy"],"picked":"Cold Snap","floor":4},{"not_picked":["Gash","Compile Driver"],"picked":"Glacier","floor":5},{"not_picked":["Go for the Eyes","Scrape"],"picked":"Turbo","floor":6},{"not_picked":["Force Field","Turbo"],"picked":"Hyperbeam","floor":10},{"not_picked":["Glacier","Leap"],"picked":"Rip and Tear","floor":12},{"not_picked":["Beam Cell","Barrage"],"picked":"Capacitor","floor":13},{"not_picked":["Hologram","Streamline"],"picked":"Doom and Gloom","floor":14},{"not_picked":["Creative AI","Hyperbeam"],"picked":"Meteor Strike","floor":16},{"not_picked":["Streamline","Go for the Eyes"],"picked":"Tempest","floor":18},{"not_picked":["Cold Snap","Go for the Eyes","Coolheaded"],"picked":"SKIP","floor":21}],"player_experience":308746,"relics_obtained":[{"floor":6,"key":"HornCleat"},{"floor":13,"key":"Cables"}],"event_choices":[{"damage_healed":0,"gold_gain":0,"player_choice":"Grow","damage_taken":0,"max_hp_gain":0,"max_hp_loss":0,"event_name":"Living Wall","floor":3,"gold_loss":0,"cards_upgraded":["Buffer"]},{"damage_healed":0,"gold_gain":0,"player_choice":"Lose Max HP","damage_taken":0,"relics_obtained":["Golden Idol"],"max_hp_gain":0,"max_hp_loss":7,"event_name":"Golden Idol","floor":7,"gold_loss":0},{"cards_removed":["Strike_B"],"damage_healed":0,"gold_gain":0,"player_choice":"Gave Gold","damage_taken":0,"max_hp_gain":0,"max_hp_loss":0,"event_name":"Beggar","floor":19,"gold_loss":75},{"damage_healed":0,"gold_gain":0,"player_choice":"Stole Relic","damage_taken":0,"relics_obtained":["MawBank"],"max_hp_gain":0,"max_hp_loss":0,"event_name":"Addict","floor":20,"gold_loss":0,"cards_obtained":["Shame"]},{"damage_healed":0,"gold_gain":0,"player_choice":"Read","damage_taken":0,"max_hp_gain":0,"max_hp_loss":0,"event_name":"The Library","floor":22,"gold_loss":0,"cards_obtained":["Defragment"]}],"is_beta":false,"boss_relics":[{"not_picked":["Empty Cage","SacredBark"],"picked":"Astrolabe"}],"items_purged_floors":[],"is_endless":false,"potions_floor_spawned":[2,5,10,12,16,18],"killed_by":"Book of Stabbing","ascension_level":18}}