{"host":"n43wxkei7kulhi8o","time":1612292970,"event":{"mods":["AchievementEnabler","BaseMod","Bestiary","Block Reminder","Colored Map","Colored Powertips","Curses Come First","Custom Start","Dark Map","Highlight Path","Minty Spire (QoL Compilation)","Quick Restart","Relic Stats","StSLib"],"gold_per_floor":[115,126,139,139,139,139,153,153,202,202,202,226,93,109,109,238,238,263,45,68,89,120,120,158,158,181,181,204,204,229,244,244,365,428,448,207,228,248,248,248],"floor_reached":39,"language":"ENG","playtime":1158,"items_purged":["Regret"],"score":395,"play_id":"2723ad4b-bc29-4486-b4ae-504434b19b61","local_time":"20210202140930","is_ascension_mode":false,"campfire_choices":[{"data":"Dualcast","floor":6,"key":"SMITH"},{"floor":10,"key":"REST"},{"data":"Melter","floor":15,"key":"SMITH"},{"floor":23,"key":"REST"},{"floor":25,"key":"REST"},{"data":"Electrodynamics","floor":27,"key":"SMITH"},{"floor":32,"key":"REST"}],"circlet_count":0,"master_deck":["Strike_B","Strike_B","Strike_B","Strike_B+1","Defend_B","Defend_B","Defend_B+1","Defend_B+1","Zap+1","Dualcast+1","Streamline+1","Melter+1","Electrodynamics+1","Doom and Gloom+1","Barrage","Seek","Conserve Battery","Defragment"],"relics":["Cracked Core","Golden Idol","War Paint","Regal Pillow","Velvet Choker","Runic Capacitor","Red Mask","Matryoshka","Omamori","Happy Flower","Tiny House","Letter Opener"],"acts_visited":["Exordium","TheCity","TheBeyond"],"potions_floor_usage":[12,12,22,22,22,22,33,38,39,39],"damage_taken":[{"damage":1,"enemies":"Jaw Worm","floor":1,"turns":3},{"damage":0,"enemies":"Small Slimes","floor":2,"turns":2},{"damage":5,"enemies":"2 Louse","floor":3,"turns":2},{"damage":0,"enemies":"2 Fungi Beasts","floor":7,"turns":2},{"damage":3,"enemies":"Lots of Slimes","floor":12,"turns":2},{"damage":2,"enemies":"Looter","floor":14,"turns":2},{"damage":56,"enemies":"Hexaghost","floor":16,"turns":10},{"damage":12,"enemies":"Shell Parasite","floor":18,"turns":4},{"damage":0,"enemies":"3 Byrds","floor":20,"turns":2},{"damage":34,"enemies":"Snecko","floor":21,"turns":5},{"damage":9,"enemies":"Masked Bandits","floor":22,"turns":3},{"damage":40,"enemies":"Book of Stabbing","floor":24,"turns":5},{"damage":0,"enemies":"Sentry and Sphere","floor":28,"turns":2},{"damage":12,"enemies":"Snake Plant","floor":30,"turns":3},{"damage":0,"enemies":"3 Cultists","floor":31,"turns":2},{"damage":58,"enemies":"Collector","floor":33,"turns":8},{"damage":28,"enemies":"3 Darklings","floor":35,"turns":3},{"damage":10,"enemies":"Orb Walker","floor":37,"turns":3},{"damage":10,"enemies":"4 Shapes","floor":38,"turns":3},{"damage":37,"enemies":"Maw","floor":39,"turns":5}],"seed_played":"8081521990863302081","potions_obtained":[{"floor":1,"key":"PowerPotion"},{"floor":7,"key":"DistilledChaos"},{"floor":11,"key":"Strength Potion"},{"floor":11,"key":"EntropicBrew"},{"floor":16,"key":"BlessingOfTheForge"},{"floor":28,"key":"Swift Potion"},{"floor":30,"key":"Swift Potion"},{"floor":34,"key":"Fire Potion"}],"is_trial":false,"path_per_floor":["M","M","M","?","?","R","M","?","T","R","?","M","$","M","R","B",null,"M","$","M","M","?","R","E","R","T","R","M","?","M","M","R","B",null,"M","$","M","M","M"],"character_chosen":"DEFECT","items_purchased":["Melter","CultistPotion","Runic Capacitor","Letter Opener"],"campfire_rested":4,"item_purchase_floors":[13,13,19,36],"current_hp_per_floor":[74,74,69,51,51,51,51,51,51,75,75,72,72,70,70,14,75,63,63,63,29,20,57,17,54,54,54,54,45,33,33,70,12,80,52,52,42,32,0,0],"gold":248,"neow_bonus":"UPGRADE_CARD","is_daily":false,"chose_seed":false,"campfire_upgraded":3,"win_rate":0.0,"timestamp":1612292970,"path_taken":["M","M","M","?","?","R","M","?","T","R","?","M","$","?","R","BOSS","M","$","M","M","?","R","E","R","T","R","M","?","M","M","R","BOSS","M","$","M","M","M"],"items_purchased_type":["Card","Potion","Relic","Relic"],"build_version":"2020-12-22","purchased_purges":1,"victory":false,"max_hp_per_floor":[75,75,75,75,75,75,75,75,75,75,75,75,75,75,75,75,75,75,75,75,75,75,75,75,75,75,75,75,75,75,75,75,75,80,80,80,80,80,80,80],"relic_stats":{"Regal Pillow":47,"Happy Flower":[9],"counters":[20,71],"Golden Idol":127,"Letter Opener":[20],"War Paint":["Defend_B","Defend_B"],"obtain_stats":[{"Regal Pillow":9,"Matryoshka":24,"Tiny House":34,"Happy Flower":26,"Golden Idol":4,"Velvet Choker":17,"Runic Capacitor":19,"Red Mask":22,"Omamori":26,"Letter Opener":36,"War Paint":8,"Cracked Core":0},{"Regal Pillow":4,"Matryoshka":12,"Tiny House":16,"Happy Flower":12,"Golden Idol":3,"Velvet Choker":7,"Runic Capacitor":8,"Red Mask":11,"Omamori":12,"Letter Opener":17,"War Paint":4,"Cracked Core":0},{"Regal Pillow":9,"Matryoshka":42,"Tiny House":57,"Happy Flower":42,"Golden Idol":7,"Velvet Choker":23,"Runic Capacitor":27,"Red Mask":37,"Omamori":42,"Letter Opener":60,"War Paint":9,"Cracked Core":0}]},"card_choices":[{"not_picked":["Steam","Heatsinks"],"picked":"Streamline","floor":1},{"not_picked":["Steam","Go for the Eyes","Gash"],"picked":"SKIP","floor":2},{"not_picked":["Rebound","Self Repair","Redo"],"picked":"SKIP","floor":3},{"not_picked":["Leap","Hello World","Streamline"],"picked":"SKIP","floor":7},{"not_picked":["Blizzard","FTL","Double Energy"],"picked":"SKIP","floor":12},{"not_picked":["Reinforced Body","Beam Cell","Recycle"],"picked":"SKIP","floor":14},{"not_picked":["Echo Form","All For One"],"picked":"Electrodynamics","floor":16},{"not_picked":["Rip and Tear","FTL","Static Discharge+1"],"picked":"SKIP","floor":18},{"not_picked":["Turbo","Sweeping Beam","Chill+1"],"picked":"SKIP","floor":20},{"not_picked":["Reinforced Body","Loop","Turbo"],"picked":"SKIP","floor":21},{"not_picked":["Streamline","Leap"],"picked":"Doom and Gloom+1","floor":22},{"not_picked":["Barrage+1","Melter","Double Energy"],"picked":"SKIP","floor":24},{"not_picked":["Double Energy","Streamline","Gash"],"picked":"SKIP","floor":28},{"not_picked":["Barrage","Compile Driver+1","Hello World"],"picked":"SKIP","floor":30},{"not_picked":["Compile Driver+1","Hello World"],"picked":"Barrage","floor":30},{"not_picked":["Reprogram+1","Stack","Self Repair"],"picked":"SKIP","floor":31},{"not_picked":["Echo Form","Meteor Strike"],"picked":"Seek","floor":33},{"not_picked":["Rebound+1","Gash"],"picked":"Conserve Battery","floor":34},{"not_picked":["Rebound","Hello World"],"picked":"Defragment","floor":35},{"not_picked":["Rebound+1","Reinforced Body+1","Streamline+1"],"picked":"SKIP","floor":37},{"not_picked":["Multi-Cast","Hologram+1","Stack+1"],"picked":"SKIP","floor":38}],"player_experience":667453,"relics_obtained":[{"floor":9,"key":"Regal Pillow"},{"floor":22,"key":"Red Mask"},{"floor":24,"key":"Matryoshka"},{"floor":26,"key":"Omamori"},{"floor":26,"key":"Happy Flower"}],"event_choices":[{"damage_healed":0,"gold_gain":0,"player_choice":"Take Damage","damage_taken":18,"relics_obtained":["Golden Idol"],"max_hp_gain":0,"max_hp_loss":0,"event_name":"Golden Idol","floor":4,"gold_loss":0},{"damage_healed":0,"gold_gain":0,"player_choice":"Grow","damage_taken":0,"max_hp_gain":0,"max_hp_loss":0,"event_name":"Living Wall","floor":5,"gold_loss":0,"cards_upgraded":["Streamline"]},{"damage_healed":0,"gold_gain":0,"player_choice":"Box","damage_taken":0,"relics_obtained":["War Paint"],"max_hp_gain":0,"max_hp_loss":0,"event_name":"Big Fish","floor":8,"gold_loss":0,"cards_obtained":["Regret"]},{"damage_healed":0,"gold_gain":0,"player_choice":"Got Potions","damage_taken":0,"max_hp_gain":0,"max_hp_loss":0,"event_name":"Lab","floor":11,"gold_loss":0},{"damage_healed":0,"gold_gain":0,"player_choice":"Fought Bandits","damage_taken":0,"max_hp_gain":0,"max_hp_loss":0,"event_name":"Masked Bandits","floor":22,"gold_loss":0},{"damage_healed":0,"gold_gain":0,"player_choice":"Stopped","damage_taken":9,"max_hp_gain":0,"max_hp_loss":0,"event_name":"Cursed Tome","floor":29,"gold_loss":0}],"is_beta":false,"boss_relics":[{"not_picked":["Calling Bell","SacredBark"],"picked":"Velvet Choker"},{"not_picked":["Black Star","Snecko Eye"],"picked":"Tiny House"}],"items_purged_floors":[19],"is_endless":false,"potions_floor_spawned":[1,7,16,18,28,30,31],"killed_by":"Maw","ascension_level":0}}