{"host":"xbdmg2vm5yvm04q9","time":1612251102,"event":{"mods":["Act Like it!","Aspiration","BaseMod","Colored Map","Colored Powertips","Conspire","Downfall","Gensokyo","Marisa（F雨　魔理沙）","Minty Spire (QoL Compilation)","Remilia（蕾米莉亚）","Replay The Spire","RumiaBox-露米娅的神秘盒子","StSLib","The Servant 0.9.4","UnlockEverythingMod","Waifu the Spire","【功能Mod】聪明的最终Boss"],"gold_per_floor":[109,129,129,56,72,72,107,57,57,107,135,59,86,86,86,191,191,120,120,240,76,96,96,37,77,100,14,43,57,113,130,130,222,222,235,264,167,183,198,223,223,256,282,282,292,311,311,322,322,345,345,345,1995,2025,1125],"floor_reached":56,"language":"ZHS","playtime":3611,"items_purged":[],"score":1508,"play_id":"997965bf-1603-4a16-a379-14484dd988c6","local_time":"20210202153141","is_ascension_mode":false,"campfire_choices":[{"data":"EarthLightRay","floor":6,"key":"SMITH"},{"data":"MagicChant","floor":15,"key":"SMITH"},{"data":"Apotheosis","floor":23,"key":"SMITH"},{"data":"conspire:SpireCoStock","floor":32,"key":"SMITH"},{"floor":44,"key":"RECALL"},{"data":"BinaryStars","floor":47,"key":"SMITH"},{"data":"Mayhem","floor":49,"key":"SMITH"},{"data":"Panacea","floor":52,"key":"SMITH"}],"circlet_count":0,"master_deck":["Strike_MRS","Defend_MRS","Defend_MRS","Defend_MRS","Defend_MRS","MasterSpark","UpSweep","OortCloud","MagicChant+1","Finisher","Masterful Stab","EarthLightRay+1","MilkyWay","PowerUp","conspire:SpireCoStock+1","SporeBomb","ChargingUp","Mayhem+1","Panacea+1","Poisoned Strike+1","TreasureHunter+1","DoubleSpark+1","Dash","OneTimeOff+1","Apotheosis+1","Singularity","PowerUp","BlazeAway","SprinkleStarSeal","OrrerysSun","StarBarrage+1","BinaryStars+1","Defy","MilkyWay+1","PanicButton","GalacticHalo+1","TheWorld+1","GalacticHalo+1","Spin+1","EnergyFlow+1","PowerUp","Defy+1","ReplayTheSpireMod:IOU","ReplayTheSpireMod:IOU","ReplayTheSpireMod:IOU","ReplayTheSpireMod:IOU","Deadline","ReplayTheSpireMod:IOU","ReplayTheSpireMod:IOU","ReplayTheSpireMod:IOU","ReplayTheSpireMod:IOU","ReplayTheSpireMod:IOU","ReplayTheSpireMod:IOU","ReplayTheSpireMod:IOU","ReplayTheSpireMod:IOU","ReplayTheSpireMod:IOU","ReplayTheSpireMod:IOU","ReplayTheSpireMod:IOU","ReplayTheSpireMod:IOU","CasketOfStar"],"relics":["MiniHakkero","conspire:TopHat","HornCleat","Replay:Wax Seal","ReplayTheSpireMod:ShopPack","Simple Rune","aspiration:Lifesprig","Coffee Dripper","Du-Vu Doll","Pocketwatch","aspiration:Nostalgia","m_SnakeCloak","Vajra","Iron Hammer","Lantern","Whetstone","Regal Pillow","PreservedInsect","aspiration:ServantSkillbook","Replay:WaspNest","Mango","Guide Book","Tough Bandages","Pen Nib"],"acts_visited":["Gensokyo:Gensokyo","Gensokyo:Gensokyoer","Gensokyo:Gensokyoest","TheEnding"],"potions_floor_usage":[7,16,18,27,42,42,50,55,55,55],"damage_taken":[{"damage":1,"enemies":"Gensokyo:Python","floor":1,"turns":3},{"damage":0,"enemies":"Gensokyo:3_Fairies","floor":2,"turns":5},{"damage":3,"enemies":"Gensokyo:2_Kodama","floor":5,"turns":4},{"damage":19,"enemies":"Gensokyo:Aya","floor":7,"turns":6},{"damage":7,"enemies":"Gensokyo:Mamizou","floor":10,"turns":7},{"damage":0,"enemies":"Gensokyo:VengefulSpirit","floor":11,"turns":5},{"damage":30,"enemies":"Gensokyo:Kokoro","floor":16,"turns":11},{"damage":24,"enemies":"Gensokyo:3_Dogs","floor":18,"turns":6},{"damage":9,"enemies":"Gensokyo:3_Dogs","floor":20,"turns":7},{"damage":3,"enemies":"Gensokyo:AngelMirror","floor":22,"turns":3},{"damage":18,"enemies":"Gensokyo:Tenshi","floor":24,"turns":4},{"damage":1,"enemies":"Gensokyo:3_Gloops","floor":25,"turns":4},{"damage":0,"enemies":"Gensokyo:Wraith","floor":27,"turns":3},{"damage":1,"enemies":"Gensokyo:Mirror_and_Dog","floor":28,"turns":3},{"damage":1,"enemies":"Gensokyo:Slime_Group","floor":29,"turns":3},{"damage":1,"enemies":"Gensokyo:Koishi","floor":30,"turns":3},{"damage":0,"enemies":"Gensokyo:Wraith","floor":31,"turns":5},{"damage":29,"enemies":"Gensokyo:Kaguya","floor":33,"turns":9},{"damage":1,"enemies":"Gensokyo:3_Bats","floor":35,"turns":4},{"damage":3,"enemies":"Gensokyo:AncientGuardian","floor":36,"turns":3},{"damage":0,"enemies":"Gensokyo:Rafflesia","floor":38,"turns":5},{"damage":0,"enemies":"Gensokyo:Sharpion","floor":39,"turns":4},{"damage":27,"enemies":"Gensokyo:Marisa","floor":40,"turns":2},{"damage":10,"enemies":"Gensokyo:4_Bats","floor":42,"turns":4},{"damage":0,"enemies":"Gensokyo:3_Boulders","floor":45,"turns":4},{"damage":0,"enemies":"Gensokyo:SeedOfUnknown","floor":46,"turns":3},{"damage":0,"enemies":"Gensokyo:AtlasGolem","floor":48,"turns":3},{"damage":0,"enemies":"Gensokyo:Scarlet_Devils","floor":50,"turns":9},{"damage":17,"enemies":"Shield and Spear","floor":54,"turns":3},{"damage":38,"enemies":"The Heart","floor":55,"turns":4}],"seed_played":"4553549440228131827","potions_obtained":[{"floor":2,"key":"Explosive Potion"},{"floor":5,"key":"FearPotion"},{"floor":11,"key":"DistilledChaos"},{"floor":24,"key":"SteroidPotion"},{"floor":25,"key":"SmokeBomb"},{"floor":28,"key":"BlessingOfTheForge"},{"floor":30,"key":"SpeedPotion"},{"floor":35,"key":"FearPotion"},{"floor":40,"key":"FearPotion"},{"floor":42,"key":"BottledSpark"},{"floor":48,"key":"GamblersBrew"}],"is_trial":false,"path_per_floor":["M","M","?","$","M","R","E","?","T","E","M","$","T","?","R","B",null,"M","?","?","$","M","R","E","M","T","M","M","M","E","M","R","B",null,"M","M","$","M","M","E","?","M","T","R","M","M","R","M","R","B",null,"R","$","E","B",null],"character_chosen":"MARISA","items_purchased":["EarthLightRay","ReplayTheSpireMod:ShopPack","Simple Rune","aspiration:Nostalgia","Apotheosis","Vajra","PanicButton","Mango","Guide Book","Tough Bandages","Deadline","EssenceOfSteel"],"campfire_rested":0,"item_purchase_floors":[4,12,12,21,21,21,37,53,53,53,53,53],"current_hp_per_floor":[81,81,81,81,82,82,69,69,69,68,74,74,74,74,74,50,82,64,64,61,61,64,64,52,57,57,57,62,61,66,72,72,49,82,82,79,79,82,82,55,55,51,51,51,51,51,51,51,51,57,82,82,96,79,41],"gold":1125,"neow_bonus":"TEN_PERCENT_HP_BONUS","is_daily":false,"chose_seed":false,"campfire_upgraded":7,"win_rate":0.0,"timestamp":1612251101,"path_taken":["M","M","?","?","M","R","E","?","T","E","M","?","?","?","R","BOSS","M","?","?","?","M","R","E","M","T","?","M","M","E","M","R","BOSS","M","M","$","M","M","E","?","M","T","R","M","M","R","M","R","BOSS","R","$","E","BOSS"],"items_purchased_type":["Card","Relic","Relic","Relic","Card","Relic","Card","Relic","Relic","Relic","Card","Potion"],"build_version":"2020-12-22","purchased_purges":0,"victory":true,"max_hp_per_floor":[82,82,82,82,82,82,82,82,82,82,82,82,82,82,82,82,82,82,82,82,82,82,82,82,82,82,82,82,82,82,82,82,82,82,82,82,82,82,82,82,82,82,82,82,82,82,82,82,82,82,82,82,96,96,96],"card_choices":[{"not_picked":["GravityBeat","MilkyWay"],"picked":"OortCloud","floor":1},{"not_picked":["PowerUp","6A"],"picked":"MagicChant","floor":2},{"not_picked":["DragonMeteor","DoubleSpark"],"picked":"MilkyWay","floor":5},{"not_picked":["SuperNova","Acceleration"],"picked":"PowerUp","floor":7},{"not_picked":["PowerUp","WitchOfGreed"],"picked":"SporeBomb","floor":10},{"not_picked":["MilkyWay","MysteriousBeam"],"picked":"ChargingUp","floor":11},{"not_picked":["Chrysalis","Secret Technique"],"picked":"Mayhem","floor":12},{"not_picked":["Thinking Ahead","Forethought"],"picked":"Panacea","floor":12},{"not_picked":["Finesse","ReplayTheSpireMod:Necrogeddon"],"picked":"Poisoned Strike","floor":12},{"not_picked":["SatelliteIllusion","EscapeVelocity"],"picked":"TreasureHunter","floor":16},{"not_picked":["ShootingEcho","ChargingUp"],"picked":"DoubleSpark","floor":18},{"not_picked":["DarkMatter","Orbital+1"],"picked":"OneTimeOff+1","floor":20},{"not_picked":["GalacticHalo","SporeBomb"],"picked":"Singularity","floor":22},{"not_picked":["AsteroidBelt","OneTimeOff+1"],"picked":"PowerUp","floor":24},{"not_picked":["RefractionSpark","GravityBeat","WitchOfGreed"],"picked":"SKIP","floor":25},{"not_picked":["WitchOfGreed","MilkyWay"],"picked":"BlazeAway","floor":28},{"not_picked":["IllusionStar","UnstableBomb"],"picked":"SprinkleStarSeal","floor":29},{"not_picked":["NonDirectionalLaser","WitchLeyline"],"picked":"OrrerysSun","floor":30},{"not_picked":["GravityBeat","WitchOfGreed"],"picked":"StarBarrage+1","floor":31},{"not_picked":["EscapeVelocity","JA"],"picked":"BinaryStars","floor":33},{"not_picked":["6A+1","GrandCross","FastForward+1"],"picked":"Defy","floor":35},{"not_picked":["Revamp","DoubleSpark","WitchLeyline+1"],"picked":"MilkyWay+1","floor":36},{"not_picked":["EarthLightRay","WitchLeyline","Unruled+1"],"picked":"GalacticHalo+1","floor":38},{"not_picked":["TimeTheft","Unruled+1","PulseMagic"],"picked":"TheWorld","floor":39},{"not_picked":["LuminesStrike+1","FloweringNight","Sunlight"],"picked":"GalacticHalo+1","floor":40},{"not_picked":["DC+1","ShootingEcho","GravityBeat"],"picked":"Spin+1","floor":42},{"not_picked":["AsteroidBelt+1","DragonMeteor","GearUp"],"picked":"EnergyFlow+1","floor":45},{"not_picked":["ShatteredReality+1","MilkyWay+1","Moonlight"],"picked":"PowerUp","floor":46},{"not_picked":["FanOfKnives+1","Read","Acceleration"],"picked":"Defy+1","floor":48},{"not_picked":["MilkyWay+1","Acceleration+1","UltimateShortwave"],"picked":"CasketOfStar","floor":54}],"player_experience":92212,"relics_obtained":[{"floor":7,"key":"conspire:TopHat"},{"floor":9,"key":"HornCleat"},{"floor":10,"key":"Replay:Wax Seal"},{"floor":13,"key":"aspiration:Lifesprig"},{"floor":20,"key":"Du-Vu Doll"},{"floor":20,"key":"Pocketwatch"},{"floor":24,"key":"Iron Hammer"},{"floor":24,"key":"Lantern"},{"floor":26,"key":"Whetstone"},{"floor":30,"key":"Regal Pillow"},{"floor":30,"key":"PreservedInsect"},{"floor":40,"key":"Replay:WaspNest"},{"floor":54,"key":"Pen Nib"}],"event_choices":[{"damage_healed":0,"gold_gain":0,"player_choice":"Invest 1","damage_taken":0,"max_hp_gain":0,"max_hp_loss":0,"event_name":"conspire:Investor","floor":8,"gold_loss":0}],"is_beta":false,"boss_relics":[{"not_picked":["AddBug","conspire:SpecialSausage"],"picked":"Coffee Dripper"},{"not_picked":["conspire:SlowCooker","Black Star"],"picked":"aspiration:ServantSkillbook"}],"items_purged_floors":[],"is_endless":false,"potions_floor_spawned":[2,5,11,24,25,27,28,30,35,40,42,48],"ascension_level":0}}