{"host":"t179ovrkr5k1gnfh","time":1612299910,"event":{"mods":["AchievementEnabler","BaseMod","BetterRewards","Colored Map","Downfall","Minty Spire (QoL Compilation)","StSLib"],"gold_per_floor":[99,113,128,128,128,157,211,211,238,253,253,140,159,186,200,302,302,102,116,116,128,142,142,168,168,197,213,248,133,133,150,169,270,270,270,280,74,74,74,74,74,105,5,32,32,32,43,62,77,77,77,77,77,77],"floor_reached":52,"language":"ENG","playtime":4515,"items_purged":["Guardian:Defend_Guardian","Guardian:Strike_Guardian"],"score":1034,"play_id":"e8f4d4e5-e26e-44b9-abea-55fb561b61f3","local_time":"20210202220510","is_ascension_mode":true,"campfire_choices":[{"data":"Guardian:TwinSlam","floor":1,"key":"SMITH"},{"floor":11,"key":"RECALL"},{"data":"Guardian:CompilePackage","floor":18,"key":"SMITH"},{"data":"Guardian:BronzeArmor","floor":25,"key":"SMITH"},{"floor":30,"key":"REST"},{"data":"Guardian:CurlUp","floor":35,"key":"SMITH"},{"data":"Guardian:Repulse","floor":43,"key":"SMITH"},{"data":"Guardian:Recover","floor":46,"key":"SMITH"}],"circlet_count":0,"master_deck":["Guardian:Strike_Guardian","Guardian:Strike_Guardian","Guardian:Strike_Guardian","Guardian:Defend_Guardian","Guardian:Defend_Guardian","Guardian:CurlUp+1","Guardian:TwinSlam+1","Guardian:ShieldSpikes","Guardian:BronzeArmor+1","Guardian:FuturePlans","Guardian:TimeSifter","Guardian:Recover+1","Guardian:TemporalStrike","Guardian:CompilePackage+1","Guardian:StasisStrike","Guardian:TemporalShield","Guardian:ConstructionForm","Guardian:Repulse+1"],"relics":["expansioncontent:StudyCardRelic","Blue Candle","Bag of Marbles","Guardian:StasisCodex","Bottled Flame","Busted Crown","downfall:HeartBlessingRed","downfall:HeartBlessingGreen","Anchor","Potion Belt","HornCleat","Runic Pyramid","Guardian:StasisUpgradeRelic","MealTicket","Gremlin Horn","downfall:HeartBlessingBlue","Blood Vial"],"acts_visited":["Exordium","TheCity","TheBeyond","TheEnding"],"potions_floor_usage":[15,16,16,26,26,27,28,44,49,49,50,50],"damage_taken":[{"damage":4,"enemies":"2 Louse","floor":2,"turns":2},{"damage":0,"enemies":"Jaw Worm","floor":3,"turns":3},{"damage":8,"enemies":"Lagavulin","floor":6,"turns":7},{"damage":0,"enemies":"Cultist","floor":8,"turns":1},{"damage":10,"enemies":"3 Sentries","floor":9,"turns":6},{"damage":3,"enemies":"2 Fungi Beasts","floor":10,"turns":3},{"damage":0,"enemies":"downfall:FleeingMerchant","floor":12,"turns":4},{"damage":6,"enemies":"Gremlin Gang","floor":13,"turns":4},{"damage":6,"enemies":"Gremlin Nob","floor":14,"turns":3},{"damage":9,"enemies":"Blue Slaver","floor":15,"turns":2},{"damage":14,"enemies":"IC_STATUS_ARCHETYPE","floor":16,"turns":9},{"damage":12,"enemies":"3 Byrds","floor":19,"turns":4},{"damage":8,"enemies":"3 Cultists","floor":21,"turns":5},{"damage":6,"enemies":"Cultist and Chosen","floor":22,"turns":3},{"damage":14,"enemies":"Slavers","floor":26,"turns":2},{"damage":0,"enemies":"Snake Plant","floor":27,"turns":3},{"damage":14,"enemies":"Book of Stabbing","floor":28,"turns":4},{"damage":0,"enemies":"downfall:FleeingMerchant","floor":29,"turns":4},{"damage":0,"enemies":"Centurion and Healer","floor":31,"turns":5},{"damage":0,"enemies":"Snecko","floor":32,"turns":4},{"damage":0,"enemies":"WA_ARCHETYPE_CALM","floor":33,"turns":9},{"damage":0,"enemies":"3 Darklings","floor":36,"turns":4},{"damage":0,"enemies":"downfall:FleeingMerchant","floor":37,"turns":4},{"damage":11,"enemies":"Nemesis","floor":42,"turns":7},{"damage":0,"enemies":"Giant Head","floor":44,"turns":7},{"damage":0,"enemies":"Orb Walker","floor":47,"turns":4},{"damage":2,"enemies":"3 Darklings","floor":48,"turns":5},{"damage":9,"enemies":"Transient","floor":49,"turns":5},{"damage":34,"enemies":"DF_ARCHETYPE_ORBS","floor":50,"turns":12},{"damage":84,"enemies":"downfall:CharBossMerchant","floor":52,"turns":8}],"seed_played":"2112073036581444921","potions_obtained":[{"floor":3,"key":"EssenceOfSteel"},{"floor":9,"key":"sneckomod:MuddlingPotion"},{"floor":13,"key":"Guardian:AcceleratePotion"},{"floor":15,"key":"EssenceOfSteel"},{"floor":19,"key":"sneckomod:MuddlingPotion"},{"floor":20,"key":"Swift Potion"},{"floor":20,"key":"SneckoOil"},{"floor":20,"key":"champ:CounterPotion"},{"floor":21,"key":"ColorlessPotion"},{"floor":22,"key":"Slimebound:ThreeZeroPotion"},{"floor":26,"key":"EssenceOfSteel"},{"floor":28,"key":"FearPotion"},{"floor":36,"key":"Ancient Potion"},{"floor":42,"key":"SteroidPotion"},{"floor":44,"key":"DuplicationPotion"},{"floor":47,"key":"SneckoOil"},{"floor":49,"key":"Explosive Potion"}],"is_trial":false,"path_per_floor":["R","M","M","?","?","E","T","M","E","M","R","$","M","E","M","B",null,"R","M","?","M","M","?","T","R","E","M","E","$","R","M","M","B",null,"R","M","$","?","?","?","T","E","R","E","?","R","M","M","M","B",null,"E"],"character_chosen":"GUARDIAN","items_purchased":["Guardian:TemporalStrike","Guardian:StasisUpgradeRelic","Guardian:Repulse"],"campfire_rested":1,"item_purchase_floors":[12,37,37],"current_hp_per_floor":[72,68,68,68,80,72,72,72,62,59,59,59,53,47,38,24,66,66,54,54,46,40,40,40,40,26,26,12,12,36,36,36,36,69,69,69,69,69,69,69,69,58,68,68,68,68,70,70,63,31,75,0,0,0],"gold":77,"neow_bonus":"BOSS_RELIC","is_daily":false,"chose_seed":false,"campfire_upgraded":6,"win_rate":0.0,"timestamp":1612299910,"path_taken":["R","M","M","?","?","E","T","M","E","?","R","$","M","E","M","BOSS","R","M","?","M","?","?","T","R","E","M","E","$","R","M","M","BOSS","R","M","$","?","?","?","T","E","R","E","?","R","M","?","M","BOSS","E"],"items_purchased_type":["Card","Relic","Card"],"build_version":"2020-12-22","purchased_purges":2,"victory":false,"max_hp_per_floor":[80,80,80,80,80,80,80,80,80,80,80,80,80,80,80,80,80,80,80,80,80,80,80,80,80,80,80,80,80,80,80,80,80,80,80,80,80,80,80,80,80,80,90,90,90,90,90,90,90,90,90,90,90,90],"card_choices":[{"not_picked":["Guardian:Gem_Green","Guardian:TemporalShield"],"picked":"Guardian:ShieldSpikes","floor":2},{"not_picked":["Guardian:ChargeCore","Guardian:CrystalBeam"],"picked":"Guardian:BronzeArmor","floor":3},{"not_picked":["Guardian:Suspension","Guardian:ShieldCharger","Guardian:Gem_Fragmented"],"picked":"SKIP","floor":6},{"not_picked":["Guardian:PrimingBeam","Guardian:Gem_Cyan"],"picked":"Guardian:FuturePlans","floor":8},{"not_picked":["Guardian:DecasProtection","Guardian:SphericShield"],"picked":"Guardian:TimeSifter","floor":9},{"not_picked":["Guardian:ChargeUp","Guardian:ShieldSpikes"],"picked":"Guardian:Recover","floor":10},{"not_picked":["Guardian:Reroute","Guardian:PolyBeam","Guardian:ExploitGems"],"picked":"SKIP","floor":12},{"not_picked":["Guardian:TemporalShield","Guardian:Orbwalk"],"picked":"Guardian:Gem_Yellow","floor":13},{"not_picked":["Guardian:Recover","Guardian:TimeCapacitor"],"picked":"Guardian:CompilePackage","floor":14},{"not_picked":["Guardian:Reroute","Guardian:Recover"],"picked":"Guardian:Gem_Red","floor":15},{"not_picked":["Guardian:FastForward","Guardian:TimeSifter"],"picked":"Guardian:StasisStrike","floor":16},{"not_picked":[],"picked":"Guardian:TemporalShield","floor":19},{"not_picked":["Guardian:RollAttack"],"picked":"SKIP","floor":21},{"not_picked":["Guardian:BodySlam+1"],"picked":"SKIP","floor":22},{"not_picked":["Guardian:ChargeUp"],"picked":"SKIP","floor":26},{"not_picked":[],"picked":"Guardian:Gem_Green","floor":27},{"not_picked":["Guardian:Reroute"],"picked":"SKIP","floor":28},{"not_picked":["Guardian:BodySlam"],"picked":"SKIP","floor":29},{"not_picked":["Guardian:PrimingBeam"],"picked":"SKIP","floor":31},{"not_picked":["Guardian:FuturePlans+1"],"picked":"SKIP","floor":32},{"not_picked":[],"picked":"Guardian:ConstructionForm","floor":33},{"not_picked":["Guardian:Gem_Green"],"picked":"SKIP","floor":36},{"not_picked":["Guardian:PrimingBeam+1"],"picked":"SKIP","floor":37},{"not_picked":["Guardian:PrismaticBeam"],"picked":"SKIP","floor":42},{"not_picked":["Guardian:ArmoredProtocol"],"picked":"SKIP","floor":44},{"not_picked":["Guardian:PrismaticBarrier"],"picked":"SKIP","floor":47},{"not_picked":["Guardian:MultiBeam"],"picked":"SKIP","floor":48},{"not_picked":["Guardian:Planning+1"],"picked":"SKIP","floor":49}],"player_experience":270997,"relics_obtained":[{"floor":6,"key":"Blue Candle"},{"floor":7,"key":"Bag of Marbles"},{"floor":9,"key":"Guardian:StasisCodex"},{"floor":14,"key":"Bottled Flame"},{"floor":24,"key":"Anchor"},{"floor":26,"key":"Potion Belt"},{"floor":28,"key":"HornCleat"},{"floor":40,"key":"MealTicket"},{"floor":42,"key":"Gremlin Horn"},{"floor":44,"key":"Blood Vial"}],"event_choices":[{"damage_healed":12,"gold_gain":0,"player_choice":"Full Heal","damage_taken":0,"max_hp_gain":0,"max_hp_loss":0,"event_name":"Wheel of Change","floor":5,"gold_loss":0},{"damage_healed":0,"gold_gain":0,"player_choice":"Got Potions","damage_taken":0,"max_hp_gain":0,"max_hp_loss":0,"event_name":"Lab","floor":20,"gold_loss":0},{"cards_removed":["Guardian:Gem_Yellow"],"damage_healed":0,"gold_gain":0,"player_choice":"Removed Skill","damage_taken":0,"max_hp_gain":0,"max_hp_loss":0,"event_name":"Falling","floor":45,"gold_loss":0}],"is_beta":false,"boss_relics":[{"not_picked":["Philosopher\u0027s Stone","Tiny House"],"picked":"Busted Crown"},{"not_picked":["Guardian:StasisSlotReductionRelic","Cursed Key"],"picked":"Runic Pyramid"}],"items_purged_floors":[12,29],"is_endless":false,"potions_floor_spawned":[3,9,13,15,19,21,22,26,28,36,42,44,47,49],"killed_by":"downfall:CharBossMerchant","ascension_level":6}}