{"host":"n45maixt3qrh0rsz","time":1612260971,"event":{"mods":["ATMod(°¢èªMod)","Act Like it!","Arknights","BaseMod","CapriCore","Dota2Spire","Downfall","Gensokyo","Minty Spire (QoL Compilation)","Quick Restart","Relic Stats","Replay The Spire","StSLib","¡¾ÒÅÎï¿¨ÅÆ¡¿REMEMod"],"gold_per_floor":[99,99,99,274,298,141,141,126,126,126,126,126],"floor_reached":10,"language":"ZHS","playtime":222,"items_purged":[],"score":50,"play_id":"8ac3dab2-721c-4875-84a2-4ee688f2d8b4","local_time":"20210202181611","is_ascension_mode":false,"campfire_choices":[{"floor":1,"key":"RECALL"}],"circlet_count":0,"master_deck":["Slimebound:Strike_Slimebound","Slimebound:Strike_Slimebound","Slimebound:Strike_Slimebound","Slimebound:Tackle","Slimebound:Defend_Slimebound","Slimebound:Defend_Slimebound","Slimebound:Defend_Slimebound","Slimebound:Defend_Slimebound","Slimebound:Split","Slimebound:CorrosiveSpit","AT_DarkMatter","Gensokyo:LifeSpringInfinity","Slimebound:LivingWall","Slimebound:Schlurp","Doubt","Slimebound:AcidTongue","Slimebound:Prepare"],"relics":["Slimebound:AbsorbEndCombat","AT_ATBox","REME_ComplimentaryCards","downfall:HeartsMalice","Dota2Spire:HandOfMidas","The Courier"],"acts_visited":["Exordium"],"potions_floor_usage":[9],"damage_taken":[{"damage":0,"enemies":"Small Slimes","floor":2,"turns":1},{"damage":0,"enemies":"Jaw Worm","floor":3,"turns":1},{"damage":0,"enemies":"downfall:FleeingMerchant","floor":6,"turns":1},{"damage":0,"enemies":"downfall:FleeingMerchant","floor":8,"turns":4},{"damage":66,"enemies":"Gremlin Nob","floor":10,"turns":6}],"seed_played":"993828432096420733","potions_obtained":[{"floor":9,"key":"Fruit Juice"},{"floor":9,"key":"SpeedPotion"},{"floor":9,"key":"Regen Potion"}],"is_trial":false,"path_per_floor":["R","M","M","?","T","$","T","$","?","E"],"character_chosen":"SLIMEBOUND","items_purchased":["Dota2Spire:HandOfMidas"],"campfire_rested":0,"item_purchase_floors":[6],"current_hp_per_floor":[65,65,65,65,65,65,65,65,70,8,8,8],"gold":126,"neow_bonus":"THREE_ENEMY_KILL","is_daily":false,"chose_seed":false,"campfire_upgraded":0,"win_rate":0.0,"timestamp":1612260971,"path_taken":["R","M","M","?","?","$","T","?","?","E"],"items_purchased_type":["Relic"],"build_version":"2020-12-22","purchased_purges":0,"victory":false,"max_hp_per_floor":[65,65,65,65,65,65,65,65,70,70,70,70],"relic_stats":{"counters":[5,10],"obtain_stats":[{"Dota2Spire:HandOfMidas":6,"AT_ATBox":0,"downfall:HeartsMalice":0,"The Courier":7,"Slimebound:AbsorbEndCombat":0,"REME_ComplimentaryCards":0},{"Dota2Spire:HandOfMidas":3,"AT_ATBox":0,"downfall:HeartsMalice":0,"The Courier":3,"Slimebound:AbsorbEndCombat":0,"REME_ComplimentaryCards":0},{"Dota2Spire:HandOfMidas":0,"AT_ATBox":0,"downfall:HeartsMalice":0,"The Courier":0,"Slimebound:AbsorbEndCombat":0,"REME_ComplimentaryCards":0}]},"card_choices":[{"not_picked":["Slimebound:LeadByExample","Slimebound:SplitMire"],"picked":"Slimebound:LivingWall","floor":2},{"not_picked":["Slimebound:HauntingLick","Slimebound:FormOfPuddle"],"picked":"Slimebound:Schlurp","floor":3},{"not_picked":["Slimebound:SplitAcid","Slimebound:ItLooksTasty"],"picked":"Slimebound:AcidTongue","floor":6},{"not_picked":["Slimebound:GoopTackle","Slimebound:Recollect"],"picked":"Slimebound:Prepare","floor":8}],"player_experience":66680,"relics_obtained":[{"floor":7,"key":"The Courier"}],"event_choices":[{"damage_healed":0,"gold_gain":0,"player_choice":"Got Potions","damage_taken":0,"max_hp_gain":0,"max_hp_loss":0,"event_name":"Lab","floor":9,"gold_loss":0}],"is_beta":false,"boss_relics":[],"items_purged_floors":[],"is_endless":false,"potions_floor_spawned":[],"killed_by":"Gremlin Nob","ascension_level":0}}