{"host":"eemx8njkng76fu5x","time":1612301314,"event":{"mods":["2.2 Compatiblity","BaseMod","Colored Map","Downfall","Minty Spire (QoL Compilation)","Permanent Neow","StSLib","Unceasing Turn Reminder","Unknown Chances"],"gold_per_floor":[99,113,127,138,73,73,73,73,88,88,101,131,145,165,185,185,185,185],"floor_reached":16,"language":"ENG","playtime":836,"items_purged":[],"score":154,"play_id":"565a6d1a-97f2-4c5d-915d-2940fae1da8b","local_time":"20210203052834","is_ascension_mode":true,"campfire_choices":[{"floor":1,"key":"RECALL"},{"data":"Guardian:PrimingBeam","floor":8,"key":"SMITH"},{"data":"Guardian:TwinSlam","floor":10,"key":"SMITH"}],"circlet_count":0,"master_deck":["Guardian:Strike_Guardian","Guardian:Strike_Guardian","Guardian:Defend_Guardian+1","Guardian:Defend_Guardian","Guardian:Defend_Guardian","Guardian:CurlUp+1","Guardian:TwinSlam+1","Guardian:ShieldCharger","Guardian:Suspension","Guardian:ShieldSpikes","Guardian:PrimingBeam+1","Guardian:ShieldSpikes","Guardian:RevengeProtocol","Guardian:PiercingHide","Guardian:SentryBeam","Guardian:PiercingHide","Guardian:SphericShield"],"relics":["Guardian:ModeShifter","War Paint"],"acts_visited":["Exordium"],"potions_floor_usage":[13,16,16],"damage_taken":[{"damage":9,"enemies":"2 Louse","floor":2,"turns":3},{"damage":0,"enemies":"Cultist","floor":3,"turns":4},{"damage":7,"enemies":"Jaw Worm","floor":4,"turns":5},{"damage":5,"enemies":"downfall:FleeingMerchant","floor":5,"turns":4},{"damage":5,"enemies":"Exordium Wildlife","floor":9,"turns":5},{"damage":3,"enemies":"Blue Slaver","floor":11,"turns":6},{"damage":11,"enemies":"Lagavulin","floor":12,"turns":12},{"damage":1,"enemies":"Exordium Thugs","floor":13,"turns":7},{"damage":0,"enemies":"2 Fungi Beasts","floor":14,"turns":5},{"damage":0,"enemies":"Blue Slaver","floor":15,"turns":4},{"damage":40,"enemies":"SI_SHIV_ARCHETYPE","floor":16,"turns":9}],"seed_played":"4882220897522579869","potions_obtained":[{"floor":9,"key":"LiquidMemories"},{"floor":11,"key":"SpeedPotion"},{"floor":12,"key":"FearPotion"},{"floor":14,"key":"AttackPotion"}],"is_trial":false,"path_per_floor":["R","M","M","M","$","?","T","R","M","R","M","E","M","M","M","B"],"character_chosen":"GUARDIAN","items_purchased":["Guardian:PrimingBeam"],"campfire_rested":0,"item_purchase_floors":[5],"current_hp_per_floor":[72,63,63,56,51,51,51,51,46,46,43,32,31,31,31,0,0,0],"gold":185,"neow_bonus":"REMOVE_TWO","is_daily":false,"chose_seed":false,"campfire_upgraded":2,"win_rate":0.0,"timestamp":1612301314,"path_taken":["R","M","M","M","$","?","T","R","M","R","M","E","M","M","M","BOSS"],"items_purchased_type":["Card"],"build_version":"2020-12-22","purchased_purges":0,"victory":false,"max_hp_per_floor":[72,72,72,72,72,72,72,72,72,72,72,72,72,72,72,72,72,72],"card_choices":[{"not_picked":["Guardian:CrystalBeam","Guardian:Planning"],"picked":"Guardian:ShieldCharger","floor":2},{"not_picked":["Guardian:TimeCapacitor","Guardian:Gem_Lightblue","Guardian:MultiBeam"],"picked":"SKIP","floor":3},{"not_picked":["Guardian:Gem_Lightblue","Guardian:Gem_Purple"],"picked":"Guardian:Suspension","floor":4},{"not_picked":["Guardian:DecasProtection","Guardian:EvasiveProtocol"],"picked":"Guardian:ShieldSpikes","floor":5},{"not_picked":["Guardian:ArmoredProtocol","Guardian:Recover"],"picked":"Guardian:ShieldSpikes","floor":9},{"not_picked":["Guardian:VentSteam","Guardian:Gem_Green"],"picked":"Guardian:RevengeProtocol","floor":11},{"not_picked":["Guardian:Gem_Yellow","Guardian:DonusPower"],"picked":"Guardian:PiercingHide","floor":12},{"not_picked":["Guardian:Gem_Blue","Guardian:Gem_Lightblue"],"picked":"Guardian:SentryBeam","floor":13},{"not_picked":["Guardian:RefractedBeam","Guardian:TemporalStrike"],"picked":"Guardian:PiercingHide","floor":14},{"not_picked":["Guardian:CrystalBeam","Guardian:RollAttack"],"picked":"Guardian:SphericShield","floor":15}],"player_experience":533472,"relics_obtained":[{"floor":12,"key":"War Paint"}],"event_choices":[{"cards_removed":["Guardian:Strike_Guardian"],"damage_healed":0,"gold_gain":0,"player_choice":"Offered Basic","damage_taken":0,"max_hp_gain":0,"max_hp_loss":0,"event_name":"Bonfire Elementals","floor":6,"gold_loss":0}],"is_beta":false,"boss_relics":[],"items_purged_floors":[],"is_endless":false,"potions_floor_spawned":[9,11,12,14],"killed_by":"SI_SHIV_ARCHETYPE","ascension_level":9}}