{"host":"06e3yyzgn8o619wl","time":1612280290,"event":{"mods":["BaseMod","Block Reminder","Colored Map","Colored Powertips","DeckTracker","Minty Spire (QoL Compilation)","Permanent Neow","Relic Stats","StSLib"],"gold_per_floor":[118,43,55,67,67,67,94,94,175,195,17,17,46,65,65,166,166,176,193,68,86,99,132,146,178,178,178,178,191,191,71,71,171,171,186,203,214,20,35,35,49,67,91,104,104,116,116,136,136,136],"floor_reached":51,"language":"JPN","playtime":7415,"items_purged":["Normality","Defend_P","Strike_P","Strike_P","Defend_P"],"score":909,"play_id":"ca4eb118-c9c4-495c-a27b-427bf96fa0e5","local_time":"20210203003810","is_ascension_mode":true,"campfire_choices":[{"data":"TalkToTheHand","floor":6,"key":"SMITH"},{"data":"Eruption","floor":8,"key":"SMITH"},{"data":"Vigilance","floor":15,"key":"SMITH"},{"floor":28,"key":"REST"},{"data":"Devotion","floor":32,"key":"SMITH"},{"floor":40,"key":"REST"},{"floor":45,"key":"REST"},{"floor":47,"key":"REST"},{"floor":49,"key":"REST"}],"circlet_count":0,"master_deck":["Strike_P","Defend_P","Eruption+1","Vigilance+1","EmptyFist","FlurryOfBlows","TalkToTheHand+1","MentalFortress","SashWhip","Wireheading","Adaptation","FearNoEvil","Devotion+1","Consecrate","DeceiveReality+1","CutThroughFate","CrushJoints","Tantrum","WheelKick","Conclude","FlurryOfBlows","Devotion","TalkToTheHand","CutThroughFate","TalkToTheHand"],"relics":["PureWater","Torii","Lantern","Pear","Yang","VioletLotus","Blood Vial","The Courier","Meat on the Bone","SlaversCollar","Ancient Tea Set"],"acts_visited":["Exordium","TheCity","TheBeyond"],"potions_floor_usage":[24,25,39,39,39,39,39,39,44,50,50],"damage_taken":[{"damage":2.0,"enemies":"Small Slimes","floor":1.0,"turns":5.0},{"damage":8,"enemies":"Jaw Worm","floor":3,"turns":5},{"damage":0,"enemies":"2 Louse","floor":4,"turns":4},{"damage":9,"enemies":"Lagavulin","floor":7,"turns":10},{"damage":0,"enemies":"Lots of Slimes","floor":10,"turns":3},{"damage":11,"enemies":"3 Sentries","floor":13,"turns":5},{"damage":1,"enemies":"2 Fungi Beasts","floor":14,"turns":2},{"damage":23,"enemies":"The Guardian","floor":16,"turns":11},{"damage":7,"enemies":"Chosen","floor":18,"turns":5},{"damage":2,"enemies":"Shell Parasite","floor":19,"turns":3},{"damage":12,"enemies":"Snake Plant","floor":21,"turns":6},{"damage":2,"enemies":"Sentry and Sphere","floor":22,"turns":6},{"damage":6,"enemies":"Gremlin Leader","floor":23,"turns":7},{"damage":7,"enemies":"3 Cultists","floor":24,"turns":5},{"damage":16,"enemies":"Slavers","floor":25,"turns":6},{"damage":1,"enemies":"Centurion and Healer","floor":29,"turns":4},{"damage":9,"enemies":"Automaton","floor":33,"turns":6},{"damage":23,"enemies":"3 Shapes","floor":35,"turns":3},{"damage":1,"enemies":"Orb Walker","floor":36,"turns":3},{"damage":22,"enemies":"Jaw Worm Horde","floor":37,"turns":3},{"damage":43,"enemies":"Spire Growth","floor":39,"turns":8},{"damage":37,"enemies":"4 Shapes","floor":41,"turns":5},{"damage":10,"enemies":"Jaw Worm Horde","floor":42,"turns":4},{"damage":14,"enemies":"Maw","floor":44,"turns":8},{"damage":13,"enemies":"Spire Growth","floor":46,"turns":4},{"damage":40,"enemies":"Sphere and 2 Shapes","floor":48,"turns":6},{"damage":39,"enemies":"Awakened One","floor":50,"turns":9}],"seed_played":"-3960041868708376042","potions_obtained":[{"floor":4,"key":"BlessingOfTheForge"},{"floor":13,"key":"SpeedPotion"},{"floor":18,"key":"StancePotion"},{"floor":23,"key":"BottledMiracle"},{"floor":29,"key":"Explosive Potion"},{"floor":36,"key":"EntropicBrew"},{"floor":39,"key":"Fire Potion"},{"floor":42,"key":"EssenceOfSteel"},{"floor":44,"key":"EssenceOfSteel"},{"floor":46,"key":"SteroidPotion"}],"is_trial":false,"path_per_floor":["M","$","M","M","?","R","E","R","T","M","$","?","E","M","R","B",null,"M","M","$","M","M","E","M","E","T","?","R","M","?","$","R","B",null,"M","M","M","$","M","R","M","M","T","M","R","M","R","M","R","B",null],"character_chosen":"WATCHER","items_purchased":["Wireheading","TalkToTheHand"],"campfire_rested":5,"item_purchase_floors":[11,38],"current_hp_per_floor":[63,63,55,55,60,60,51,51,61,61,61,61,50,49,49,26,72,65,63,63,51,49,43,38,24,24,24,50,51,80,80,80,73,84,63,64,44,44,15,41,18,22,22,22,48,49,75,49,75,50],"gold":136,"neow_bonus":"ONE_RARE_RELIC","is_daily":false,"chose_seed":false,"campfire_upgraded":4,"win_rate":0.0,"timestamp":1612280290,"path_taken":["M","$","M","M","?","R","E","R","T","M","$","?","E","M","R","BOSS","M","M","$","M","M","E","M","E","T","?","R","M","?","$","R","BOSS","M","M","M","$","M","R","M","M","T","M","R","M","R","M","R","BOSS"],"items_purchased_type":["Card","Card"],"build_version":"2020-12-22","purchased_purges":5,"victory":true,"max_hp_per_floor":[72,72,72,72,77,77,77,77,87,87,87,87,87,87,87,87,87,87,87,87,87,87,87,87,87,87,87,87,87,87,87,87,87,87,87,87,87,87,87,87,87,87,87,87,87,87,87,87,87,87],"relic_stats":{"Blood Vial":28,"Torii":59,"counters":[27,146],"Yang":[446],"VioletLotus":[40],"obtain_stats":[{"Blood Vial":23,"SlaversCollar":34,"Lantern":7,"Pear":9,"Torii":0,"Yang":13,"VioletLotus":17,"The Courier":25,"PureWater":0,"Ancient Tea Set":43,"Meat on the Bone":26},{"Blood Vial":13,"SlaversCollar":17,"Lantern":4,"Pear":4,"Torii":0,"Yang":6,"VioletLotus":8,"The Courier":15,"PureWater":0,"Ancient Tea Set":23,"Meat on the Bone":15},{"Blood Vial":72,"SlaversCollar":93,"Lantern":24,"Pear":24,"Torii":0,"Yang":32,"VioletLotus":45,"The Courier":83,"PureWater":0,"Ancient Tea Set":119,"Meat on the Bone":83}],"Meat on the Bone":84},"card_choices":[{"not_picked":["Nirvana","PathToVictory"],"picked":"EmptyFist","floor":1},{"not_picked":["PathToVictory","CrushJoints"],"picked":"FlurryOfBlows","floor":3},{"not_picked":["EmptyBody","CarveReality"],"picked":"TalkToTheHand","floor":4},{"not_picked":["Study","EmptyBody"],"picked":"MentalFortress","floor":7},{"not_picked":["Collect","Halt"],"picked":"SashWhip","floor":10},{"not_picked":["EmptyBody","SashWhip"],"picked":"Adaptation","floor":13},{"not_picked":["Pray","Adaptation"],"picked":"FearNoEvil","floor":14},{"not_picked":["Ragnarok","MasterReality"],"picked":"Devotion","floor":16},{"not_picked":["Evaluate+1","WreathOfFlame"],"picked":"Consecrate","floor":18},{"not_picked":["EmptyFist","Protect"],"picked":"DeceiveReality+1","floor":19},{"not_picked":["Consecrate+1","EmptyFist"],"picked":"CutThroughFate","floor":21},{"not_picked":["CarveReality","DevaForm"],"picked":"CrushJoints","floor":22},{"not_picked":["FlyingSleeves","EmptyFist","Protect"],"picked":"SKIP","floor":23},{"not_picked":["Prostrate+1","Evaluate+1"],"picked":"Tantrum","floor":24},{"not_picked":["Pray","SpiritShield","FollowUp"],"picked":"SKIP","floor":25},{"not_picked":["BowlingBash","Consecrate"],"picked":"FlurryOfBlows","floor":29},{"not_picked":["MasterReality","ConjureBlade"],"picked":"Devotion","floor":33},{"not_picked":["FlyingSleeves","DeceiveReality","JustLucky+1"],"picked":"SKIP","floor":35},{"not_picked":["EmptyFist+1","Halt+1","SashWhip"],"picked":"SKIP","floor":36},{"not_picked":["Prostrate","FollowUp","LessonLearned"],"picked":"SKIP","floor":37},{"not_picked":["BowlingBash","WheelKick"],"picked":"CutThroughFate","floor":39},{"not_picked":["Prostrate+1","EmptyFist+1"],"picked":"TalkToTheHand","floor":41},{"not_picked":["WheelKick+1","Evaluate+1","Protect"],"picked":"SKIP","floor":42},{"not_picked":["Halt+1","CarveReality","EmptyFist"],"picked":"SKIP","floor":44},{"not_picked":["Protect","FlurryOfBlows+1","BowlingBash"],"picked":"SKIP","floor":46},{"not_picked":["Sanctity+1","Prostrate","Vault"],"picked":"SKIP","floor":48}],"player_experience":142482,"relics_obtained":[{"floor":7,"key":"Lantern"},{"floor":9,"key":"Pear"},{"floor":13,"key":"Yang"},{"floor":23,"key":"Blood Vial"},{"floor":25,"key":"The Courier"},{"floor":26,"key":"Meat on the Bone"},{"floor":43,"key":"Ancient Tea Set"}],"event_choices":[{"damage_healed":0,"gold_gain":0,"player_choice":"Donut","damage_taken":0,"max_hp_gain":5,"max_hp_loss":0,"event_name":"Big Fish","floor":5,"gold_loss":0},{"damage_healed":0,"gold_gain":0,"player_choice":"Ignored","damage_taken":0,"max_hp_gain":0,"max_hp_loss":0,"event_name":"Liars Game","floor":12,"gold_loss":0},{"damage_healed":0,"gold_gain":0,"cards_transformed":["Strike_P","Defend_P"],"player_choice":"Became Test Subject","damage_taken":0,"max_hp_gain":0,"max_hp_loss":0,"event_name":"Drug Dealer","floor":27,"gold_loss":0,"cards_obtained":["WheelKick","Conclude"]},{"damage_healed":29,"gold_gain":0,"player_choice":"Heal","damage_taken":0,"max_hp_gain":0,"max_hp_loss":0,"event_name":"The Library","floor":30,"gold_loss":0}],"is_beta":false,"boss_relics":[{"not_picked":["Pandora\u0027s Box","Black Star"],"picked":"VioletLotus"},{"not_picked":["Calling Bell","Cursed Key"],"picked":"SlaversCollar"}],"items_purged_floors":[2,11,20,31,38],"is_endless":false,"potions_floor_spawned":[4,13,18,21,23,29,36,39,42,44,46],"ascension_level":7}}