{"host":"y24pqu7jih1n8m3t","time":1612238670,"event":{"mods":["AchievementEnabler","BaseMod","Bestiary","Block Reminder","Colored Map","Colored Powertips","DeckTracker","Highlight Path","Minty Spire (QoL Compilation)","Permanent Neow","Quick Restart","Rare Cards Sparkle","Relic Stats"],"gold_per_floor":[116,35,45,61,78,78,78,78],"floor_reached":7,"language":"ENG","playtime":393,"items_purged":[],"score":49,"play_id":"0e1577b2-699e-4b9d-9c5a-f3b7cac4c99a","local_time":"20210201230430","is_ascension_mode":true,"campfire_choices":[{"data":"Body Slam","floor":6,"key":"SMITH"}],"circlet_count":0,"master_deck":["Strike_R","Strike_R","Strike_R","Strike_R","Strike_R","Defend_R","Defend_R","Defend_R","Defend_R","Bash","CurseOfTheBell","Clothesline","Uppercut","Armaments","Body Slam+1","Rupture"],"relics":["Calling Bell","Boot","Meat on the Bone","Dead Branch"],"acts_visited":["Exordium"],"potions_floor_usage":[],"damage_taken":[{"damage":15.0,"enemies":"Small Slimes","floor":1.0,"turns":4.0},{"damage":6.0,"enemies":"Cultist","floor":3.0,"turns":3.0},{"damage":2.0,"enemies":"2 Louse","floor":4.0,"turns":2.0},{"damage":26,"enemies":"Lots of Slimes","floor":5,"turns":6},{"damage":57,"enemies":"Lagavulin","floor":7,"turns":8}],"seed_played":"4270160378664590167","potions_obtained":[{"floor":3.0,"key":"LiquidBronze"},{"floor":5,"key":"LiquidBronze"}],"is_trial":false,"path_per_floor":["M","$","M","M","M","R","E"],"character_chosen":"IRONCLAD","items_purchased":["Uppercut"],"campfire_rested":0,"item_purchase_floors":[2],"current_hp_per_floor":[65,65,59,57,43,43,0,0],"gold":78,"neow_bonus":"BOSS_RELIC","is_daily":false,"chose_seed":false,"campfire_upgraded":1,"win_rate":0.0,"timestamp":1612238670,"path_taken":["M","$","M","M","M","R","E"],"items_purchased_type":["Card"],"build_version":"2020-12-22","purchased_purges":0,"victory":false,"max_hp_per_floor":[80,80,80,80,80,80,80,80],"relic_stats":{"counters":[5,23],"Dead Branch":[0],"Boot":[3],"obtain_stats":[{"Calling Bell":0,"Dead Branch":0,"Boot":0,"Burning Blood":0,"Meat on the Bone":0},{"Calling Bell":0,"Dead Branch":0,"Boot":0,"Burning Blood":0,"Meat on the Bone":0},{"Calling Bell":0,"Dead Branch":0,"Boot":0,"Burning Blood":0,"Meat on the Bone":0}],"Meat on the Bone":12},"card_choices":[{"not_picked":["Heavy Blade","Body Slam"],"picked":"Clothesline","floor":1.0},{"not_picked":["Searing Blow","Dark Embrace"],"picked":"Armaments","floor":3.0},{"not_picked":["Warcry","Power Through"],"picked":"Body Slam","floor":4.0},{"not_picked":["Headbutt","Combust"],"picked":"Rupture","floor":5}],"player_experience":212979,"relics_obtained":[{"floor":0.0,"key":"Boot"},{"floor":0.0,"key":"Meat on the Bone"},{"floor":0.0,"key":"Dead Branch"}],"event_choices":[],"is_beta":false,"boss_relics":[],"items_purged_floors":[],"is_endless":false,"potions_floor_spawned":[3,5],"killed_by":"Lagavulin","ascension_level":3}}