{"host":"Vegetablebread","time":1612294386,"event":{"mods":["BaseMod","Bestiary","Minty Spire (QoL Compilation)","Relic Stats","Slay the Relics Exporter"],"gold_per_floor":[110,127,144,144,2,2,37,37,37,64,64,1,13,48,48,126,126,138,150,160,160,210,244,264,292,316,335,360,73,73,90,90,169,169,183,183,208,1207,1207,1235,920,542,542,542,557,107,118,151,151,151,151],"floor_reached":50,"language":"ENG","playtime":5996,"items_purged":["Bite","Normality","Normality","Defend_P"],"score":1477,"play_id":"c81f8ce6-12e4-47cd-bc29-31aabe51ccab","local_time":"20210202113306","is_ascension_mode":true,"campfire_choices":[{"data":"Fasting2","floor":6.0,"key":"SMITH"},{"data":"Eruption","floor":8.0,"key":"SMITH"},{"data":"Wallop","floor":15.0,"key":"SMITH"},{"data":"Fasting2","floor":30,"key":"SMITH"},{"data":"Blasphemy","floor":32,"key":"SMITH"},{"floor":49,"key":"RECALL"}],"circlet_count":0,"master_deck":["AscendersBane","Defend_P","Defend_P","Eruption+1","Vigilance","FollowUp","Conclude","Indignation","Crescendo","Fasting2+1","Halt","Brilliance","DeceiveReality","Halt","Wallop+1","Blasphemy+1","Halt","Adaptation","Bite","Bite","Bite","Bite","TalkToTheHand+1","Fasting2+1","Prostrate+1","Devotion","Halt+1","JustLucky+1","Wallop+1"],"relics":["Coffee Dripper","Mercury Hourglass","Gremlin Horn","Bottled Tornado","Vajra","Tiny Chest","Akabeko","Velvet Choker","Lantern","Molten Egg 2","Nunchaku","Centennial Puzzle","PreservedInsect","SlaversCollar","Juzu Bracelet","Strawberry","Bag of Marbles","Toolbox","Regal Pillow","Boot","Membership Card","Calipers","Eternal Feather"],"acts_visited":["Exordium","TheCity","TheBeyond"],"potions_floor_usage":[23,23,27,40,45,50],"damage_taken":[{"damage":2.0,"enemies":"Jaw Worm","floor":1.0,"turns":3.0},{"damage":0.0,"enemies":"Small Slimes","floor":2.0,"turns":1.0},{"damage":0.0,"enemies":"Cultist","floor":3.0,"turns":3.0},{"damage":2.0,"enemies":"Gremlin Nob","floor":7.0,"turns":3.0},{"damage":0.0,"enemies":"3 Sentries","floor":10.0,"turns":2.0},{"damage":0.0,"enemies":"Looter","floor":13.0,"turns":2.0},{"damage":0.0,"enemies":"Gremlin Nob","floor":14.0,"turns":2.0},{"damage":4.0,"enemies":"Hexaghost","floor":16.0,"turns":5.0},{"damage":0.0,"enemies":"2 Thieves","floor":18.0,"turns":1.0},{"damage":0,"enemies":"3 Byrds","floor":19,"turns":1},{"damage":0,"enemies":"Cultist and Chosen","floor":20,"turns":4},{"damage":20,"enemies":"Slavers","floor":23,"turns":4},{"damage":2,"enemies":"Snecko","floor":24,"turns":3},{"damage":0,"enemies":"Book of Stabbing","floor":25,"turns":3},{"damage":0,"enemies":"Chosen and Byrds","floor":27,"turns":3},{"damage":31,"enemies":"Slavers","floor":28,"turns":3},{"damage":0,"enemies":"Centurion and Healer","floor":31,"turns":18},{"damage":31,"enemies":"Automaton","floor":33,"turns":10},{"damage":0,"enemies":"Orb Walker","floor":35,"turns":3},{"damage":0,"enemies":"Giant Head","floor":40,"turns":3},{"damage":2,"enemies":"3 Shapes","floor":45,"turns":5},{"damage":0,"enemies":"Spire Growth","floor":47,"turns":3},{"damage":0,"enemies":"Reptomancer","floor":48,"turns":3},{"damage":62,"enemies":"Time Eater","floor":50,"turns":3}],"seed_played":"6805533851161128952","potions_obtained":[{"floor":3.0,"key":"Strength Potion"},{"floor":7.0,"key":"ColorlessPotion"},{"floor":10.0,"key":"DistilledChaos"},{"floor":16.0,"key":"SteroidPotion"},{"floor":19,"key":"GamblersBrew"},{"floor":20,"key":"Block Potion"},{"floor":23,"key":"Explosive Potion"},{"floor":27,"key":"BlessingOfTheForge"},{"floor":33,"key":"Fruit Juice"},{"floor":45,"key":"BottledMiracle"}],"is_trial":false,"path_per_floor":["M","M","M","?","$","R","E","R","T","E","?","?","M","E","R","B",null,"M","M","M","?","?","E","M","E","T","M","E","$","R","M","R","B",null,"M","T","T","?","?","E","$","$","T","T","M","$","M","E","R","B"],"character_chosen":"WATCHER","items_purchased":["Fasting2","Halt","PreservedInsect","AttackPotion","Bag of Marbles","JustLucky+1","Toolbox","DuplicationPotion","Membership Card","Calipers","Wallop+1"],"campfire_rested":0,"item_purchase_floors":[5,5,29,29,41,41,42,42,46,46,46],"current_hp_per_floor":[59,59,59,59,59,59,57,57,57,57,39,39,39,39,39,35,60,60,60,60,47,47,35,39,45,45,47,18,18,18,47,47,26,42,44,44,44,44,44,54,54,54,54,54,59,59,59,59,59,0,0],"gold":151,"neow_bonus":"BOSS_RELIC","is_daily":false,"chose_seed":false,"campfire_upgraded":5,"win_rate":0.0,"timestamp":1612294386,"path_taken":["M","M","M","?","$","R","E","R","T","E","?","?","M","E","R","BOSS","M","M","M","?","?","E","M","E","T","M","E","$","R","M","R","BOSS","M","?","?","?","?","E","?","$","T","?","M","$","M","E","R","BOSS"],"items_purchased_type":["Card","Card","Relic","Potion","Relic","Card","Relic","Potion","Relic","Relic","Card"],"build_version":"2020-12-18","purchased_purges":4,"victory":false,"max_hp_per_floor":[68,68,68,68,68,68,68,68,68,68,68,68,68,68,68,68,68,68,68,68,47,47,47,47,47,47,47,47,47,47,47,47,47,47,47,47,47,47,47,54,54,54,54,54,59,59,59,59,59,59,59],"relic_stats":{"Nunchaku":[7],"Centennial Puzzle":[6],"Regal Pillow":0,"Gremlin Horn":[13,13],"counters":[24,90],"Tiny Chest":2,"Eternal Feather":0,"PreservedInsect":193,"Juzu Bracelet":0,"Boot":[0],"obtain_stats":[{"Lantern":23,"Regal Pillow":43,"Calipers":46,"Gremlin Horn":9,"Vajra":11,"Velvet Choker":17,"Eternal Feather":48,"PreservedInsect":29,"Juzu Bracelet":37,"Bottled Tornado":10,"Boot":44,"Akabeko":14,"Mercury Hourglass":7,"SlaversCollar":34,"Nunchaku":26,"Centennial Puzzle":28,"Strawberry":40,"Toolbox":42,"Tiny Chest":12,"Molten Egg 2":25,"Coffee Dripper":0,"Bag of Marbles":41,"Membership Card":46,"PureWater":0},{"Lantern":12,"Regal Pillow":20,"Calipers":21,"Gremlin Horn":4,"Vajra":5,"Velvet Choker":8,"Eternal Feather":23,"PreservedInsect":16,"Juzu Bracelet":19,"Bottled Tornado":5,"Boot":20,"Akabeko":7,"Mercury Hourglass":4,"SlaversCollar":18,"Nunchaku":14,"Centennial Puzzle":16,"Strawberry":20,"Toolbox":20,"Tiny Chest":5,"Molten Egg 2":14,"Coffee Dripper":0,"Bag of Marbles":20,"Membership Card":21,"PureWater":0},{"Lantern":31,"Regal Pillow":77,"Calipers":82,"Gremlin Horn":10,"Vajra":12,"Velvet Choker":21,"Eternal Feather":87,"PreservedInsect":43,"Juzu Bracelet":74,"Bottled Tornado":12,"Boot":77,"Akabeko":16,"Mercury Hourglass":10,"SlaversCollar":71,"Nunchaku":37,"Centennial Puzzle":43,"Strawberry":77,"Toolbox":77,"Tiny Chest":12,"Molten Egg 2":37,"Coffee Dripper":0,"Bag of Marbles":77,"Membership Card":82,"PureWater":0}],"Mercury Hourglass":[366]},"card_choices":[{"not_picked":["Study","JustLucky"],"picked":"FollowUp","floor":1.0},{"not_picked":["EmptyBody","EmptyFist"],"picked":"Conclude","floor":2.0},{"not_picked":["WaveOfTheHand","PathToVictory"],"picked":"Indignation","floor":3.0},{"not_picked":["Swivel","CutThroughFate"],"picked":"Brilliance","floor":7.0},{"not_picked":["Pray","Nirvana"],"picked":"DeceiveReality","floor":10.0},{"not_picked":["Protect","Swivel"],"picked":"Halt","floor":13.0},{"not_picked":["Study","CutThroughFate"],"picked":"Wallop","floor":14.0},{"not_picked":["Omniscience","SpiritShield"],"picked":"Blasphemy","floor":16.0},{"not_picked":["Evaluate","EmptyBody","CrushJoints"],"picked":"SKIP","floor":18},{"not_picked":["PathToVictory","Perseverance"],"picked":"Halt","floor":19},{"not_picked":["EmptyMind","WheelKick"],"picked":"Adaptation","floor":20},{"not_picked":["Study","Conclude","SignatureMove"],"picked":"SKIP","floor":23},{"not_picked":["PathToVictory+1","FlurryOfBlows+1","BattleHymn"],"picked":"SKIP","floor":24},{"not_picked":["Prostrate+1","BowlingBash+1"],"picked":"TalkToTheHand+1","floor":25},{"not_picked":["ClearTheMind","Conclude+1"],"picked":"Fasting2","floor":27},{"not_picked":["Judgement","Collect","EmptyFist+1"],"picked":"SKIP","floor":28},{"not_picked":["Perseverance","BattleHymn"],"picked":"Prostrate+1","floor":31},{"not_picked":["ConjureBlade","DeusExMachina"],"picked":"Devotion","floor":33},{"not_picked":["EmptyBody","EmptyMind","BowlingBash+1"],"picked":"SKIP","floor":35},{"not_picked":["MasterReality","Weave+1"],"picked":"Halt+1","floor":40},{"not_picked":["FollowUp+1","Crescendo+1","Vengeance"],"picked":"SKIP","floor":45},{"not_picked":["PathToVictory","CrushJoints+1","Crescendo"],"picked":"SKIP","floor":47},{"not_picked":["Evaluate","SashWhip+1","Protect+1"],"picked":"SKIP","floor":48}],"player_experience":10411411,"relics_obtained":[{"floor":7.0,"key":"Mercury Hourglass"},{"floor":9.0,"key":"Gremlin Horn"},{"floor":10.0,"key":"Bottled Tornado"},{"floor":14.0,"key":"Akabeko"},{"floor":23,"key":"Lantern"},{"floor":25,"key":"Molten Egg 2"},{"floor":26,"key":"Nunchaku"},{"floor":28,"key":"Centennial Puzzle"},{"floor":37,"key":"Juzu Bracelet"},{"floor":40,"key":"Strawberry"},{"floor":43,"key":"Regal Pillow"},{"floor":44,"key":"Boot"},{"floor":48,"key":"Eternal Feather"}],"event_choices":[{"damage_healed":0.0,"max_hp_gain":0.0,"max_hp_loss":0.0,"gold_gain":0.0,"cards_transformed":["Defend_P"],"event_name":"Living Wall","player_choice":"Change","floor":4.0,"gold_loss":0.0,"damage_taken":0.0,"cards_obtained":["Crescendo"]},{"damage_healed":0.0,"max_hp_gain":0.0,"max_hp_loss":0.0,"gold_gain":0.0,"event_name":"Scrap Ooze","player_choice":"Success","floor":11.0,"gold_loss":0.0,"damage_taken":18.0,"relics_obtained":["Vajra"]},{"damage_healed":0.0,"max_hp_gain":0.0,"max_hp_loss":0.0,"gold_gain":0.0,"event_name":"WeMeetAgain","player_choice":"Paid Gold","floor":12.0,"gold_loss":63.0,"damage_taken":0.0,"relics_obtained":["Tiny Chest"]},{"damage_healed":0,"gold_gain":0,"player_choice":"Became a vampire","damage_taken":0,"max_hp_gain":0,"max_hp_loss":21,"event_name":"Vampires","floor":21,"gold_loss":0,"cards_obtained":["Bite","Bite","Bite","Bite","Bite"]},{"damage_healed":0,"gold_gain":100,"player_choice":"Bet on Murderer","damage_taken":0,"max_hp_gain":0,"max_hp_loss":0,"event_name":"The Joust","floor":22,"gold_loss":50},{"damage_healed":0,"gold_gain":999,"player_choice":"Gold","damage_taken":0,"max_hp_gain":0,"max_hp_loss":0,"event_name":"MindBloom","floor":38,"gold_loss":0,"cards_obtained":["Normality","Normality"]},{"damage_healed":0,"gold_gain":0,"player_choice":"Ignored","damage_taken":0,"max_hp_gain":0,"max_hp_loss":0,"event_name":"Tomb of Lord Red Mask","floor":39,"gold_loss":0}],"is_beta":true,"boss_relics":[{"not_picked":["Calling Bell","Busted Crown"],"picked":"Velvet Choker"},{"not_picked":["Runic Dome","Black Star"],"picked":"SlaversCollar"}],"items_purged_floors":[29,41,42,46],"is_endless":false,"potions_floor_spawned":[3,7,10,16,19,20,23,27,33,45],"killed_by":"Time Eater","ascension_level":20}}