{"host":"zzf13dk0jcen0ncv","time":1612251326,"event":{"mods":["AchievementEnabler","BaseMod","BetterRewards","Colored Map","Keyboard Shortcuts","Minty Spire (QoL Compilation)","Quick Restart","Shop Mod","StSLib","SuperFastMode","Waifu the Spire"],"gold_per_floor":[115,134,15,35,48,48,76,76,122,147,16,34,49,49,49],"floor_reached":14,"language":"KOR","playtime":512,"items_purged":["Strike_B"],"score":254,"play_id":"30ade72e-743e-4937-acf0-2815ebe258a1","local_time":"20210202163526","is_ascension_mode":true,"campfire_choices":[{"data":"Chaos","floor":6.0,"key":"SMITH"},{"data":"Heatsinks","floor":8.0,"key":"SMITH"}],"circlet_count":0,"master_deck":["AscendersBane","Strike_B","Strike_B","Strike_B","Defend_B","Defend_B","Defend_B","Defend_B","Zap","Dualcast","Turbo","Glacier","Loop","Capacitor","Turbo","Chill","Blind","Loop","Glacier","Force Field","Glacier","Loop","Self Repair","Double Energy","Coolheaded","Panacea","Go for the Eyes","Cold Snap","Chaos+1","Heatsinks+1","Thunder Strike","Storm","Ball Lightning","Defragment","Tempest"],"relics":["Cracked Core","Happy Flower","Anchor","Tiny Chest","Omamori","Bottled Flame","Ancient Tea Set"],"acts_visited":["Exordium"],"potions_floor_usage":[],"damage_taken":[{"damage":9.0,"enemies":"Cultist","floor":1.0,"turns":8.0},{"damage":0.0,"enemies":"Small Slimes","floor":2.0,"turns":9.0},{"damage":4.0,"enemies":"Jaw Worm","floor":4.0,"turns":11.0},{"damage":12.0,"enemies":"Large Slime","floor":5.0,"turns":11.0},{"damage":3.0,"enemies":"Lagavulin","floor":7.0,"turns":9.0},{"damage":47,"enemies":"3 Sentries","floor":10,"turns":16},{"damage":0,"enemies":"Red Slaver","floor":12,"turns":3},{"damage":14,"enemies":"Blue Slaver","floor":13,"turns":5},{"damage":44,"enemies":"Gremlin Nob","floor":14,"turns":5}],"seed_played":"3727455564740270864","potions_obtained":[{"floor":1.0,"key":"Strength Potion"},{"floor":5.0,"key":"LiquidBronze"},{"floor":13,"key":"Block Potion"}],"is_trial":false,"path_per_floor":["M","M","$","M","M","R","E","R","T","E","$","M","M","E"],"character_chosen":"DEFECT","items_purchased":["Turbo","Glacier","Loop","Happy Flower","Anchor","Capacitor","Turbo","Chill","Blind","Tiny Chest","Omamori","Loop","Glacier","Force Field","CeramicFish","Glacier","Loop","Self Repair","Panacea","Go for the Eyes","Storm","Ball Lightning"],"campfire_rested":0,"item_purchase_floors":[0,0,0,0,0,0,0,0,0,0,0,0,0,0,0,0,0,0,3,3,11,11],"current_hp_per_floor":[62,69,69,71,66,66,70,70,70,30,30,37,30,0,0],"gold":49,"neow_bonus":"","is_daily":false,"chose_seed":false,"campfire_upgraded":2,"win_rate":0.0,"timestamp":1612251326,"path_taken":["M","M","$","?","M","R","E","R","T","E","$","M","M","E"],"items_purchased_type":["Card","Card","Card","Relic","Relic","Card","Card","Card","Card","Relic","Relic","Card","Card","Card","Relic","Card","Card","Card","Card","Card","Card","Card"],"build_version":"2020-12-22","purchased_purges":1,"victory":false,"max_hp_per_floor":[71,71,71,71,71,71,71,71,71,71,71,71,71,71,71],"card_choices":[{"not_picked":["Steam","Beam Cell"],"picked":"Double Energy","floor":1.0},{"not_picked":["Lockon","Gash"],"picked":"Coolheaded","floor":2.0},{"not_picked":["Darkness","Barrage"],"picked":"Cold Snap","floor":4.0},{"not_picked":["Streamline","Stack"],"picked":"Chaos","floor":5.0},{"not_picked":["Doom and Gloom","Coolheaded"],"picked":"Heatsinks","floor":7.0},{"not_picked":["Beam Cell","Hologram"],"picked":"Thunder Strike","floor":10},{"not_picked":["Hello World","Genetic Algorithm"],"picked":"Defragment","floor":12},{"not_picked":["Static Discharge","Consume"],"picked":"Tempest","floor":13}],"player_experience":934262,"relics_obtained":[{"floor":7.0,"key":"Bottled Flame"},{"floor":10,"key":"Ancient Tea Set"}],"event_choices":[],"is_beta":false,"boss_relics":[],"items_purged_floors":[0],"is_endless":false,"potions_floor_spawned":[1,5,13],"killed_by":"Gremlin Nob","ascension_level":20}}