{"host":"ii5w5xfjx95sugaa","time":1612272448,"event":{"mods":["AchievementEnabler","BaseMod","Colored Powertips","Custom Start","Decade(王小明)","Minty Spire (QoL Compilation)","Permanent Neow","Quick Restart","SOS（斯巴达之子）","StSLib","The Bladedancer"],"gold_per_floor":[117,192,192,205,87,116,130,149,149,174,99,99,112,112,112,211,211,229,129,129,144,162,187,187,201,224,244,261,261,290,290,290,393,393,407,156,171,25,25,25,53,53,99,0,10,10,41,56,56,56,56],"floor_reached":50,"language":"ZHS","playtime":1984,"items_purged":["Bash","Corruption+1","Decay"],"score":631,"play_id":"bcbaaf1b-064f-41d0-aaa8-6189ba052739","local_time":"20210202212728","is_ascension_mode":true,"campfire_choices":[{"data":"Armaments","floor":12.0,"key":"SMITH"},{"floor":15.0,"key":"REST"},{"floor":24.0,"key":"REST"},{"floor":32.0,"key":"REST"},{"floor":40.0,"key":"REST"},{"floor":42.0,"key":"REST"},{"floor":49,"key":"REST"}],"circlet_count":0,"master_deck":["Strike_R","Strike_R","Strike_R","Strike_R","Strike_R","Defend_R","Clash","Clash","Armaments+1","Pommel Strike","Blood for Blood","Perfected Strike","Cleave","Armaments","Anger+1","Second Wind+1","Clash","Seeing Red+1","Pommel Strike","Battle Trance","Armaments+1","Clash+1"],"relics":["Black Star","Nunchaku","Darkstone Periapt","Red Skull","InkBottle","Sundial","HornCleat","Astrolabe","Kunai","Pocketwatch","Bag of Preparation","Bottled Lightning","Bag of Marbles","Fusion Hammer","Orichalcum","Paper Frog","Question Card","Anchor","Red Mask","Dream Catcher","MealTicket"],"acts_visited":["Exordium","TheCity","TheBeyond"],"potions_floor_usage":[47,50],"damage_taken":[{"damage":5.0,"enemies":"2 Louse","floor":1.0,"turns":3.0},{"damage":6.0,"enemies":"Jaw Worm","floor":4.0,"turns":3.0},{"damage":21.0,"enemies":"Lagavulin","floor":6.0,"turns":4.0},{"damage":0.0,"enemies":"Cultist","floor":7.0,"turns":2.0},{"damage":0.0,"enemies":"Blue Slaver","floor":8.0,"turns":2.0},{"damage":0.0,"enemies":"Gremlin Nob","floor":10.0,"turns":2.0},{"damage":3.0,"enemies":"Red Slaver","floor":13.0,"turns":2.0},{"damage":16.0,"enemies":"Slime Boss","floor":16.0,"turns":12.0},{"damage":0.0,"enemies":"Shell Parasite","floor":18.0,"turns":3.0},{"damage":10.0,"enemies":"Chosen","floor":21.0,"turns":3.0},{"damage":27.0,"enemies":"Shelled Parasite and Fungi","floor":22.0,"turns":4.0},{"damage":49.0,"enemies":"Gremlin Leader","floor":23.0,"turns":5.0},{"damage":0.0,"enemies":"Sentry and Sphere","floor":25.0,"turns":3.0},{"damage":7.0,"enemies":"Centurion and Healer","floor":27.0,"turns":3.0},{"damage":0.0,"enemies":"3 Cultists","floor":28.0,"turns":3.0},{"damage":5.0,"enemies":"Slavers","floor":30.0,"turns":4.0},{"damage":72.0,"enemies":"Collector","floor":33.0,"turns":8.0},{"damage":0.0,"enemies":"3 Shapes","floor":35.0,"turns":3.0},{"damage":0.0,"enemies":"Orb Walker","floor":37.0,"turns":1.0},{"damage":0.0,"enemies":"Transient","floor":39.0,"turns":1.0},{"damage":40.0,"enemies":"Reptomancer","floor":41.0,"turns":5.0},{"damage":0.0,"enemies":"Sphere and 2 Shapes","floor":45.0,"turns":3.0},{"damage":57,"enemies":"Giant Head","floor":47,"turns":7},{"damage":0,"enemies":"Spire Growth","floor":48,"turns":2},{"damage":40,"enemies":"Awakened One","floor":50,"turns":5}],"seed_played":"-4535536840255961315","potions_obtained":[{"floor":1.0,"key":"PowerPotion"},{"floor":4.0,"key":"DistilledChaos"},{"floor":16.0,"key":"DistilledChaos"},{"floor":21.0,"key":"BloodPotion"},{"floor":25.0,"key":"SmokeBomb"},{"floor":27.0,"key":"SkillPotion"},{"floor":28.0,"key":"Energy Potion"},{"floor":30.0,"key":"Energy Potion"},{"floor":35.0,"key":"Explosive Potion"},{"floor":45.0,"key":"Swift Potion"},{"floor":48,"key":"AttackPotion"}],"is_trial":false,"path_per_floor":["M","?","T","M","$","E","M","M","T","E","$","R","M","?","R","B",null,"M","$","?","M","M","E","R","M","T","M","M","?","E","?","R","B",null,"M","$","M","$","M","R","E","R","T","?","M","?","E","M","R","B"],"character_chosen":"IRONCLAD","items_purchased":["Clash","Armaments","Pommel Strike","GamblersBrew","Dexterity Potion","Orichalcum"],"campfire_rested":6,"item_purchase_floors":[5,5,5,36,36,38],"current_hp_per_floor":[75,64,64,58,58,37,37,37,37,37,37,37,34,34,58,42,80,80,80,80,70,43,10,34,34,34,27,27,33,28,56,81,9,86,86,86,86,86,86,86,46,71,71,71,71,71,14,14,38,0,0],"gold":56,"neow_bonus":"BOSS_RELIC","is_daily":false,"chose_seed":false,"campfire_upgraded":1,"win_rate":0.0,"timestamp":1612272448,"path_taken":["M","?","?","?","$","E","M","M","T","E","$","R","M","?","R","BOSS","M","$","?","M","M","E","R","M","T","M","?","?","E","?","R","BOSS","M","$","M","$","M","R","E","R","T","?","M","?","E","M","R","BOSS"],"items_purchased_type":["Card","Card","Card","Potion","Potion","Relic"],"build_version":"2020-12-22","purchased_purges":3,"victory":false,"max_hp_per_floor":[80,80,80,80,80,80,80,80,80,80,80,80,80,80,80,80,80,80,80,80,80,80,80,80,80,80,80,80,86,86,86,86,86,86,86,86,86,86,86,86,86,86,86,86,86,82,82,82,82,82,82],"card_choices":[{"not_picked":["Dark Embrace","Entrench"],"picked":"Clash","floor":1.0},{"not_picked":["Thunderclap","Warcry"],"picked":"Iron Wave","floor":4.0},{"not_picked":["Heavy Blade","Shockwave"],"picked":"Blood for Blood","floor":6.0},{"not_picked":["Havoc","Pummel","Wild Strike"],"picked":"SKIP","floor":7.0},{"not_picked":["Havoc","Juggernaut"],"picked":"Perfected Strike","floor":8.0},{"not_picked":["Seeing Red","Limit Break"],"picked":"Cleave","floor":10.0},{"not_picked":["Anger","Sentinel"],"picked":"Armaments","floor":13.0},{"not_picked":["Hemokinesis","Power Through","Thunderclap"],"picked":"SKIP","floor":18.0},{"not_picked":["Hemokinesis+1","Anger","Shockwave"],"picked":"SKIP","floor":21.0},{"not_picked":["Shockwave","Metallicize","Body Slam+1"],"picked":"SKIP","floor":22.0},{"not_picked":["Sever Soul","Anger"],"picked":"Seeing Red+1","floor":23.0},{"not_picked":["Flex+1","Anger","Heavy Blade"],"picked":"SKIP","floor":25.0},{"not_picked":["Dropkick","Disarm","Bloodletting+1"],"picked":"SKIP","floor":27.0},{"not_picked":["True Grit","Reckless Charge+1","Feel No Pain"],"picked":"SKIP","floor":28.0},{"not_picked":["Power Through","Sever Soul"],"picked":"Pommel Strike","floor":30.0},{"not_picked":["Havoc+1","Searing Blow+1","Body Slam"],"picked":"SKIP","floor":35.0},{"not_picked":["Warcry+1","Thunderclap+1","Entrench+1"],"picked":"SKIP","floor":37.0},{"not_picked":["Dropkick","Headbutt+1"],"picked":"Battle Trance","floor":41.0},{"not_picked":["Searing Blow","Power Through","Dual Wield+1"],"picked":"Armaments+1","floor":45.0},{"not_picked":["Body Slam","Twin Strike","Double Tap","Bloodletting"],"picked":"SKIP","floor":47},{"not_picked":["Shrug It Off","Entrench","Iron Wave"],"picked":"Clash+1","floor":48}],"player_experience":120173,"relics_obtained":[{"floor":3.0,"key":"Nunchaku"},{"floor":6.0,"key":"Darkstone Periapt"},{"floor":6.0,"key":"Red Skull"},{"floor":9.0,"key":"InkBottle"},{"floor":10.0,"key":"Sundial"},{"floor":10.0,"key":"HornCleat"},{"floor":23.0,"key":"Kunai"},{"floor":23.0,"key":"Pocketwatch"},{"floor":26.0,"key":"Bag of Preparation"},{"floor":30.0,"key":"Bottled Lightning"},{"floor":30.0,"key":"Bag of Marbles"},{"floor":41.0,"key":"Paper Frog"},{"floor":41.0,"key":"Question Card"},{"floor":43.0,"key":"Anchor"},{"floor":47,"key":"Dream Catcher"},{"floor":47,"key":"MealTicket"}],"event_choices":[{"damage_healed":0.0,"max_hp_gain":0.0,"max_hp_loss":0.0,"gold_gain":75.0,"event_name":"World of Goop","player_choice":"Gather Gold","floor":2.0,"gold_loss":0.0,"damage_taken":11.0},{"cards_removed":["Iron Wave"],"damage_healed":0.0,"max_hp_gain":0.0,"max_hp_loss":0.0,"gold_gain":0.0,"event_name":"Purifier","player_choice":"Purged","floor":14.0,"gold_loss":0.0,"damage_taken":0.0},{"damage_healed":0.0,"max_hp_gain":0.0,"max_hp_loss":0.0,"gold_gain":0.0,"event_name":"Duplicator","player_choice":"Copied","floor":20.0,"gold_loss":0.0,"damage_taken":0.0,"cards_obtained":["Clash"]},{"damage_healed":0.0,"max_hp_gain":0.0,"max_hp_loss":0.0,"gold_gain":0.0,"event_name":"Forgotten Altar","player_choice":"Smashed Altar","floor":29.0,"gold_loss":0.0,"damage_taken":0.0,"cards_obtained":["Decay"]},{"damage_healed":28.0,"max_hp_gain":0.0,"max_hp_loss":0.0,"gold_gain":0.0,"event_name":"The Library","player_choice":"Heal","floor":31.0,"gold_loss":0.0,"damage_taken":0.0},{"damage_healed":0.0,"max_hp_gain":0.0,"max_hp_loss":0.0,"gold_gain":0.0,"event_name":"Tomb of Lord Red Mask","player_choice":"Paid","floor":44.0,"gold_loss":99.0,"damage_taken":0.0,"relics_obtained":["Red Mask"]},{"damage_healed":0.0,"max_hp_gain":0.0,"max_hp_loss":4.0,"gold_gain":0.0,"event_name":"Winding Halls","player_choice":"Max HP","floor":46.0,"gold_loss":0.0,"damage_taken":0.0}],"is_beta":false,"boss_relics":[{"not_picked":["Mark of Pain","Velvet Choker"],"picked":"Astrolabe"},{"not_picked":["Runic Cube","SlaversCollar"],"picked":"Fusion Hammer"}],"items_purged_floors":[11,19,36],"is_endless":false,"potions_floor_spawned":[1,4,16,21,25,27,28,30,35,39,45,48],"killed_by":"Awakened One","ascension_level":1}}