{"host":"klrvvo16pazy794l","time":1612236911,"event":{"mods":["BaseMod","Minty Spire (QoL Compilation)"],"gold_per_floor":[15,35,48,59,59,59,70,100,123,123,123,123,146,161,161,282,282,297,297,71,95,108,108,141,184,184,184,184,199,199,214,214,340,340,360,385,6,6,6,6,30,30,30,30,363,36,50,61,61,61,61,61,22,22,22],"floor_reached":54,"language":"ENG","playtime":2923,"items_purged":["Injury","Amplify"],"score":811,"play_id":"510a77e0-1ffd-415f-9bee-585b6cd95356","local_time":"20210201213511","is_ascension_mode":true,"campfire_choices":[{"floor":6,"key":"REST"},{"data":"Zap","floor":10,"key":"SMITH"},{"data":"Consume","floor":15,"key":"SMITH"},{"data":"Static Discharge","floor":23,"key":"SMITH"},{"floor":30,"key":"REST"},{"floor":32,"key":"REST"},{"floor":40,"key":"RECALL"},{"data":"Machine Learning","floor":42,"key":"SMITH"},{"data":"Redo","floor":44,"key":"SMITH"},{"floor":49,"key":"REST"},{"data":"Capacitor","floor":52,"key":"SMITH"}],"circlet_count":0,"master_deck":["Strike_B","Defend_B","Defend_B","Defend_B","Zap+1","Dualcast","Consume+1","Coolheaded","Chill","Turbo","Capacitor+1","Rebound","Leap","Go for the Eyes","Machine Learning+1","CurseOfTheBell","Static Discharge+1","Sweeping Beam","Rebound","Force Field","Core Surge","Coolheaded+1","Redo+1","Barrage+1","Lockon"],"relics":["FrozenCore","Matryoshka","Regal Pillow","Mummified Hand","Happy Flower","White Beast Statue","Calling Bell","PreservedInsect","Gremlin Horn","Lizard Tail","Enchiridion","Chemical X","Darkstone Periapt","Red Mask","StoneCalendar","Membership Card","Vajra","Akabeko","Smiling Mask","ClockworkSouvenir","Shuriken","Strawberry"],"acts_visited":["Exordium","TheCity","TheBeyond","TheEnding"],"potions_floor_usage":[8,14,16,24,25,25,33,37,41],"damage_taken":[{"damage":1,"enemies":"Cultist","floor":1,"turns":3},{"damage":9,"enemies":"Jaw Worm","floor":2,"turns":3},{"damage":9,"enemies":"2 Louse","floor":3,"turns":3},{"damage":7,"enemies":"Large Slime","floor":4,"turns":7},{"damage":4,"enemies":"Looter","floor":7,"turns":3},{"damage":10,"enemies":"Lagavulin","floor":8,"turns":9},{"damage":1,"enemies":"2 Fungi Beasts","floor":13,"turns":4},{"damage":5,"enemies":"Exordium Thugs","floor":14,"turns":7},{"damage":9,"enemies":"Slime Boss","floor":16,"turns":14},{"damage":14,"enemies":"Spheric Guardian","floor":18,"turns":5},{"damage":4,"enemies":"Chosen","floor":21,"turns":6},{"damage":0,"enemies":"3 Cultists","floor":22,"turns":3},{"damage":32,"enemies":"Slavers","floor":24,"turns":3},{"damage":14,"enemies":"Masked Bandits","floor":25,"turns":4},{"damage":38,"enemies":"Snecko","floor":29,"turns":5},{"damage":6,"enemies":"Centurion and Healer","floor":31,"turns":7},{"damage":5,"enemies":"Champ","floor":33,"turns":12},{"damage":8,"enemies":"3 Darklings","floor":35,"turns":6},{"damage":15,"enemies":"3 Shapes","floor":36,"turns":7},{"damage":0,"enemies":"Writhing Mass","floor":41,"turns":7},{"damage":9,"enemies":"4 Shapes","floor":47,"turns":5},{"damage":12,"enemies":"Maw","floor":48,"turns":8},{"damage":27,"enemies":"Time Eater","floor":50,"turns":10},{"damage":139,"enemies":"Shield and Spear","floor":54,"turns":6}],"seed_played":"-7059955372489868139","potions_obtained":[{"floor":1,"key":"DistilledChaos"},{"floor":2,"key":"SteroidPotion"},{"floor":13,"key":"EssenceOfSteel"},{"floor":14,"key":"Fruit Juice"},{"floor":16,"key":"Dexterity Potion"},{"floor":18,"key":"SkillPotion"},{"floor":21,"key":"PowerPotion"},{"floor":24,"key":"Explosive Potion"},{"floor":25,"key":"Fire Potion"},{"floor":29,"key":"SteroidPotion"},{"floor":31,"key":"FocusPotion"},{"floor":33,"key":"EssenceOfSteel"},{"floor":35,"key":"Swift Potion"},{"floor":36,"key":"DistilledChaos"},{"floor":38,"key":"FairyPotion"},{"floor":38,"key":"SneckoOil"},{"floor":41,"key":"SteroidPotion"},{"floor":47,"key":"BlessingOfTheForge"}],"is_trial":false,"path_per_floor":["M","M","M","M","?","R","M","E","T","R","T","?","M","M","R","B",null,"M","?","$","M","M","R","E","?","T","?","?","M","R","M","R","B",null,"M","M","$","?","$","R","M","R","T","R","?","$","M","M","R","B",null,"R","$","E"],"character_chosen":"DEFECT","items_purchased":["Chemical X","Membership Card","Vajra","Fruit Juice","Akabeko","Redo","ClockworkSouvenir","Shuriken","Strawberry","PotionOfCapacity"],"campfire_rested":4,"item_purchase_floors":[20,37,37,37,37,37,46,46,46,53],"current_hp_per_floor":[74,65,56,49,31,53,49,39,39,39,39,39,38,38,38,29,80,66,50,50,46,46,46,14,40,40,40,40,2,41,35,74,69,80,72,57,62,62,62,62,62,62,62,62,62,69,60,48,90,63,92,92,92,0,0],"gold":22,"neow_bonus":"REMOVE_TWO","is_daily":false,"chose_seed":false,"campfire_upgraded":6,"win_rate":0.0,"timestamp":1612236911,"path_taken":["M","?","M","M","?","R","M","E","T","R","?","?","M","M","R","BOSS","M","?","$","M","M","R","E","?","T","?","?","M","R","M","R","BOSS","M","M","$","?","?","R","M","R","T","R","?","?","M","M","R","BOSS","R","$","E"],"items_purchased_type":["Relic","Relic","Relic","Potion","Relic","Card","Relic","Relic","Relic","Potion"],"build_version":"2020-12-22","purchased_purges":2,"victory":false,"max_hp_per_floor":[75,75,75,75,75,75,75,75,75,75,75,75,75,80,80,80,80,80,80,80,80,80,80,80,80,80,80,80,80,80,80,80,80,80,80,80,85,85,85,85,85,85,85,85,85,92,92,92,92,92,92,92,92,92,92],"card_choices":[{"not_picked":["Rebound","Undo"],"picked":"Consume","floor":1},{"not_picked":["Rebound","Go for the Eyes"],"picked":"Coolheaded","floor":2},{"not_picked":["Cold Snap","Skim"],"picked":"Chill","floor":3},{"not_picked":["Undo","Recycle"],"picked":"Turbo","floor":4},{"not_picked":["Sweeping Beam","Compile Driver"],"picked":"Capacitor","floor":7},{"not_picked":["Storm","Recycle"],"picked":"Rebound","floor":8},{"not_picked":["Buffer","Genetic Algorithm"],"picked":"Leap","floor":13},{"not_picked":["Chill","Conserve Battery"],"picked":"Go for the Eyes","floor":14},{"not_picked":["Meteor Strike","Amplify"],"picked":"Machine Learning","floor":16},{"not_picked":["Steam","Leap+1","Barrage"],"picked":"SKIP","floor":18},{"not_picked":["Sunder","Rebound"],"picked":"Compile Driver","floor":21},{"not_picked":["Conserve Battery","Sunder"],"picked":"Static Discharge","floor":22},{"not_picked":["Beam Cell","Steam","Cold Snap"],"picked":"SKIP","floor":24},{"not_picked":["Doom and Gloom","Gash+1"],"picked":"Force Field","floor":29},{"not_picked":["Ball Lightning","BootSequence"],"picked":"Amplify","floor":31},{"not_picked":["Hyperbeam","Amplify"],"picked":"Core Surge","floor":33},{"not_picked":["Streamline","Barrage+1","Sunder+1"],"picked":"SKIP","floor":35},{"not_picked":["Beam Cell+1","Streamline+1"],"picked":"Coolheaded+1","floor":36},{"not_picked":["Go for the Eyes+1","Tempest+1","Undo"],"picked":"SKIP","floor":41},{"not_picked":["Gash","Turbo+1"],"picked":"Barrage+1","floor":47},{"not_picked":["BootSequence+1","Hologram+1"],"picked":"Lockon","floor":48}],"player_experience":503312,"relics_obtained":[{"floor":8,"key":"Regal Pillow"},{"floor":9,"key":"Mummified Hand"},{"floor":11,"key":"Happy Flower"},{"floor":11,"key":"White Beast Statue"},{"floor":17,"key":"PreservedInsect"},{"floor":17,"key":"Gremlin Horn"},{"floor":17,"key":"Lizard Tail"},{"floor":19,"key":"Enchiridion"},{"floor":24,"key":"Darkstone Periapt"},{"floor":25,"key":"Red Mask"},{"floor":26,"key":"StoneCalendar"},{"floor":43,"key":"Smiling Mask"}],"event_choices":[{"damage_healed":0,"gold_gain":0,"player_choice":"Success","damage_taken":18,"relics_obtained":["Matryoshka"],"max_hp_gain":0,"max_hp_loss":0,"event_name":"Scrap Ooze","floor":5,"gold_loss":0},{"damage_healed":0,"gold_gain":0,"player_choice":"Take Wound","damage_taken":0,"relics_obtained":["Golden Idol"],"max_hp_gain":0,"max_hp_loss":0,"event_name":"Golden Idol","floor":12,"gold_loss":0,"cards_obtained":["Injury"]},{"damage_healed":0,"gold_gain":0,"player_choice":"Obtained Book","damage_taken":16,"max_hp_gain":0,"max_hp_loss":0,"event_name":"Cursed Tome","floor":19,"gold_loss":0},{"damage_healed":0,"gold_gain":0,"player_choice":"Fought Bandits","damage_taken":0,"max_hp_gain":0,"max_hp_loss":0,"event_name":"Masked Bandits","floor":25,"gold_loss":0},{"damage_healed":0,"gold_gain":0,"cards_transformed":["Strike_B","Compile Driver"],"player_choice":"Became Test Subject","damage_taken":0,"max_hp_gain":0,"max_hp_loss":0,"event_name":"Drug Dealer","floor":27,"gold_loss":0,"cards_obtained":["Sweeping Beam","Rebound"]},{"cards_removed":["Strike_B"],"damage_healed":0,"gold_gain":0,"player_choice":"Purged","damage_taken":0,"max_hp_gain":0,"max_hp_loss":0,"event_name":"Purifier","floor":28,"gold_loss":0},{"damage_healed":0,"gold_gain":0,"player_choice":"Got Potions","damage_taken":0,"max_hp_gain":0,"max_hp_loss":0,"event_name":"Lab","floor":38,"gold_loss":0},{"damage_healed":0,"gold_gain":333,"player_choice":"Gave Idol","damage_taken":0,"max_hp_gain":0,"max_hp_loss":0,"event_name":"The Moai Head","floor":45,"relics_lost":["Golden Idol"],"gold_loss":0}],"is_beta":false,"boss_relics":[{"not_picked":["Astrolabe","Velvet Choker"],"picked":"Calling Bell"},{"not_picked":["Pandora\u0027s Box","SacredBark"],"picked":"FrozenCore"}],"items_purged_floors":[20,46],"is_endless":false,"potions_floor_spawned":[1,2,13,14,16,18,21,22,24,25,29,31,33,35,36,41,47,48],"killed_by":"Shield and Spear","ascension_level":4}}