{"host":"xvgt0ylb0bh4kid5","time":1612253934,"event":{"mods":["AchievementEnabler","BaseMod","BetterRewards","Colored Map","Downfall","Duelist Mod","Highlight Path","Hubris","Hyrulean Relics","Infinite Spire","Marisa????????","Minty Spire (QoL Compilation)","Rare Cards Sparkle","Reorder Act Four","Replay The Spire","Shop Mod","StSLib","The Animator","The Bladedancer","The Cursed","The Forsaken","The Hierophant","The Jungle","The Necromancer","The Servant 0.9.4","Transform Curses"],"gold_per_floor":[117,314,140,140,187,222,222,247,247,258,287,287,189,208,208,304,304,292,292,292,292],"floor_reached":20,"language":"ENG","playtime":1208,"items_purged":[],"score":263,"play_id":"da89f8dd-a479-4f0e-8847-9bc5a3bfadd3","local_time":"20210202001854","is_ascension_mode":false,"campfire_choices":[{"floor":7,"key":"RECALL"},{"floor":12,"key":"REST"},{"data":"Siphon_Strength","floor":15,"key":"SMITH"}],"circlet_count":0,"master_deck":["theForsaken:TheForsaken_Strike","theForsaken:TheForsaken_Strike","theForsaken:TheForsaken_Strike","theForsaken:TheForsaken_Strike","theForsaken:TheForsaken_Defend","theForsaken:TheForsaken_Defend","theForsaken:TheForsaken_Defend","theForsaken:TheForsaken_Defend","theForsaken:Smite+1","theForsaken:Penitence","theForsaken:BountifulSunlight","theForsaken:Preservation","Replay:Dark Deal","theDuelist:DuelistAscender","Bone_Armor","Blood_Curse","Siphon_Strength+1","theForsaken:AncientWords","Forethought","Bone_Armor","Summon_Vampire_Lady"],"relics":["theForsaken:JudgementScales","NeowsBlessing","hubris:DisguiseKit","hubris:TenFootPole","Mango","Ornamental Fan","Gremlin Food","theForsaken:ArmorOfThorns","hubris:BottledHeart"],"acts_visited":["Exordium","TheCity"],"potions_floor_usage":[16],"damage_taken":[{"damage":0,"enemies":"Small Slimes","floor":1,"turns":1},{"damage":0,"enemies":"3 Sentries","floor":6,"turns":1},{"damage":0,"enemies":"Lagavulin","floor":8,"turns":1},{"damage":2,"enemies":"2 Louse","floor":10,"turns":5},{"damage":0,"enemies":"3 Sentries","floor":11,"turns":1},{"damage":1,"enemies":"Cultist","floor":14,"turns":4},{"damage":82,"enemies":"Slime Boss","floor":16,"turns":18},{"damage":35,"enemies":"2 Thieves","floor":18,"turns":4},{"damage":1,"enemies":"3 Byrds","floor":20,"turns":4}],"seed_played":"-7980405887855864123","potions_obtained":[{"floor":1,"key":"champ:CounterPotion"},{"floor":10,"key":"Reflective Coating"},{"floor":14,"key":"PowerPotion"},{"floor":16,"key":"SteroidPotion"},{"floor":18,"key":"SteroidPotion"}],"is_trial":false,"path_per_floor":["M","?","$","?","T","E","R","E","T","M","E","R","$","M","R","B",null,"M","?","M"],"character_chosen":"THE_FORSAKEN","items_purchased":["Replay:Dark Deal","Forethought"],"campfire_rested":1,"item_purchase_floors":[3,13],"current_hp_per_floor":[65,65,65,65,65,65,65,79,79,79,79,79,79,78,78,34,79,59,1,0,0],"gold":292,"neow_bonus":"THREE_ENEMY_KILL","is_daily":false,"chose_seed":false,"campfire_upgraded":1,"win_rate":0.0,"timestamp":1612253934,"path_taken":["M","?","?","?","?","E","R","E","T","M","E","R","$","M","R","BOSS","M","?","M"],"items_purchased_type":["Card","Card"],"build_version":"2020-12-22","purchased_purges":0,"victory":false,"max_hp_per_floor":[65,65,65,65,65,65,65,79,79,79,79,79,79,79,79,79,79,79,1,1,1],"card_choices":[{"not_picked":["theForsaken:PanicDive","theForsaken:RainingSunlight"],"picked":"theForsaken:BountifulSunlight","floor":1},{"not_picked":["theForsaken:ChargeAttack","theForsaken:ShieldBash"],"picked":"theForsaken:Preservation","floor":2},{"not_picked":["theForsaken:SpinAttack","theForsaken:WordsOfPestilence","theForsaken:PanicDive"],"picked":"Bone_Armor","floor":6},{"not_picked":["theForsaken:SiphonStrike","theForsaken:HymnOfPatience","theForsaken:BountifulSunlight"],"picked":"Blood_Curse","floor":8},{"not_picked":["theForsaken:ShieldCharge","theForsaken:HymnOfRest","theForsaken:Terrorize"],"picked":"Siphon_Strength","floor":10},{"not_picked":["theForsaken:MagicWeapon","theForsaken:StoreUp","Blood_Curse"],"picked":"theForsaken:AncientWords","floor":11},{"not_picked":["theForsaken:Thunderbolt","theForsaken:NobleSacrifice","theForsaken:ScorchingSunlight"],"picked":"Bone_Armor","floor":14},{"not_picked":["theForsaken:DarkRift","theForsaken:CorruptedForm","theForsaken:Mantra"],"picked":"Summon_Vampire_Lady","floor":16},{"not_picked":["theForsaken:HymnOfPatience","theForsaken:ChargeAttack","theForsaken:Tranquility","Bone_Armor"],"picked":"SKIP","floor":18}],"player_experience":109262,"relics_obtained":[{"floor":6,"key":"hubris:TenFootPole"},{"floor":8,"key":"Mango"},{"floor":9,"key":"Ornamental Fan"},{"floor":11,"key":"Gremlin Food"}],"event_choices":[],"is_beta":false,"boss_relics":[{"not_picked":["Replay:Wanted Poster","Kintsugi"],"picked":"theForsaken:ArmorOfThorns"}],"items_purged_floors":[],"is_endless":false,"potions_floor_spawned":[1,10,14,16,18],"killed_by":"3 Byrds","ascension_level":0}}