{"host":"g907ck67u7c3hrs6","time":1612274647,"event":{"mods":["BaseMod","Colored Map","DeckTracker","Highlight Path","Keyboard Shortcuts","Minty Spire (QoL Compilation)","Permanent Neow","Say the Spire","SuperFastMode"],"gold_per_floor":[117,67,85,14,27,56,56,56,56,56,68,68,81,112,112,112,112],"floor_reached":16,"language":"KOR","playtime":303,"items_purged":[],"score":110,"play_id":"4dce81b5-affb-499f-a537-7219856455bf","local_time":"20210202230407","daily_mods":["Cursed Run","Blue Cards","Night Terrors"],"is_ascension_mode":false,"campfire_choices":[{"data":"Phantasmal Killer","floor":10,"key":"SMITH"},{"data":"Skewer","floor":12,"key":"SMITH"},{"data":"Hyperbeam","floor":15,"key":"SMITH"}],"circlet_count":0,"master_deck":["Strike_G+1","Strike_G","Strike_G","Strike_G+1","Defend_G","Defend_G","Defend_G","Defend_G","Defend_G","Survivor","Neutralize","Caltrops","White Noise","Defragment","Skewer+1","Phantasmal Killer+1","Clumsy","Heatsinks","Hyperbeam+1"],"relics":["Cursed Key","Darkstone Periapt","Du-Vu Doll","Eternal Feather","Strawberry","Boot"],"acts_visited":["Exordium"],"potions_floor_usage":[],"damage_taken":[{"damage":2,"enemies":"2 Louse","floor":1,"turns":3},{"damage":0,"enemies":"Small Slimes","floor":3,"turns":3},{"damage":0,"enemies":"Jaw Worm","floor":5,"turns":4},{"damage":17,"enemies":"Lagavulin","floor":6,"turns":9},{"damage":0,"enemies":"Looter","floor":11,"turns":3},{"damage":0,"enemies":"Exordium Thugs","floor":13,"turns":4},{"damage":8,"enemies":"3 Sentries","floor":14,"turns":6},{"damage":14,"enemies":"The Guardian","floor":16,"turns":4}],"seed_played":"-2458513384334202359","potions_obtained":[{"floor":3,"key":"ColorlessPotion"},{"floor":6,"key":"Block Potion"},{"floor":11,"key":"Fire Potion"}],"is_trial":true,"path_per_floor":["M","?","M","$","M","E","?","$","T","R","M","R","M","E","R","B"],"character_chosen":"THE_SILENT","items_purchased":["Defragment"],"campfire_rested":0,"item_purchase_floors":[4],"current_hp_per_floor":[68,68,68,68,68,51,37,37,50,59,59,68,68,60,69,55,55],"gold":112,"neow_bonus":"","is_daily":false,"chose_seed":false,"campfire_upgraded":3,"win_rate":0.0,"timestamp":1612274647,"path_taken":["M","?","M","$","M","E","?","$","T","R","M","R","M","E","R","BOSS"],"items_purchased_type":["Card"],"build_version":"2020-12-22","purchased_purges":0,"victory":false,"max_hp_per_floor":[70,70,70,70,70,70,70,70,83,83,83,83,83,83,83,83,83],"card_choices":[{"not_picked":["Steam","Sweeping Beam"],"picked":"Caltrops","floor":1},{"not_picked":["Barrage","Quick Slash"],"picked":"White Noise","floor":3},{"not_picked":["Chaos","Redo"],"picked":"Skewer","floor":5},{"not_picked":["Slice","Stack"],"picked":"Phantasmal Killer","floor":6},{"not_picked":["Deflect","Poisoned Stab","Bane"],"picked":"SKIP","floor":11},{"not_picked":["Coolheaded","Steam"],"picked":"Heatsinks","floor":13},{"not_picked":["Barrage","Backflip"],"picked":"Hyperbeam","floor":14}],"player_experience":251853,"relics_obtained":[{"floor":6,"key":"Eternal Feather"},{"floor":9,"key":"Strawberry"},{"floor":14,"key":"Boot"}],"event_choices":[{"cards_removed":["Strike_G"],"damage_healed":0,"gold_gain":0,"player_choice":"Card Removal","damage_taken":0,"max_hp_gain":0,"max_hp_loss":0,"event_name":"The Cleric","floor":2,"gold_loss":50},{"damage_healed":0,"gold_gain":0,"player_choice":"Entered Light","damage_taken":14,"max_hp_gain":0,"max_hp_loss":0,"event_name":"Shining Light","floor":7,"gold_loss":0,"cards_upgraded":["Strike_G","Strike_G"]}],"is_beta":false,"boss_relics":[],"items_purged_floors":[],"is_endless":false,"potions_floor_spawned":[3,6,11,13],"killed_by":"The Guardian","ascension_level":0}}