{"host":"Alvar","time":1612262147,"event":{"mods":["AchievementEnabler","BaseMod","Minty Spire (QoL Compilation)","StSLib"],"gold_per_floor":[114,114,114,137,56,89,89,120,120,120,134,184,204,36,36,134,134,147,106,106,31,47,88,88,128,208,208,77,77,92,92,92,182,182,198,263,279,44,0,38,71,105,160,160,199,212,212,29,29,29,29,29,29,1,44,44],"floor_reached":57,"language":"ENG","playtime":3259,"items_purged":["Pain","Bite"],"score":3149,"play_id":"7963f7ff-78e9-4dbc-b50e-9041225e0545","local_time":"20210202173547","is_ascension_mode":true,"campfire_choices":[{"floor":10,"key":"REST"},{"data":"Caltrops","floor":15,"key":"SMITH"},{"floor":24,"key":"REST"},{"floor":27,"key":"REST"},{"floor":32,"key":"REST"},{"floor":44,"key":"RECALL"},{"floor":47,"key":"DIG"},{"floor":49,"key":"DIG"},{"floor":53,"key":"DIG"}],"circlet_count":0,"master_deck":["AscendersBane","Defend_G+1","Defend_G","Defend_G","Defend_G","Defend_G","Survivor","Neutralize","Deadly Poison+1","Blur","Flying Knee","Adrenaline","Infinite Blades","Caltrops+1","Calculated Gamble+1","After Image","Deadly Poison+1","Cloak And Dagger","Acrobatics","Footwork","Cloak And Dagger+1","Bite","Bite","Bite","Bite","Backflip+1","A Thousand Cuts","Outmaneuver+1","Blade Dance+1","Apotheosis+1","Dodge and Roll+1","Blade Dance+1","Expertise+1","Well Laid Plans","Escape Plan+1","Dodge and Roll+1","Noxious Fumes"],"relics":["Ring of the Snake","NeowsBlessing","Kunai","Golden Idol","Oddly Smooth Stone","Ice Cream","InkBottle","Lantern","Fusion Hammer","WarpedTongs","Thread and Needle","Boot","Toxic Egg 2","Enchiridion","SlaversCollar","WingedGreaves","Red Mask","Toy Ornithopter","Juzu Bracelet","Letter Opener","Shovel","Pen Nib","Anchor","White Beast Statue","War Paint"],"acts_visited":["Exordium","TheCity","TheBeyond","TheEnding"],"potions_floor_usage":[8,19,23,23,25,36,45,55,56,56],"damage_taken":[{"damage":0,"enemies":"Jaw Worm","floor":1,"turns":1},{"damage":0,"enemies":"2 Louse","floor":4,"turns":1},{"damage":0,"enemies":"Gremlin Nob","floor":6,"turns":1},{"damage":31,"enemies":"3 Sentries","floor":8,"turns":11},{"damage":0,"enemies":"Cultist","floor":11,"turns":3},{"damage":1,"enemies":"2 Fungi Beasts","floor":13,"turns":3},{"damage":2,"enemies":"Hexaghost","floor":16,"turns":9},{"damage":23,"enemies":"3 Byrds","floor":18,"turns":5},{"damage":5,"enemies":"2 Thieves","floor":19,"turns":5},{"damage":2,"enemies":"Sentry and Sphere","floor":22,"turns":7},{"damage":16,"enemies":"Gremlin Leader","floor":23,"turns":6},{"damage":1,"enemies":"Slavers","floor":25,"turns":8},{"damage":0,"enemies":"Snecko","floor":30,"turns":6},{"damage":0,"enemies":"Collector","floor":33,"turns":11},{"damage":0,"enemies":"3 Darklings","floor":35,"turns":4},{"damage":0,"enemies":"2 Orb Walkers","floor":36,"turns":5},{"damage":11,"enemies":"3 Shapes","floor":37,"turns":4},{"damage":0,"enemies":"Giant Head","floor":40,"turns":9},{"damage":0,"enemies":"Reptomancer","floor":41,"turns":5},{"damage":7,"enemies":"Nemesis","floor":42,"turns":5},{"damage":16,"enemies":"Reptomancer","floor":45,"turns":5},{"damage":0,"enemies":"Spire Growth","floor":46,"turns":5},{"damage":1,"enemies":"Donu and Deca","floor":50,"turns":10},{"damage":24,"enemies":"Time Eater","floor":51,"turns":12},{"damage":7,"enemies":"Shield and Spear","floor":55,"turns":8},{"damage":43,"enemies":"The Heart","floor":56,"turns":9}],"seed_played":"2750159856612132497","potions_obtained":[{"floor":1,"key":"SteroidPotion"},{"floor":6,"key":"CultistPotion"},{"floor":8,"key":"GamblersBrew"},{"floor":11,"key":"Poison Potion"},{"floor":22,"key":"AttackPotion"},{"floor":23,"key":"CunningPotion"},{"floor":33,"key":"GamblersBrew"},{"floor":40,"key":"Block Potion"},{"floor":41,"key":"CultistPotion"},{"floor":45,"key":"FearPotion"},{"floor":55,"key":"Ancient Potion"}],"is_trial":false,"path_per_floor":["M","?","?","M","$","E","?","E","T","R","M","?","M","$","R","B",null,"M","M","?","$","M","E","R","E","T","R","$","?","M","?","R","B",null,"M","?","M","$","?","E","E","E","T","R","E","M","R","$","R","B","B",null,"R","$","E","B",null],"character_chosen":"THE_SILENT","items_purchased":["Poison Potion","Flying Knee","Lantern","Footwork","Cloak And Dagger+1","Apotheosis+1","Dodge and Roll+1","Escape Plan+1","Dodge and Roll+1"],"campfire_rested":4,"item_purchase_floors":[5,5,14,28,28,38,38,48,54],"current_hp_per_floor":[59,54,54,54,54,54,54,23,23,41,41,41,40,40,40,38,55,32,27,27,27,25,9,27,26,26,44,44,42,42,21,33,42,42,42,42,33,33,33,42,42,41,41,41,38,42,42,42,42,42,42,42,42,42,42,23],"gold":44,"neow_bonus":"THREE_ENEMY_KILL","is_daily":false,"chose_seed":false,"campfire_upgraded":1,"win_rate":0.0,"timestamp":1612262147,"path_taken":["M","?","?","M","$","E","?","E","T","R","?","?","M","$","R","BOSS","M","M","?","$","?","E","R","E","T","R","$","?","M","?","R","BOSS","M","?","M","$","?","E","E","E","T","R","E","M","R","?","R","BOSS","BOSS","R","$","E","BOSS"],"items_purchased_type":["Potion","Card","Relic","Card","Card","Card","Card","Card","Card"],"build_version":"2020-12-18","purchased_purges":2,"victory":true,"max_hp_per_floor":[66,66,60,60,60,60,60,60,60,60,60,60,60,60,60,60,60,60,60,60,60,60,60,60,60,60,60,60,42,42,42,42,42,42,42,42,42,42,42,42,42,42,42,42,42,42,42,42,42,42,42,42,42,42,42,42],"card_choices":[{"not_picked":["Infinite Blades","Quick Slash"],"picked":"Deadly Poison","floor":1},{"not_picked":["Concentrate","Outmaneuver"],"picked":"Blur","floor":4},{"not_picked":["Backstab","Caltrops"],"picked":"Adrenaline","floor":6},{"not_picked":["Sucker Punch","Prepared"],"picked":"Infinite Blades","floor":8},{"not_picked":["Dodge and Roll","Terror"],"picked":"Caltrops","floor":11},{"not_picked":["Setup","Masterful Stab"],"picked":"Calculated Gamble","floor":13},{"not_picked":["Phantasmal Killer","Bullet Time"],"picked":"After Image","floor":16},{"not_picked":["Finisher","Sucker Punch","Distraction"],"picked":"SKIP","floor":18},{"not_picked":["Poisoned Stab","Expertise"],"picked":"Deadly Poison+1","floor":19},{"not_picked":["Infinite Blades+1","PiercingWail"],"picked":"Cloak And Dagger","floor":22},{"not_picked":["Calculated Gamble","Tactician","Bane"],"picked":"SKIP","floor":23},{"not_picked":["Infinite Blades","Prepared"],"picked":"Acrobatics","floor":25},{"not_picked":["Cloak And Dagger+1","Choke"],"picked":"Backflip+1","floor":30},{"not_picked":["Unload","Storm of Steel+1"],"picked":"A Thousand Cuts","floor":33},{"not_picked":["Blur+1","Dagger Throw"],"picked":"Outmaneuver+1","floor":35},{"not_picked":["Prepared+1","Slice"],"picked":"Blade Dance+1","floor":36},{"not_picked":["Quick Slash","Dagger Throw","Sucker Punch"],"picked":"SKIP","floor":37},{"not_picked":["Dodge and Roll+1","Distraction+1"],"picked":"Blade Dance+1","floor":40},{"not_picked":["Finisher","Sucker Punch","Endless Agony"],"picked":"SKIP","floor":41},{"not_picked":["Terror+1","Deadly Poison+1"],"picked":"Expertise+1","floor":42},{"not_picked":["Underhanded Strike","Footwork"],"picked":"Well Laid Plans","floor":45},{"not_picked":["Bane","Tools of the Trade","Eviscerate"],"picked":"SKIP","floor":46},{"not_picked":["Riddle With Holes+1","Underhanded Strike"],"picked":"Noxious Fumes","floor":55}],"player_experience":793807,"relics_obtained":[{"floor":6,"key":"Oddly Smooth Stone"},{"floor":8,"key":"Ice Cream"},{"floor":9,"key":"InkBottle"},{"floor":23,"key":"Thread and Needle"},{"floor":25,"key":"Boot"},{"floor":26,"key":"Toxic Egg 2"},{"floor":31,"key":"Enchiridion"},{"floor":36,"key":"WingedGreaves"},{"floor":40,"key":"Toy Ornithopter"},{"floor":41,"key":"Juzu Bracelet"},{"floor":42,"key":"Letter Opener"},{"floor":45,"key":"Shovel"},{"floor":47,"key":"Pen Nib"},{"floor":49,"key":"Anchor"},{"floor":53,"key":"White Beast Statue"},{"floor":55,"key":"War Paint"}],"event_choices":[{"damage_healed":0,"gold_gain":0,"player_choice":"Success","damage_taken":5,"relics_obtained":["Kunai"],"max_hp_gain":0,"max_hp_loss":0,"event_name":"Scrap Ooze","floor":2,"gold_loss":0},{"damage_healed":0,"gold_gain":0,"player_choice":"Lose Max HP","damage_taken":0,"relics_obtained":["Golden Idol"],"max_hp_gain":0,"max_hp_loss":6,"event_name":"Golden Idol","floor":3,"gold_loss":0},{"damage_healed":0,"gold_gain":0,"player_choice":"Upgraded","damage_taken":0,"max_hp_gain":0,"max_hp_loss":0,"event_name":"Upgrade Shrine","floor":7,"gold_loss":0,"cards_upgraded":["Deadly Poison"]},{"damage_healed":0,"gold_gain":50,"player_choice":"Pray","damage_taken":0,"max_hp_gain":0,"max_hp_loss":0,"event_name":"Golden Shrine","floor":12,"gold_loss":0},{"damage_healed":0,"gold_gain":0,"player_choice":"Rummage","damage_taken":0,"relics_obtained":["WarpedTongs"],"max_hp_gain":0,"max_hp_loss":0,"event_name":"Accursed Blacksmith","floor":20,"gold_loss":0,"cards_obtained":["Pain"]},{"damage_healed":0,"gold_gain":0,"player_choice":"Became a vampire","damage_taken":0,"max_hp_gain":0,"max_hp_loss":18,"event_name":"Vampires","floor":29,"gold_loss":0,"cards_obtained":["Bite","Bite","Bite","Bite","Bite"]},{"damage_healed":0,"gold_gain":0,"player_choice":"Obtained Book","damage_taken":21,"max_hp_gain":0,"max_hp_loss":0,"event_name":"Cursed Tome","floor":31,"gold_loss":0},{"damage_healed":0,"gold_gain":0,"player_choice":"Fight","damage_taken":0,"max_hp_gain":0,"max_hp_loss":0,"event_name":"Mysterious Sphere","floor":36,"gold_loss":0},{"damage_healed":0,"gold_gain":0,"player_choice":"Paid","damage_taken":0,"relics_obtained":["Red Mask"],"max_hp_gain":0,"max_hp_loss":0,"event_name":"Tomb of Lord Red Mask","floor":39,"gold_loss":44}],"is_beta":true,"boss_relics":[{"not_picked":["Busted Crown","Calling Bell"],"picked":"Fusion Hammer"},{"not_picked":["Empty Cage","Pandora\u0027s Box"],"picked":"SlaversCollar"}],"items_purged_floors":[21,48],"is_endless":false,"potions_floor_spawned":[1,6,8,11,22,23,33,40,41,42,45,55],"ascension_level":20}}