{"host":"sc0o2qwpf9j16a4i","time":1612271748,"event":{"mods":["AchievementEnabler","BaseMod","BetterRewards","Block Reminder","Colored Map","Colored Powertips","Custom Start","Highlight Path","Minty Spire (QoL Compilation)","Relic Stats"],"gold_per_floor":[113,130,147,2,14,49,79,79,79,28,55,0,13,25,25,99,99,111,130,130,130,130,130],"floor_reached":22,"language":"ENG","playtime":486,"items_purged":[],"score":442,"play_id":"580bd983-bd37-4320-92d4-2c01df1b602d","local_time":"20210202151548","is_ascension_mode":true,"campfire_choices":[{"floor":15,"key":"REST"}],"circlet_count":0,"master_deck":["AscendersBane","Bash","Twin Strike","Pommel Strike","Anger","Inflame","Shockwave+1","Cleave","True Grit+1","Thunderclap","Spot Weakness+1","Barricade","Blood for Blood","Whirlwind","Pummel","Anger","Carnage","Perfected Strike","Second Wind+1"],"relics":["SlaversCollar","Whetstone","Toxic Egg 2","Magic Flower","Pandora\u0027s Box"],"acts_visited":["Exordium","TheCity"],"potions_floor_usage":[6,11,16,16,22],"damage_taken":[{"damage":7,"enemies":"Cultist","floor":1,"turns":4},{"damage":3,"enemies":"Small Slimes","floor":2,"turns":4},{"damage":7,"enemies":"Jaw Worm","floor":3,"turns":4},{"damage":7,"enemies":"2 Fungi Beasts","floor":5,"turns":3},{"damage":0,"enemies":"Gremlin Nob","floor":6,"turns":2},{"damage":8,"enemies":"Lagavulin","floor":11,"turns":6},{"damage":4,"enemies":"Large Slime","floor":13,"turns":5},{"damage":11,"enemies":"3 Louse","floor":14,"turns":3},{"damage":15,"enemies":"Slime Boss","floor":16,"turns":7},{"damage":0,"enemies":"3 Byrds","floor":18,"turns":4},{"damage":27,"enemies":"Spheric Guardian","floor":19,"turns":4},{"damage":36,"enemies":"Snake Plant","floor":22,"turns":3}],"seed_played":"306459071418213358","potions_obtained":[{"floor":2,"key":"Explosive Potion"},{"floor":3,"key":"Ancient Potion"},{"floor":6,"key":"Block Potion"},{"floor":14,"key":"DistilledChaos"},{"floor":19,"key":"Energy Potion"}],"is_trial":false,"path_per_floor":["M","M","M","$","M","E","?","?","T","$","E","?","M","M","R","B",null,"M","M","?","?","M"],"character_chosen":"IRONCLAD","items_purchased":["Inflame","Strength Potion","True Grit+1"],"campfire_rested":1,"item_purchase_floors":[4,4,10],"current_hp_per_floor":[61,58,51,51,44,44,44,37,37,37,29,29,25,14,36,21,62,62,35,35,35,0,0],"gold":130,"neow_bonus":"BOSS_RELIC","is_daily":false,"chose_seed":false,"campfire_upgraded":0,"win_rate":0.0,"timestamp":1612271748,"path_taken":["M","?","M","$","M","E","?","?","T","?","E","?","M","M","R","BOSS","M","M","?","?","M"],"items_purchased_type":["Card","Potion","Card"],"build_version":"2020-12-22","purchased_purges":0,"victory":false,"max_hp_per_floor":[75,75,75,75,75,75,75,75,75,75,75,75,75,75,75,75,75,75,75,75,75,75,75],"relic_stats":{"counters":[12,49],"Magic Flower":[0],"Pandora\u0027s Box":["Blood for Blood","Whirlwind","Sever Soul","Pummel","Anger","Carnage","Perfected Strike","Second Wind"],"Whetstone":["Strike_R","Strike_R"],"obtain_stats":[{"SlaversCollar":0,"Magic Flower":11,"Pandora\u0027s Box":17,"Whetstone":6,"Toxic Egg 2":9,"Burning Blood":0},{"SlaversCollar":0,"Magic Flower":6,"Pandora\u0027s Box":9,"Whetstone":5,"Toxic Egg 2":5,"Burning Blood":0},{"SlaversCollar":0,"Magic Flower":23,"Pandora\u0027s Box":38,"Whetstone":17,"Toxic Egg 2":17,"Burning Blood":0}]},"card_choices":[{"not_picked":["Power Through","True Grit"],"picked":"Twin Strike","floor":1},{"not_picked":["Headbutt","Armaments"],"picked":"Pommel Strike","floor":2},{"not_picked":["Power Through","Intimidate"],"picked":"Anger","floor":3},{"not_picked":["Twin Strike","Inflame"],"picked":"Shockwave","floor":5},{"not_picked":["Havoc","Disarm"],"picked":"Cleave","floor":6},{"not_picked":["Havoc+1","Burning Pact+1"],"picked":"Thunderclap","floor":11},{"not_picked":["Pommel Strike","Perfected Strike","Searing Blow"],"picked":"SKIP","floor":13},{"not_picked":["Twin Strike","Anger"],"picked":"Spot Weakness+1","floor":14},{"not_picked":["Berserk","Exhume+1"],"picked":"Barricade","floor":16},{"not_picked":["Headbutt","Twin Strike","Whirlwind"],"picked":"SKIP","floor":18},{"not_picked":["Fire Breathing+1","Clash","Body Slam"],"picked":"SKIP","floor":19}],"player_experience":1137906,"relics_obtained":[{"floor":6,"key":"Whetstone"},{"floor":9,"key":"Toxic Egg 2"},{"floor":11,"key":"Magic Flower"}],"event_choices":[{"damage_healed":0,"gold_gain":30,"player_choice":"Searched \u00271\u0027 times","damage_taken":0,"max_hp_gain":0,"max_hp_loss":0,"event_name":"Dead Adventurer","floor":7,"gold_loss":0},{"cards_removed":["Strike_R"],"damage_healed":0,"gold_gain":0,"player_choice":"Card Removal","damage_taken":7,"max_hp_gain":0,"max_hp_loss":0,"event_name":"Golden Wing","floor":8,"gold_loss":0},{"damage_healed":0,"gold_gain":0,"player_choice":"Left Gold","damage_taken":0,"max_hp_gain":0,"max_hp_loss":0,"event_name":"World of Goop","floor":12,"gold_loss":55},{"cards_removed":["Sever Soul"],"damage_healed":0,"gold_gain":0,"player_choice":"Elegance","damage_taken":0,"max_hp_gain":0,"max_hp_loss":0,"event_name":"Back to Basics","floor":20,"gold_loss":0},{"damage_healed":0,"gold_gain":0,"player_choice":"Forge","damage_taken":0,"max_hp_gain":0,"max_hp_loss":0,"event_name":"Accursed Blacksmith","floor":21,"gold_loss":0,"cards_upgraded":["Shockwave"]}],"is_beta":false,"boss_relics":[{"not_picked":["Calling Bell","Empty Cage"],"picked":"Pandora\u0027s Box"}],"items_purged_floors":[],"is_endless":false,"potions_floor_spawned":[2,3,6,14,19],"killed_by":"Snake Plant","ascension_level":20}}