{"host":"erjc6dqs793djrmy","time":1612242426,"event":{"mods":["BaseMod","Minty Spire (QoL Compilation)","StSLib","The Animator"],"gold_per_floor":[128,29,29,29,29,29,71,71,148,148,190,190,204,216,216,314,339,361,461,479,19,19,96,112,112,137,149,6,6,38,105,105,202,302,318,16,30,47,57,57,113,130,130,130,130],"floor_reached":44,"language":"ENG","playtime":4614,"items_purged":["animator:Strike"],"score":906,"play_id":"38a0c04e-0326-4f21-9b1e-1bad58ae53b0","local_time":"20210202000706","is_ascension_mode":true,"campfire_choices":[{"data":"animator:Albedo","floor":6,"key":"SMITH"},{"data":"animator:Tyuule","floor":12,"key":"SMITH"},{"data":"animator:Shizu","floor":15,"key":"SMITH"},{"floor":25,"key":"REST"},{"data":"animator:Emilia","floor":29,"key":"SMITH"},{"floor":32,"key":"REST"},{"data":"animator:Bozes","floor":40,"key":"SMITH"}],"circlet_count":0,"master_deck":["AscendersBane","animator:Strike_GATE","animator:Defend_GATE","animator:Strike","animator:Strike","animator:Defend","animator:Defend","animator:TukaLunaMarceau","animator:Kuribayashi","animator:ElricEdward","animator:ElricEdward","animator:Tyuule+1","animator:Albedo+1","animator:Shizu+1","Regret","animator:HinaKagiyama","animator:Curse_Dizziness","animator:Arpeggio","animator:YaoHaDucy","animator:MaesHughes","animator:Gilgamesh+10","animator:Pride","animator:RinTohsaka+1","animator:Emilia+1","animator:Shuna","animator:JeanneDArc","animator:Benimaru","animator:YaoHaDucy+1","animator:Shion+1","animator:Bozes+1","animator:Rimuru","CurseOfTheBell","animator:Alexander+1","animator:Saber+1","animator:PandorasActor","animator:Tyuule","animator:YaoHaDucy+1","animator:WinryRockbell+1"],"relics":["animator:LivingPicture","animator:TheMissingPiece","animator:PurgingStone","NeowsBlessing","Art of War","Ginger","Gremlin Horn","Vajra","Philosopher\u0027s Stone","PreservedInsect","Anchor","animator:CursedGlyph","Pear","Blood Vial","Dream Catcher","Calling Bell","Smiling Mask","Molten Egg 2","animator:WizardHat","Red Skull","Lee\u0027s Waffle","Darkstone Periapt"],"acts_visited":["Exordium","TheCity","TheBeyond"],"potions_floor_usage":[16,16,20,27,33,35,37,41],"damage_taken":[{"damage":0,"enemies":"Cultist","floor":1,"turns":1},{"damage":0,"enemies":"Lagavulin","floor":7,"turns":1},{"damage":0,"enemies":"Gremlin Nob","floor":11,"turns":1},{"damage":13,"enemies":"Jaw Worm","floor":13,"turns":3},{"damage":5,"enemies":"Small Slimes","floor":14,"turns":3},{"damage":13,"enemies":"Slime Boss","floor":16,"turns":9},{"damage":33,"enemies":"3 Byrds","floor":18,"turns":5},{"damage":14,"enemies":"Shell Parasite","floor":20,"turns":4},{"damage":21,"enemies":"animator:HornedBat","floor":23,"turns":6},{"damage":0,"enemies":"Chosen and Byrds","floor":24,"turns":5},{"damage":8,"enemies":"Snake Plant","floor":27,"turns":4},{"damage":0,"enemies":"Shelled Parasite and Fungi","floor":30,"turns":4},{"damage":16,"enemies":"Book of Stabbing","floor":31,"turns":5},{"damage":22,"enemies":"Collector","floor":33,"turns":9},{"damage":39,"enemies":"3 Darklings","floor":35,"turns":7},{"damage":7,"enemies":"Orb Walker","floor":37,"turns":4},{"damage":10,"enemies":"Sphere and 2 Shapes","floor":38,"turns":5},{"damage":0,"enemies":"Transient","floor":39,"turns":5},{"damage":51,"enemies":"Reptomancer","floor":41,"turns":5},{"damage":3,"enemies":"4 Shapes","floor":42,"turns":3},{"damage":31,"enemies":"2 Orb Walkers","floor":44,"turns":2}],"seed_played":"-2133268189974319358","potions_obtained":[{"floor":7,"key":"Weak Potion"},{"floor":11,"key":"DuplicationPotion"},{"floor":13,"key":"LiquidBronze"},{"floor":18,"key":"AttackPotion"},{"floor":23,"key":"AttackPotion"},{"floor":30,"key":"Swift Potion"},{"floor":31,"key":"EssenceOfSteel"},{"floor":33,"key":"Swift Potion"},{"floor":35,"key":"ColorlessPotion"}],"is_trial":false,"path_per_floor":["M","$","$","?","$","R","E","?","T","?","E","R","M","M","R","B",null,"M","?","M","$","?","E","M","R","T","M","$","R","M","E","R","B",null,"M","$","M","M","M","R","E","M","T","?"],"character_chosen":"THE_ANIMATOR","items_purchased":["animator:ElricEdward","animator:Tyuule","PreservedInsect","animator:Emilia","animator:Shuna","Blood Vial","Red Skull","Lee\u0027s Waffle"],"campfire_rested":2,"item_purchase_floors":[2,2,21,21,21,28,36,36],"current_hp_per_floor":[59,59,59,59,59,59,59,59,59,59,59,59,47,43,43,30,59,26,26,12,12,34,13,14,33,43,35,35,35,37,23,45,26,64,27,83,76,68,70,70,21,21,21,0,0],"gold":130,"neow_bonus":"THREE_ENEMY_KILL","is_daily":false,"chose_seed":false,"campfire_upgraded":5,"win_rate":0.0,"timestamp":1612242426,"path_taken":["M","?","$","?","$","R","E","?","T","?","E","R","M","M","R","BOSS","M","?","?","$","?","E","M","R","T","M","$","R","M","E","R","BOSS","M","$","M","M","M","R","E","M","T","?"],"items_purchased_type":["Card","Card","Relic","Card","Card","Relic","Relic","Relic"],"build_version":"2020-12-22","purchased_purges":1,"victory":false,"max_hp_per_floor":[66,66,66,66,66,66,66,66,66,66,66,66,67,68,68,68,68,68,68,68,68,68,64,65,65,75,75,75,75,75,75,75,76,76,76,83,83,83,83,83,83,84,84,84,84],"card_choices":[{"not_picked":["animator:Shuna","animator:ChaikaBohdan"],"picked":"animator:ElricEdward","floor":1},{"not_picked":["animator:Hakurou","animator:Shuna"],"picked":"animator:Shizu","floor":7},{"not_picked":["animator:Priestess","animator:IrohaTamaki"],"picked":"animator:Arpeggio","floor":11},{"not_picked":["animator:Kuribayashi","animator:LeleiLaLalena"],"picked":"animator:YaoHaDucy","floor":13},{"not_picked":["animator:Millim","animator:ChaikaBohdan"],"picked":"animator:MaesHughes","floor":14},{"not_picked":["animator:Rimuru","animator:Father"],"picked":"animator:Gilgamesh","floor":16},{"not_picked":["animator:Shigure","animator:Alexander"],"picked":"animator:Pride","floor":18},{"not_picked":["animator:YachiyoNanami","animator:MaesHughes"],"picked":"animator:RinTohsaka+1","floor":20},{"not_picked":["animator:Assassin","animator:Archer"],"picked":"animator:JeanneDArc","floor":23},{"not_picked":["animator:Souei","animator:Alexander"],"picked":"animator:Benimaru","floor":24},{"not_picked":["animator:Mitsuba","animator:GuildGirl"],"picked":"animator:YaoHaDucy+1","floor":27},{"not_picked":["animator:AcuraAkari","animator:Millim"],"picked":"animator:Shion+1","floor":30},{"not_picked":["animator:YaoHaDucy","animator:Kuribayashi"],"picked":"animator:Bozes","floor":31},{"not_picked":["animator:Kyubey","animator:SwordMaiden"],"picked":"animator:Rimuru","floor":33},{"not_picked":["animator:CowGirl","animator:GuildGirl"],"picked":"animator:Alexander+1","floor":35},{"not_picked":["animator:Lancer+1","animator:Berserker+1"],"picked":"animator:Saber+1","floor":37},{"not_picked":["animator:Hakurou+1","animator:CowGirl+1"],"picked":"animator:PandorasActor","floor":38},{"not_picked":["animator:LeleiLaLalena","animator:Arpeggio"],"picked":"animator:Tyuule","floor":39},{"not_picked":["animator:Arpeggio","animator:Kuribayashi+1"],"picked":"animator:YaoHaDucy+1","floor":41},{"not_picked":["animator:Mikaela+1","animator:ElricAlphonse"],"picked":"animator:WinryRockbell+1","floor":42}],"player_experience":369230,"relics_obtained":[{"floor":7,"key":"Art of War"},{"floor":9,"key":"Gremlin Horn"},{"floor":11,"key":"Vajra"},{"floor":23,"key":"Anchor"},{"floor":23,"key":"animator:CursedGlyph"},{"floor":26,"key":"Pear"},{"floor":31,"key":"Dream Catcher"},{"floor":34,"key":"Smiling Mask"},{"floor":34,"key":"Molten Egg 2"},{"floor":34,"key":"animator:WizardHat"},{"floor":41,"key":"Darkstone Periapt"}],"event_choices":[{"damage_healed":0,"gold_gain":0,"cards_transformed":["animator:Defend"],"player_choice":"Change","damage_taken":0,"max_hp_gain":0,"max_hp_loss":0,"event_name":"Living Wall","floor":4,"gold_loss":0,"cards_obtained":["animator:Albedo"]},{"damage_healed":0,"gold_gain":0,"player_choice":"Box","damage_taken":0,"relics_obtained":["Ginger"],"max_hp_gain":0,"max_hp_loss":0,"event_name":"Big Fish","floor":8,"gold_loss":0,"cards_obtained":["Regret"]},{"damage_healed":0,"gold_gain":100,"player_choice":"Pray","damage_taken":0,"max_hp_gain":0,"max_hp_loss":0,"event_name":"Golden Shrine","floor":19,"gold_loss":0},{"damage_healed":22,"gold_gain":0,"player_choice":"Heal","damage_taken":0,"max_hp_gain":0,"max_hp_loss":0,"event_name":"The Library","floor":22,"gold_loss":0},{"damage_healed":0,"gold_gain":0,"player_choice":"Fight","damage_taken":0,"max_hp_gain":0,"max_hp_loss":0,"event_name":"Mysterious Sphere","floor":44,"gold_loss":0}],"is_beta":false,"boss_relics":[{"not_picked":["animator:RacePiece","Busted Crown"],"picked":"Philosopher\u0027s Stone"},{"not_picked":["Runic Dome","Velvet Choker"],"picked":"Calling Bell"}],"items_purged_floors":[21],"is_endless":false,"potions_floor_spawned":[7,11,13,18,23,30,31,33,35],"killed_by":"2 Orb Walkers","ascension_level":11}}