{"host":"85sjp5lsubt86171","time":1612254942,"event":{"mods":["Act Like it!","BaseMod","BetterRewards","CapriCore","Colored Map","Gensokyo","Hallownest","Library of Ruina","Library of Ruina Extra","Minty Spire (QoL Compilation)","Quick Restart","Relic Stats","Shop Mod","Spicy Shops","StSLib","SuperFastMode","The Immortal","Waifu the Spire"],"gold_per_floor":[109,20,20,32,47,81,81,107,107,107,135,147,14,44,44,142,142,152,152,152,56,76,76,0,0,51,80,80,330,559,870,870,972,972,984,924,368,368,368,393,393,425,449,449,474,114,144,455,455,655,655,655,655,4,31,31],"floor_reached":57,"language":"ZHS","playtime":4026,"items_purged":["MokouMod:Defend","Shame"],"score":1816,"play_id":"e0fc9704-3598-40ba-9d0f-6fed44a7f705","local_time":"20210202163542","is_ascension_mode":true,"campfire_choices":[{"data":"MokouMod:Fireball","floor":10.0,"key":"SMITH"},{"data":"MokouMod:RisingSunBarrier","floor":12.0,"key":"SMITH"},{"data":"MokouMod:Overheat","floor":15.0,"key":"SMITH"},{"data":"MokouMod:Strike","floor":23.0,"key":"PURGE"},{"data":"MokouMod:Strike","floor":28.0,"key":"PURGE"},{"floor":32,"key":"RECALL"},{"data":"Injury","floor":49,"key":"PURGE"},{"data":"MokouMod:Strike+1","floor":53,"key":"PURGE"}],"circlet_count":0,"master_deck":["MokouMod:Defend+1","MokouMod:Defend+1","MokouMod:Fireball+1","MokouMod:Overheat+1","MokouMod:RisingSunBarrier+1","MokouMod:Firecracker+1","MokouMod:BurningDraft+1","MokouMod:ResonatingAura","MokouMod:HeatFactory","MokouMod:Geothermal","MokouMod:BurningDraft","Gensokyo:CustomPotion","MokouMod:Geothermal","MokouMod:Afterburner","MokouMod:PhoenixFeathers+1","MokouMod:Scorch+1","Parasite","Apotheosis","Deep Breath"],"relics":["MokouMod:PhoenixFeather","Gensokyo:PortableGap","PageOfSingingMachine","Sundial","Prayer Wheel","Juzu Bracelet","Peace Pipe","Gambling Chip","Whetstone","Runic Pyramid","PageOfAlriune","Orichalcum","Gensokyo:MosesMiracle","PageOfSpiderBud","War Paint","PageOfDeadButterflies","Oddly Smooth Stone","Cursed Key","Membership Card","Happy Flower","PageOfQueenBee","DollysMirror","PageOfWizard","MerchantsRug","Gensokyo:DualWield","InkBottle","Blood Vial","Lantern","PageOfScarecrow","Calipers","Akabeko","Pear","PageOfPinocchio","Centennial Puzzle","Pen Nib","Letter Opener","Boot","Du-Vu Doll"],"acts_visited":["Exordium","Gensokyo:Gensokyo","Gensokyo:Gensokyoer","TheEnding"],"potions_floor_usage":[33,33,56,56],"damage_taken":[{"damage":11.0,"enemies":"Gensokyo:2_Kodama","floor":1.0,"turns":4.0},{"damage":15.0,"enemies":"Gensokyo:Python","floor":4.0,"turns":4.0},{"damage":7.0,"enemies":"Gensokyo:3_Fairies","floor":5.0,"turns":4.0},{"damage":23.0,"enemies":"Gensokyo:Aya","floor":6.0,"turns":5.0},{"damage":2.0,"enemies":"Gensokyo:Mamizou","floor":8.0,"turns":9.0},{"damage":20.0,"enemies":"Gensokyo:Aya","floor":11.0,"turns":6.0},{"damage":0.0,"enemies":"Gensokyo:Mamizou","floor":14.0,"turns":8.0},{"damage":0.0,"enemies":"Gensokyo:Yukari","floor":16.0,"turns":9.0},{"damage":5.0,"enemies":"Gensokyo:3_Dogs","floor":18.0,"turns":5.0},{"damage":9.0,"enemies":"Gensokyo:AngelMirror","floor":22.0,"turns":8.0},{"damage":8.0,"enemies":"Gensokyo:Tenshi","floor":27.0,"turns":4.0},{"damage":9,"enemies":"Gensokyo:Reisen","floor":30,"turns":6},{"damage":2,"enemies":"Gensokyo:Wraith","floor":31,"turns":4},{"damage":5,"enemies":"Gensokyo:Kaguya","floor":33,"turns":6},{"damage":5,"enemies":"Gensokyo:3_Boulders","floor":35,"turns":2},{"damage":5,"enemies":"Gensokyo:Marisa","floor":40,"turns":4},{"damage":5,"enemies":"Gensokyo:Kasen","floor":42,"turns":3},{"damage":14,"enemies":"Gensokyo:Marisa","floor":45,"turns":3},{"damage":5,"enemies":"Gensokyo:Kasen","floor":47,"turns":4},{"damage":5,"enemies":"Gensokyo:AncientGuardian","floor":48,"turns":5},{"damage":0,"enemies":"Gensokyo:Scarlet_Devils","floor":50,"turns":3},{"damage":5,"enemies":"Shield and Spear","floor":55,"turns":3},{"damage":1,"enemies":"The Heart","floor":56,"turns":3}],"seed_played":"2805836257308486688","potions_obtained":[{"floor":4.0,"key":"GamblersBrew"},{"floor":11.0,"key":"SpeedPotion"},{"floor":14.0,"key":"FearPotion"},{"floor":27.0,"key":"LiquidMemories"},{"floor":30,"key":"LiquidMemories"},{"floor":42,"key":"PowerPotion"},{"floor":45,"key":"PowerPotion"}],"is_trial":false,"path_per_floor":["M","COS","?","M","M","E","?","E","T","R","E","R","$","E","R","B",null,"M","T","?","COS","M","R","?","?","T","E","R","?","E","M","R","B",null,"M","?","$","?","?","E","?","E","T","?","E","COS","E","M","R","B",null,null,"R","$","E","B",null],"character_chosen":"MKU","items_purchased":["Gambling Chip","Membership Card","Happy Flower","PageOfQueenBee","DollysMirror","PageOfWizard","MerchantsRug","Pear","PageOfPinocchio","Centennial Puzzle","Apotheosis","Pen Nib","Letter Opener","Boot","Deep Breath"],"campfire_rested":0,"item_purchase_floors":[13,37,37,37,37,37,37,54,54,54,54,54,54,54,54],"current_hp_per_floor":[57,57,57,42,35,12,12,10,10,10,7,7,7,7,7,7,62,57,57,55,55,46,46,46,46,46,38,38,38,29,27,27,22,49,44,44,44,44,44,39,39,34,34,34,22,22,40,40,40,40,40,40,40,50,47,50],"gold":31,"neow_bonus":"REMOVE_TWO","is_daily":false,"chose_seed":false,"campfire_upgraded":3,"win_rate":0.0,"timestamp":1612254942,"path_taken":["M","COS","?","M","M","E","?","E","T","R","E","R","?","E","R","BOSS","M","?","?","COS","M","R","?","?","T","E","R","?","E","M","R","BOSS","M","?","$","?","?","E","?","E","T","?","E","COS","E","M","R","BOSS","R","$","E","BOSS"],"items_purchased_type":["Relic","Relic","Relic","Relic","Relic","Relic","Relic","Relic","Relic","Relic","Card","Relic","Relic","Relic","Card"],"build_version":"2020-12-22","purchased_purges":2,"victory":true,"max_hp_per_floor":[68,68,62,62,62,62,62,62,62,62,62,62,62,62,62,62,62,62,62,55,55,55,52,52,52,52,52,52,49,49,49,49,49,49,49,49,49,49,46,46,46,43,43,43,43,40,40,40,40,40,40,40,40,50,50,50],"relic_stats":{"Happy Flower":[9],"counters":[23,112],"Pen Nib":[2],"Juzu Bracelet":3,"Whetstone":["MokouMod:Strike","MokouMod:Strike"],"Letter Opener":[183],"Orichalcum":[18],"War Paint":["MokouMod:Defend","MokouMod:Defend"],"Cursed Key":1,"Boot":[2],"Peace Pipe":7,"Blood Vial":6,"Centennial Puzzle":[6],"Sundial":[110],"Gambling Chip":[68],"Prayer Wheel":5,"obtain_stats":[{"Lantern":45,"Calipers":47,"PageOfAlriune":19,"Juzu Bracelet":8,"PageOfSingingMachine":5,"Whetstone":14,"Gensokyo:PortableGap":3,"Cursed Key":34,"Boot":54,"Gensokyo:DualWield":39,"PageOfSpiderBud":26,"Blood Vial":42,"PageOfScarecrow":46,"PageOfDeadButterflies":27,"Centennial Puzzle":54,"PageOfQueenBee":37,"Sundial":6,"DollysMirror":37,"Gambling Chip":13,"PageOfWizard":37,"Prayer Wheel":6,"PageOfPinocchio":54,"InkBottle":40,"Runic Pyramid":17,"MerchantsRug":37,"Pear":54,"Happy Flower":37,"Oddly Smooth Stone":30,"Gensokyo:MosesMiracle":31,"Pen Nib":54,"Letter Opener":54,"Orichalcum":20,"War Paint":27,"MawBank":11,"Akabeko":50,"Peace Pipe":9,"Du-Vu Doll":55,"Gensokyo:DayTheSeaSplit":25,"MokouMod:PhoenixFeather":0,"Membership Card":37},{"Lantern":18,"Calipers":19,"PageOfAlriune":9,"Juzu Bracelet":5,"PageOfSingingMachine":3,"Whetstone":7,"Gensokyo:PortableGap":1,"Cursed Key":14,"Boot":21,"Gensokyo:DualWield":15,"PageOfSpiderBud":10,"Blood Vial":17,"PageOfScarecrow":18,"PageOfDeadButterflies":11,"Centennial Puzzle":21,"PageOfQueenBee":15,"Sundial":4,"DollysMirror":15,"Gambling Chip":6,"PageOfWizard":15,"Prayer Wheel":4,"PageOfPinocchio":21,"InkBottle":16,"Runic Pyramid":8,"MerchantsRug":15,"Pear":21,"Happy Flower":15,"Oddly Smooth Stone":12,"Gensokyo:MosesMiracle":13,"Pen Nib":21,"Letter Opener":21,"Orichalcum":9,"War Paint":11,"MawBank":6,"Akabeko":21,"Peace Pipe":5,"Du-Vu Doll":22,"Gensokyo:DayTheSeaSplit":10,"MokouMod:PhoenixFeather":0,"Membership Card":15},{"Lantern":94,"Calipers":98,"PageOfAlriune":54,"Juzu Bracelet":26,"PageOfSingingMachine":12,"Whetstone":40,"Gensokyo:PortableGap":4,"Cursed Key":82,"Boot":106,"Gensokyo:DualWield":84,"PageOfSpiderBud":62,"Blood Vial":91,"PageOfScarecrow":94,"PageOfDeadButterflies":66,"Centennial Puzzle":106,"PageOfQueenBee":84,"Sundial":15,"DollysMirror":84,"Gambling Chip":32,"PageOfWizard":84,"Prayer Wheel":17,"PageOfPinocchio":106,"InkBottle":88,"Runic Pyramid":49,"MerchantsRug":84,"Pear":106,"Happy Flower":84,"Oddly Smooth Stone":72,"Gensokyo:MosesMiracle":76,"Pen Nib":106,"Letter Opener":106,"Orichalcum":54,"War Paint":65,"MawBank":32,"Akabeko":104,"Peace Pipe":26,"Du-Vu Doll":109,"Gensokyo:DayTheSeaSplit":62,"MokouMod:PhoenixFeather":0,"Membership Card":84}],"InkBottle":[32]},"card_choices":[{"not_picked":["MokouMod:AdaptivePyromancy","MokouMod:Singe","MokouMod:FlareStarter"],"picked":"SKIP","floor":1.0},{"not_picked":["MokouMod:AdaptivePyromancy","MokouMod:Singe","MokouMod:FlareStarter"],"picked":"SKIP","floor":1.0},{"not_picked":["MokouMod:FlamingFireTalons","MokouMod:PhoenixFeathers"],"picked":"MokouMod:Fireball","floor":4.0},{"not_picked":["MokouMod:HeatCyclone","MokouMod:ScorchingColumn"],"picked":"MokouMod:Overheat","floor":5.0},{"not_picked":["MokouMod:Wildfire","MokouMod:ScorchingColumn"],"picked":"MokouMod:RisingSunBarrier","floor":6.0},{"not_picked":["MokouMod:Trailblazer","MokouMod:Firecracker"],"picked":"MokouMod:BurningDraft","floor":8.0},{"not_picked":["MokouMod:TemporalFireSeal","MokouMod:IgneousBlow","MokouMod:AdaptivePyromancy"],"picked":"SKIP","floor":11.0},{"not_picked":["MokouMod:Overheat","MokouMod:InfernalWave","MokouMod:SearingShot"],"picked":"SKIP","floor":14.0},{"not_picked":["MokouMod:Rekindle","MokouMod:BurningHiddenBullet"],"picked":"MokouMod:ResonatingAura","floor":16.0},{"not_picked":["MokouMod:ResoluteFlare","MokouMod:TemporalFireSeal","MokouMod:Overheat"],"picked":"SKIP","floor":18.0},{"not_picked":["MokouMod:IgnitionBlast","MokouMod:RetainTemperature","MokouMod:SearingShot"],"picked":"SKIP","floor":18.0},{"not_picked":["MokouMod:BlazingComet","MokouMod:HeartofFire+1","MokouMod:Ember"],"picked":"SKIP","floor":22.0},{"not_picked":["MokouMod:IgneousBlow","MokouMod:BlazingComet","MokouMod:TemporalFireSeal"],"picked":"SKIP","floor":22.0},{"not_picked":["MokouMod:Combust","MokouMod:ScorchedEarth","MokouMod:ResoluteFlare"],"picked":"SKIP","floor":27.0},{"not_picked":["MokouMod:IcarusDive","MokouMod:ScorchingColumn","MokouMod:GuidingSmoke"],"picked":"SKIP","floor":30},{"not_picked":["MokouMod:Overheat","MokouMod:RisingSunBarrier"],"picked":"MokouMod:HeatFactory","floor":31},{"not_picked":["MokouMod:ShiftIgnition","MokouMod:IcarusDive","MokouMod:BurningHiddenBullet"],"picked":"SKIP","floor":31},{"not_picked":["MokouMod:PhoenixForm","MokouMod:RadiantBlade"],"picked":"MokouMod:Geothermal","floor":33},{"not_picked":["MokouMod:EternalBurstReactor+1","MokouMod:AdaptivePyromancy+1"],"picked":"MokouMod:BurningDraft","floor":35},{"not_picked":["MokouMod:UncontrollableSolarReaction+1","MokouMod:Ember","MokouMod:SearingShot+1"],"picked":"SKIP","floor":35},{"not_picked":["MokouMod:IgneousBlow+1","MokouMod:Trailblazer","MokouMod:Sear"],"picked":"SKIP","floor":40},{"not_picked":["MokouMod:RoaringFlare+1","MokouMod:FlareStarter+1","MokouMod:FujiyamaVolcano+1"],"picked":"SKIP","floor":42},{"not_picked":["MokouMod:CrimsonArmoury","MokouMod:IndiscriminateIgnition"],"picked":"MokouMod:Afterburner","floor":45},{"not_picked":["MokouMod:ScorchedEarth","MokouMod:RoaringFlare"],"picked":"MokouMod:PhoenixFeathers+1","floor":47},{"not_picked":["MokouMod:Geothermal","MokouMod:CrimsonArmoury+1"],"picked":"MokouMod:Scorch+1","floor":48},{"not_picked":["MokouMod:Refresh","MokouMod:TemporalFireSeal","MokouMod:FujiyamaVolcano"],"picked":"SKIP","floor":48},{"not_picked":["MokouMod:ScorchedEarth+1","MokouMod:ScorchingColumn","MokouMod:IllusoryBattlefield"],"picked":"SKIP","floor":55}],"player_experience":1459098,"relics_obtained":[{"floor":6.0,"key":"Prayer Wheel"},{"floor":8.0,"key":"Juzu Bracelet"},{"floor":9.0,"key":"Peace Pipe"},{"floor":11.0,"key":"MawBank"},{"floor":14.0,"key":"Whetstone"},{"floor":19.0,"key":"PageOfAlriune"},{"floor":26.0,"key":"PageOfSpiderBud"},{"floor":27.0,"key":"PageOfDeadButterflies"},{"floor":30,"key":"Oddly Smooth Stone"},{"floor":31,"key":"Gensokyo:MosesMiracle"},{"floor":40,"key":"InkBottle"},{"floor":42,"key":"Blood Vial"},{"floor":45,"key":"Lantern"},{"floor":47,"key":"Calipers"},{"floor":55,"key":"Du-Vu Doll"}],"event_choices":[],"is_beta":false,"boss_relics":[{"not_picked":["Black Star","Astrolabe"],"picked":"Runic Pyramid"},{"not_picked":["Tiny House","Pandora\u0027s Box"],"picked":"Cursed Key"}],"items_purged_floors":[13,37],"is_endless":false,"potions_floor_spawned":[4,11,14,27,30,42,45],"ascension_level":2}}