{"host":"2e3z4r48quhw80cc","time":1612302831,"event":{"mods":["BaseMod","Minty Spire (QoL Compilation)","Quick Restart","StSLib","SuperFastMode"],"gold_per_floor":[110,110,33,33,53,85,85,114,114,147,147,165,191,211,211,314,314,333,333,333,432,120,120,133,147,147,157,192,192,224,237,237,337,337,353,367,123,134,134,134,134,134,134,151,167,167,202,4,4,4],"floor_reached":51,"language":"KOR","playtime":1899,"items_purged":["Strike_G","Defend_G"],"score":1144,"play_id":"8a4858e6-866c-453e-8735-bacb63e4067f","local_time":"20210203065351","is_ascension_mode":true,"campfire_choices":[{"data":"Cloak And Dagger","floor":7.0,"key":"SMITH"},{"floor":15.0,"key":"REST"},{"data":"Malaise","floor":23.0,"key":"SMITH"},{"data":"Well Laid Plans","floor":29.0,"key":"SMITH"},{"data":"Bouncing Flask","floor":32.0,"key":"SMITH"},{"floor":40.0,"key":"REST"},{"data":"Apotheosis","floor":42.0,"key":"SMITH"},{"data":"After Image","floor":49,"key":"SMITH"}],"circlet_count":0,"master_deck":["Strike_G","Defend_G","Defend_G","Defend_G","Survivor","Neutralize","Sucker Punch","Well Laid Plans+1","Cloak And Dagger+1","Deadly Poison","Flying Knee","Adrenaline","Crippling Poison","Bouncing Flask+1","Glass Knife","Blur","Predator","Masterful Stab","Footwork","Malaise+1","After Image+1","Apotheosis+1"],"relics":["Ring of the Snake","NeowsBlessing","Ninja Scroll","Bottled Flame","Singing Bowl","White Beast Statue","Pen Nib","Velvet Choker","Snake Skull","Ancient Tea Set","Ornamental Fan","Tiny Chest","SacredBark","Paper Crane","The Courier","OrangePellets"],"acts_visited":["Exordium","TheCity","TheBeyond"],"potions_floor_usage":[47,50,50],"damage_taken":[{"damage":0.0,"enemies":"2 Louse","floor":1.0,"turns":1.0},{"damage":0.0,"enemies":"Small Slimes","floor":5.0,"turns":1.0},{"damage":0.0,"enemies":"Lagavulin","floor":6.0,"turns":1.0},{"damage":39.0,"enemies":"Gremlin Nob","floor":8.0,"turns":5.0},{"damage":5.0,"enemies":"3 Sentries","floor":10.0,"turns":9.0},{"damage":0.0,"enemies":"Jaw Worm","floor":12.0,"turns":2.0},{"damage":10.0,"enemies":"Gremlin Nob","floor":13.0,"turns":4.0},{"damage":0.0,"enemies":"Large Slime","floor":14.0,"turns":3.0},{"damage":8.0,"enemies":"The Guardian","floor":16.0,"turns":9.0},{"damage":2.0,"enemies":"Chosen","floor":18.0,"turns":4.0},{"damage":0.0,"enemies":"3 Byrds","floor":24.0,"turns":4.0},{"damage":1.0,"enemies":"Cultist and Chosen","floor":25.0,"turns":6.0},{"damage":7.0,"enemies":"Snake Plant","floor":27.0,"turns":4.0},{"damage":11.0,"enemies":"Slavers","floor":28.0,"turns":2.0},{"damage":8.0,"enemies":"Book of Stabbing","floor":30.0,"turns":5.0},{"damage":8.0,"enemies":"Centurion and Healer","floor":31.0,"turns":7.0},{"damage":40.0,"enemies":"Collector","floor":33.0,"turns":9.0},{"damage":11.0,"enemies":"3 Darklings","floor":35.0,"turns":7.0},{"damage":6.0,"enemies":"Orb Walker","floor":36.0,"turns":3.0},{"damage":25.0,"enemies":"Sphere and 2 Shapes","floor":38.0,"turns":6.0},{"damage":0.0,"enemies":"4 Shapes","floor":44.0,"turns":5.0},{"damage":13.0,"enemies":"Jaw Worm Horde","floor":45.0,"turns":5.0},{"damage":7,"enemies":"Reptomancer","floor":47,"turns":6},{"damage":2,"enemies":"Time Eater","floor":50,"turns":15}],"seed_played":"5161076656656556991","potions_obtained":[{"floor":5.0,"key":"Poison Potion"},{"floor":12.0,"key":"PowerPotion"},{"floor":13.0,"key":"Explosive Potion"},{"floor":14.0,"key":"PowerPotion"},{"floor":16.0,"key":"SneckoOil"},{"floor":18.0,"key":"PowerPotion"},{"floor":25.0,"key":"Poison Potion"},{"floor":27.0,"key":"SkillPotion"},{"floor":28.0,"key":"Regen Potion"},{"floor":30.0,"key":"BlessingOfTheForge"},{"floor":33.0,"key":"AttackPotion"},{"floor":36.0,"key":"LiquidBronze"},{"floor":38.0,"key":"DuplicationPotion"},{"floor":45.0,"key":"PowerPotion"},{"floor":47,"key":"BlessingOfTheForge"}],"is_trial":false,"path_per_floor":["M","?","$","?","M","E","R","E","T","E","?","M","E","M","R","B",null,"M","?","?","?","$","R","M","M","T","M","E","R","E","M","R","B",null,"M","M","$","M","?","R","?","R","T","M","M","?","E","$","R","B",null],"character_chosen":"THE_SILENT","items_purchased":["Well Laid Plans","Snake Skull","Malaise","Apotheosis","OrangePellets"],"campfire_rested":2,"item_purchase_floors":[3,22,22,37,48],"current_hp_per_floor":[63,63,63,56,56,56,56,17,17,12,17,17,9,9,32,24,64,62,62,62,62,62,62,64,65,65,60,51,51,60,54,54,14,70,61,57,57,34,36,65,65,65,65,67,56,56,51,51,51,49],"gold":4,"neow_bonus":"THREE_ENEMY_KILL","is_daily":false,"chose_seed":false,"campfire_upgraded":6,"win_rate":0.0,"timestamp":1612302831,"path_taken":["M","?","$","?","M","E","R","E","T","E","?","?","E","M","R","BOSS","M","?","?","?","$","R","M","M","T","M","E","R","E","M","R","BOSS","M","M","$","M","?","R","?","R","T","M","M","?","E","$","R","BOSS"],"items_purchased_type":["Card","Relic","Card","Card","Relic"],"build_version":"2020-12-22","purchased_purges":2,"victory":true,"max_hp_per_floor":[70,70,70,70,70,70,70,70,70,70,75,75,77,77,77,77,77,77,77,77,77,77,77,79,81,81,83,85,85,87,89,89,89,89,91,93,93,95,97,97,97,97,97,99,101,96,98,98,98,98],"card_choices":[{"not_picked":["Dodge and Roll","PiercingWail"],"picked":"Sucker Punch","floor":1.0},{"not_picked":["Bane","Poisoned Stab"],"picked":"Cloak And Dagger","floor":5.0},{"not_picked":["Acrobatics","Distraction"],"picked":"Deadly Poison","floor":6.0},{"not_picked":["Dagger Spray","Outmaneuver"],"picked":"Flying Knee","floor":8.0},{"not_picked":["Slice","Setup"],"picked":"Adrenaline","floor":10.0},{"not_picked":["Flying Knee","Underhanded Strike"],"picked":"Crippling Poison","floor":12.0},{"not_picked":["Dagger Throw","Dodge and Roll","Slice"],"picked":"Singing Bowl","floor":13.0},{"not_picked":["Dagger Throw","Bane"],"picked":"Bouncing Flask","floor":14.0},{"not_picked":["Grand Finale","Tools of the Trade"],"picked":"Glass Knife","floor":16.0},{"not_picked":["Bane+1","Terror"],"picked":"Blur","floor":18.0},{"not_picked":["Predator","Deflect","Underhanded Strike+1"],"picked":"Singing Bowl","floor":24.0},{"not_picked":["Outmaneuver","Dagger Throw+1","Deadly Poison"],"picked":"Singing Bowl","floor":25.0},{"not_picked":["Eviscerate","Infinite Blades","PiercingWail"],"picked":"Singing Bowl","floor":27.0},{"not_picked":["Accuracy","Dagger Spray","Deadly Poison+1"],"picked":"Singing Bowl","floor":28.0},{"not_picked":["Bouncing Flask","Tactician","Underhanded Strike"],"picked":"Singing Bowl","floor":30.0},{"not_picked":["Deadly Poison","Deflect","Cloak And Dagger"],"picked":"Singing Bowl","floor":31.0},{"not_picked":["Phantasmal Killer","Envenom"],"picked":"After Image","floor":33.0},{"not_picked":["Deadly Poison+1","Infinite Blades","Blade Dance"],"picked":"Singing Bowl","floor":35.0},{"not_picked":["Endless Agony","Dagger Spray","Prepared"],"picked":"Singing Bowl","floor":36.0},{"not_picked":["Deadly Poison","Dodge and Roll+1","Riddle With Holes+1"],"picked":"Singing Bowl","floor":38.0},{"not_picked":["Secret Weapon","Violence","PanicButton"],"picked":"Singing Bowl","floor":39.0},{"not_picked":["Sucker Punch+1","PiercingWail+1","Backstab+1"],"picked":"Singing Bowl","floor":44.0},{"not_picked":["PiercingWail","Masterful Stab","Terror"],"picked":"Singing Bowl","floor":45.0},{"not_picked":["Calculated Gamble","Underhanded Strike","Sucker Punch"],"picked":"Singing Bowl","floor":47}],"player_experience":92946,"relics_obtained":[{"floor":6.0,"key":"Ninja Scroll"},{"floor":8.0,"key":"Bottled Flame"},{"floor":9.0,"key":"Singing Bowl"},{"floor":10.0,"key":"White Beast Statue"},{"floor":13.0,"key":"Pen Nib"},{"floor":26.0,"key":"Ancient Tea Set"},{"floor":28.0,"key":"Ornamental Fan"},{"floor":30.0,"key":"Tiny Chest"},{"floor":43.0,"key":"Paper Crane"},{"floor":47,"key":"The Courier"}],"event_choices":[{"cards_removed":["Strike_G"],"damage_healed":0.0,"max_hp_gain":0.0,"max_hp_loss":0.0,"gold_gain":0.0,"event_name":"Living Wall","player_choice":"Forget","floor":2.0,"gold_loss":0.0,"damage_taken":0.0},{"cards_removed":["Strike_G"],"damage_healed":0.0,"max_hp_gain":0.0,"max_hp_loss":0.0,"gold_gain":0.0,"event_name":"Golden Wing","player_choice":"Card Removal","floor":4.0,"gold_loss":0.0,"damage_taken":7.0},{"damage_healed":0.0,"max_hp_gain":5.0,"max_hp_loss":0.0,"gold_gain":0.0,"event_name":"Big Fish","player_choice":"Donut","floor":11.0,"gold_loss":0.0,"damage_taken":0.0},{"damage_healed":0.0,"max_hp_gain":0.0,"max_hp_loss":0.0,"gold_gain":0.0,"cards_transformed":["Defend_G","Strike_G"],"event_name":"Drug Dealer","player_choice":"Became Test Subject","floor":19.0,"gold_loss":0.0,"damage_taken":0.0,"cards_obtained":["Predator","Masterful Stab"]},{"damage_healed":0.0,"max_hp_gain":0.0,"max_hp_loss":0.0,"gold_gain":0.0,"event_name":"The Library","player_choice":"Read","floor":20.0,"gold_loss":0.0,"damage_taken":0.0,"cards_obtained":["Footwork"]},{"damage_healed":0.0,"max_hp_gain":0.0,"max_hp_loss":0.0,"gold_gain":99.0,"event_name":"Nest","player_choice":"Stole From Cult","floor":21.0,"gold_loss":0.0,"damage_taken":0.0},{"damage_healed":0.0,"max_hp_gain":0.0,"max_hp_loss":0.0,"gold_gain":0.0,"event_name":"SensoryStone","player_choice":"Memory 1","floor":39.0,"gold_loss":0.0,"damage_taken":0.0},{"damage_healed":0.0,"max_hp_gain":0.0,"max_hp_loss":0.0,"gold_gain":0.0,"event_name":"Tomb of Lord Red Mask","player_choice":"Ignored","floor":41.0,"gold_loss":0.0,"damage_taken":0.0},{"damage_healed":0.0,"max_hp_gain":0.0,"max_hp_loss":5.0,"gold_gain":0.0,"event_name":"Winding Halls","player_choice":"Max HP","floor":46.0,"gold_loss":0.0,"damage_taken":0.0}],"is_beta":false,"boss_relics":[{"not_picked":["Coffee Dripper","Tiny House"],"picked":"Velvet Choker"},{"not_picked":["Philosopher\u0027s Stone","Calling Bell"],"picked":"SacredBark"}],"items_purged_floors":[37,48],"is_endless":false,"potions_floor_spawned":[5,12,13,14,16,18,24,25,27,28,30,31,33,35,36,38,44,45,47],"ascension_level":7}}