{"host":"neeznpvpgo0qgfkd","time":1612305487,"event":{"mods":["AchievementEnabler","BaseMod","BetterRewards","Colored Map","Colored Powertips","Exacting","Minty Spire (QoL Compilation)","Permanent Neow","Quick Restart","Shop Mod"],"gold_per_floor":[111,128,178,197,214,214,214,249,249,274,36,65,92,107,107,182,182,194,194,208,237,64,93,93,128,128,128,128],"floor_reached":27,"language":"ENG","playtime":1551,"items_purged":[],"score":710,"play_id":"82fe318f-28db-4351-aa6c-a86d64ab7d7e","local_time":"20210202173807","is_ascension_mode":true,"campfire_choices":[{"data":"Neutralize","floor":6.0,"key":"SMITH"},{"floor":15.0,"key":"REST"}],"circlet_count":0,"master_deck":["AscendersBane","Strike_G","Strike_G","Strike_G+1","Defend_G","Defend_G+1","Defend_G","Defend_G","Survivor","Neutralize+1","Flying Knee","Poisoned Stab","Backstab","Dash","Dagger Throw","Blur","Infinite Blades","Tools of the Trade","Backflip","Burst","Grand Finale+1","Expertise+1","Masterful Stab+1","Cloak And Dagger","Backflip+1","Noxious Fumes","Footwork","Dagger Spray"],"relics":["Ring of the Snake","Torii","Shuriken","OrangePellets","Pen Nib","Nunchaku","Girya","Astrolabe","Nloth\u0027s Gift","ClockworkSouvenir","Paper Crane","Pantograph"],"acts_visited":["Exordium","TheCity"],"potions_floor_usage":[27,27],"damage_taken":[{"damage":3.0,"enemies":"Small Slimes","floor":1.0,"turns":4.0},{"damage":0.0,"enemies":"Cultist","floor":2.0,"turns":4.0},{"damage":1.0,"enemies":"Jaw Worm","floor":4.0,"turns":4.0},{"damage":0.0,"enemies":"3 Louse","floor":5.0,"turns":2.0},{"damage":0.0,"enemies":"Gremlin Nob","floor":8.0,"turns":3.0},{"damage":25.0,"enemies":"Lagavulin","floor":10.0,"turns":4.0},{"damage":25.0,"enemies":"Gremlin Nob","floor":12.0,"turns":4.0},{"damage":0.0,"enemies":"Gremlin Gang","floor":13.0,"turns":4.0},{"damage":2.0,"enemies":"Exordium Thugs","floor":14.0,"turns":4.0},{"damage":0.0,"enemies":"Slime Boss","floor":16.0,"turns":7.0},{"damage":1.0,"enemies":"Chosen","floor":18.0,"turns":4.0},{"damage":10.0,"enemies":"Spheric Guardian","floor":20.0,"turns":4.0},{"damage":8.0,"enemies":"Snake Plant","floor":21.0,"turns":4.0},{"damage":0.0,"enemies":"Gremlin Leader","floor":23.0,"turns":8.0},{"damage":24.0,"enemies":"3 Cultists","floor":25.0,"turns":7.0},{"damage":22,"enemies":"Book of Stabbing","floor":27,"turns":5}],"seed_played":"-2813799660340461346","potions_obtained":[{"floor":1.0,"key":"FearPotion"},{"floor":8.0,"key":"Swift Potion"},{"floor":13.0,"key":"Strength Potion"},{"floor":13.0,"key":"Dexterity Potion"},{"floor":16.0,"key":"Fire Potion"},{"floor":23.0,"key":"Swift Potion"}],"is_trial":false,"path_per_floor":["M","M","?","M","M","R","?","E","T","E","$","E","M","M","R","B",null,"M","?","M","M","$","E","$","M","T","E"],"character_chosen":"THE_SILENT","items_purchased":["Shuriken","OrangePellets","Flying Knee","DuplicationPotion","Infinite Blades","Nunchaku","ClockworkSouvenir"],"campfire_rested":1,"item_purchase_floors":[0,0,0,0,11,11,22],"current_hp_per_floor":[63,63,57,65,65,65,45,45,45,30,30,5,5,3,25,25,63,62,62,52,44,44,44,44,20,20,0,0],"gold":128,"neow_bonus":"","is_daily":false,"chose_seed":false,"campfire_upgraded":1,"win_rate":0.0,"timestamp":1612305487,"path_taken":["M","M","?","?","M","R","?","E","T","E","?","E","M","M","R","BOSS","M","?","?","?","?","E","$","M","T","E"],"items_purchased_type":["Relic","Relic","Card","Potion","Card","Relic","Relic"],"build_version":"2020-12-22","purchased_purges":0,"victory":false,"max_hp_per_floor":[66,66,66,66,66,66,66,66,66,76,76,76,76,76,76,76,76,76,76,76,76,76,76,76,76,76,76,76],"card_choices":[{"not_picked":["Underhanded Strike","Prepared"],"picked":"Poisoned Stab","floor":1.0},{"not_picked":["Concentrate","Outmaneuver","Deflect"],"picked":"SKIP","floor":2.0},{"not_picked":["Deadly Poison","Dagger Throw"],"picked":"Backstab","floor":4.0},{"not_picked":["Slice","Storm of Steel"],"picked":"Dash","floor":5.0},{"not_picked":["Sucker Punch","Deflect"],"picked":"Dagger Throw","floor":8.0},{"not_picked":["All Out Attack","Underhanded Strike"],"picked":"Blur","floor":10.0},{"not_picked":["Backstab","Sucker Punch"],"picked":"Tools of the Trade","floor":12.0},{"not_picked":["Catalyst","Distraction","PiercingWail"],"picked":"SKIP","floor":13.0},{"not_picked":["Acrobatics","Calculated Gamble"],"picked":"Backflip","floor":14.0},{"not_picked":["Storm of Steel","Doppelganger"],"picked":"Burst","floor":16.0},{"not_picked":["Bane+1","Blade Dance"],"picked":"Cloak And Dagger","floor":18.0},{"not_picked":["Deflect","Doppelganger"],"picked":"Backflip+1","floor":20.0},{"not_picked":["Deadly Poison","Acrobatics+1"],"picked":"Noxious Fumes","floor":21.0},{"not_picked":["Storm of Steel","Dash"],"picked":"Footwork","floor":23.0},{"not_picked":["Blur","Outmaneuver"],"picked":"Dagger Spray","floor":25.0}],"player_experience":1974833,"relics_obtained":[{"floor":8.0,"key":"Pen Nib"},{"floor":10.0,"key":"Pear"},{"floor":12.0,"key":"Girya"},{"floor":23.0,"key":"Paper Crane"},{"floor":26.0,"key":"Pantograph"}],"event_choices":[{"damage_healed":0.0,"max_hp_gain":0.0,"max_hp_loss":0.0,"gold_gain":50.0,"event_name":"FaceTrader","player_choice":"Touch","floor":3.0,"gold_loss":0.0,"damage_taken":6.0},{"damage_healed":0.0,"max_hp_gain":0.0,"max_hp_loss":0.0,"gold_gain":0.0,"event_name":"Shining Light","player_choice":"Entered Light","floor":7.0,"gold_loss":0.0,"damage_taken":20.0,"cards_upgraded":["Strike_G","Defend_G"]},{"damage_healed":0.0,"max_hp_gain":0.0,"max_hp_loss":0.0,"gold_gain":0.0,"event_name":"N\u0027loth","player_choice":"Traded Relic","floor":19.0,"relics_lost":["Pear"],"gold_loss":0.0,"damage_taken":0.0,"relics_obtained":["Nloth\u0027s Gift"]}],"is_beta":false,"boss_relics":[{"not_picked":["Coffee Dripper","Pandora\u0027s Box"],"picked":"Astrolabe"}],"items_purged_floors":[],"is_endless":false,"potions_floor_spawned":[1,4,8,13,16,23,25],"killed_by":"Book of Stabbing","ascension_level":20}}