{"host":"g2yp6paluzgljz05","time":1612250471,"event":{"mods":["BaseMod","Bestiary","Colored Powertips","DeckTracker","Highlight Path","Minty Spire (QoL Compilation)","Quick Restart"],"gold_per_floor":[116,116,116,63,80,111,111,125,125,125,155,155,183,133,133,133,133],"floor_reached":16,"language":"ENG","playtime":612,"items_purged":[],"score":208,"play_id":"d021edc5-191a-4c47-be4f-016202442e00","local_time":"20210202182111","is_ascension_mode":true,"campfire_choices":[{"data":"Rampage","floor":7,"key":"SMITH"},{"data":"Bash","floor":10,"key":"SMITH"},{"data":"Shrug It Off","floor":12,"key":"SMITH"},{"data":"Shrug It Off","floor":15,"key":"SMITH"}],"circlet_count":0,"master_deck":["Strike_R","Strike_R","Strike_R","Strike_R","Defend_R","Defend_R","Defend_R","Defend_R","Bash+1","Shrug It Off+1","Rampage+1","Feed","Shrug It Off+1"],"relics":["Burning Blood","NeowsBlessing","Mango","Torii","Odd Mushroom","Blue Candle"],"acts_visited":["Exordium"],"potions_floor_usage":[13,13,16],"damage_taken":[{"damage":0,"enemies":"Jaw Worm","floor":1,"turns":1},{"damage":0,"enemies":"Small Slimes","floor":5,"turns":1},{"damage":0,"enemies":"Lagavulin","floor":6,"turns":1},{"damage":6,"enemies":"Cultist","floor":8,"turns":3},{"damage":20,"enemies":"The Mushroom Lair","floor":11,"turns":5},{"damage":13,"enemies":"3 Sentries","floor":13,"turns":10},{"damage":81,"enemies":"Slime Boss","floor":16,"turns":9}],"seed_played":"-8664308974811802095","potions_obtained":[{"floor":1,"key":"ColorlessPotion"},{"floor":6,"key":"Regen Potion"},{"floor":8,"key":"SpeedPotion"},{"floor":13,"key":"FearPotion"}],"is_trial":false,"path_per_floor":["M","?","?","$","M","E","R","M","T","R","?","R","E","?","R","B"],"character_chosen":"IRONCLAD","items_purchased":["Shrug It Off"],"campfire_rested":0,"item_purchase_floors":[4],"current_hp_per_floor":[78,67,67,67,73,79,79,79,79,79,68,68,79,79,79,0,0],"gold":133,"neow_bonus":"THREE_ENEMY_KILL","is_daily":false,"chose_seed":false,"campfire_upgraded":4,"win_rate":0.0,"timestamp":1612250471,"path_taken":["M","?","?","$","?","E","R","M","T","R","?","R","E","?","R","BOSS"],"items_purchased_type":["Card"],"build_version":"2020-12-22","purchased_purges":0,"victory":false,"max_hp_per_floor":[80,94,94,94,94,94,94,94,94,94,97,97,100,100,100,100,100],"card_choices":[{"not_picked":["Intimidate","Sentinel","Perfected Strike"],"picked":"SKIP","floor":1},{"not_picked":["Anger","Sword Boomerang"],"picked":"Rampage","floor":5},{"not_picked":["Wild Strike","Disarm"],"picked":"Feed","floor":6},{"not_picked":["Havoc","Wild Strike","Perfected Strike"],"picked":"SKIP","floor":8},{"not_picked":["Twin Strike","Clothesline"],"picked":"Shrug It Off","floor":11},{"not_picked":["Heavy Blade","Fire Breathing","Clash"],"picked":"SKIP","floor":13}],"player_experience":303266,"relics_obtained":[{"floor":6,"key":"Torii"},{"floor":11,"key":"Odd Mushroom"},{"floor":13,"key":"Blue Candle"}],"event_choices":[{"damage_healed":0,"gold_gain":0,"player_choice":"Success","damage_taken":25,"relics_obtained":["Mango"],"max_hp_gain":0,"max_hp_loss":0,"event_name":"Scrap Ooze","floor":2,"gold_loss":0},{"damage_healed":0,"gold_gain":0,"player_choice":"0 cards matched","damage_taken":0,"max_hp_gain":0,"max_hp_loss":0,"event_name":"Match and Keep!","floor":3,"gold_loss":0,"cards_obtained":[]},{"damage_healed":0,"gold_gain":0,"player_choice":"Fought Mushrooms","damage_taken":0,"max_hp_gain":0,"max_hp_loss":0,"event_name":"Mushrooms","floor":11,"gold_loss":0},{"cards_removed":["Strike_R"],"damage_healed":0,"gold_gain":0,"player_choice":"Card Removal","damage_taken":0,"max_hp_gain":0,"max_hp_loss":0,"event_name":"The Cleric","floor":14,"gold_loss":50}],"is_beta":false,"boss_relics":[],"items_purged_floors":[],"is_endless":false,"potions_floor_spawned":[1,6,8,13],"killed_by":"Slime Boss","ascension_level":8}}