{"host":"b5jaqh8y266k2cz4","time":1612257899,"event":{"mods":["AchievementEnabler","Aspiration","BaseMod","Colored Powertips","Conspire","Downfall","Googly Eyes","Hermit","Highlight Path","Hubris","Infinite Spire","MarisaÅiñ∂âJÅ@ñÇóùçπÅj","Mimic Mod","Minty Spire (QoL Compilation)","Quick Restart","Replay The Spire","Spikes Relics","StSLib","Synergy Search","The Animator","The Cursed","The Jungle","The Necromancer","The Servant 0.9.4","The Wild Card","slay the spire mod where everything is the same but ironclad has a cowboy hat"],"gold_per_floor":[111,162,181,192,36,36,47,78,78,96,111,111,125,145,145,244,244,263,263,263,263,275,306,306,306,306,306,342,198,227,245,245,245,245,340,340,353,353,363,363,35,54,88,138,138,138,0,0,17,31,31,33],"floor_reached":53,"language":"ENG","playtime":2806,"items_purged":[],"score":762,"play_id":"7c99eaf2-5617-4d80-8804-be09e9bf9fff","local_time":"20210202042459","is_ascension_mode":true,"campfire_choices":[{"floor":6.0,"key":"REST"},{"data":"MilkyWay","floor":12.0,"key":"SMITH"},{"data":"WitchLeyline","floor":24.0,"key":"SMITH"},{"data":"WitchLeyline","floor":27.0,"key":"SMITH"},{"data":"MilkyWay","floor":34.0,"key":"SMITH"},{"floor":46.0,"key":"REST"},{"data":"ShootingEcho","floor":48.0,"key":"SMITH"}],"circlet_count":0,"master_deck":["Strike_MRS","Strike_MRS","Strike_MRS","Strike_MRS+1","Defend_MRS","Defend_MRS","Defend_MRS","Defend_MRS","MasterSpark","UpSweep","Orbital","ShootingEcho+1","MilkyWay+1","Orbital+1","ShootingEcho","ManaConvection+1","WitchLeyline+1","WitchLeyline+1","MilkyWay+1","PropBag+1","SuperPerseids","hubris:Ssssneak+1","UltimateShortwave+1","Finesse+1","Orbital+1","GasGiant+1","GasGiant+1","WitchLeyline","WitchLeyline","MilkyWay+1"],"relics":["MiniHakkero","PreservedInsect","Shuriken","Tiny Chest","conspire:DeflatedDodgeball","Lantern","bronze:MakeshiftBattery","MutagenicStrength","SlaversCollar","Question Card","aspiration:FrozenJewel","Matryoshka","Lee\u0027s Waffle","infinitespire:FocusingShard","ReplayTheSpireMod:Lightbulb","Toxic Egg 2","Ring of Chaos","hubris:Reverence","infinitespire:Midas Blood","hubris:MysteriousPyramids","CherryCoatedStake","Tiny House","hubris:HerbalPaste","infinitespire:Broken Mirror","Red Mask"],"acts_visited":["Exordium","TheCity","TheBeyond"],"potions_floor_usage":[52,52],"damage_taken":[{"damage":7.0,"enemies":"Small Slimes","floor":1.0,"turns":3.0},{"damage":2.0,"enemies":"Jaw Worm","floor":3.0,"turns":3.0},{"damage":0.0,"enemies":"2 Louse","floor":4.0,"turns":2.0},{"damage":0.0,"enemies":"2 Fungi Beasts","floor":7.0,"turns":4.0},{"damage":3.0,"enemies":"Gremlin Nob","floor":8.0,"turns":3.0},{"damage":1.0,"enemies":"Looter","floor":10.0,"turns":3.0},{"damage":5.0,"enemies":"Exordium Thugs","floor":11.0,"turns":4.0},{"damage":14.0,"enemies":"Exordium Wildlife","floor":13.0,"turns":5.0},{"damage":0.0,"enemies":"2 Fungi Beasts","floor":14.0,"turns":2.0},{"damage":12.0,"enemies":"Fading Forest","floor":16.0,"turns":11.0},{"damage":12.0,"enemies":"2 Thieves","floor":18.0,"turns":4.0},{"damage":11.0,"enemies":"Shell Parasite","floor":22.0,"turns":4.0},{"damage":16.0,"enemies":"Replay:Snechameleon","floor":23.0,"turns":4.0},{"damage":2.0,"enemies":"Snecko","floor":28.0,"turns":9.0},{"damage":0.0,"enemies":"Slavers","floor":30.0,"turns":4.0},{"damage":16.0,"enemies":"Snecko","floor":31.0,"turns":5.0},{"damage":42.0,"enemies":"Collector","floor":35.0,"turns":8.0},{"damage":0.0,"enemies":"Orb Walker","floor":37.0,"turns":1.0},{"damage":31.0,"enemies":"3 Shapes","floor":39.0,"turns":4.0},{"damage":30.0,"enemies":"Spire Growth","floor":42.0,"turns":4.0},{"damage":0.0,"enemies":"Giant Head","floor":43.0,"turns":5.0},{"damage":21.0,"enemies":"Writhing Mass","floor":49.0,"turns":4.0},{"damage":0.0,"enemies":"4 Shapes","floor":50.0,"turns":6.0},{"damage":9,"enemies":"Replay:Hell Engine","floor":52,"turns":4}],"seed_played":"4787696040849541692","potions_obtained":[{"floor":1.0,"key":"ColorlessPotion"},{"floor":2.0,"key":"SneckoOil"},{"floor":4.0,"key":"AttackPotion"},{"floor":8.0,"key":"Dexterity Potion"},{"floor":14.0,"key":"PowerPotion"},{"floor":18.0,"key":"FairyPotion"},{"floor":23.0,"key":"SpeedPotion"},{"floor":30.0,"key":"Fire Potion"},{"floor":35.0,"key":"EssenceOfSteel"},{"floor":39.0,"key":"FearPotion"},{"floor":42.0,"key":"EssenceOfSteel"},{"floor":44.0,"key":"infinitespire:BlackPotion"}],"is_trial":false,"path_per_floor":["M","?","M","M","$","R","M","E","T","M","M","R","M","M","R","B",null,"M","?","?","AVR","M","E","R","PTL","PTL","R","MIM","$","E","M","?","T","R","B",null,"M","?","M","T","$","M","E","AVR","T","R","?","R","M","M","R","B",null],"character_chosen":"MARISA","items_purchased":["Tiny Chest","Lee\u0027s Waffle","GasGiant+1","hubris:MysteriousPyramids"],"campfire_rested":2,"item_purchase_floors":[5,29,41,41],"current_hp_per_floor":[68,38,36,36,36,58,58,55,55,54,49,49,35,35,57,55,75,63,63,63,63,52,36,36,36,36,36,34,82,82,66,66,66,66,24,82,82,82,51,51,51,21,21,26,26,52,52,52,49,82,87,81],"gold":33,"neow_bonus":"RANDOM_COMMON_RELIC","is_daily":false,"chose_seed":false,"campfire_upgraded":5,"win_rate":0.0,"timestamp":1612257899,"path_taken":["M","?","M","M","$","R","M","E","T","M","M","R","M","M","R","BOSS","M","?","?","AVR","M","E","R","PTL","PTL","R","MIM","$","E","M","?","?","R","BOSS","M","?","M","?","$","M","E","AVR","T","R","?","R","M","M","R","BOSS"],"items_purchased_type":["Relic","Relic","Card","Relic"],"build_version":"2020-12-22","purchased_purges":0,"victory":true,"max_hp_per_floor":[75,75,75,75,75,75,75,75,75,75,75,75,75,75,75,75,75,75,75,75,75,75,75,75,75,75,75,75,82,82,82,82,82,82,82,82,82,82,82,82,82,82,82,87,87,87,87,87,87,87,87,87],"card_choices":[{"not_picked":["AsteroidBelt","Occultation","EnergyRecoil"],"picked":"SKIP","floor":1.0},{"not_picked":["LuminesStrike","Acceleration"],"picked":"Orbital","floor":2.0},{"not_picked":["MeteoricShower","MysteriousBeam"],"picked":"ShootingEcho","floor":3.0},{"not_picked":["GrandCross","AsteroidBelt","IllusionStar"],"picked":"SKIP","floor":4.0},{"not_picked":["LuminesStrike","Acceleration"],"picked":"MilkyWay","floor":7.0},{"not_picked":["PulseMagic","JA","OpenUniverse"],"picked":"SKIP","floor":8.0},{"not_picked":["DoubleSpark","MysteriousBeam"],"picked":"Orbital","floor":10.0},{"not_picked":["DC","PowerUp","UnstableBomb"],"picked":"SKIP","floor":11.0},{"not_picked":["WitchOfGreed","IllusionStar"],"picked":"ShootingEcho","floor":13.0},{"not_picked":["IllusionStar","SporeBomb","DC"],"picked":"SKIP","floor":14.0},{"not_picked":["DC","MilkyWay"],"picked":"ManaConvection+1","floor":18.0},{"not_picked":["OneTimeOff","WitchOfGreed","GravityBeat","ChargeUpSpray+1"],"picked":"SKIP","floor":22.0},{"not_picked":["PowerUp","DoubleSpark","NonDirectionalLaser+1"],"picked":"WitchLeyline","floor":23.0},{"not_picked":["UnstableBomb+1","ShootingEcho","WitchOfGreed"],"picked":"MilkyWay","floor":28.0},{"not_picked":["MysteriousBeam","MagicAbsorber+1","6A"],"picked":"PropBag+1","floor":30.0},{"not_picked":["GalacticHalo","Singularity","Robbery"],"picked":"SuperPerseids","floor":31.0},{"not_picked":["BigCrunch+1","JA","CasketOfStar"],"picked":"UltimateShortwave+1","floor":35.0},{"not_picked":["OrrerysSun","MysteriousBeam","6A+1","WitchOfGreed+1"],"picked":"SKIP","floor":37.0},{"not_picked":["Deep Breath+1","Midas Touch+1","Reforge+1"],"picked":"Finesse+1","floor":38.0},{"not_picked":["EventHorizon+1","OpenUniverse+1","BlazeAway+1"],"picked":"Orbital+1","floor":39.0},{"not_picked":["AlicesGift+1","6A+1","LuminesStrike"],"picked":"GasGiant+1","floor":42.0},{"not_picked":["ManaConvection+1","DeepEcoloBomb+1","MagicChant+1"],"picked":"WitchLeyline","floor":43.0},{"not_picked":["DC","Occultation+1","IllusionStar+1"],"picked":"WitchLeyline","floor":44.0},{"not_picked":["ChargeUpSpray","MysteriousBeam","RefractionSpark"],"picked":"MilkyWay+1","floor":49.0},{"not_picked":["IllusionStar+1","GrandCross","GalacticHalo+1","DeepEcoloBomb+1"],"picked":"SKIP","floor":50.0}],"player_experience":362859,"relics_obtained":[{"floor":2.0,"key":"Shuriken"},{"floor":8.0,"key":"conspire:DeflatedDodgeball"},{"floor":9.0,"key":"Lantern"},{"floor":23.0,"key":"aspiration:FrozenJewel"},{"floor":28.0,"key":"Matryoshka"},{"floor":30.0,"key":"infinitespire:FocusingShard"},{"floor":33.0,"key":"ReplayTheSpireMod:Lightbulb"},{"floor":33.0,"key":"Toxic Egg 2"},{"floor":40.0,"key":"hubris:Reverence"},{"floor":40.0,"key":"infinitespire:Midas Blood"},{"floor":43.0,"key":"CherryCoatedStake"},{"floor":45.0,"key":"infinitespire:Broken Mirror"}],"event_choices":[{"damage_healed":0.0,"max_hp_gain":0.0,"max_hp_loss":0.0,"gold_gain":0.0,"event_name":"Drug Dealer","player_choice":"Inject Mutagens","floor":19.0,"gold_loss":0.0,"damage_taken":0.0,"relics_obtained":["MutagenicStrength"]},{"damage_healed":0.0,"max_hp_gain":0.0,"max_hp_loss":0.0,"gold_gain":0.0,"event_name":"Match and Keep!","player_choice":"1 cards matched","floor":32.0,"gold_loss":0.0,"damage_taken":0.0,"cards_obtained":["hubris:Ssssneak"]},{"damage_healed":0.0,"max_hp_gain":0.0,"max_hp_loss":0.0,"gold_gain":0.0,"event_name":"SensoryStone","player_choice":"Memory 1","floor":38.0,"gold_loss":0.0,"damage_taken":0.0},{"damage_healed":0.0,"max_hp_gain":0.0,"max_hp_loss":0.0,"gold_gain":0.0,"event_name":"Tomb of Lord Red Mask","player_choice":"Paid","floor":47.0,"gold_loss":138.0,"damage_taken":0.0,"relics_obtained":["Red Mask"]}],"is_beta":false,"boss_relics":[{"not_picked":["hubris:CrackedHourglass","Runic Dome"],"picked":"bronze:MakeshiftBattery"},{"not_picked":["hubris:BlackHole","hubris:RunicObelisk"],"picked":"Ring of Chaos"}],"items_purged_floors":[],"is_endless":false,"potions_floor_spawned":[1,4,8,14,18,23,30,35,39,42,49],"ascension_level":2}}