{"host":"xp5rvh2jwe2ejyfm","time":1612291479,"event":{"mods":["Aspiration","BaseMod","BetterRewards","Colored Powertips","Conspire","Downfall","Duelist Mod","GifTheSpireLib","Gremlin Mod","Hermit","Hubris","Minty Spire (QoL Compilation)","Robot Space Explorer","StSLib","The Blackbeard","The Clintock","The Construct","The Cursed","The Disciple","The Forsaken","The Hierophant","The Necromancer","The Runesmith","The Servant 0.9.4"],"gold_per_floor":[110,110,123,142,142,142,217,217,217,37,55,86,100,111,111,216,216,227,241,241,259,272,291,302,314,314,314,314,348,348,364,364,469,469,480,490,490,506,556,556,585,585,585],"floor_reached":42,"language":"ENG","playtime":2272,"items_purged":[],"score":629,"play_id":"fac8adf2-cb22-4022-9f3e-5ce12ef259be","local_time":"20210202134439","is_ascension_mode":false,"campfire_choices":[{"data":"RobotSpaceExplorer:DroneSwarm","floor":6,"key":"SMITH"},{"floor":8,"key":"REST"},{"floor":15,"key":"REST"},{"floor":27,"key":"REST"},{"floor":30,"key":"REST"},{"floor":32,"key":"REST"},{"floor":40,"key":"RECALL"}],"circlet_count":0,"master_deck":["RobotSpaceExplorer:Scan","RobotSpaceExplorer:MiniLasers","RobotSpaceExplorer:Discharger","RobotSpaceExplorer:FranticSearch","RobotSpaceExplorer:DroneSwarm+1","RobotSpaceExplorer:Reload","RobotSpaceExplorer:MakeshiftVolley","RobotSpaceExplorer:Accelerator","RobotSpaceExplorer:Multitool","RobotSpaceExplorer:Scanner","RobotSpaceExplorer:HighVoltage","RobotSpaceExplorer:SurgingStrike","RobotSpaceExplorer:StunGrenade","RobotSpaceExplorer:Autoloader+1","RobotSpaceExplorer:PowerGlove","RobotSpaceExplorer:BigMissile","RobotSpaceExplorer:Electropulse","RobotSpaceExplorer:FreezeRay","RobotSpaceExplorer:SurgingShield","RobotSpaceExplorer:Autoloader","RobotSpaceExplorer:SwiftStep+1","RobotSpaceExplorer:GlueShot","RobotSpaceExplorer:MiniDrones","RobotSpaceExplorer:Discharger","RobotSpaceExplorer:StunGrenade+1","RobotSpaceExplorer:MiniDrones+1","RobotSpaceExplorer:TurboDodge+1","RobotSpaceExplorer:DualCore","RobotSpaceExplorer:Blitz","RobotSpaceExplorer:DroneSwarm","RobotSpaceExplorer:DualCore+1","RobotSpaceExplorer:MiniBoosters","RobotSpaceExplorer:SurgingShield+1","RobotSpaceExplorer:Ammunition+1","RobotSpaceExplorer:Probe"],"relics":["RobotSpaceExplorer:TurboCore","aspiration:Nostalgia","Runesmith:BrokenRuby","Pandora\u0027s Box","aspiration:FrozenJewel","aspiration:SecretTechniqueScroll","FaceOfCleric","hubris:64BitClover","StoneCalendar","Peace Pipe","aspiration:HiddenCompartment"],"acts_visited":["Exordium","TheCity","TheBeyond"],"potions_floor_usage":[13,16,16,16,18,18,22,23,23,24,35,39,42],"damage_taken":[{"damage":0,"enemies":"Small Slimes","floor":1,"turns":4},{"damage":9,"enemies":"2 Louse","floor":3,"turns":3},{"damage":8,"enemies":"Jaw Worm","floor":4,"turns":3},{"damage":8,"enemies":"Looter","floor":11,"turns":4},{"damage":15,"enemies":"3 Sentries","floor":12,"turns":4},{"damage":1,"enemies":"Exordium Wildlife","floor":13,"turns":3},{"damage":0,"enemies":"Large Slime","floor":14,"turns":4},{"damage":18,"enemies":"Slime Boss","floor":16,"turns":5},{"damage":4,"enemies":"2 Thieves","floor":18,"turns":4},{"damage":12,"enemies":"Spheric Guardian","floor":19,"turns":4},{"damage":7,"enemies":"3 Cultists","floor":21,"turns":4},{"damage":12,"enemies":"Cultist and Chosen","floor":22,"turns":5},{"damage":26,"enemies":"Snake Plant","floor":23,"turns":6},{"damage":1,"enemies":"Chosen and Byrds","floor":24,"turns":5},{"damage":0,"enemies":"3 Cultists","floor":25,"turns":3},{"damage":25,"enemies":"Slavers","floor":29,"turns":5},{"damage":0,"enemies":"Cultist and Chosen","floor":31,"turns":4},{"damage":8,"enemies":"Champ","floor":33,"turns":8},{"damage":8,"enemies":"3 Shapes","floor":35,"turns":3},{"damage":17,"enemies":"3 Darklings","floor":36,"turns":6},{"damage":18,"enemies":"Writhing Mass","floor":38,"turns":6},{"damage":9,"enemies":"Mind Bloom Boss Battle","floor":39,"turns":5},{"damage":29,"enemies":"Nemesis","floor":41,"turns":9},{"damage":22,"enemies":"Sphere and 2 Shapes","floor":42,"turns":3}],"seed_played":"1017334754656754874","potions_obtained":[{"floor":4,"key":"Guardian:BlockOnCardUsePotion"},{"floor":11,"key":"Dexterity Potion"},{"floor":13,"key":"SneckoOil"},{"floor":19,"key":"Slimebound:ThreeZeroPotion"},{"floor":22,"key":"SkillPotion"},{"floor":23,"key":"ColorlessPotion"},{"floor":33,"key":"SkillPotion"},{"floor":35,"key":"conspire:TimeTravelPotion"},{"floor":41,"key":"BlessingOfTheForge"}],"is_trial":false,"path_per_floor":["M","?","M","M","?","R","?","R","T","$","M","E","M","M","R","B",null,"M","M","?","M","M","M","M","M","T","R","?","E","R","M","R","B",null,"M","M","?","M","?","R","E","M"],"character_chosen":"RobotSpaceExplorer","items_purchased":["RobotSpaceExplorer:Discharger","aspiration:Nostalgia","RobotSpaceExplorer:PowerGlove","EntropicBrew"],"campfire_rested":5,"item_purchase_floors":[0,0,10,10],"current_hp_per_floor":[66,66,57,49,49,49,38,60,60,60,52,37,36,36,58,40,75,71,59,59,53,42,17,17,18,18,42,42,18,42,43,67,60,83,76,60,60,43,44,44,16,0,0],"gold":585,"neow_bonus":"","is_daily":false,"chose_seed":false,"campfire_upgraded":1,"win_rate":0.0,"timestamp":1612291479,"path_taken":["M","?","M","M","?","R","?","R","T","?","M","E","?","M","R","BOSS","M","M","?","M","M","M","M","?","T","R","?","E","R","?","R","BOSS","M","?","?","M","?","R","E","M"],"items_purchased_type":["Card","Relic","Card","Potion"],"build_version":"2020-12-22","purchased_purges":0,"victory":false,"max_hp_per_floor":[75,75,75,75,75,75,75,75,75,75,75,75,75,75,75,75,75,75,75,75,76,77,78,79,80,80,80,80,81,81,82,82,83,83,84,85,85,86,87,87,88,88,88],"card_choices":[{"not_picked":["RobotSpaceExplorer:FranticSearch","RobotSpaceExplorer:ImprovisedAttack"],"picked":"RobotSpaceExplorer:SurgingStrike","floor":1},{"not_picked":["RobotSpaceExplorer:GlueSpray","RobotSpaceExplorer:SurgingShield"],"picked":"RobotSpaceExplorer:StunGrenade","floor":3},{"not_picked":["RobotSpaceExplorer:GearShield","RobotSpaceExplorer:Counterblock"],"picked":"RobotSpaceExplorer:Autoloader","floor":4},{"not_picked":["RobotSpaceExplorer:SwiftStep","RobotSpaceExplorer:ImprovisedAttack"],"picked":"RobotSpaceExplorer:BigMissile","floor":11},{"not_picked":["RobotSpaceExplorer:RigExplosive","RobotSpaceExplorer:FranticSearch"],"picked":"RobotSpaceExplorer:Electropulse","floor":12},{"not_picked":["RobotSpaceExplorer:FranticSearch","RobotSpaceExplorer:ShockKick"],"picked":"RobotSpaceExplorer:FreezeRay","floor":13},{"not_picked":["RobotSpaceExplorer:MetalStrike","RobotSpaceExplorer:SwiftStep"],"picked":"RobotSpaceExplorer:SurgingShield","floor":14},{"not_picked":["RobotSpaceExplorer:Comet","RobotSpaceExplorer:Wormhole"],"picked":"RobotSpaceExplorer:Autoloader","floor":16},{"not_picked":["RobotSpaceExplorer:SelfCleaning","RobotSpaceExplorer:FranticSearch"],"picked":"RobotSpaceExplorer:SwiftStep+1","floor":18},{"not_picked":["RobotSpaceExplorer:Counterblock","RobotSpaceExplorer:ImprovisedAttack"],"picked":"RobotSpaceExplorer:GlueShot","floor":19},{"not_picked":["RobotSpaceExplorer:ExhaustFan","RobotSpaceExplorer:Pulsar"],"picked":"RobotSpaceExplorer:MiniDrones","floor":21},{"not_picked":["RobotSpaceExplorer:ImprovisedAttack","RobotSpaceExplorer:Calculate"],"picked":"RobotSpaceExplorer:Discharger","floor":22},{"not_picked":["RobotSpaceExplorer:FreezeRay","RobotSpaceExplorer:Jetpack"],"picked":"RobotSpaceExplorer:StunGrenade+1","floor":23},{"not_picked":["RobotSpaceExplorer:Asteroid","RobotSpaceExplorer:SurgingStrike+1"],"picked":"RobotSpaceExplorer:MiniDrones+1","floor":24},{"not_picked":["RobotSpaceExplorer:ImprovisedAttack","RobotSpaceExplorer:StarDust"],"picked":"RobotSpaceExplorer:TurboDodge+1","floor":25},{"not_picked":["RobotSpaceExplorer:SwiftStep","RobotSpaceExplorer:Ammunition"],"picked":"RobotSpaceExplorer:DualCore","floor":29},{"not_picked":["RobotSpaceExplorer:ShockKick+1","RobotSpaceExplorer:ScrapShield+1"],"picked":"RobotSpaceExplorer:Blitz","floor":31},{"not_picked":["RobotSpaceExplorer:Multitool","RobotSpaceExplorer:BlastShield"],"picked":"RobotSpaceExplorer:DroneSwarm","floor":33},{"not_picked":["RobotSpaceExplorer:ShockKick","RobotSpaceExplorer:Jetpack"],"picked":"RobotSpaceExplorer:DualCore+1","floor":35},{"not_picked":["RobotSpaceExplorer:ScrapMissile","RobotSpaceExplorer:Calculate"],"picked":"RobotSpaceExplorer:MiniBoosters","floor":36},{"not_picked":["RobotSpaceExplorer:MetalStrike","RobotSpaceExplorer:SurgingStrike"],"picked":"RobotSpaceExplorer:SurgingShield+1","floor":38},{"not_picked":["RobotSpaceExplorer:MetalStrike+1","RobotSpaceExplorer:SwiftStep+1"],"picked":"RobotSpaceExplorer:Ammunition+1","floor":39},{"not_picked":["RobotSpaceExplorer:BlastShield","RobotSpaceExplorer:SurgingStrike+1"],"picked":"RobotSpaceExplorer:Probe","floor":41}],"player_experience":385261,"relics_obtained":[{"floor":12,"key":"aspiration:FrozenJewel"},{"floor":26,"key":"hubris:64BitClover"},{"floor":29,"key":"StoneCalendar"},{"floor":39,"key":"Peace Pipe"},{"floor":41,"key":"aspiration:HiddenCompartment"}],"event_choices":[{"damage_healed":0,"gold_gain":0,"player_choice":"Disagree","damage_taken":0,"max_hp_gain":0,"max_hp_loss":0,"event_name":"conspire:LoneGhost","floor":2,"gold_loss":0},{"damage_healed":0,"gold_gain":75,"player_choice":"Gather Gold","damage_taken":11,"max_hp_gain":0,"max_hp_loss":0,"event_name":"World of Goop","floor":7,"gold_loss":0},{"damage_healed":0,"gold_gain":0,"player_choice":"Trade","damage_taken":0,"relics_obtained":["FaceOfCleric"],"max_hp_gain":0,"max_hp_loss":0,"event_name":"FaceTrader","floor":20,"gold_loss":0},{"damage_healed":0,"gold_gain":0,"player_choice":"Ignored","damage_taken":0,"max_hp_gain":0,"max_hp_loss":0,"event_name":"N\u0027loth","floor":28,"gold_loss":0},{"damage_healed":0,"gold_gain":0,"player_choice":"Leave","damage_taken":0,"max_hp_gain":0,"max_hp_loss":0,"event_name":"conspire:Investor","floor":37,"gold_loss":0},{"damage_healed":0,"gold_gain":0,"player_choice":"Fight","damage_taken":0,"max_hp_gain":0,"max_hp_loss":0,"event_name":"MindBloom","floor":39,"gold_loss":0}],"is_beta":false,"boss_relics":[{"not_picked":["conspire:SlowCooker","aspiration:RunicSpoon"],"picked":"aspiration:SecretTechniqueScroll"},{"not_picked":["Black Star","Runic Dome"],"picked":"RobotSpaceExplorer:TurboCore"}],"items_purged_floors":[],"is_endless":false,"potions_floor_spawned":[4,11,13,19,22,23,33,35,41],"killed_by":"Sphere and 2 Shapes","ascension_level":0}}