{"host":"smvt3ad3q31g2j4m","time":1612231057,"event":{"mods":["BaseMod","Better Skull","Better Third Choice","Colored Map","Downfall","GifTheSpireLib","Minty Spire (QoL Compilation)","Replay The Spire","StSLib"],"gold_per_floor":[99,118,138,238,338,351,375,375,400,418,135,135,20,5,19,19,19,19],"floor_reached":16,"language":"ENG","playtime":902,"items_purged":["sneckomod:Strike","sneckomod:Defend"],"score":100,"play_id":"7e018e54-3610-42e4-808a-5da467da1601","local_time":"20210201195737","is_ascension_mode":false,"campfire_choices":[{"data":"Poisoned Strike","floor":1,"key":"SMITH"},{"data":"sneckomod:Memorize","floor":8,"key":"SMITH"}],"circlet_count":0,"master_deck":["sneckomod:Strike","sneckomod:Strike","sneckomod:Defend","sneckomod:Defend","sneckomod:TailWhip","sneckomod:SnekBite","sneckomod:Unknown","sneckomod:Unknown","Poisoned Strike+1","sneckomod:IronFang","sneckomod:DefensiveFlair","sneckomod:UnknownUncommonPower","Coolheaded","sneckomod:Unknown3Cost","sneckomod:PureSnecko","sneckomod:UnknownUncommonSkill","sneckomod:DangerNoodle","sneckomod:Unknown1Cost","sneckomod:QuickMove"],"relics":["sneckomod:SneckoSoul","Vajra","Replay:Wax Seal","Sling","Ancient Tea Set","Prayer Wheel"],"acts_visited":["Exordium"],"potions_floor_usage":[11,14,16],"damage_taken":[{"damage":0,"enemies":"Cultist","floor":2,"turns":3},{"damage":0,"enemies":"Small Slimes","floor":3,"turns":3},{"damage":8,"enemies":"2 Louse","floor":6,"turns":2},{"damage":15,"enemies":"Replay:BlueRogue","floor":9,"turns":6},{"damage":7,"enemies":"Exordium Wildlife","floor":10,"turns":3},{"damage":0,"enemies":"downfall:FleeingMerchant","floor":11,"turns":4},{"damage":0,"enemies":"downfall:FleeingMerchant","floor":13,"turns":4},{"damage":0,"enemies":"downfall:FleeingMerchant","floor":14,"turns":4},{"damage":8,"enemies":"Blue Slaver","floor":15,"turns":6},{"damage":20,"enemies":"IC_STATUS_ARCHETYPE","floor":16,"turns":2}],"seed_played":"-3298038418422853011","potions_obtained":[{"floor":2,"key":"CultistPotion"},{"floor":10,"key":"LiquidMemories"},{"floor":15,"key":"champ:CounterPotion"}],"is_trial":false,"path_per_floor":["R","M","M","?","?","M","T","R","E","M","$","?","$","$","M","B"],"character_chosen":"THE_SNECKO","items_purchased":["Sling","sneckomod:PureSnecko"],"campfire_rested":0,"item_purchase_floors":[11,11],"current_hp_per_floor":[63,63,63,63,63,55,55,55,40,33,33,21,21,21,13,0,0,0],"gold":19,"neow_bonus":"RANDOM_COLORLESS_2","is_daily":false,"chose_seed":false,"campfire_upgraded":2,"win_rate":0.0,"timestamp":1612231057,"path_taken":["R","M","?","?","?","?","T","R","E","M","$","?","?","$","M","BOSS"],"items_purchased_type":["Relic","Card"],"build_version":"2020-12-22","purchased_purges":2,"victory":false,"max_hp_per_floor":[90,90,90,90,90,90,90,90,90,90,90,90,90,90,90,90,90,90],"card_choices":[{"not_picked":["Secret Weapon","ReplayUltimateDefense"],"picked":"Poisoned Strike","floor":0},{"not_picked":["sneckomod:DiceCrush","sneckomod:Nope"],"picked":"sneckomod:IronFang","floor":2},{"not_picked":["sneckomod:DiceCrush","sneckomod:ImprovisedGuard"],"picked":"sneckomod:Memorize","floor":3},{"not_picked":["sneckomod:CheapStock","sneckomod:IronFang"],"picked":"sneckomod:DefensiveFlair","floor":6},{"not_picked":["sneckomod:TrashToTreasure","sneckomod:QuickMove"],"picked":"sneckomod:UnknownUncommonPower","floor":9},{"not_picked":["sneckomod:SoulDraw","sneckomod:Unknown2Cost"],"picked":"sneckomod:UnknownDraw","floor":10},{"not_picked":["sneckomod:SoulCleanse","sneckomod:SerpentIdol"],"picked":"sneckomod:Unknown3Cost","floor":11},{"not_picked":["sneckomod:Unknown2Cost","sneckomod:Nope"],"picked":"sneckomod:UnknownUncommonSkill","floor":13},{"not_picked":["sneckomod:SoulRoll","sneckomod:DiceCrush"],"picked":"sneckomod:DangerNoodle","floor":14},{"not_picked":["sneckomod:Nope","sneckomod:SoulCleanse"],"picked":"sneckomod:Unknown1Cost","floor":15},{"not_picked":["sneckomod:SoulDraw","sneckomod:Unknown2Cost"],"picked":"sneckomod:QuickMove","floor":15}],"player_experience":127356,"relics_obtained":[{"floor":7,"key":"Vajra"},{"floor":9,"key":"Replay:Wax Seal"}],"event_choices":[{"damage_healed":0,"gold_gain":0,"player_choice":"Relic ","damage_taken":12,"max_hp_gain":0,"max_hp_loss":0,"event_name":"betterThird:BetterScrap","floor":12,"gold_loss":0,"cards_obtained":["Evolve"]}],"is_beta":false,"boss_relics":[],"items_purged_floors":[11,13],"is_endless":false,"potions_floor_spawned":[2,10,15],"killed_by":"IC_STATUS_ARCHETYPE","ascension_level":0}}