{"host":"kgj3hkp928synzkd","time":1612310172,"event":{"mods":["2.2 Compatiblity","A Magickal Journey","AchievementEnabler","Act Like it!","AlwaysNeverKeys","Aspiration","BaseMod","Better Altar","Better Match","Better Note","Better Sensory Stone","Better Synergies","Better Third Choice","Better Vampires","Block Reminder","Colored Map","Colored Powertips","Conspire","Curses Come First","Disable Question Mark Monsters","Downfall","GifTheSpireLib","Gremlin Skip","GungeonMod","Hallownest","Infinite Spire","Luminous","Marisa????????","Marked Mod","Minty Spire (QoL Compilation)","Permanent Neow","Quick Restart","Random Character Button","Rare Cards Sparkle","Replay The Spire","Spicy Shops","StSLib","SuperFastMode","The Bug Knight","The Exalted","Uncapped"],"gold_per_floor":[112,112,77,152,163,197,197,207,282,282,282,282,295,305,305,404,404,421,421,421,421,441,469,482,482,482,402,439,439,272,272,272],"floor_reached":31,"language":"ENG","playtime":943,"items_purged":["WitchLeyline"],"score":251,"play_id":"14037584-fe7c-4f80-8a39-bb89ac65b787","local_time":"20210202185612","is_ascension_mode":false,"campfire_choices":[{"floor":7,"key":"REST"},{"floor":11,"key":"REST"},{"floor":15,"key":"REST"},{"floor":25,"key":"REST"}],"circlet_count":0,"master_deck":["Strike_MRS+1","Strike_MRS","Strike_MRS","Strike_MRS","Defend_MRS","Defend_MRS","Defend_MRS","Defend_MRS","MasterSpark+1","UpSweep","WitchLeyline","WitchLeyline","DoubleSpark","IllusionStar","AsteroidBelt","JA","ShootingEcho","SatelliteIllusion","MeteoricShower","6A+1","ShootingEcho","conspire:Banana"],"relics":["MiniHakkero","aspiration:PocketMushroom","Gambling Chip","DemoMod:Metronome","BreadOfAWashokuLover","conspire:BottledYoYo","DemoMod:JetPack","AmplifyWand","Ice Cream","Snack Pack","Iron Hammer","DemoMod:GlassGuonStoneRelic"],"acts_visited":["Exordium","TheCity"],"potions_floor_usage":[16,28],"damage_taken":[{"damage":5,"enemies":"Small Slimes","floor":1,"turns":3},{"damage":0,"enemies":"2 Louse","floor":5,"turns":3},{"damage":28,"enemies":"Lagavulin","floor":6,"turns":5},{"damage":2,"enemies":"Cultist","floor":8,"turns":2},{"damage":0,"enemies":"3 Louse","floor":13,"turns":1},{"damage":13,"enemies":"Large Slime","floor":14,"turns":2},{"damage":63,"enemies":"Hexaghost","floor":16,"turns":12},{"damage":5,"enemies":"Spheric Guardian","floor":18,"turns":3},{"damage":26,"enemies":"2 Thieves","floor":22,"turns":4},{"damage":26,"enemies":"Slavers","floor":23,"turns":6},{"damage":4,"enemies":"Centurion and Healer","floor":24,"turns":3},{"damage":61,"enemies":"conspire:MimicChest","floor":28,"turns":9},{"damage":4,"enemies":"Snake Plant","floor":31,"turns":3}],"seed_played":"1731276738411354078","potions_obtained":[{"floor":8,"key":"Elixir"},{"floor":16,"key":"Dexterity Potion"},{"floor":23,"key":"Weak Potion"},{"floor":28,"key":"Energy Potion"}],"is_trial":false,"path_per_floor":["M","?","?","?","M","E","R","M","T","?","R","$","M","M","R","B",null,"M","?","?","T","M","E","M","R","T","$","?","?","$","M"],"character_chosen":"MARISA","items_purchased":["MeteoricShower","conspire:Banana"],"campfire_rested":4,"item_purchase_floors":[27,30],"current_hp_per_floor":[70,54,72,65,65,37,59,57,57,42,64,64,64,51,73,22,75,70,70,70,70,44,32,28,54,54,54,1,1,1,0,0],"gold":272,"neow_bonus":"RANDOM_COMMON_RELIC","is_daily":false,"chose_seed":false,"campfire_upgraded":0,"win_rate":0.0,"timestamp":1612310172,"path_taken":["M","?","?","?","?","E","R","M","T","?","R","$","M","M","R","BOSS","M","?","?","?","M","E","M","R","T","$","?","?","$","M"],"items_purchased_type":["Card","Card"],"build_version":"2020-12-22","purchased_purges":1,"victory":false,"max_hp_per_floor":[75,75,75,75,75,75,75,75,75,75,75,75,75,75,75,75,75,75,75,75,75,75,88,88,88,88,88,88,88,88,88,88],"card_choices":[{"not_picked":["PropBag","IllusionStar"],"picked":"WitchLeyline","floor":1},{"not_picked":["MilkyWay","MysteriousBeam"],"picked":"WitchLeyline","floor":5},{"not_picked":["GravityBeat","FinalSpark"],"picked":"DoubleSpark","floor":6},{"not_picked":["SporeBomb","Singularity"],"picked":"WitchLeyline","floor":8},{"not_picked":["BlazeAway","ShootTheMoon"],"picked":"IllusionStar","floor":13},{"not_picked":["WitchOfGreed","OneTimeOff"],"picked":"AsteroidBelt","floor":14},{"not_picked":["MaximisePower","StarDustReverie"],"picked":"JA","floor":16},{"not_picked":["NonDirectionalLaser","UnstableBomb"],"picked":"WitchLeyline","floor":18},{"not_picked":["LuminesStrike","UnstableBomb"],"picked":"ShootingEcho","floor":22},{"not_picked":["PulseMagic","SporeBomb","StarlightTyphoon+1"],"picked":"SKIP","floor":23},{"not_picked":["ChargeUpSpray","EarthLightRay"],"picked":"SatelliteIllusion","floor":24},{"not_picked":["DragonMeteor+1","GalacticHalo"],"picked":"6A+1","floor":28}],"player_experience":330661,"relics_obtained":[{"floor":6,"key":"BreadOfAWashokuLover"},{"floor":9,"key":"conspire:BottledYoYo"},{"floor":21,"key":"AmplifyWand"},{"floor":23,"key":"Ice Cream"},{"floor":26,"key":"Snack Pack"},{"floor":28,"key":"Iron Hammer"}],"event_choices":[{"damage_healed":0,"gold_gain":1,"player_choice":"Relic Relic ","damage_taken":16,"max_hp_gain":0,"max_hp_loss":0,"event_name":"betterThird:BetterScrap","floor":2,"gold_loss":0,"cards_obtained":["Reckless Charge"]},{"damage_healed":18,"gold_gain":0,"player_choice":"Healed","damage_taken":0,"max_hp_gain":0,"max_hp_loss":0,"event_name":"The Cleric","floor":3,"gold_loss":35},{"damage_healed":0,"gold_gain":75,"player_choice":"Touch","damage_taken":7,"max_hp_gain":0,"max_hp_loss":0,"event_name":"FaceTrader","floor":4,"gold_loss":0},{"damage_healed":57,"gold_gain":0,"player_choice":"Upgrade","damage_taken":15,"max_hp_gain":0,"max_hp_loss":75,"event_name":"betterThird:BetterShining","floor":10,"gold_loss":0,"cards_upgraded":["Strike_MRS","MasterSpark"]},{"cards_removed":["WitchLeyline"],"damage_healed":0,"gold_gain":0,"player_choice":"Gave Card","damage_taken":0,"relics_obtained":["DemoMod:JetPack"],"max_hp_gain":0,"max_hp_loss":0,"event_name":"WeMeetAgain","floor":19,"gold_loss":0},{"damage_healed":0,"gold_gain":0,"player_choice":"Ignored","damage_taken":0,"max_hp_gain":0,"max_hp_loss":0,"event_name":"betterNote:BetterNote","floor":20,"gold_loss":0,"cards_obtained":["Clothesline"]},{"damage_healed":0,"gold_gain":0,"player_choice":"Copied","damage_taken":0,"max_hp_gain":0,"max_hp_loss":0,"event_name":"Duplicator","floor":29,"gold_loss":0,"cards_obtained":["ShootingEcho"]}],"is_beta":false,"boss_relics":[{"not_picked":["aspiration:RunicSpoon","Runic Pyramid","ReplayTheSpireMod:DimensionalGlitch"]}],"items_purged_floors":[30],"is_endless":false,"potions_floor_spawned":[8,16,23,28],"killed_by":"Snake Plant","ascension_level":0}}