{"host":"5h6e4l6hpn0p5lap","time":1612268310,"event":{"mods":["AchievementEnabler","BaseMod","Better Altar","Better Match","Better Sensory Stone","Better Skull","Better Third Choice","Colored Map","Filter the Spire","Minty Spire (QoL Compilation)","StSLib"],"gold_per_floor":[109,122,142,203,203,203,219,231,255,268,295,265,265,42,42,144,144,156,156,167,44,59,84,84,102,152,166,166,195,195,120,120,224,224,238,251,109,126,146,164,164,191,216,216,12,12,32,32,32,32,32,32,32,32,32],"floor_reached":54,"language":"ENG","playtime":2149,"items_purged":["Defend_R","Strike_R","Iron Wave"],"score":684,"play_id":"2321df0f-3ce1-4357-9ab2-58736440e9ec","local_time":"20210202071830","is_ascension_mode":false,"campfire_choices":[{"data":"True Grit","floor":6,"key":"SMITH"},{"data":"Fire Breathing","floor":13,"key":"SMITH"},{"data":"Fire Breathing","floor":15,"key":"SMITH"},{"data":"True Grit","floor":24,"key":"SMITH"},{"floor":28,"key":"REST"},{"data":"Fire Breathing","floor":30,"key":"SMITH"},{"floor":32,"key":"REST"},{"floor":44,"key":"RECALL"},{"data":"Feel No Pain","floor":46,"key":"SMITH"},{"floor":49,"key":"REST"},{"floor":52,"key":"DIG"}],"circlet_count":0,"master_deck":["Defend_R","Defend_R","Defend_R","Bash","True Grit+1","Fire Breathing+1","Power Through+1","Shrug It Off","Fire Breathing+1","Pommel Strike","Immolate","Fire Breathing+1","Clothesline","Battle Trance","True Grit+1","Shrug It Off","Shrug It Off","Brutality","Power Through+1","Evolve+1","Wild Strike+1","Burning Pact+1","Feel No Pain+1"],"relics":["Burning Blood","Lantern","MealTicket","Mark of Pain","Boot","Nunchaku","Shovel","Empty Cage","Magic Flower","Red Skull","Bronze Scales","Bottled Lightning"],"acts_visited":["Exordium","TheCity","TheBeyond","TheEnding"],"potions_floor_usage":[11,23,29,29,29,29,33,40,40,47],"damage_taken":[{"damage":2,"enemies":"Small Slimes","floor":1,"turns":5},{"damage":2,"enemies":"2 Louse","floor":2,"turns":2},{"damage":5,"enemies":"Jaw Worm","floor":3,"turns":3},{"damage":11,"enemies":"Gremlin Gang","floor":7,"turns":6},{"damage":9,"enemies":"Blue Slaver","floor":8,"turns":5},{"damage":11,"enemies":"Exordium Thugs","floor":10,"turns":5},{"damage":6,"enemies":"3 Sentries","floor":11,"turns":5},{"damage":2,"enemies":"Looter","floor":12,"turns":4},{"damage":22,"enemies":"The Guardian","floor":16,"turns":10},{"damage":8,"enemies":"Spheric Guardian","floor":18,"turns":4},{"damage":4,"enemies":"2 Thieves","floor":20,"turns":4},{"damage":18,"enemies":"Sentry and Sphere","floor":22,"turns":4},{"damage":25,"enemies":"Slavers","floor":23,"turns":4},{"damage":13,"enemies":"3 Cultists","floor":25,"turns":4},{"damage":6,"enemies":"Cultist and Chosen","floor":27,"turns":4},{"damage":26,"enemies":"Book of Stabbing","floor":29,"turns":4},{"damage":51,"enemies":"Collector","floor":33,"turns":7},{"damage":14,"enemies":"3 Shapes","floor":35,"turns":3},{"damage":2,"enemies":"Orb Walker","floor":36,"turns":3},{"damage":22,"enemies":"Maw","floor":38,"turns":7},{"damage":14,"enemies":"Writhing Mass","floor":39,"turns":5},{"damage":15,"enemies":"Jaw Worm Horde","floor":40,"turns":5},{"damage":6,"enemies":"Giant Head","floor":42,"turns":8},{"damage":27,"enemies":"Transient","floor":47,"turns":5},{"damage":88,"enemies":"Awakened One","floor":50,"turns":9},{"damage":81,"enemies":"Shield and Spear","floor":54,"turns":3}],"seed_played":"-5560861259743006581","potions_obtained":[{"floor":1,"key":"Explosive Potion"},{"floor":2,"key":"SmokeBomb"},{"floor":3,"key":"SkillPotion"},{"floor":7,"key":"LiquidBronze"},{"floor":18,"key":"EntropicBrew"},{"floor":20,"key":"Block Potion"},{"floor":23,"key":"Weak Potion"},{"floor":29,"key":"FairyPotion"},{"floor":35,"key":"Strength Potion"},{"floor":36,"key":"Fire Potion"},{"floor":42,"key":"Fire Potion"}],"is_trial":false,"path_per_floor":["M","M","M","?","$","R","M","M","T","M","E","M","R","$","R","B",null,"M","?","M","$","M","E","R","M","T","M","R","E","R","?","R","B",null,"M","M","?","M","M","M","?","E","T","R","$","R","M","$","R","B",null,"R","$","E"],"character_chosen":"IRONCLAD","items_purchased":["MealTicket","Clothesline","Feel No Pain"],"campfire_rested":3,"item_purchase_floors":[14,21,45],"current_hp_per_floor":[80,80,80,80,80,80,75,72,72,67,67,71,71,71,71,55,80,78,78,80,80,68,49,49,42,42,42,66,46,46,46,70,25,80,72,76,76,63,58,52,52,55,55,55,70,70,52,67,80,38,80,80,80,0,0],"gold":32,"neow_bonus":"TRANSFORM_CARD","is_daily":false,"chose_seed":false,"campfire_upgraded":6,"win_rate":0.0,"timestamp":1612268310,"path_taken":["M","M","M","?","$","R","M","M","T","M","E","M","R","$","R","BOSS","M","?","M","$","M","E","R","M","T","M","R","E","R","?","R","BOSS","M","M","?","?","M","M","?","E","T","R","?","R","M","$","R","BOSS","R","$","E"],"items_purchased_type":["Relic","Card","Card"],"build_version":"2020-12-22","purchased_purges":3,"victory":false,"max_hp_per_floor":[80,80,80,80,80,80,80,80,80,80,80,80,80,80,80,80,80,80,80,80,80,80,80,80,80,80,80,80,80,80,80,80,80,80,80,80,80,80,80,80,80,80,80,80,80,80,80,80,80,80,80,80,80,80,80],"card_choices":[{"not_picked":["Inflame","Ghostly Armor"],"picked":"Hemokinesis","floor":1},{"not_picked":["Flex","Uppercut"],"picked":"Fire Breathing","floor":2},{"not_picked":["Body Slam","Heavy Blade"],"picked":"Iron Wave","floor":3},{"not_picked":["Evolve","Burning Pact","True Grit"],"picked":"SKIP","floor":7},{"not_picked":["Heavy Blade","Clothesline"],"picked":"Power Through","floor":8},{"not_picked":["Thunderclap","Heavy Blade"],"picked":"Shrug It Off","floor":10},{"not_picked":["Sword Boomerang","Bludgeon"],"picked":"Fire Breathing","floor":11},{"not_picked":["Thunderclap","Pummel"],"picked":"Pommel Strike","floor":12},{"not_picked":["Fiend Fire","Double Tap"],"picked":"Immolate","floor":16},{"not_picked":["Rage","Inflame+1","Body Slam"],"picked":"SKIP","floor":18},{"not_picked":["Heavy Blade+1","Perfected Strike"],"picked":"Fire Breathing","floor":20},{"not_picked":["Iron Wave+1","Whirlwind"],"picked":"Battle Trance","floor":22},{"not_picked":["Spot Weakness","Clash"],"picked":"True Grit","floor":23},{"not_picked":["Wild Strike","Anger"],"picked":"Shrug It Off","floor":25},{"not_picked":["Spot Weakness","Havoc","Clothesline"],"picked":"SKIP","floor":27},{"not_picked":["Entrench","Warcry"],"picked":"Shrug It Off","floor":29},{"not_picked":["Demon Form","Feed"],"picked":"Brutality","floor":33},{"not_picked":["Pummel","Shockwave"],"picked":"Power Through+1","floor":35},{"not_picked":["Headbutt+1","Hemokinesis","Bloodletting+1"],"picked":"SKIP","floor":36},{"not_picked":["True Grit+1","Sword Boomerang"],"picked":"Evolve+1","floor":38},{"not_picked":["Perfected Strike","Power Through+1"],"picked":"Wild Strike+1","floor":39},{"not_picked":["Sword Boomerang+1","Whirlwind"],"picked":"Burning Pact+1","floor":40},{"not_picked":["Pommel Strike","Corruption","Searing Blow"],"picked":"SKIP","floor":42},{"not_picked":["Havoc","Sword Boomerang","Twin Strike"],"picked":"SKIP","floor":47}],"player_experience":1043321,"relics_obtained":[{"floor":11,"key":"Lantern"},{"floor":23,"key":"Boot"},{"floor":26,"key":"Nunchaku"},{"floor":29,"key":"Shovel"},{"floor":42,"key":"Red Skull"},{"floor":43,"key":"Bronze Scales"},{"floor":52,"key":"Bottled Lightning"}],"event_choices":[{"damage_healed":0,"gold_gain":61,"player_choice":"Gained Gold","damage_taken":0,"max_hp_gain":0,"max_hp_loss":0,"event_name":"Golden Wing","floor":4,"gold_loss":0},{"cards_removed":["Strike_R"],"damage_healed":0,"gold_gain":0,"player_choice":"Elegance","damage_taken":0,"max_hp_gain":0,"max_hp_loss":0,"event_name":"betterThird:BetterWriting","floor":19,"gold_loss":0},{"cards_removed":["Strike_R"],"damage_healed":0,"gold_gain":0,"player_choice":"Gave Gold","damage_taken":0,"max_hp_gain":0,"max_hp_loss":0,"event_name":"Beggar","floor":31,"gold_loss":75},{"damage_healed":0,"gold_gain":0,"player_choice":"Paid Gold","damage_taken":0,"relics_obtained":["Magic Flower"],"max_hp_gain":0,"max_hp_loss":0,"event_name":"WeMeetAgain","floor":37,"gold_loss":142},{"damage_healed":0,"gold_gain":0,"player_choice":"Forge","damage_taken":0,"max_hp_gain":0,"max_hp_loss":0,"event_name":"Accursed Blacksmith","floor":41,"gold_loss":0,"cards_upgraded":["Power Through"]}],"is_beta":false,"boss_relics":[{"not_picked":["Black Blood","Velvet Choker"],"picked":"Mark of Pain"},{"not_picked":["SlaversCollar","Busted Crown"],"picked":"Empty Cage"}],"items_purged_floors":[14,21,45],"is_endless":false,"potions_floor_spawned":[1,2,3,7,18,20,23,29,35,36,42],"killed_by":"Shield and Spear","ascension_level":0}}