{"host":"6dypmz777xraikqf","time":1612274239,"event":{"mods":["AchievementEnabler","BaseMod","BetterRewards","Colored Map","Colored Powertips","Downfall","Highlight Path","Hubris","Infinite Spire","Minty Spire (QoL Compilation)","Replay The Spire","StSLib"],"gold_per_floor":[116,116,129,129,179,179,210,225,225,225,250,250,286,299,299,418,418,432,432,450,450,500,536,536,550,550,550,550],"floor_reached":27,"language":"ENG","playtime":1909,"items_purged":["Strike_P","Strike_P"],"score":403,"play_id":"858f138d-a8eb-41cd-86f7-125b479d8d89","local_time":"20210202135719","is_ascension_mode":true,"campfire_choices":[{"floor":6,"key":"REST"},{"data":"Vault","floor":10,"key":"SMITH"},{"floor":15,"key":"REST"},{"data":"Study","floor":24,"key":"SMITH"}],"circlet_count":0,"master_deck":["Strike_P","Strike_P","Defend_P","Defend_P","Defend_P","Defend_P","Eruption","Vigilance","Crow Ritual+1","ThirdEye","Study+1","Sanctity","EmptyMind","Vault+1","Vengeance","Well Laid Plans+1","Judgement","ThirdEye+1","JustLucky+1","InnerPeace+1"],"relics":["hubris:BundleOfHerbs","Golden Idol","Replay:M_StaffOfTheSnake","hubris:OldNail","Simple Rune","Replay:Bottled Eggs","hubris:Towel","Juzu Bracelet","hubris:ScarierMask","SsserpentHead","Blue Doll","InkBottle"],"acts_visited":["Exordium","TheCity"],"potions_floor_usage":[7,8,16,16,27,27],"damage_taken":[{"damage":5,"enemies":"Jaw Worm","floor":1,"turns":8},{"damage":32,"enemies":"Cultist","floor":3,"turns":8},{"damage":0,"enemies":"Lagavulin","floor":7,"turns":4},{"damage":16,"enemies":"infinitespire:Voidling","floor":8,"turns":6},{"damage":8,"enemies":"Exordium Thugs","floor":11,"turns":5},{"damage":13,"enemies":"Replay:BlueRogue","floor":13,"turns":5},{"damage":3,"enemies":"Looter","floor":14,"turns":3},{"damage":22,"enemies":"Slime Boss","floor":16,"turns":5},{"damage":6,"enemies":"Shell Parasite","floor":18,"turns":4},{"damage":0,"enemies":"Spheric Guardian","floor":20,"turns":2},{"damage":24,"enemies":"Book of Stabbing","floor":23,"turns":6},{"damage":6,"enemies":"Shelled Parasite and Fungi","floor":25,"turns":7},{"damage":79,"enemies":"Snecko","floor":27,"turns":10}],"seed_played":"-802101300602641972","potions_obtained":[{"floor":1,"key":"DistilledChaos"},{"floor":7,"key":"GamblersBrew"},{"floor":8,"key":"AttackPotion"},{"floor":11,"key":"AttackPotion"},{"floor":20,"key":"Regen Potion"},{"floor":25,"key":"BottledMiracle"}],"is_trial":false,"path_per_floor":["M","?","M","?","T","R","E","M","T","R","M","?","E","M","R","B",null,"M","?","M","?","?","E","R","M","T","M"],"character_chosen":"WATCHER","items_purchased":["Crow Ritual","ThirdEye","Study","Sanctity"],"campfire_rested":2,"item_purchase_floors":[0,0,0,0],"current_hp_per_floor":[53,53,21,21,21,41,65,53,53,53,45,45,32,29,49,27,67,61,61,61,61,61,37,37,31,31,0,0],"gold":550,"neow_bonus":"","is_daily":false,"chose_seed":false,"campfire_upgraded":2,"win_rate":0.0,"timestamp":1612274239,"path_taken":["M","?","M","?","?","R","E","?","T","R","M","?","E","M","R","BOSS","M","?","M","?","?","E","R","M","T","M"],"items_purchased_type":["Card","Card","Card","Card"],"build_version":"2020-12-22","purchased_purges":2,"victory":false,"max_hp_per_floor":[72,67,67,67,67,67,67,67,67,67,67,67,67,67,67,67,67,67,67,67,67,67,67,67,67,67,67,67],"card_choices":[{"not_picked":["FlyingSleeves","Tantrum"],"picked":"EmptyMind","floor":1},{"not_picked":["FlurryOfBlows","TalkToTheHand","CrushJoints"],"picked":"SKIP","floor":3},{"not_picked":["BowlingBash","ForeignInfluence","Replay:ManipulateFuture"],"picked":"SKIP","floor":7},{"not_picked":["Crescendo","Replay:BluntJabs"],"picked":"Vault","floor":8},{"not_picked":["Masterful Stab","Replay:ManipulateFuture"],"picked":"Vengeance","floor":11},{"not_picked":["Swivel","Replay:Battleflow"],"picked":"Well Laid Plans","floor":13},{"not_picked":["FollowUp","BattleHymn","PathToVictory"],"picked":"SKIP","floor":14},{"not_picked":["Wraith Form v2","Wish"],"picked":"Judgement","floor":16},{"not_picked":["LikeWater","Replay:AtTheReady"],"picked":"ThirdEye+1","floor":18},{"not_picked":["FlyingSleeves","Halt+1"],"picked":"JustLucky+1","floor":20},{"not_picked":["FlurryOfBlows+1","Halt","Replay:BluntJabs"],"picked":"SKIP","floor":23},{"not_picked":["EmptyFist+1","JustLucky+1"],"picked":"InnerPeace+1","floor":25}],"player_experience":189349,"relics_obtained":[{"floor":5,"key":"hubris:OldNail"},{"floor":7,"key":"Simple Rune"},{"floor":9,"key":"Replay:Bottled Eggs"},{"floor":13,"key":"Juzu Bracelet"},{"floor":23,"key":"Blue Doll"},{"floor":26,"key":"InkBottle"}],"event_choices":[{"damage_healed":0,"gold_gain":0,"player_choice":"Lose Max HP","damage_taken":0,"relics_obtained":["Golden Idol"],"max_hp_gain":0,"max_hp_loss":5,"event_name":"Golden Idol","floor":2,"gold_loss":0},{"damage_healed":0,"gold_gain":0,"player_choice":"Trade","damage_taken":0,"relics_obtained":["SsserpentHead"],"max_hp_gain":0,"max_hp_loss":0,"event_name":"FaceTrader","floor":21,"gold_loss":0},{"damage_healed":0,"gold_gain":0,"player_choice":"Ignored","damage_taken":0,"max_hp_gain":0,"max_hp_loss":0,"event_name":"Vampires","floor":22,"gold_loss":0}],"is_beta":false,"boss_relics":[{"not_picked":["hubris:BlackHole","hubris:GrandSneckoEye"],"picked":"hubris:ScarierMask"}],"items_purged_floors":[0,0],"is_endless":false,"potions_floor_spawned":[1,7,8,11,20,25],"killed_by":"Snecko","ascension_level":2}}