{"host":"7v9t59ze4jbx2rzq","time":1612309398,"event":{"mods":["Ascension Unlocker","BaseMod","Colored Powertips","Dark Map","Ekko","Fox Events","Highlight Path","Minty Spire (QoL Compilation)","Morshu Shopkeeper","Morshu Shopkeeper - ENHANCED","Optimize The Spire","Slay the Relics Exporter","StSLib","The Hydrologist","The Widow","TheSurvivalist"],"gold_per_floor":[114,131,157,157,176,220,220,245,345,2,27,61,13,27,27,146,223,248,158,12,32,48,84,84,122,199,199,534,555,555,599,599,718,795,810,810,834,854,279,279,342,342,472,493,512,545,878,54,54,54,54,54,54,87,87,87],"floor_reached":55,"language":"ENG","playtime":5064,"items_purged":["theWidow:StrikeWidow","theWidow:DefendWidow","theWidow:DefendWidow","theWidow:DefendWidow"],"score":792,"play_id":"8c23842f-9323-4996-b4ba-18842303793c","local_time":"20210202184318","is_ascension_mode":false,"campfire_choices":[{"data":"theWidow:Ironthread","floor":7,"key":"SMITH"},{"data":"theWidow:SearingBlade","floor":15,"key":"SMITH"},{"floor":27,"key":"REST"},{"floor":32,"key":"REST"},{"data":"theWidow:HydraulicLimbs","floor":40,"key":"SMITH"},{"floor":42,"key":"REST"},{"floor":49,"key":"RECALL"},{"data":"theWidow:Weld","floor":52,"key":"SMITH"}],"circlet_count":0,"master_deck":["theWidow:StrikeWidow","theWidow:StrikeWidow","theWidow:StrikeWidow+1","theWidow:DefendWidow","theWidow:Steelweave","theWidow:StringShot","theWidow:Toxic","theWidow:Ironthread+1","theWidow:Underfoot","theWidow:GeminiBot","theWidow:SearingBlade+1","theWidow:ExplosiveKick","Deep Breath","theWidow:Skitter","theWidow:HydraulicLimbs+1","theWidow:Weld+1","theWidow:BioInformatics","theWidow:BackupBattery","theWidow:RocketDash+1","theWidow:GeminiBot","theWidow:BioInformatics","theWidow:Iterate","theWidow:HermitWeave+1","theWidow:Ironthread+1","theWidow:RotaryBlade+1","theWidow:Weaving+1","theWidow:Weaving+1","theWidow:Injection","theWidow:Neurojack+1","Mayhem+1","theWidow:RocketDash"],"relics":["theWidow:CyberheartRelic","foxEvents:LuckyCharm","Potion Belt","Dream Catcher","Bronze Scales","Sozu","Anchor","Du-Vu Doll","Frozen Egg 2","Old Coin","Red Mask","Philosopher\u0027s Stone","DollysMirror","Ancient Tea Set","Happy Flower","StoneCalendar","MealTicket","Ice Cream","Orrery","Shuriken"],"acts_visited":["Exordium","TheCity","TheBeyond","TheEnding"],"potions_floor_usage":[12,14,14,14,18,23,54],"damage_taken":[{"damage":0.0,"enemies":"Small Slimes","floor":1.0,"turns":4.0},{"damage":0.0,"enemies":"Jaw Worm","floor":2.0,"turns":3.0},{"damage":7.0,"enemies":"Colosseum Slavers","floor":3.0,"turns":3.0},{"damage":0.0,"enemies":"Cultist","floor":5.0,"turns":3.0},{"damage":6.0,"enemies":"Gremlin Nob","floor":6.0,"turns":5.0},{"damage":0,"enemies":"Exordium Wildlife","floor":8,"turns":4},{"damage":0,"enemies":"Looter","floor":11,"turns":3},{"damage":4,"enemies":"Lagavulin","floor":12,"turns":4},{"damage":0,"enemies":"Gremlin Gang","floor":14,"turns":4},{"damage":25,"enemies":"Slime Boss","floor":16,"turns":13},{"damage":1,"enemies":"Spheric Guardian","floor":18,"turns":4},{"damage":0,"enemies":"Chosen","floor":21,"turns":3},{"damage":0,"enemies":"Snecko","floor":22,"turns":5},{"damage":19,"enemies":"Slavers","floor":23,"turns":6},{"damage":7,"enemies":"Book of Stabbing","floor":25,"turns":5},{"damage":17,"enemies":"Gremlin Leader","floor":28,"turns":11},{"damage":4,"enemies":"Shelled Parasite and Fungi","floor":29,"turns":4},{"damage":0,"enemies":"3 Cultists","floor":30,"turns":5},{"damage":1,"enemies":"Masked Bandits","floor":31,"turns":5},{"damage":42,"enemies":"Champ","floor":33,"turns":10},{"damage":6,"enemies":"3 Shapes","floor":35,"turns":6},{"damage":0,"enemies":"Orb Walker","floor":37,"turns":4},{"damage":28,"enemies":"Sphere and 2 Shapes","floor":38,"turns":5},{"damage":2,"enemies":"Mind Bloom Boss Battle","floor":41,"turns":7},{"damage":0,"enemies":"3 Darklings","floor":44,"turns":5},{"damage":0,"enemies":"Transient","floor":45,"turns":5},{"damage":31,"enemies":"Nemesis","floor":46,"turns":7},{"damage":34,"enemies":"Donu and Deca","floor":50,"turns":7},{"damage":29,"enemies":"Shield and Spear","floor":54,"turns":7},{"damage":64,"enemies":"The Heart","floor":55,"turns":3}],"seed_played":"4173480605531590882","potions_obtained":[{"floor":5.0,"key":"FearPotion"},{"floor":6.0,"key":"Strength Potion"},{"floor":8,"key":"Energy Potion"},{"floor":16,"key":"Dexterity Potion"}],"is_trial":false,"path_per_floor":["M","M","?","?","M","E","R","M","T","$","M","E","$","M","R","B",null,"M","?","$","M","M","E","$","E","T","R","E","M","M","?","R","B",null,"M","?","M","M","$","R","?","R","T","M","M","E","?","$","R","B",null,"R","$","E","B"],"character_chosen":"THE_WIDOW","items_purchased":["theWidow:ExplosiveKick","AttackPotion","DuplicationPotion","Deep Breath","theWidow:SilkPotion","theWidow:BioInformatics","DollysMirror","Ancient Tea Set","Happy Flower","Ice Cream","Orrery","Mayhem+1","theWidow:RocketDash"],"campfire_rested":3,"item_purchase_floors":[10,10,10,10,13,20,39,39,39,48,48,48,48],"current_hp_per_floor":[82,82,75,75,75,69,69,69,69,69,69,65,65,65,65,40,76,75,75,75,75,75,56,56,49,49,71,54,50,50,49,71,29,76,70,70,70,42,42,42,40,62,62,62,62,31,31,46,46,12,76,76,76,47,0,0],"gold":87,"neow_bonus":"TEN_PERCENT_HP_BONUS","is_daily":false,"chose_seed":false,"campfire_upgraded":4,"win_rate":0.0,"timestamp":1612309398,"path_taken":["M","M","?","?","M","E","R","M","T","?","M","E","$","M","R","BOSS","M","?","$","M","M","E","$","E","T","R","E","M","?","?","R","BOSS","M","?","M","?","$","R","?","R","T","M","M","E","?","$","R","BOSS","R","$","E","BOSS"],"items_purchased_type":["Card","Potion","Potion","Card","Potion","Card","Relic","Relic","Relic","Relic","Relic","Card","Card"],"build_version":"2020-12-22","purchased_purges":4,"victory":false,"max_hp_per_floor":[82,82,82,76,76,76,76,76,76,76,76,76,76,76,76,76,76,76,76,76,76,76,76,76,76,76,76,76,76,76,76,76,76,76,76,76,76,76,76,76,76,76,76,76,76,76,76,76,76,76,76,76,76,76,76,76],"card_choices":[{"not_picked":["theWidow:Restock","theWidow:BackupBattery"],"picked":"theWidow:Toxic","floor":1.0},{"not_picked":["theWidow:MetalBurrs","theWidow:FusionScythe2"],"picked":"theWidow:Ironthread","floor":2.0},{"not_picked":["theWidow:Stinger","theWidow:LinkUp"],"picked":"theWidow:Underfoot","floor":5.0},{"not_picked":["theWidow:BackupBattery","theWidow:Cocoon"],"picked":"theWidow:GeminiBot","floor":6.0},{"not_picked":["theWidow:Lair","theWidow:FissionAnvil"],"picked":"theWidow:SearingBlade","floor":8},{"not_picked":["theWidow:Weld","theWidow:Toxic","theWidow:Ironthread"],"picked":"SKIP","floor":11},{"not_picked":["theWidow:Nanobots","theWidow:SludgeWave","theWidow:DischargeBattery"],"picked":"SKIP","floor":12},{"not_picked":["theWidow:Underfoot","theWidow:ImprovisedExplosive"],"picked":"theWidow:Skitter","floor":14},{"not_picked":["theWidow:HermitWeave","theWidow:FiberglassDagger"],"picked":"theWidow:HydraulicLimbs","floor":16},{"not_picked":["theWidow:SearingBlade","theWidow:Chemistry"],"picked":"theWidow:Weld","floor":18},{"not_picked":["theWidow:Ironthread","theWidow:Skitter","theWidow:Spiderbite"],"picked":"SKIP","floor":21},{"not_picked":["theWidow:LaserDrone","theWidow:Stinger"],"picked":"theWidow:BackupBattery","floor":22},{"not_picked":["theWidow:Desperation","theWidow:InForTheKill"],"picked":"theWidow:RocketDash+1","floor":23},{"not_picked":["theWidow:Hide","theWidow:HydraulicLimbs"],"picked":"theWidow:GeminiBot","floor":25},{"not_picked":["theWidow:Lace+1","theWidow:BioInformatics","theWidow:DischargeBattery+1"],"picked":"SKIP","floor":28},{"not_picked":["theWidow:SearingBlade","theWidow:Lace"],"picked":"theWidow:BioInformatics","floor":29},{"not_picked":["theWidow:ImprovisedExplosive","theWidow:InForTheKill","theWidow:RocketDash+1"],"picked":"SKIP","floor":30},{"not_picked":["theWidow:LaserDrone","theWidow:ExtraCompartment"],"picked":"theWidow:Iterate","floor":31},{"not_picked":["theWidow:FusionScythe2","theWidow:FiberglassDagger"],"picked":"theWidow:HermitWeave+1","floor":33},{"not_picked":["theWidow:Spiderbite","theWidow:RocketDash","theWidow:Cocoon"],"picked":"SKIP","floor":35},{"not_picked":["theWidow:Skitter","theWidow:Scrapper2+1","theWidow:Underfoot+1"],"picked":"SKIP","floor":37},{"not_picked":["theWidow:Nanobots+1","theWidow:Skitter","theWidow:BackupBattery+1"],"picked":"SKIP","floor":38},{"not_picked":["theWidow:Spiderbite+1","theWidow:Restock+1"],"picked":"theWidow:RotaryBlade+1","floor":41},{"not_picked":["theWidow:Restock","theWidow:LaserDrone+1"],"picked":"theWidow:Weaving+1","floor":44},{"not_picked":["theWidow:LinkUp+1","theWidow:Toxic+1"],"picked":"theWidow:Weaving+1","floor":45},{"not_picked":["theWidow:ExplosiveKick","theWidow:Lace+1"],"picked":"theWidow:Injection","floor":46},{"not_picked":["theWidow:Exploit+1","theWidow:Grenadier+1"],"picked":"theWidow:Neurojack+1","floor":48},{"not_picked":["theWidow:Desperation","theWidow:SearingBlade+1","theWidow:Chemistry+1"],"picked":"SKIP","floor":54}],"player_experience":2187025,"relics_obtained":[{"floor":3.0,"key":"foxEvents:LuckyCharm"},{"floor":6.0,"key":"Potion Belt"},{"floor":9,"key":"Dream Catcher"},{"floor":12,"key":"Bronze Scales"},{"floor":23,"key":"Anchor"},{"floor":25,"key":"Du-Vu Doll"},{"floor":26,"key":"Frozen Egg 2"},{"floor":28,"key":"Old Coin"},{"floor":31,"key":"Red Mask"},{"floor":41,"key":"StoneCalendar"},{"floor":46,"key":"MealTicket"},{"floor":54,"key":"Shuriken"}],"event_choices":[{"damage_healed":0.0,"max_hp_gain":0.0,"max_hp_loss":6.0,"gold_gain":0.0,"event_name":"Golden Idol","player_choice":"Lose Max HP","floor":4.0,"gold_loss":0.0,"damage_taken":0.0,"relics_obtained":["Golden Idol"]},{"cards_removed":["theWidow:StrikeWidow"],"damage_healed":0,"gold_gain":0,"player_choice":"Upgrade and Remove","damage_taken":0,"max_hp_gain":0,"max_hp_loss":0,"event_name":"Designer","floor":19,"gold_loss":90,"cards_upgraded":["theWidow:StrikeWidow"]},{"damage_healed":0,"gold_gain":0,"player_choice":"Fought Bandits","damage_taken":0,"max_hp_gain":0,"max_hp_loss":0,"event_name":"Masked Bandits","floor":31,"gold_loss":0},{"damage_healed":0,"gold_gain":0,"player_choice":"Ignored","damage_taken":0,"max_hp_gain":0,"max_hp_loss":0,"event_name":"SecretPortal","floor":36,"gold_loss":0},{"damage_healed":0,"gold_gain":0,"player_choice":"Fight","damage_taken":0,"max_hp_gain":0,"max_hp_loss":0,"event_name":"MindBloom","floor":41,"gold_loss":0},{"damage_healed":0,"gold_gain":333,"player_choice":"Gave Idol","damage_taken":0,"max_hp_gain":0,"max_hp_loss":0,"event_name":"The Moai Head","floor":47,"relics_lost":["Golden Idol"],"gold_loss":0}],"is_beta":false,"boss_relics":[{"not_picked":["Coffee Dripper","Busted Crown"],"picked":"Sozu"},{"not_picked":["Runic Dome","Tiny House"],"picked":"Philosopher\u0027s Stone"}],"items_purged_floors":[10,20,39,48],"is_endless":false,"potions_floor_spawned":[5,6,8,11,16,18,21,22,31,38,44,45],"killed_by":"The Heart","ascension_level":0}}