{"host":"eaiphzh066bwqdh7","time":1612229587,"event":{"mods":["BaseMod","Better Note","Halation","Hubris","Minty Spire (QoL Compilation)","Reliquary","Replay The Spire","StSLib"],"gold_per_floor":[112,128,93,93,204,204,259,170,196,196,196,196,196,229,229,328,328,344,359,378,393,393,393,405,405,405],"floor_reached":25,"language":"ENG","playtime":626,"items_purged":[],"score":231,"play_id":"b674a9dc-7c44-4edf-b422-0a9516b4535e","local_time":"20210201203307","is_ascension_mode":true,"campfire_choices":[{"data":"Streamline","floor":6,"key":"SMITH"},{"data":"Streamline","floor":10,"key":"SMITH"},{"data":"Streamline","floor":12,"key":"SMITH"},{"data":"Ball Lightning","floor":15,"key":"SMITH"},{"floor":23,"key":"REST"}],"circlet_count":0,"master_deck":["Strike_B","Strike_B","Defend_B","Defend_B","Defend_B","Defend_B","Zap","Dualcast","Reboot","Streamline+1","Ball Lightning+1","Streamline+1","Streamline+1","Creative AI","Leap+1","Gash","Leap","BootSequence"],"relics":["Cracked Core","hubris:Icosahedron","ReplayTheSpireMod:CursedCoin","PreservedInsect","Bag of Marbles","ReplayTheSpireMod:Lightbulb","Nuclear Battery"],"acts_visited":["Exordium","TheCity"],"potions_floor_usage":[16,20,24],"damage_taken":[{"damage":12,"enemies":"Small Slimes","floor":1,"turns":3},{"damage":4,"enemies":"Jaw Worm","floor":2,"turns":3},{"damage":0,"enemies":"2 Louse","floor":8,"turns":2},{"damage":15,"enemies":"Lagavulin","floor":14,"turns":3},{"damage":21,"enemies":"Fading Forest","floor":16,"turns":11},{"damage":14,"enemies":"Shell Parasite","floor":18,"turns":3},{"damage":14,"enemies":"2 Thieves","floor":19,"turns":4},{"damage":23,"enemies":"Sentry and Sphere","floor":20,"turns":4},{"damage":7,"enemies":"Cultist and Chosen","floor":21,"turns":4},{"damage":27,"enemies":"3 Cultists","floor":24,"turns":5},{"damage":12,"enemies":"Snake Plant","floor":25,"turns":3}],"seed_played":"1882596928059832736","potions_obtained":[{"floor":8,"key":"Languid Potion"},{"floor":16,"key":"SpeedPotion"},{"floor":20,"key":"Ancient Potion"},{"floor":21,"key":"Explosive Potion"}],"is_trial":false,"path_per_floor":["M","M","?","?","$","R","T","M","T","R","?","R","?","E","R","B",null,"M","M","M","M","?","R","M","M"],"character_chosen":"DEFECT","items_purchased":["ReplayTheSpireMod:CursedCoin","Streamline"],"campfire_rested":1,"item_purchase_floors":[5,5],"current_hp_per_floor":[63,59,75,75,75,75,75,75,75,75,75,75,75,60,60,61,75,61,47,24,17,17,39,12,0,0],"gold":405,"neow_bonus":"ONE_RANDOM_RARE_CARD","is_daily":false,"chose_seed":false,"campfire_upgraded":4,"win_rate":0.0,"timestamp":1612229587,"path_taken":["M","M","?","?","$","R","?","M","T","R","?","R","?","E","R","BOSS","M","M","?","M","?","R","M","M"],"items_purchased_type":["Relic","Card"],"build_version":"2020-12-22","purchased_purges":0,"victory":false,"max_hp_per_floor":[75,75,75,75,75,75,75,75,75,75,75,75,75,75,75,75,75,75,75,75,75,75,75,75,75,75],"card_choices":[{"not_picked":["Conserve Battery","Cold Snap"],"picked":"Streamline","floor":1},{"not_picked":["Beam Cell","Steam"],"picked":"Ball Lightning","floor":2},{"not_picked":["Hologram","Force Field","Coolheaded"],"picked":"SKIP","floor":8},{"not_picked":["Chaos","Thunder Strike","Rip and Tear"],"picked":"SKIP","floor":14},{"not_picked":["ReplayTheSpireMod:Omega Cannon","Hyperbeam"],"picked":"Creative AI","floor":16},{"not_picked":["Reinforced Body","Aggregate"],"picked":"Leap+1","floor":18},{"not_picked":["Coolheaded","Storm","Sweeping Beam+1"],"picked":"SKIP","floor":19},{"not_picked":["Chill","hubris:PowerSurge"],"picked":"Gash","floor":20},{"not_picked":["Glacier","Redo"],"picked":"Leap","floor":21},{"not_picked":["Auto Shields","ReplayTheSpireMod:Reroute Power+1"],"picked":"BootSequence","floor":24}],"player_experience":231050,"relics_obtained":[{"floor":7,"key":"PreservedInsect"},{"floor":9,"key":"Bag of Marbles"},{"floor":14,"key":"ReplayTheSpireMod:Lightbulb"}],"event_choices":[{"damage_healed":18,"gold_gain":0,"player_choice":"Healed","damage_taken":0,"max_hp_gain":0,"max_hp_loss":0,"event_name":"The Cleric","floor":3,"gold_loss":35},{"cards_removed":["Strike_B"],"damage_healed":0,"gold_gain":0,"player_choice":"Purged","damage_taken":0,"max_hp_gain":0,"max_hp_loss":0,"event_name":"Purifier","floor":13,"gold_loss":0}],"is_beta":false,"boss_relics":[{"not_picked":["reliquary:KinkedSpring","Abe\u0027s Treasure"],"picked":"Nuclear Battery"}],"items_purged_floors":[],"is_endless":false,"potions_floor_spawned":[8,16,20,21],"killed_by":"Snake Plant","ascension_level":3}}