{"host":"gaqyve1328ta0etl","time":1612256453,"event":{"mods":["BaseMod","Colored Map","Colored Powertips","Googly Eyes","Minty Spire (QoL Compilation)","Shop Mod","StSLib","SuperFastMode","The Hierophant","The Runesmith"],"gold_per_floor":[114,39,57,7,27,27,54,69,94,94,117,117,155,5,5,126,126,146,159,34,34,52,52,52,52],"floor_reached":24,"language":"ENG","playtime":774,"items_purged":["Strike_B","Defend_B","Dualcast"],"score":294,"play_id":"27917cfe-efc9-4a37-9bc1-a0891f79adb7","local_time":"20210202010053","is_ascension_mode":true,"campfire_choices":[{"floor":6,"key":"REST"},{"floor":12,"key":"REST"},{"floor":15,"key":"REST"},{"floor":23,"key":"REST"}],"circlet_count":0,"master_deck":["AscendersBane","Defend_B","Defend_B","Defend_B","Zap","Conserve Battery","Gash","Redo","Ball Lightning","Melter","Beam Cell","Self Repair","Coolheaded","Electrodynamics","Hologram"],"relics":["Cracked Core","Runesmith:AutoHammer","Oddly Smooth Stone","Golden Idol","Odd Mushroom","Nuclear Battery","MutagenicStrength"],"acts_visited":["Exordium","TheCity"],"potions_floor_usage":[7,8,16,19],"damage_taken":[{"damage":0,"enemies":"Cultist","floor":1,"turns":3},{"damage":2,"enemies":"Jaw Worm","floor":3,"turns":3},{"damage":1,"enemies":"2 Louse","floor":5,"turns":2},{"damage":17,"enemies":"Gremlin Nob","floor":7,"turns":4},{"damage":0,"enemies":"2 Fungi Beasts","floor":8,"turns":3},{"damage":9,"enemies":"Blue Slaver","floor":11,"turns":3},{"damage":24,"enemies":"The Mushroom Lair","floor":13,"turns":4},{"damage":44,"enemies":"Slime Boss","floor":16,"turns":9},{"damage":8,"enemies":"3 Byrds","floor":18,"turns":4},{"damage":8,"enemies":"Shell Parasite","floor":19,"turns":4},{"damage":26,"enemies":"Centurion and Healer","floor":22,"turns":6},{"damage":62,"enemies":"Book of Stabbing","floor":24,"turns":5}],"seed_played":"5330365982570925045","potions_obtained":[{"floor":1,"key":"Weak Potion"},{"floor":7,"key":"Block Potion"},{"floor":8,"key":"Block Potion"},{"floor":18,"key":"AttackPotion"},{"floor":22,"key":"SmokeBomb"}],"is_trial":false,"path_per_floor":["M","$","M","?","M","R","E","M","T","?","M","R","?","$","R","B",null,"M","M","$","?","M","R","E"],"character_chosen":"DEFECT","items_purchased":["Coolheaded"],"campfire_rested":4,"item_purchase_floors":[14],"current_hp_per_floor":[50,50,48,48,47,69,52,52,52,34,25,47,30,30,52,15,60,59,58,58,58,39,61,0,0],"gold":52,"neow_bonus":"TRANSFORM_TWO_CARDS","is_daily":false,"chose_seed":false,"campfire_upgraded":0,"win_rate":0.0,"timestamp":1612256453,"path_taken":["M","$","M","?","M","R","E","M","T","?","M","R","?","$","R","BOSS","M","M","$","?","M","R","E"],"items_purchased_type":["Card"],"build_version":"2020-12-22","purchased_purges":3,"victory":false,"max_hp_per_floor":[75,75,75,75,75,75,75,75,75,75,75,75,75,75,75,75,75,75,75,75,75,75,75,75,75],"card_choices":[{"not_picked":["Chaos","Heatsinks"],"picked":"Redo","floor":1},{"not_picked":["Capacitor","Leap"],"picked":"Ball Lightning","floor":3},{"not_picked":["Storm","Conserve Battery"],"picked":"Melter","floor":5},{"not_picked":["BootSequence","Compile Driver","Scrape"],"picked":"SKIP","floor":7},{"not_picked":["Go for the Eyes","Rebound"],"picked":"Beam Cell","floor":8},{"not_picked":["Conserve Battery","Rebound"],"picked":"Self Repair","floor":11},{"not_picked":["Rainbow","Biased Cognition"],"picked":"Electrodynamics","floor":16},{"not_picked":["Leap+1","Static Discharge+1","Stack"],"picked":"SKIP","floor":18},{"not_picked":["Darkness","Leap"],"picked":"Hologram","floor":19},{"not_picked":["Barrage+1","Beam Cell+1","Sweeping Beam"],"picked":"SKIP","floor":22}],"player_experience":2073204,"relics_obtained":[{"floor":7,"key":"Runesmith:AutoHammer"},{"floor":9,"key":"Oddly Smooth Stone"},{"floor":13,"key":"Odd Mushroom"}],"event_choices":[{"cards_removed":["Strike_B"],"damage_healed":0,"gold_gain":0,"player_choice":"Card Removal","damage_taken":0,"max_hp_gain":0,"max_hp_loss":0,"event_name":"The Cleric","floor":4,"gold_loss":50},{"damage_healed":0,"gold_gain":0,"player_choice":"Take Damage","damage_taken":18,"relics_obtained":["Golden Idol"],"max_hp_gain":0,"max_hp_loss":0,"event_name":"Golden Idol","floor":10,"gold_loss":0},{"damage_healed":0,"gold_gain":0,"player_choice":"Fought Mushrooms","damage_taken":0,"max_hp_gain":0,"max_hp_loss":0,"event_name":"Mushrooms","floor":13,"gold_loss":0},{"damage_healed":0,"gold_gain":0,"player_choice":"Inject Mutagens","damage_taken":0,"relics_obtained":["MutagenicStrength"],"max_hp_gain":0,"max_hp_loss":0,"event_name":"Drug Dealer","floor":21,"gold_loss":0}],"is_beta":false,"boss_relics":[{"not_picked":["Calling Bell","Snecko Eye"],"picked":"Nuclear Battery"}],"items_purged_floors":[2,14,20],"is_endless":false,"potions_floor_spawned":[1,7,8,18,22],"killed_by":"Book of Stabbing","ascension_level":10}}