{"host":"72j3if4hls1tefkc","time":1612306079,"event":{"mods":["AchievementEnabler","Always Whale","Aspiration","BaseMod","Colored Map","Conspire","FetchMod","Halation","Hubris","Infinite Spire","Minty Spire (QoL Compilation)","Reliquary","Replay The Spire","Shop Mod","StSLib","The Bug Knight","The Construct","The Cursed","The Jungle","The Marked","The Necromancer","The Poker Player"],"gold_per_floor":[119,129,129,204,47,82,82,96,121,136,136,136,152,164,164,261,261,271,255,290,307,2,2,40,56,79,92,17,36,69,69,69,169,169,187,187,203,313,328,328,342,342,342,373,373,139,156,173,173,173],"floor_reached":51,"language":"ENG","playtime":2839,"items_purged":["Strike_P","Eruption"],"score":628,"play_id":"cc076b81-7fcf-4da6-87c8-9613026a1660","local_time":"20210202154759","is_ascension_mode":false,"campfire_choices":[{"data":"PathToVictory","floor":23,"key":"SMITH"},{"floor":32,"key":"REST"},{"data":"ThirdEye","floor":40,"key":"SMITH"},{"floor":42,"key":"REST"},{"floor":45,"key":"REST"},{"floor":49,"key":"REST"}],"circlet_count":0,"master_deck":["Strike_P+1","Strike_P+1","Defend_P+1","Defend_P+1","Defend_P+1","Defend_P+1","Vigilance","EmptyFist+1","ClearTheMind+1","PathToVictory+1","ThirdEye+1","InnerPeace+1","LessonLearned","PathToVictory+1","FollowUp+1","LikeWater+1","Establishment","CurseOfTheBell","Protect","ThirdEye+1","PathToVictory+1","Fasting2+1","PathToVictory","EmptyBody+1","Protect+1","LikeWater+1"],"relics":["PureWater","NeowsBlessing","halation:StarCompass","halation:PromiseList","aspiration:ArtOfWarUpgrade","hubris:ToyBattleship","Strawberry","hubris:Towel","hubris:Backtick","hubris:64BitClover","StoneCalendar","Lee\u0027s Waffle","infinitespire:Lucky Rock","Smiling Mask","aspiration:Stabinomicon","Replay:Bottled Eggs","reliquary:SharkskinSheath","Replay:Grab Bag","reliquary:RedCape","conspire:RoyalGoblet","Calling Bell","reliquary:Buckler","Iron Hammer","hubris:Icosahedron","BranchBurnRelic","conspire:BottledYoYo","hubris:TenFootPole","halation:LettersToHer","Mummified Hand"],"acts_visited":["Exordium","TheCity","TheBeyond"],"potions_floor_usage":[21,30,37,50,50],"damage_taken":[{"damage":0,"enemies":"2 Louse","floor":1,"turns":1},{"damage":0,"enemies":"Jaw Worm","floor":2,"turns":1},{"damage":0,"enemies":"Gremlin Nob","floor":6,"turns":1},{"damage":10,"enemies":"Small Slimes","floor":8,"turns":4},{"damage":6,"enemies":"Exordium Wildlife","floor":10,"turns":3},{"damage":7,"enemies":"Blue Slaver","floor":13,"turns":3},{"damage":8,"enemies":"3 Louse","floor":14,"turns":4},{"damage":7,"enemies":"Hexaghost","floor":16,"turns":9},{"damage":0,"enemies":"Shell Parasite","floor":18,"turns":4},{"damage":32,"enemies":"2 Thieves","floor":19,"turns":4},{"damage":13,"enemies":"Snecko","floor":21,"turns":4},{"damage":14,"enemies":"conspire:MimicChest","floor":24,"turns":5},{"damage":9,"enemies":"Centurion and Healer","floor":25,"turns":7},{"damage":26,"enemies":"Snake Plant","floor":27,"turns":5},{"damage":18,"enemies":"3 Cultists","floor":29,"turns":6},{"damage":7,"enemies":"Book of Stabbing","floor":30,"turns":4},{"damage":17,"enemies":"Automaton","floor":33,"turns":6},{"damage":11,"enemies":"3 Shapes","floor":35,"turns":4},{"damage":20,"enemies":"3 Darklings","floor":37,"turns":6},{"damage":22,"enemies":"Sphere and 2 Shapes","floor":38,"turns":7},{"damage":0,"enemies":"4 Shapes","floor":39,"turns":7},{"damage":31,"enemies":"Writhing Mass","floor":41,"turns":5},{"damage":50,"enemies":"Nemesis","floor":44,"turns":5},{"damage":0,"enemies":"Maw","floor":47,"turns":5},{"damage":33,"enemies":"Transient","floor":48,"turns":5},{"damage":37,"enemies":"Replay:Hell Engine","floor":50,"turns":7}],"seed_played":"214971743235447456","potions_obtained":[{"floor":1,"key":"Swift Potion"},{"floor":6,"key":"AttackPotion"},{"floor":16,"key":"BlessingOfTheForge"},{"floor":19,"key":"Fire Potion"},{"floor":21,"key":"LifebloodPotion"},{"floor":33,"key":"Fire Potion"},{"floor":41,"key":"BottledMiracle"}],"is_trial":false,"path_per_floor":["M","M","?","?","$","E","R","M","T","M","T","?","M","M","R","B",null,"M","M","?","M","$","R","?","M","T","M","?","M","E","T","R","B",null,"M","?","M","M","M","R","M","R","T","E","R","$","M","M","R","B",null],"character_chosen":"WATCHER","items_purchased":["halation:PromiseList","Lee\u0027s Waffle","LikeWater","EmptyBody+1","halation:LettersToHer"],"campfire_rested":4,"item_purchase_floors":[5,22,22,46,46],"current_hp_per_floor":[72,72,72,61,61,61,61,51,51,45,52,52,45,37,37,30,79,79,47,28,15,86,86,72,63,63,37,37,19,12,12,37,20,86,75,75,55,33,33,33,16,41,41,5,30,30,44,11,36,14],"gold":173,"neow_bonus":"THREE_ENEMY_KILL","is_daily":false,"chose_seed":false,"campfire_upgraded":2,"win_rate":0.0,"timestamp":1612306079,"path_taken":["M","M","?","?","$","E","R","M","T","M","?","?","?","M","R","BOSS","M","M","?","M","$","R","?","M","T","M","?","M","E","?","R","BOSS","M","?","M","M","M","R","M","R","T","E","R","?","?","M","R","BOSS"],"items_purchased_type":["Relic","Relic","Card","Card","Relic"],"build_version":"2020-12-22","purchased_purges":2,"victory":true,"max_hp_per_floor":[72,72,72,72,72,72,72,72,72,72,79,79,79,79,79,79,79,79,79,79,79,86,86,86,86,86,86,86,86,86,86,86,86,86,86,86,86,86,86,86,86,86,86,86,86,86,86,86,86,86],"card_choices":[{"not_picked":["ThirdEye","Evaluate"],"picked":"EmptyFist","floor":1},{"not_picked":["CutThroughFate","FollowUp"],"picked":"ClearTheMind","floor":2},{"not_picked":["DeceiveReality","SashWhip","FlurryOfBlows"],"picked":"SKIP","floor":6},{"not_picked":["ThirdEye","ConjureBlade"],"picked":"PathToVictory","floor":8},{"not_picked":["Consecrate","TalkToTheHand","Protect"],"picked":"SKIP","floor":10},{"not_picked":["WheelKick","Worship"],"picked":"ThirdEye","floor":13},{"not_picked":["SashWhip","EmptyFist"],"picked":"InnerPeace","floor":14},{"not_picked":["Devotion","Brilliance"],"picked":"LessonLearned","floor":16},{"not_picked":["DeceiveReality","Sanctity","FlurryOfBlows+1"],"picked":"SKIP","floor":18},{"not_picked":["EmptyBody+1","FlurryOfBlows"],"picked":"PathToVictory","floor":19},{"not_picked":["Crescendo","EmptyFist"],"picked":"FollowUp+1","floor":21},{"not_picked":["FollowUp","Devotion","Meditate"],"picked":"SKIP","floor":25},{"not_picked":["Replay:Anticipation","CutThroughFate","FollowUp+1"],"picked":"SKIP","floor":27},{"not_picked":["Replay:BluntJabs+1","FlyingSleeves","BattleHymn"],"picked":"SKIP","floor":29},{"not_picked":["MasterReality","SandsOfTime","Pray"],"picked":"SKIP","floor":30},{"not_picked":["Brilliance","DeusExMachina"],"picked":"Establishment","floor":33},{"not_picked":["Replay:Anticipation","EmptyFist+1"],"picked":"Protect","floor":35},{"not_picked":["JustLucky","SashWhip"],"picked":"ThirdEye+1","floor":37},{"not_picked":["Nirvana","Replay:BluntJabs+1"],"picked":"PathToVictory+1","floor":38},{"not_picked":["Prostrate+1","EmptyBody"],"picked":"Fasting2+1","floor":39},{"not_picked":["ThirdEye+1","FollowUp+1"],"picked":"PathToVictory","floor":41},{"not_picked":["Replay:BluntJabs","Replay:Hum","Consecrate+1"],"picked":"SKIP","floor":44},{"not_picked":["Evaluate","BattleHymn"],"picked":"Protect+1","floor":47},{"not_picked":["Swivel+1","Replay:BluntJabs"],"picked":"LikeWater+1","floor":48}],"player_experience":349076,"relics_obtained":[{"floor":6,"key":"Art of War"},{"floor":9,"key":"hubris:ToyBattleship"},{"floor":11,"key":"Strawberry"},{"floor":20,"key":"StoneCalendar"},{"floor":24,"key":"infinitespire:Lucky Rock"},{"floor":26,"key":"Smiling Mask"},{"floor":30,"key":"aspiration:Stabinomicon"},{"floor":31,"key":"Replay:Bottled Eggs"},{"floor":33,"key":"reliquary:SharkskinSheath"},{"floor":34,"key":"reliquary:Buckler"},{"floor":34,"key":"Iron Hammer"},{"floor":34,"key":"Dead Branch"},{"floor":43,"key":"conspire:BottledYoYo"},{"floor":44,"key":"hubris:TenFootPole"},{"floor":48,"key":"Mummified Hand"}],"event_choices":[{"damage_healed":0,"gold_gain":75,"player_choice":"Gather Gold","damage_taken":11,"max_hp_gain":0,"max_hp_loss":0,"event_name":"World of Goop","floor":4,"gold_loss":0},{"cards_removed":["Strike_P"],"damage_healed":0,"gold_gain":0,"player_choice":"Gave Gold","damage_taken":0,"max_hp_gain":0,"max_hp_loss":0,"event_name":"Beggar","floor":28,"gold_loss":75}],"is_beta":false,"boss_relics":[{"not_picked":["conspire:SeveredTorchhead","Black Star"],"picked":"hubris:Backtick"},{"not_picked":["halation:SmartPhone","Busted Crown"],"picked":"Replay:Grab Bag"},{"not_picked":["Fusion Hammer","Replay:Bronze Core"],"picked":"reliquary:RedCape"},{"not_picked":["Abe\u0027s Treasure","reliquary:KinkedSpring"],"picked":"conspire:RoyalGoblet"},{"not_picked":["halation:Yufonium","VioletLotus"],"picked":"Calling Bell"}],"items_purged_floors":[22,46],"is_endless":false,"potions_floor_spawned":[1,6,16,19,21,24,33,35,41,47,48],"ascension_level":0}}