{"host":"sav7uxregyirlf69","time":1612277733,"event":{"mods":["AchievementEnabler","BaseMod","Colored Map","DeckTracker","Keyboard Shortcuts","Minty Spire (QoL Compilation)","READ ME - Guardian Mod","StSLib","SuperFastMode"],"gold_per_floor":[116,41,41,41,60,60,85,85,135,155,155,182,201,45,45,118,118,132,132,146,71,71,71,71],"floor_reached":23,"language":"KOR","playtime":339,"items_purged":["Defend_G","Defend_G"],"score":444,"play_id":"9f0e7275-d4fe-4ba3-8345-9e26f2dc8b38","local_time":"20210202235533","is_ascension_mode":true,"campfire_choices":[{"data":"Unload","floor":6,"key":"SMITH"},{"data":"Neutralize","floor":8,"key":"SMITH"},{"data":"Bouncing Flask","floor":15,"key":"SMITH"}],"circlet_count":0,"master_deck":["AscendersBane","Strike_G","Strike_G","Strike_G","Defend_G","Defend_G","Defend_G","Survivor","Neutralize+1","Blur","Unload+1","Heel Hook","Footwork","Bouncing Flask+1","Escape Plan","After Image","Reflex","PiercingWail","Reflex"],"relics":["Ring of the Snake","NeowsBlessing","Bag of Preparation","Mercury Hourglass","SacredBark"],"acts_visited":["Exordium","TheCity"],"potions_floor_usage":[12,16,18],"damage_taken":[{"damage":0.0,"enemies":"2 Louse","floor":1.0,"turns":1.0},{"damage":0,"enemies":"Cultist","floor":5,"turns":1},{"damage":0,"enemies":"Gremlin Nob","floor":7,"turns":1},{"damage":2,"enemies":"Small Slimes","floor":10,"turns":3},{"damage":8,"enemies":"Lagavulin","floor":12,"turns":6},{"damage":6,"enemies":"Exordium Wildlife","floor":13,"turns":2},{"damage":5,"enemies":"The Guardian","floor":16,"turns":8},{"damage":0,"enemies":"3 Byrds","floor":18,"turns":4},{"damage":21,"enemies":"Chosen","floor":20,"turns":4},{"damage":7,"enemies":"Slavers","floor":23,"turns":3}],"seed_played":"-7067086995761554338","potions_obtained":[{"floor":7,"key":"Poison Potion"},{"floor":12,"key":"CunningPotion"},{"floor":16,"key":"SteroidPotion"}],"is_trial":false,"path_per_floor":["M","$","?","$","M","R","E","R","T","M","?","E","M","$","R","B",null,"M","?","M","?","?","E"],"character_chosen":"THE_SILENT","items_purchased":["PowerPotion"],"campfire_rested":0,"item_purchase_floors":[14],"current_hp_per_floor":[59,59,59,59,59,59,59,59,59,57,50,42,36,36,36,31,57,57,57,36,36,36,29,29],"gold":71,"neow_bonus":"THREE_ENEMY_KILL","is_daily":false,"chose_seed":false,"campfire_upgraded":3,"win_rate":0.0,"timestamp":1612277733,"path_taken":["M","$","?","?","M","R","E","R","T","M","?","E","?","$","R","BOSS","M","?","M","?","?","E"],"items_purchased_type":["Potion"],"build_version":"2020-12-22","purchased_purges":2,"victory":false,"max_hp_per_floor":[66,66,66,66,66,66,66,66,66,66,66,66,66,66,66,66,66,66,66,66,66,66,66,66],"card_choices":[{"not_picked":["Flying Knee","Distraction"],"picked":"Blur","floor":1.0},{"not_picked":["PiercingWail","Prepared"],"picked":"Heel Hook","floor":5},{"not_picked":["Deadly Poison","Quick Slash"],"picked":"Footwork","floor":7},{"not_picked":["Endless Agony","Poisoned Stab","Setup"],"picked":"SKIP","floor":10},{"not_picked":["Quick Slash","Masterful Stab"],"picked":"Bouncing Flask","floor":12},{"not_picked":["Blade Dance","Dagger Throw"],"picked":"Escape Plan","floor":13},{"not_picked":["A Thousand Cuts","Storm of Steel"],"picked":"After Image","floor":16},{"not_picked":["PiercingWail","Endless Agony+1"],"picked":"Reflex","floor":18},{"not_picked":["Flying Knee+1","Accuracy"],"picked":"PiercingWail","floor":20}],"player_experience":1463988,"relics_obtained":[{"floor":9,"key":"Bag of Preparation"},{"floor":12,"key":"Mercury Hourglass"}],"event_choices":[{"damage_healed":0,"gold_gain":0,"player_choice":"1 cards matched","damage_taken":0,"max_hp_gain":0,"max_hp_loss":0,"event_name":"Match and Keep!","floor":3,"gold_loss":0,"cards_obtained":["Unload"]},{"cards_removed":["Strike_G"],"damage_healed":0,"gold_gain":0,"player_choice":"Card Removal","damage_taken":7,"max_hp_gain":0,"max_hp_loss":0,"event_name":"Golden Wing","floor":11,"gold_loss":0},{"damage_healed":0,"gold_gain":0,"player_choice":"Ignored","damage_taken":0,"max_hp_gain":0,"max_hp_loss":0,"event_name":"The Mausoleum","floor":19,"gold_loss":0},{"cards_removed":["Strike_G"],"damage_healed":0,"gold_gain":0,"player_choice":"Gave Gold","damage_taken":0,"max_hp_gain":0,"max_hp_loss":0,"event_name":"Beggar","floor":21,"gold_loss":75},{"damage_healed":0,"gold_gain":0,"player_choice":"Read","damage_taken":0,"max_hp_gain":0,"max_hp_loss":0,"event_name":"The Library","floor":22,"gold_loss":0,"cards_obtained":["Reflex"]}],"is_beta":false,"boss_relics":[{"not_picked":["Snecko Eye","Cursed Key"],"picked":"SacredBark"}],"items_purged_floors":[2,14],"is_endless":false,"potions_floor_spawned":[7,12,16],"killed_by":"Slavers","ascension_level":20}}