{"host":"zsnmfqgcm92hlreo","time":1612306676,"event":{"mods":["AchievementEnabler","Act Like it!","BaseMod","Bestiary","Block Reminder","Colored Map","Colored Powertips","Hermit","Jorbs\u0027s Wanderer Trilogy","Minty Spire (QoL Compilation)","Permanent Neow","Quick Restart","Relic Stats","StSLib","Weighted Paths"],"gold_per_floor":[117,127,142,156,156,181,181,211,211,229,229,257,257,276,276,353,353,363,124,49,49,49,76,91,91,91,118,118,136,170,189,189,267,267,283,243,6,25,38,38,49,80,128,153,193,193,234,73,73,73,73],"floor_reached":52,"language":"ENG","playtime":2423,"items_purged":["Strike_R"],"score":2061,"play_id":"0e33c28e-bdaf-4782-a890-9f725c79cd19","local_time":"20210202165756","is_ascension_mode":true,"campfire_choices":[{"floor":7.0,"key":"REST"},{"floor":11.0,"key":"REST"},{"floor":15.0,"key":"REST"},{"floor":25.0,"key":"REST"},{"floor":28.0,"key":"REST"},{"floor":32.0,"key":"REST"},{"floor":40.0,"key":"REST"},{"floor":49.0,"key":"REST"}],"circlet_count":0,"master_deck":["AscendersBane","Strike_R","Defend_R","Defend_R","Defend_R","Defend_R","Bash","Twin Strike","Inflame","Uppercut","Shockwave","Twin Strike","Limit Break","Armaments","Uppercut+1","Clash","Clothesline","Shockwave","Reaper","Exhume","Spot Weakness","Power Through+1","Limit Break"],"relics":["Fusion Hammer","Gremlin Horn","Ornamental Fan","Pear","Sundial","Potion Belt","Philosopher\u0027s Stone","Pen Nib","Anchor","Boot","Orichalcum","Bag of Marbles","Paper Frog","Empty Cage","Centennial Puzzle","CeramicFish","Art of War","Red Skull","Shuriken","Regal Pillow"],"acts_visited":["Exordium","TheCity","TheBeyond"],"potions_floor_usage":[51],"damage_taken":[{"damage":2.0,"enemies":"Jaw Worm","floor":1.0,"turns":3.0},{"damage":1.0,"enemies":"Cultist","floor":2.0,"turns":3.0},{"damage":4.0,"enemies":"Small Slimes","floor":3.0,"turns":3.0},{"damage":11.0,"enemies":"3 Louse","floor":4.0,"turns":4.0},{"damage":25.0,"enemies":"Lagavulin","floor":6.0,"turns":5.0},{"damage":25.0,"enemies":"3 Sentries","floor":8.0,"turns":7.0},{"damage":5.0,"enemies":"Looter","floor":10.0,"turns":3.0},{"damage":6.0,"enemies":"Lagavulin","floor":12.0,"turns":5.0},{"damage":8.0,"enemies":"Large Slime","floor":14.0,"turns":4.0},{"damage":8.0,"enemies":"Slime Boss","floor":16.0,"turns":6.0},{"damage":24.0,"enemies":"Shell Parasite","floor":18.0,"turns":3.0},{"damage":19.0,"enemies":"Gremlin Leader","floor":23.0,"turns":5.0},{"damage":0.0,"enemies":"3 Byrds","floor":24.0,"turns":2.0},{"damage":58.0,"enemies":"Book of Stabbing","floor":27.0,"turns":6.0},{"damage":9.0,"enemies":"Centurion and Healer","floor":29.0,"turns":4.0},{"damage":2.0,"enemies":"Gremlin Leader","floor":30.0,"turns":6.0},{"damage":15.0,"enemies":"Snake Plant","floor":31.0,"turns":4.0},{"damage":6.0,"enemies":"Automaton","floor":33.0,"turns":6.0},{"damage":25.0,"enemies":"3 Darklings","floor":35.0,"turns":6.0},{"damage":12.0,"enemies":"3 Shapes","floor":38.0,"turns":3.0},{"damage":48.0,"enemies":"Writhing Mass","floor":39.0,"turns":6.0},{"damage":65.0,"enemies":"Maw","floor":41.0,"turns":7.0},{"damage":32.0,"enemies":"Reptomancer","floor":42.0,"turns":4.0},{"damage":83.0,"enemies":"Giant Head","floor":45.0,"turns":7.0},{"damage":48.0,"enemies":"Nemesis","floor":47.0,"turns":5.0},{"damage":56.0,"enemies":"Donu and Deca","floor":50.0,"turns":8.0},{"damage":28,"enemies":"Awakened One","floor":51,"turns":5}],"seed_played":"3500706825056351692","potions_obtained":[{"floor":2.0,"key":"LiquidMemories"},{"floor":3.0,"key":"GamblersBrew"},{"floor":14.0,"key":"Explosive Potion"},{"floor":16.0,"key":"AttackPotion"},{"floor":18.0,"key":"LiquidMemories"},{"floor":24.0,"key":"Block Potion"},{"floor":27.0,"key":"ColorlessPotion"},{"floor":31.0,"key":"Fruit Juice"},{"floor":36.0,"key":"DuplicationPotion"},{"floor":36.0,"key":"SteroidPotion"},{"floor":36.0,"key":"GamblersBrew"},{"floor":39.0,"key":"AttackPotion"},{"floor":45.0,"key":"ColorlessPotion"},{"floor":47.0,"key":"HeartOfIron"}],"is_trial":false,"path_per_floor":["M","M","M","M","?","E","R","E","T","M","R","E","T","M","R","B",null,"M","$","?","?","?","E","M","R","T","E","R","M","E","M","R","B",null,"M","?","$","M","M","R","M","E","T","T","E","?","E","$","R","B","B",null],"character_chosen":"IRONCLAD","items_purchased":["Pen Nib","Spot Weakness","Centennial Puzzle","Regal Pillow"],"campfire_rested":8,"item_purchase_floors":[19,37,37,48],"current_hp_per_floor":[66,65,61,50,55,30,54,29,39,34,61,55,55,47,74,66,84,60,60,60,60,60,41,41,68,68,10,37,28,26,16,44,62,87,69,69,69,85,53,81,33,78,78,78,51,51,3,3,46,71,64],"gold":73,"neow_bonus":"BOSS_RELIC","is_daily":false,"chose_seed":false,"campfire_upgraded":0,"win_rate":0.0,"timestamp":1612306676,"path_taken":["M","M","M","M","?","E","R","E","T","M","R","E","?","?","R","BOSS","M","$","?","?","?","E","M","R","T","E","R","M","E","M","R","BOSS","M","?","$","M","M","R","?","E","T","?","E","?","E","$","R","BOSS","BOSS"],"items_purchased_type":["Relic","Card","Relic","Relic"],"build_version":"2020-12-22","purchased_purges":1,"victory":true,"max_hp_per_floor":[75,75,75,75,80,80,80,80,90,90,90,90,90,90,90,90,90,90,90,90,90,90,90,90,90,90,90,90,90,90,95,95,95,95,95,95,95,95,95,95,95,95,95,95,95,95,95,95,95,95,95],"relic_stats":{"Regal Pillow":15,"Gremlin Horn":[35,35],"counters":[27,130],"CeramicFish":18,"Pen Nib":[17],"Orichalcum":[36],"Boot":[41],"Centennial Puzzle":[24],"Ornamental Fan":[140],"Sundial":[14],"Shuriken":[3],"Art of War":[3],"obtain_stats":[{"Potion Belt":13,"Regal Pillow":48,"Pear":9,"Gremlin Horn":6,"CeramicFish":42,"Pen Nib":19,"Orichalcum":26,"Boot":23,"Empty Cage":34,"Burning Blood":0,"Anchor":21,"Centennial Puzzle":37,"Ornamental Fan":8,"Sundial":12,"Shuriken":47,"Philosopher\u0027s Stone":17,"Fusion Hammer":0,"Bag of Marbles":27,"Art of War":44,"Red Skull":45,"Paper Frog":30},{"Potion Belt":8,"Regal Pillow":25,"Pear":6,"Gremlin Horn":5,"CeramicFish":23,"Pen Nib":11,"Orichalcum":13,"Boot":12,"Empty Cage":18,"Burning Blood":0,"Anchor":11,"Centennial Puzzle":19,"Ornamental Fan":6,"Sundial":8,"Shuriken":25,"Philosopher\u0027s Stone":10,"Fusion Hammer":0,"Bag of Marbles":14,"Art of War":23,"Red Skull":24,"Paper Frog":16},{"Potion Belt":33,"Regal Pillow":117,"Pear":25,"Gremlin Horn":18,"CeramicFish":105,"Pen Nib":46,"Orichalcum":53,"Boot":51,"Empty Cage":79,"Burning Blood":0,"Anchor":46,"Centennial Puzzle":85,"Ornamental Fan":25,"Sundial":33,"Shuriken":117,"Philosopher\u0027s Stone":43,"Fusion Hammer":0,"Bag of Marbles":59,"Art of War":105,"Red Skull":112,"Paper Frog":69}]},"card_choices":[{"not_picked":["Headbutt","Infernal Blade"],"picked":"Twin Strike","floor":1.0},{"not_picked":["Headbutt","Infernal Blade"],"picked":"Inflame","floor":2.0},{"not_picked":["Combust","Iron Wave","Wild Strike"],"picked":"SKIP","floor":3.0},{"not_picked":["Perfected Strike","Blood for Blood"],"picked":"Uppercut","floor":4.0},{"not_picked":["Dark Embrace","Sentinel","Berserk"],"picked":"SKIP","floor":6.0},{"not_picked":["Sword Boomerang","Rampage"],"picked":"Shockwave","floor":8.0},{"not_picked":["Dark Embrace","Headbutt","Anger"],"picked":"SKIP","floor":10.0},{"not_picked":["Berserk","Clash","Havoc"],"picked":"SKIP","floor":12.0},{"not_picked":["Clothesline","Anger"],"picked":"Twin Strike","floor":14.0},{"not_picked":["Impervious","Juggernaut"],"picked":"Limit Break","floor":16.0},{"not_picked":["Headbutt","Pommel Strike"],"picked":"Armaments","floor":18.0},{"not_picked":["Body Slam","Burning Pact+1"],"picked":"Uppercut+1","floor":23.0},{"not_picked":["Dark Embrace","Perfected Strike","Searing Blow"],"picked":"SKIP","floor":24.0},{"not_picked":["Rupture","Entrench"],"picked":"Clash","floor":27.0},{"not_picked":["Shockwave","Corruption"],"picked":"Clothesline","floor":29.0},{"not_picked":["Warcry","Iron Wave"],"picked":"Shockwave","floor":30.0},{"not_picked":["Carnage","Warcry"],"picked":"Reaper","floor":31.0},{"not_picked":["Reaper","Juggernaut"],"picked":"Exhume","floor":33.0},{"not_picked":["Sword Boomerang","Havoc","Anger"],"picked":"SKIP","floor":35.0},{"not_picked":["Searing Blow","Flex+1","Havoc"],"picked":"SKIP","floor":38.0},{"not_picked":["Clothesline","Sentinel","Pommel Strike"],"picked":"SKIP","floor":39.0},{"not_picked":["Armaments","Thunderclap","Anger"],"picked":"SKIP","floor":41.0},{"not_picked":["Perfected Strike","Clash","Havoc"],"picked":"SKIP","floor":42.0},{"not_picked":["Bloodletting","Flex"],"picked":"Power Through+1","floor":45.0},{"not_picked":["Warcry","Uppercut"],"picked":"Limit Break","floor":47.0}],"player_experience":990115,"relics_obtained":[{"floor":6.0,"key":"Gremlin Horn"},{"floor":8.0,"key":"Ornamental Fan"},{"floor":9.0,"key":"Pear"},{"floor":12.0,"key":"Sundial"},{"floor":13.0,"key":"Potion Belt"},{"floor":23.0,"key":"Boot"},{"floor":26.0,"key":"Orichalcum"},{"floor":27.0,"key":"Bag of Marbles"},{"floor":30.0,"key":"Paper Frog"},{"floor":42.0,"key":"CeramicFish"},{"floor":44.0,"key":"Art of War"},{"floor":45.0,"key":"Red Skull"},{"floor":47.0,"key":"Shuriken"}],"event_choices":[{"damage_healed":0.0,"max_hp_gain":5.0,"max_hp_loss":0.0,"gold_gain":0.0,"event_name":"Big Fish","player_choice":"Donut","floor":5.0,"gold_loss":0.0,"damage_taken":0.0},{"cards_removed":["Strike_R"],"damage_healed":0.0,"max_hp_gain":0.0,"max_hp_loss":0.0,"gold_gain":0.0,"event_name":"Beggar","player_choice":"Gave Gold","floor":20.0,"gold_loss":75.0,"damage_taken":0.0},{"damage_healed":0.0,"max_hp_gain":0.0,"max_hp_loss":0.0,"gold_gain":0.0,"event_name":"Addict","player_choice":"Stole Relic","floor":21.0,"gold_loss":0.0,"damage_taken":0.0,"relics_obtained":["Anchor"],"cards_obtained":["Shame"]},{"cards_removed":["Shame"],"damage_healed":0.0,"max_hp_gain":0.0,"max_hp_loss":0.0,"gold_gain":0.0,"event_name":"Back to Basics","player_choice":"Elegance","floor":22.0,"gold_loss":0.0,"damage_taken":0.0},{"damage_healed":0.0,"max_hp_gain":0.0,"max_hp_loss":0.0,"gold_gain":0.0,"event_name":"The Woman in Blue","player_choice":"Bought 3 Potions","floor":36.0,"gold_loss":0.0,"damage_taken":0.0},{"damage_healed":0.0,"max_hp_gain":0.0,"max_hp_loss":0.0,"gold_gain":0.0,"event_name":"Tomb of Lord Red Mask","player_choice":"Ignored","floor":46.0,"gold_loss":0.0,"damage_taken":0.0}],"is_beta":false,"boss_relics":[{"not_picked":["Runic Pyramid","Pandora\u0027s Box"],"picked":"Philosopher\u0027s Stone"},{"not_picked":["Sozu","SlaversCollar"],"picked":"Empty Cage"}],"items_purged_floors":[19],"is_endless":false,"potions_floor_spawned":[2,3,8,10,14,16,18,24,27,31,39,45,47],"ascension_level":20}}