{"host":"95i1gxnztdrdyvhi","time":1612238542,"event":{"mods":["AchievementEnabler","Act Like it!","BaseMod","Downfall","Minty Spire (QoL Compilation)","Quick Restart","StSLib"],"gold_per_floor":[99,115,17,17,34,34,34,49,84,84,94,4,32,32,48,48,48,48],"floor_reached":16,"language":"ENG","playtime":995,"items_purged":["bronze:Strike"],"score":110,"play_id":"75e385f9-7d11-42a9-8be9-14f558a8ea3b","local_time":"20210202040222","is_ascension_mode":false,"campfire_choices":[{"data":"bronze:ClassDefault","floor":1,"key":"SMITH"},{"data":"bronze:Branch","floor":6,"key":"SMITH"}],"circlet_count":0,"master_deck":["bronze:Strike","bronze:Defend","bronze:Defend","bronze:Defend","bronze:Defend","bronze:Replicate+1","bronze:Goto+1","bronze:BitShift+1","bronze:ClassDefault+1","bronze:BitShift+1","bronze:Branch+1","expansioncontent:Chronoboost","bronze:InfiniteBeams","bronze:FindAndReplace+1","bronze:InfiniteBeams","bronze:Invalidate","bronze:ThunderWave","downfall:Malfunctioning","bronze:BronzeOrb"],"relics":["bronze:BronzeCore","sneckomod:BlankCard","Ornamental Fan"],"acts_visited":["Exordium"],"potions_floor_usage":[13],"damage_taken":[{"damage":5,"enemies":"2 Louse","floor":2,"turns":3},{"damage":0,"enemies":"downfall:FleeingMerchant","floor":3,"turns":4},{"damage":0,"enemies":"Cultist","floor":5,"turns":3},{"damage":1,"enemies":"Jaw Worm","floor":8,"turns":3},{"damage":16,"enemies":"Gremlin Nob","floor":9,"turns":4},{"damage":2,"enemies":"Exordium Wildlife","floor":11,"turns":5},{"damage":5,"enemies":"downfall:FleeingMerchant","floor":12,"turns":4},{"damage":1,"enemies":"3 Sentries","floor":13,"turns":3},{"damage":1,"enemies":"2 Fungi Beasts","floor":15,"turns":3},{"damage":19,"enemies":"SI_SHIV_ARCHETYPE","floor":16,"turns":3}],"seed_played":"8271029652399591798","potions_obtained":[{"floor":5,"key":"bronze:BuildAFunctionPotion"},{"floor":9,"key":"SkillPotion"},{"floor":13,"key":"Block Potion"}],"is_trial":false,"path_per_floor":["R","M","$","?","M","R","T","M","E","?","M","$","E","?","M","B"],"character_chosen":"THE_AUTOMATON","items_purchased":["expansioncontent:Chronoboost"],"campfire_rested":0,"item_purchase_floors":[3],"current_hp_per_floor":[49,44,44,44,44,44,44,43,27,27,25,20,19,19,18,0,0,0],"gold":48,"neow_bonus":"TRANSFORM_TWO_CARDS","is_daily":false,"chose_seed":false,"campfire_upgraded":2,"win_rate":0.0,"timestamp":1612238542,"path_taken":["R","M","$","?","?","R","T","M","E","?","?","$","E","?","M","BOSS"],"items_purchased_type":["Card"],"build_version":"2020-12-22","purchased_purges":1,"victory":false,"max_hp_per_floor":[70,70,70,70,70,70,70,70,70,70,70,70,70,70,70,70,70,70],"card_choices":[{"not_picked":["bronze:OilSpill","bronze:Iterate"],"picked":"bronze:BitShift","floor":2},{"not_picked":["bronze:WildBeam","bronze:Separator"],"picked":"bronze:Branch","floor":3},{"not_picked":["bronze:Branch","bronze:DelayedSlice","bronze:BuggyMess"],"picked":"SKIP","floor":5},{"not_picked":["bronze:Safeguard","bronze:BronzeArmor"],"picked":"bronze:InfiniteBeams","floor":8},{"not_picked":["bronze:Shell","bronze:Iterate"],"picked":"bronze:FindAndReplace","floor":9},{"not_picked":["bronze:CutThrough","bronze:Separator"],"picked":"bronze:Invalidate","floor":11},{"not_picked":["bronze:Safeguard","bronze:Flail","bronze:ClassDefault"],"picked":"SKIP","floor":12},{"not_picked":["bronze:Separator","bronze:DelayedGuard"],"picked":"bronze:ThunderWave","floor":13},{"not_picked":["bronze:NullPointer","bronze:WhirlingStrike"],"picked":"bronze:BronzeOrb","floor":15}],"player_experience":853961,"relics_obtained":[{"floor":9,"key":"sneckomod:BlankCard"},{"floor":13,"key":"Ornamental Fan"}],"event_choices":[],"is_beta":false,"boss_relics":[],"items_purged_floors":[12],"is_endless":false,"potions_floor_spawned":[5,9,13],"killed_by":"SI_SHIV_ARCHETYPE","ascension_level":0}}