{"host":"72j3if4hls1tefkc","time":1612291648,"event":{"mods":["AchievementEnabler","Always Whale","Aspiration","BaseMod","Colored Map","Conspire","FetchMod","Halation","Hubris","Infinite Spire","Minty Spire (QoL Compilation)","Reliquary","Replay The Spire","Shop Mod","StSLib","The Bug Knight","The Construct","The Cursed","The Jungle","The Marked","The Necromancer","The Poker Player"],"gold_per_floor":[118,135,135,7,26,26,26,26,51,51,69,69,82,93,93,197,197,212,229,270,285,285,311,311,329,329,329,361,361,374,71,71,170,170,189,189,205,218,218,218,235,235,259,277,277,277,277,295,295,295,295],"floor_reached":50,"language":"ENG","playtime":2919,"items_purged":["Defend_G"],"score":524,"play_id":"da510101-ddeb-4a85-b970-503ed3eb2991","local_time":"20210202114728","is_ascension_mode":false,"campfire_choices":[{"data":"Blade Dance","floor":6.0,"key":"SMITH"},{"data":"Neutralize","floor":8.0,"key":"SMITH"},{"data":"Dodge and Roll","floor":10.0,"key":"SMITH"},{"data":"Finisher","floor":15.0,"key":"SMITH"},{"data":"Hidden Blade","floor":24,"key":"SMITH"},{"floor":32,"key":"RECALL"},{"data":"Fluid Movement","floor":40,"key":"SMITH"},{"data":"Accuracy","floor":46,"key":"SMITH"},{"floor":49,"key":"REST"}],"circlet_count":0,"master_deck":["Defend_G","Defend_G+1","Defend_G","Defend_G+1","Survivor","Neutralize+1","Hidden Blade+1","Finisher+1","Dodge and Roll+1","Blade Dance+1","Backstab","Slice","PiercingWail","Flying Knee","Backflip","Bite","Bite","Bite","Bite","Bite","Infinite Blades+1","Deflect","Fluid Movement+1","Neutralize","Replay:Bag of Tricks+1","Cloak And Dagger+1","Dodge and Roll+1","hubris:Sniper","Accuracy+1","hubris:SlightOfHand+1"],"relics":["Ring of the Snake","Turnip","Pet Ghost","War Paint","aspiration:Nostalgia","Sizzling Blood","Replay:Bronze Core","reliquary:Sideboard","hubris:PeanutButter","Toy Ornithopter","HandDrill","reliquary:KinkedSpring","reliquary:Boomerang","Ring of Chaos","hubris:KleinBottle","halation:Komachan"],"acts_visited":["Exordium","TheCity","TheBeyond"],"potions_floor_usage":[23,25,28,30,33,33,48,48,50,50],"damage_taken":[{"damage":1.0,"enemies":"Jaw Worm","floor":1.0,"turns":4.0},{"damage":2.0,"enemies":"Cultist","floor":2.0,"turns":4.0},{"damage":5.0,"enemies":"Small Slimes","floor":5.0,"turns":5.0},{"damage":1.0,"enemies":"Looter","floor":11.0,"turns":3.0},{"damage":0.0,"enemies":"2 Fungi Beasts","floor":13.0,"turns":1.0},{"damage":0.0,"enemies":"Red Slaver","floor":14.0,"turns":1.0},{"damage":16.0,"enemies":"Hexaghost","floor":16.0,"turns":13.0},{"damage":0,"enemies":"3 Byrds","floor":18,"turns":4},{"damage":0,"enemies":"2 Thieves","floor":19,"turns":4},{"damage":7,"enemies":"Centurion and Healer","floor":21,"turns":6},{"damage":0,"enemies":"conspire:SneckoGhost","floor":23,"turns":9},{"damage":5,"enemies":"Cultist and Chosen","floor":25,"turns":8},{"damage":22,"enemies":"Gremlin Leader","floor":28,"turns":9},{"damage":0,"enemies":"Shelled Parasite and Fungi","floor":30,"turns":5},{"damage":26,"enemies":"Collector","floor":33,"turns":15},{"damage":0,"enemies":"Orb Walker","floor":35,"turns":3},{"damage":0,"enemies":"3 Shapes","floor":37,"turns":4},{"damage":23,"enemies":"Transient","floor":38,"turns":5},{"damage":0,"enemies":"Jaw Worm Horde","floor":41,"turns":4},{"damage":0,"enemies":"Sphere and 2 Shapes","floor":44,"turns":5},{"damage":21,"enemies":"Spire Growth","floor":48,"turns":5},{"damage":53,"enemies":"Replay:Hell Engine","floor":50,"turns":6}],"seed_played":"-8675294367169008316","potions_obtained":[{"floor":1.0,"key":"Milkshake"},{"floor":2.0,"key":"PowerPotion"},{"floor":14.0,"key":"DuplicationPotion"},{"floor":23,"key":"AttackPotion"},{"floor":25,"key":"SpeedPotion"},{"floor":28,"key":"DuplicationPotion"},{"floor":30,"key":"PowerPotion"},{"floor":38,"key":"Adrenaline Potion"},{"floor":41,"key":"ColorlessPotion"},{"floor":48,"key":"Adrenaline Potion"}],"is_trial":false,"path_per_floor":["M","M","?","$","M","R","$","R","T","R","M","$","M","M","R","B",null,"M","M","?","M","?","E","R","M","T","?","E","?","M","$","R","B",null,"M","?","M","M","?","R","M","R","T","M","?","R","$","M","R","B"],"character_chosen":"THE_SILENT","items_purchased":["Finisher","Dodge and Roll","War Paint","aspiration:Nostalgia","HandDrill","Fluid Movement","PowerPotion","hubris:KleinBottle","halation:Komachan"],"campfire_rested":1,"item_purchase_floors":[4,4,12,12,31,31,47,47,47],"current_hp_per_floor":[62,60,60,60,55,55,55,55,55,55,54,38,42,46,46,34,67,67,67,51,48,42,46,46,45,45,45,44,44,46,46,46,42,46,46,46,46,29,29,29,43,43,43,46,46,46,14,15,28,0,0],"gold":295,"neow_bonus":"ONE_RARE_RELIC","is_daily":false,"chose_seed":false,"campfire_upgraded":7,"win_rate":0.0,"timestamp":1612291648,"path_taken":["M","M","?","$","M","R","$","R","T","R","M","?","M","M","R","BOSS","M","?","?","M","?","E","R","?","T","?","E","?","M","$","R","BOSS","M","?","M","?","?","R","M","R","T","M","?","R","?","M","R","BOSS"],"items_purchased_type":["Card","Card","Relic","Relic","Relic","Card","Potion","Relic","Relic"],"build_version":"2020-12-22","purchased_purges":1,"victory":false,"max_hp_per_floor":[63,63,63,63,63,63,63,63,63,63,63,67,67,67,67,67,67,67,67,67,67,67,67,67,67,67,46,46,46,46,46,46,46,46,46,46,46,46,46,46,46,46,46,46,46,46,46,46,46,46,46],"card_choices":[{"not_picked":["Accuracy","Underhanded Strike"],"picked":"Hidden Blade","floor":1.0},{"not_picked":["Acrobatics","Calculated Gamble","Eviscerate"],"picked":"SKIP","floor":2.0},{"not_picked":["Sucker Punch","Flying Knee"],"picked":"Blade Dance","floor":5.0},{"not_picked":["Sucker Punch","hubris:SlightOfHand"],"picked":"Backstab","floor":11.0},{"not_picked":["Dash","Poison Darts","conspire:PoisonWeapons"],"picked":"SKIP","floor":13.0},{"not_picked":["Underhanded Strike","Dagger Throw"],"picked":"Slice","floor":14.0},{"not_picked":["Slice","Underhanded Strike"],"picked":"PiercingWail","floor":18},{"not_picked":["Quick Slash","PiercingWail"],"picked":"Flying Knee","floor":19},{"not_picked":["Riddle With Holes","Caltrops+1"],"picked":"Backflip","floor":20},{"not_picked":["Hidden Blade","Outmaneuver+1"],"picked":"Backflip","floor":21},{"not_picked":["Prepared","Hidden Blade"],"picked":"Deflect","floor":23},{"not_picked":["Dodge and Roll","Flying Knee"],"picked":"Infinite Blades+1","floor":25},{"not_picked":["Finisher+1","Deflect","ReplayTheSpireMod:From All Sides"],"picked":"SKIP","floor":28},{"not_picked":["Finisher+1","Deflect","ReplayTheSpireMod:From All Sides"],"picked":"SKIP","floor":28},{"not_picked":["Poisoned Stab","ReplayTheSpireMod:The Works"],"picked":"Endless Agony","floor":30},{"not_picked":["infinitespire:Neurotoxin","Poison Darts"],"picked":"Replay:Bag of Tricks","floor":33},{"not_picked":["hubris:SlightOfHand+1","Prepared+1"],"picked":"Cloak And Dagger+1","floor":35},{"not_picked":["Sucker Punch+1","Flying Knee+1"],"picked":"Dodge and Roll+1","floor":37},{"not_picked":["Leg Sweep","Crippling Poison"],"picked":"hubris:Sniper","floor":38},{"not_picked":["Night Terror","Dodge and Roll"],"picked":"Accuracy","floor":41},{"not_picked":["Poisoned Stab+1","Endless Agony+1"],"picked":"hubris:SlightOfHand+1","floor":44},{"not_picked":["infinitespire:Execution","infinitespire:TheBestDefense"],"picked":"infinitespire:SealOfDarkness+","floor":47},{"not_picked":["ReplayTheSpireMod:Speed Training","Poisoned Stab"],"picked":"Blade Dance+1","floor":48}],"player_experience":338335,"relics_obtained":[{"floor":9.0,"key":"Pet Ghost"},{"floor":20,"key":"reliquary:Sideboard"},{"floor":23,"key":"hubris:PeanutButter"},{"floor":28,"key":"Toy Ornithopter"},{"floor":43,"key":"reliquary:Boomerang"},{"floor":45,"key":"Ring of Chaos"}],"event_choices":[{"cards_removed":["Strike_G"],"damage_healed":0.0,"max_hp_gain":0.0,"max_hp_loss":0.0,"gold_gain":0.0,"event_name":"Purifier","player_choice":"Purged","floor":3.0,"gold_loss":0.0,"damage_taken":0.0},{"damage_healed":0,"gold_gain":0,"player_choice":"Damaged","damage_taken":6,"max_hp_gain":0,"max_hp_loss":0,"event_name":"Wheel of Change","floor":22,"gold_loss":0},{"damage_healed":0,"gold_gain":0,"player_choice":"Became a vampire","damage_taken":0,"max_hp_gain":0,"max_hp_loss":21,"event_name":"Vampires","floor":27,"gold_loss":0,"cards_obtained":["Bite","Bite","Bite","Bite","Bite"]},{"damage_healed":0,"gold_gain":0,"player_choice":"1 cards matched","damage_taken":0,"max_hp_gain":0,"max_hp_loss":0,"event_name":"Match and Keep!","floor":36,"gold_loss":0,"cards_obtained":["Neutralize"]}],"is_beta":false,"boss_relics":[{"not_picked":["hubris:RunicObelisk","Sozu"],"picked":"Replay:Bronze Core"},{"not_picked":["Kintsugi","Philosopher\u0027s Stone"],"picked":"reliquary:KinkedSpring"}],"items_purged_floors":[31],"is_endless":false,"potions_floor_spawned":[1,2,14,23,25,28,30,38,41,44,48],"killed_by":"Replay:Hell Engine","ascension_level":0}}