{"host":"56d873i5r3uhle0q","time":1612303692,"event":{"mods":["100% Spire Juice","Act Like it!","Aspiration","BaseMod","Block Reminder","Conspire","Dota2Spire","Downfall","Gensokyo","Hermit","Hubris","Infinite Spire","Jedi Mod","Lobotomy","LobotomyExtend","Marisa????????","Marked Mod","Minty Spire (QoL Compilation)","Reliquary","Replay The Spire","StSLib","The Animator","The Bug Knight","The Cursed","The Marked","The Servant 0.9.4","Wandering Minibosses","everything is the same but u backflip on backflip","??????REMEMod"],"gold_per_floor":[111,111,123,50,50,76,76,87,87,87,148,148,148,186,186,267,267],"floor_reached":16,"language":"ENG","playtime":918,"items_purged":[],"score":100,"play_id":"0f52fb78-c7c8-4069-a692-1a5910f726b2","local_time":"20210202150812","is_ascension_mode":false,"campfire_choices":[{"floor":7.0,"key":"REST"},{"floor":10.0,"key":"REST"},{"floor":12.0,"key":"REST"},{"floor":15.0,"key":"REST"}],"circlet_count":0,"master_deck":["hermit:Strike_Hermit","hermit:Strike_Hermit","hermit:Strike_Hermit","hermit:Strike_Hermit","hermit:Defend_Hermit","hermit:Defend_Hermit","hermit:Defend_Hermit","hermit:Defend_Hermit","hermit:Snapshot","hermit:Covet","Chrysalis","hermit:Virtue","hermit:Determination","Injury","hermit:Gestalt","hermit:Cheat"],"relics":["hermit:Momento","REME_ComplimentaryCards","reliquary:Boomerang","LetterFromLob","MealTicket","Replay:WaspNest","REME_ArchaeologicalTools"],"acts_visited":["Gensokyo:Gensokyo"],"potions_floor_usage":[16],"damage_taken":[{"damage":6.0,"enemies":"Gensokyo:2_Kodama","floor":1.0,"turns":5.0},{"damage":1.0,"enemies":"Gensokyo:3_Fairies","floor":3.0,"turns":4.0},{"damage":47.0,"enemies":"Gensokyo:Cirno","floor":6.0,"turns":12.0},{"damage":7.0,"enemies":"Gensokyo:Gryphon","floor":8.0,"turns":3.0},{"damage":33.0,"enemies":"Gensokyo:LivingMonolith","floor":11.0,"turns":5.0},{"damage":20.0,"enemies":"Gensokyo:Kitsune","floor":14.0,"turns":5.0},{"damage":61,"enemies":"Gensokyo:Yukari","floor":16,"turns":12}],"seed_played":"134535333098956339","potions_obtained":[{"floor":6.0,"key":"sneckomod:MuddlingPotion"},{"floor":11.0,"key":"LiquidBronze"}],"is_trial":false,"path_per_floor":["M","?","M","$","?","E","R","M","T","R","M","R","M","M","R","B"],"character_chosen":"HERMIT","items_purchased":["hermit:Determination"],"campfire_rested":4,"item_purchase_floors":[4],"current_hp_per_floor":[69,75,74,74,74,27,49,42,42,64,31,53,53,33,55,0,0],"gold":267,"neow_bonus":"RANDOM_COMMON_RELIC","is_daily":false,"chose_seed":false,"campfire_upgraded":0,"win_rate":0.0,"timestamp":1612303692,"path_taken":["M","?","?","$","?","E","R","M","T","R","M","R","M","M","R","BOSS"],"items_purchased_type":["Card"],"build_version":"2020-12-22","purchased_purges":0,"victory":false,"max_hp_per_floor":[75,75,75,75,75,75,75,75,75,75,75,75,75,75,75,75,75],"card_choices":[{"not_picked":["hermit:BodyArmor","hermit:Roulette","hermit:Horror"],"picked":"SKIP","floor":1.0},{"not_picked":["hermit:Glare","hermit:LowProfile"],"picked":"hermit:Virtue","floor":3.0},{"not_picked":["hermit:SprayPray","hermit:EyeOfTheStorm"],"picked":"hermit:Gestalt","floor":6.0},{"not_picked":["hermit:Misfire","hermit:HighCaliber","hermit:Quickdraw"],"picked":"SKIP","floor":8.0},{"not_picked":["hermit:ShadowCloak","hermit:LoneWolf"],"picked":"hermit:Cheat","floor":11.0},{"not_picked":["hermit:FlashPowder","hermit:Spite","hermit:Dive"],"picked":"SKIP","floor":14.0}],"player_experience":699510,"relics_obtained":[{"floor":1.0,"key":"LetterFromLob"},{"floor":6.0,"key":"Replay:WaspNest"},{"floor":9.0,"key":"REME_ArchaeologicalTools"}],"event_choices":[],"is_beta":false,"boss_relics":[],"items_purged_floors":[],"is_endless":false,"potions_floor_spawned":[6,11],"killed_by":"Gensokyo:Yukari","ascension_level":0}}