{"host":"3y2rtlgteqp2nuo3","time":1612268006,"event":{"mods":["2.2 Compatiblity","AchievementEnabler","BaseMod","Colored Map","DeckTracker","Highlight Path","Keyboard Shortcuts","Minty Spire (QoL Compilation)","Permanent Neow","Quick Restart","StSLib","SuperFastMode","everything is the same but u backflip on backflip"],"gold_per_floor":[119,138,157,107,124,124,24,24,75,154,169,169,203,97,97,193,193,203,8,24,43,8,8,22,22,22,22,33,33,33,33],"floor_reached":30,"language":"KOR","playtime":554,"items_purged":["Defend_R"],"score":345,"play_id":"b587dddf-47d1-499a-af0e-2ba5a4ce8fc6","local_time":"20210202211326","is_ascension_mode":true,"campfire_choices":[{"data":"Perfected Strike","floor":6.0,"key":"SMITH"},{"data":"Perfected Strike","floor":8.0,"key":"SMITH"},{"data":"Shrug It Off","floor":12.0,"key":"SMITH"},{"data":"Dual Wield","floor":15.0,"key":"SMITH"},{"floor":23,"key":"REST"},{"data":"Dual Wield","floor":25,"key":"SMITH"},{"data":"Perfected Strike","floor":27,"key":"SMITH"}],"circlet_count":0,"master_deck":["AscendersBane","Strike_R","Strike_R","Strike_R+1","Strike_R","Strike_R+1","Defend_R","Defend_R","Bash+1","Dropkick","Perfected Strike+1","Shrug It Off+1","Headbutt","Perfected Strike+1","Twin Strike","Shrug It Off","Dual Wield+1","Double Tap","Apotheosis","Perfected Strike+1","Dual Wield+1"],"relics":["Burning Blood","Whetstone","Art of War","SlaversCollar","Darkstone Periapt"],"acts_visited":["Exordium","TheCity"],"potions_floor_usage":[30],"damage_taken":[{"damage":8.0,"enemies":"Jaw Worm","floor":1.0,"turns":4.0},{"damage":12.0,"enemies":"2 Louse","floor":2.0,"turns":4.0},{"damage":1.0,"enemies":"Cultist","floor":3.0,"turns":3.0},{"damage":6.0,"enemies":"Blue Slaver","floor":5.0,"turns":3.0},{"damage":8.0,"enemies":"Large Slime","floor":11.0,"turns":6.0},{"damage":20.0,"enemies":"3 Sentries","floor":13.0,"turns":5.0},{"damage":45.0,"enemies":"Hexaghost","floor":16.0,"turns":9.0},{"damage":12.0,"enemies":"Chosen","floor":18.0,"turns":3.0},{"damage":0.0,"enemies":"Spheric Guardian","floor":20.0,"turns":2.0},{"damage":34,"enemies":"Snake Plant","floor":21,"turns":4},{"damage":0,"enemies":"Centurion and Healer","floor":24,"turns":4},{"damage":56,"enemies":"3 Cultists","floor":28,"turns":7},{"damage":14,"enemies":"Chosen and Byrds","floor":30,"turns":4}],"seed_played":"7784192224417579649","potions_obtained":[{"floor":3.0,"key":"SpeedPotion"},{"floor":16.0,"key":"Fruit Juice"},{"floor":18.0,"key":"EssenceOfSteel"},{"floor":21,"key":"Ancient Potion"}],"is_trial":false,"path_per_floor":["M","M","M","?","M","R","$","R","T","?","M","R","E","$","R","B",null,"M","$","M","M","$","R","M","R","T","R","M","?","M"],"character_chosen":"IRONCLAD","items_purchased":["Perfected Strike","Shrug It Off","Dual Wield","Apotheosis","Dual Wield"],"campfire_rested":1,"item_purchase_floors":[7,14,14,19,22],"current_hp_per_floor":[70,64,69,69,69,69,69,69,69,69,67,67,53,53,53,19,69,63,63,69,41,41,66,72,72,72,72,22,14,0,0],"gold":33,"neow_bonus":"UPGRADE_CARD","is_daily":false,"chose_seed":false,"campfire_upgraded":6,"win_rate":0.0,"timestamp":1612268006,"path_taken":["M","M","M","?","M","R","$","R","T","?","M","R","E","?","R","BOSS","M","$","M","M","$","R","M","R","T","R","M","?","?"],"items_purchased_type":["Card","Card","Card","Card","Card"],"build_version":"2020-12-22","purchased_purges":1,"victory":false,"max_hp_per_floor":[80,80,80,80,80,80,80,80,80,80,80,80,80,80,80,85,85,85,85,85,85,85,85,85,85,85,85,85,85,85,85],"card_choices":[{"not_picked":["Heavy Blade","Shrug It Off"],"picked":"Dropkick","floor":1.0},{"not_picked":["Headbutt","Feel No Pain"],"picked":"Perfected Strike","floor":2.0},{"not_picked":["Iron Wave","Entrench"],"picked":"Shrug It Off","floor":3.0},{"not_picked":["Bloodletting","Metallicize"],"picked":"Headbutt","floor":5.0},{"not_picked":["Iron Wave","Clothesline"],"picked":"Twin Strike","floor":11.0},{"not_picked":["Rupture","Body Slam","Anger"],"picked":"SKIP","floor":13.0},{"not_picked":["Juggernaut","Corruption"],"picked":"Double Tap","floor":16.0},{"not_picked":["Reckless Charge","Pummel+1","Anger"],"picked":"SKIP","floor":18.0},{"not_picked":["Sentinel","Shrug It Off","Clash"],"picked":"SKIP","floor":20.0},{"not_picked":["Cleave+1","Inflame"],"picked":"Perfected Strike","floor":21},{"not_picked":["Clothesline","Havoc","Iron Wave"],"picked":"SKIP","floor":24},{"not_picked":["Blood for Blood","True Grit","Clash"],"picked":"SKIP","floor":28}],"player_experience":747296,"relics_obtained":[{"floor":9.0,"key":"Whetstone"},{"floor":13.0,"key":"Art of War"},{"floor":26,"key":"Darkstone Periapt"}],"event_choices":[{"cards_removed":["Defend_R"],"damage_healed":0.0,"max_hp_gain":0.0,"max_hp_loss":0.0,"gold_gain":0.0,"event_name":"The Cleric","player_choice":"Card Removal","floor":4.0,"gold_loss":50.0,"damage_taken":0.0},{"damage_healed":0.0,"max_hp_gain":0.0,"max_hp_loss":0.0,"gold_gain":79.0,"event_name":"Golden Wing","player_choice":"Gained Gold","floor":10.0,"gold_loss":0.0,"damage_taken":0.0},{"damage_healed":0,"gold_gain":0,"player_choice":"Damaged","damage_taken":8,"max_hp_gain":0,"max_hp_loss":0,"event_name":"Wheel of Change","floor":29,"gold_loss":0}],"is_beta":false,"boss_relics":[{"not_picked":["Black Blood","Astrolabe"],"picked":"SlaversCollar"}],"items_purged_floors":[7],"is_endless":false,"potions_floor_spawned":[3,16,18,21,24],"killed_by":"Chosen and Byrds","ascension_level":10}}