{"host":"vhw5fdvi8l2afono","time":1612266230,"event":{"mods":["100% Spire Juice","Act Like it!","BaseMod","Gensokyo","Minty Spire (QoL Compilation)","Shop Mod","StSLib","Waifu the Spire","[IsaacMod]ÒÔÈö¼âËþ","¡¾ÒÅÎï¿¨ÅÆ¡¿REMEMod"],"gold_per_floor":[117,192,211,228,74,119,119,150,176,5,25,58,72,92,92,191,191,209,219,31,31,45,71,71,96,164,190,105,105,117,38,38,168,168,179,191,191,3,13,42,42,71,71,0,31,50,50,66,66,66],"floor_reached":51,"language":"ZHS","playtime":2929,"items_purged":["Strike_G","Strike_G","Strike_G"],"score":1360,"play_id":"c0aeb3c3-7f0a-489c-a08d-ec19c4e31157","local_time":"20210202194350","is_ascension_mode":true,"campfire_choices":[{"data":"Catalyst","floor":7.0,"key":"SMITH"},{"floor":15.0,"key":"REST"},{"floor":24.0,"key":"REST"},{"data":"Apotheosis","floor":32.0,"key":"SMITH"},{"floor":41,"key":"RECALL"},{"data":"Dash","floor":47,"key":"SMITH"},{"data":"Defend_G","floor":49,"key":"SMITH"}],"circlet_count":0,"master_deck":["AscendersBane","Strike_G","Strike_G","Defend_G","Defend_G+1","Defend_G","Defend_G","Defend_G","Survivor","Neutralize","BettingIsNotGood","Burst","Dash+1","Catalyst+1","Bouncing Flask","Night Terror","Prepared","Masterful Stab","Calculated Gamble","Tactician","REME_GrazeFinale","Apotheosis+1","REME_GreenPollution","Backflip","Wraith Form v2","Cloak And Dagger+1","Adrenaline","Calculated Gamble+1","Prepared+1","Parasite","Tactician","Acrobatics","Venomology"],"relics":["Ring of the Snake","REME_ComplimentaryCards","HushsDoor","Chaos","NeowsBlessing","Charon\u0027s Ashes","UnicornStump","Akabeko","Darkstone Periapt","Membership Card","YumHeart","GuppysPaw","HowToJump","Sling","WristBlade","Gremlin Horn","Art of War","Eternal Feather","NineLifeCat","Bottled Lightning","Tingsha","HornCleat","Red Mask","PreservedInsect"],"acts_visited":["Exordium","TheCity","TheBeyond"],"potions_floor_usage":[45,46,50,50,50,50],"damage_taken":[{"damage":0.0,"enemies":"2 Louse","floor":1.0,"turns":1.0},{"damage":0.0,"enemies":"Jaw Worm","floor":3.0,"turns":1.0},{"damage":0.0,"enemies":"Cultist","floor":4.0,"turns":1.0},{"damage":18.0,"enemies":"Gremlin Nob","floor":6.0,"turns":4.0},{"damage":0.0,"enemies":"3 Sentries","floor":8.0,"turns":2.0},{"damage":5.0,"enemies":"3 Louse","floor":11.0,"turns":5.0},{"damage":28.0,"enemies":"Gremlin Nob","floor":12.0,"turns":4.0},{"damage":0.0,"enemies":"Exordium Thugs","floor":13.0,"turns":3.0},{"damage":0.0,"enemies":"Large Slime","floor":14.0,"turns":4.0},{"damage":0.0,"enemies":"Slime Boss","floor":16.0,"turns":1.0},{"damage":5.0,"enemies":"2 Thieves","floor":18.0,"turns":4.0},{"damage":3.0,"enemies":"3 Byrds","floor":19.0,"turns":6.0},{"damage":20.0,"enemies":"Sentry and Sphere","floor":22.0,"turns":5.0},{"damage":48.0,"enemies":"Slavers","floor":23.0,"turns":5.0},{"damage":9.0,"enemies":"Gremlin Leader","floor":25.0,"turns":8.0},{"damage":10.0,"enemies":"Slavers","floor":27.0,"turns":5.0},{"damage":9.0,"enemies":"Snecko","floor":30.0,"turns":6.0},{"damage":11.0,"enemies":"Automaton","floor":33.0,"turns":10.0},{"damage":1.0,"enemies":"3 Shapes","floor":35.0,"turns":4.0},{"damage":3,"enemies":"3 Darklings","floor":36,"turns":5},{"damage":2,"enemies":"Writhing Mass","floor":39,"turns":6},{"damage":0,"enemies":"Nemesis","floor":40,"turns":3},{"damage":2,"enemies":"Reptomancer","floor":42,"turns":4},{"damage":9,"enemies":"Giant Head","floor":45,"turns":5},{"damage":1,"enemies":"Transient","floor":46,"turns":5},{"damage":0,"enemies":"Jaw Worm Horde","floor":48,"turns":3},{"damage":23,"enemies":"Donu and Deca","floor":50,"turns":4}],"seed_played":"-4044798611450115015","potions_obtained":[{"floor":4.0,"key":"SkillPotion"},{"floor":11.0,"key":"Fire Potion"},{"floor":13.0,"key":"Weak Potion"},{"floor":14.0,"key":"LiquidMemories"},{"floor":16.0,"key":"Poison Potion"},{"floor":18.0,"key":"Strength Potion"},{"floor":23.0,"key":"GhostInAJar"},{"floor":33.0,"key":"GamblersBrew"},{"floor":35.0,"key":"Poison Potion"},{"floor":36,"key":"BlessingOfTheForge"},{"floor":40,"key":"Regen Potion"}],"is_trial":false,"path_per_floor":["M","?","M","M","$","E","R","E","T","$","M","E","M","M","R","B",null,"M","M","$","?","M","E","R","E","T","E","?","?","M","$","R","B",null,"M","M","?","$","M","E","R","E","T","?","E","M","R","M","R","B",null],"character_chosen":"THE_SILENT","items_purchased":["Bouncing Flask","Night Terror","Apotheosis","REME_GreenPollution","YumHeart","Art of War","NineLifeCat","Bottled Lightning"],"campfire_rested":2,"item_purchase_floors":[5,10,17,20,20,31,34,38],"current_hp_per_floor":[63,52,52,52,52,34,34,34,34,34,29,1,1,1,22,22,54,49,46,46,46,51,3,22,13,13,3,3,3,29,29,29,18,13,12,9,9,9,13,13,18,18,18,18,9,18,18,18,18,18],"gold":66,"neow_bonus":"THREE_ENEMY_KILL","is_daily":false,"chose_seed":false,"campfire_upgraded":4,"win_rate":0.0,"timestamp":1612266230,"path_taken":["M","?","M","M","$","E","R","E","T","?","M","E","M","M","R","BOSS","M","M","$","?","M","E","R","E","T","E","?","?","M","$","R","BOSS","M","M","?","$","M","E","R","E","T","?","E","M","R","M","R","BOSS"],"items_purchased_type":["Card","Card","Card","Card","Relic","Relic","Relic","Relic"],"build_version":"2020-12-22","purchased_purges":3,"victory":true,"max_hp_per_floor":[70,70,70,70,70,70,70,70,70,70,70,70,70,70,70,70,65,65,65,65,65,65,65,65,65,65,65,65,65,65,65,65,65,13,13,13,12,12,18,18,18,18,18,18,18,18,18,18,18,18],"card_choices":[{"not_picked":[],"picked":"BettingIsNotGood","floor":0.0},{"not_picked":["Poisoned Stab","REME_ShadowStrike"],"picked":"Dash","floor":1.0},{"not_picked":["Dagger Spray","Caltrops"],"picked":"Catalyst","floor":3.0},{"not_picked":["Dash","Leg Sweep","Dagger Throw"],"picked":"SKIP","floor":4.0},{"not_picked":["Poisoned Stab","Quick Slash","Bouncing Flask"],"picked":"SKIP","floor":6.0},{"not_picked":["Bane","Deflect","Heel Hook"],"picked":"SKIP","floor":8.0},{"not_picked":["Quick Slash","Terror"],"picked":"Prepared","floor":11.0},{"not_picked":["Catalyst","REME_ShadowStrike"],"picked":"Masterful Stab","floor":12.0},{"not_picked":["Crippling Poison","Leg Sweep"],"picked":"Calculated Gamble","floor":13.0},{"not_picked":["Outmaneuver","Underhanded Strike"],"picked":"Tactician","floor":14.0},{"not_picked":["Phantasmal Killer","REME_LeechingPoison"],"picked":"REME_GrazeFinale","floor":16.0},{"not_picked":["Slice","Flying Knee","Dash"],"picked":"SKIP","floor":18.0},{"not_picked":["Leg Sweep+1","Deflect+1","Masterful Stab+1"],"picked":"SKIP","floor":19.0},{"not_picked":["Quick Slash","Outmaneuver"],"picked":"Backflip","floor":22.0},{"not_picked":["PiercingWail","Leg Sweep","Outmaneuver"],"picked":"SKIP","floor":23.0},{"not_picked":["Acrobatics","Accuracy+1"],"picked":"Wraith Form v2","floor":25.0},{"not_picked":["Backstab","Bouncing Flask"],"picked":"Cloak And Dagger+1","floor":27.0},{"not_picked":["Underhanded Strike","Dodge and Roll+1","Poisoned Stab"],"picked":"SKIP","floor":30.0},{"not_picked":["Envenom","Doppelganger"],"picked":"Adrenaline","floor":33.0},{"not_picked":["Dagger Throw","Poisoned Stab"],"picked":"Calculated Gamble+1","floor":35.0},{"not_picked":["Distraction+1","Accuracy+1"],"picked":"Prepared+1","floor":36},{"not_picked":["Setup+1","Deflect+1"],"picked":"Tactician","floor":39},{"not_picked":["Backflip+1","Quick Slash+1"],"picked":"Acrobatics","floor":40},{"not_picked":["Finisher","Dodge and Roll","Glass Knife"],"picked":"SKIP","floor":42},{"not_picked":["Cloak And Dagger+1","Infinite Blades+1"],"picked":"Venomology","floor":45},{"not_picked":["PiercingWail","Bouncing Flask+1","Poisoned Stab"],"picked":"SKIP","floor":46},{"not_picked":["Dagger Throw","Dagger Spray+1","Bouncing Flask+1"],"picked":"SKIP","floor":48}],"player_experience":206419,"relics_obtained":[{"floor":6.0,"key":"Charon\u0027s Ashes"},{"floor":8.0,"key":"UnicornStump"},{"floor":9.0,"key":"Akabeko"},{"floor":12.0,"key":"Darkstone Periapt"},{"floor":23.0,"key":"GuppysPaw"},{"floor":25.0,"key":"HowToJump"},{"floor":26.0,"key":"Sling"},{"floor":27.0,"key":"WristBlade"},{"floor":40,"key":"Tingsha"},{"floor":42,"key":"HornCleat"},{"floor":45,"key":"PreservedInsect"}],"event_choices":[{"damage_healed":0.0,"max_hp_gain":0.0,"max_hp_loss":0.0,"gold_gain":75.0,"event_name":"World of Goop","player_choice":"Gather Gold","floor":2.0,"gold_loss":0.0,"damage_taken":11.0},{"damage_healed":0.0,"max_hp_gain":0.0,"max_hp_loss":0.0,"gold_gain":0.0,"event_name":"Addict","player_choice":"Obtained Relic","floor":28.0,"gold_loss":85.0,"damage_taken":0.0,"relics_obtained":["Gremlin Horn"]},{"damage_healed":0,"gold_gain":0,"player_choice":"Max HP","damage_taken":0,"max_hp_gain":0,"max_hp_loss":1,"event_name":"Winding Halls","floor":37,"gold_loss":0},{"damage_healed":0,"gold_gain":0,"player_choice":"Paid","damage_taken":0,"relics_obtained":["Red Mask"],"max_hp_gain":0,"max_hp_loss":0,"event_name":"Tomb of Lord Red Mask","floor":44,"gold_loss":71}],"is_beta":false,"boss_relics":[{"not_picked":["Strawberry","DoctorsRemote"],"picked":"Membership Card"},{"not_picked":[]},{"not_picked":["Bronze Scales","Frozen Egg 2"],"picked":"Eternal Feather"},{"not_picked":[]}],"items_purged_floors":[5,10,38],"is_endless":false,"potions_floor_spawned":[4,11,13,14,16,18,23,33,35,36,40,42],"ascension_level":10}}