{"host":"y7b1p9nkx4idorr2","time":1612277556,"event":{"mods":["AchievementEnabler","Act Like it!","BaseMod","Colored Map","Downfall","GifTheSpireLib","Googly Eyes","Highlight Path","Mimic Mod","Minty Spire (QoL Compilation)","Shop Mod","Spicy Shops","StSLib","Unceasing Turn Reminder"],"gold_per_floor":[99,110,60,78,89,106,106,122,142,173,73,36,56,91,104,104,104,104],"floor_reached":16,"language":"ENG","playtime":805,"items_purged":[],"score":128,"play_id":"14440942-62c4-4d8c-8e2d-f2712736347e","local_time":"20210202085236","is_ascension_mode":true,"campfire_choices":[{"data":"champ:Execute","floor":1,"key":"SMITH"},{"floor":11,"key":"REST"}],"circlet_count":0,"master_deck":["champ:Strike","champ:Strike","champ:Strike","champ:Strike","champ:Defend","champ:Defend","champ:Defend","champ:Defend","champ:Execute+1","champ:Taunt","champ:CrownThrow","champ:RecklessLeap","champ:GladiatorStyle","champ:ShieldWall","champ:IronFortress","champ:TornadoPunch","champ:DefensiveStyle","champ:PreciseThrust","champ:EnragedBash","champ:BringItOn","champ:FanOfKnives","champ:BerserkerStyle","champ:CheapShot","champ:GutPunch"],"relics":["champ:ChampionCrown","Gambling Chip","downfall:HeartBlessingGreen","Shuriken"],"acts_visited":["Exordium"],"potions_floor_usage":[6,10,10,16],"damage_taken":[{"damage":10,"enemies":"2 Louse","floor":2,"turns":2},{"damage":25,"enemies":"downfall:FleeingMerchant","floor":3,"turns":4},{"damage":10,"enemies":"Small Slimes","floor":4,"turns":4},{"damage":12,"enemies":"Jaw Worm","floor":5,"turns":3},{"damage":22,"enemies":"3 Louse","floor":6,"turns":4},{"damage":8,"enemies":"Large Slime","floor":8,"turns":4},{"damage":7,"enemies":"Red Slaver","floor":9,"turns":5},{"damage":38,"enemies":"Lagavulin","floor":10,"turns":7},{"damage":18,"enemies":"downfall:FleeingMerchant","floor":12,"turns":4},{"damage":30,"enemies":"Exordium Wildlife","floor":13,"turns":4},{"damage":39,"enemies":"Gremlin Nob","floor":14,"turns":4},{"damage":10,"enemies":"3 Louse","floor":15,"turns":2},{"damage":44,"enemies":"SI_SHIV_ARCHETYPE","floor":16,"turns":7}],"seed_played":"-5950510277160923453","potions_obtained":[{"floor":4,"key":"Weak Potion"},{"floor":5,"key":"SneckoOil"},{"floor":6,"key":"bronze:BurnAndBuffPotion"},{"floor":8,"key":"Dexterity Potion"},{"floor":10,"key":"bronze:BurnAndBuffPotion"},{"floor":15,"key":"bronze:BurnAndBuffPotion"}],"is_trial":false,"path_per_floor":["R","M","$","M","M","M","T","M","M","E","R","$","M","E","M","B"],"character_chosen":"THE_CHAMP","items_purchased":["champ:GladiatorStyle","champ:FanOfKnives"],"campfire_rested":1,"item_purchase_floors":[3,12],"current_hp_per_floor":[99,99,94,94,92,80,80,72,65,37,66,63,48,24,24,0,0,0],"gold":104,"neow_bonus":"TEN_PERCENT_HP_BONUS","is_daily":false,"chose_seed":false,"campfire_upgraded":1,"win_rate":0.0,"timestamp":1612277556,"path_taken":["R","M","$","M","M","M","T","M","M","E","R","$","M","E","M","BOSS"],"items_purchased_type":["Card","Card"],"build_version":"2020-12-22","purchased_purges":0,"victory":false,"max_hp_per_floor":[99,99,99,99,99,99,99,99,99,99,99,99,99,99,99,99,99,99],"card_choices":[{"not_picked":["champ:Circumvent","champ:DefensiveShout"],"picked":"champ:CrownThrow","floor":2},{"not_picked":["champ:GladiatorStyle","champ:Circumvent"],"picked":"champ:RecklessLeap","floor":3},{"not_picked":["champ:StanceDance","champ:TornadoPunch"],"picked":"champ:ShieldWall","floor":4},{"not_picked":["champ:Haymaker","champ:CrownThrow"],"picked":"champ:IronFortress","floor":5},{"not_picked":["champ:SetATrap","champ:FanOfKnives"],"picked":"champ:TornadoPunch","floor":6},{"not_picked":["champ:PerfectedStrike","champ:FlashCut"],"picked":"champ:DefensiveStyle","floor":8},{"not_picked":["champ:CrookedStrike","champ:FalseCounter"],"picked":"champ:PreciseThrust","floor":9},{"not_picked":["champ:ViciousMockery","champ:Haymaker"],"picked":"champ:EnragedBash","floor":10},{"not_picked":["champ:PreemptiveStrike","champ:PreciseThrust"],"picked":"champ:BringItOn","floor":12},{"not_picked":["champ:Haymaker","champ:AdrenalArmor"],"picked":"champ:BerserkerStyle","floor":13},{"not_picked":["champ:FanOfKnives","champ:PreciseThrust"],"picked":"champ:CheapShot","floor":14},{"not_picked":["champ:PerfectedStrike","champ:TornadoPunch"],"picked":"champ:GutPunch","floor":15}],"player_experience":2265026,"relics_obtained":[{"floor":10,"key":"Gambling Chip"},{"floor":14,"key":"Shuriken"}],"event_choices":[],"is_beta":false,"boss_relics":[],"items_purged_floors":[],"is_endless":false,"potions_floor_spawned":[4,5,6,8,10,15],"killed_by":"SI_SHIV_ARCHETYPE","ascension_level":2}}