{"host":"t6ponz91vunhggr5","time":1612236063,"event":{"mods":["AchievementEnabler","BaseMod","BetterRewards","Colored Powertips","Conspire","Custom Start","Minty Spire (QoL Compilation)","Rare Cards Sparkle","Replay The Spire","StSLib","The Bladedancer"],"gold_per_floor":[117,117,117,135,135,147,165,199,250,250,277,277,309,320,320,425,425,436,436,455,375,474,501,520,851,877,733,733,748,762,773,773,878,878,890,906,922,616,634,664,664,682,682,716,736,736,755,773,773,773],"floor_reached":51,"language":"ENG","playtime":5057,"items_purged":[],"score":1023,"play_id":"fb7a9de4-a91a-4447-9b0f-25d50dc22603","local_time":"20210202032103","is_ascension_mode":false,"campfire_choices":[{"floor":12,"key":"REST"},{"data":"blademaster:AwakeningDefend+1","floor":15,"key":"PURGE"},{"data":"blademaster:DragonStrike+1","floor":28,"key":"SMITH"},{"data":"blademaster:DragonStrike+2","floor":32,"key":"SMITH"},{"data":"blademaster:CombatPrep+1","floor":46,"key":"SMITH"},{"data":"blademaster:Safeguard+1","floor":49,"key":"SMITH"}],"circlet_count":0,"master_deck":["blademaster:Havoc+1","blademaster:Blockade+2","blademaster:FlockOfBlades+2","blademaster:BladeDance+1","blademaster:AwakeningStrike+1","blademaster:AwakeningStrike+2","blademaster:AwakeningStrike+1","blademaster:AwakeningStrike+2","blademaster:Safeguard+1","blademaster:Safeguard+1","blademaster:Safeguard+2","blademaster:AspectOfWind+1","blademaster:AspectOfLightning+1","blademaster:Frontflip+1","blademaster:DragonStrike+4","blademaster:SharpBlades+1","blademaster:BladeCross+1","blademaster:Overcharge+1","Pot Of Greed+1","Pot Of Greed+1","blademaster:CombatPrep+2","blademaster:EnchantedCuirass+1"],"relics":["blademaster:DancersAmulet","Frozen Egg 2","Molten Egg 2","Toxic Egg 2","Quantum Egg","conspire:InfiniteJournal","Replay:Baseball","Pantograph","Boot","ReplayTheSpireMod:TigerMarble","Toy Ornithopter","Snack Pack","Black Star","Potion Belt","Matryoshka","Old Coin","Bottled Lightning","conspire:TopHat","Nunchaku","Grinning Jar","Replay:Bronze Core","Ice Cream","Whetstone","conspire:BottledYoYo","Happy Flower","Bottled Flame","Bronze Scales","Lantern"],"acts_visited":["Exordium","TheCity","TheBeyond"],"potions_floor_usage":[25,25,30,37,39,50],"damage_taken":[{"damage":2,"enemies":"Small Slimes","floor":1,"turns":3},{"damage":0,"enemies":"Cultist","floor":4,"turns":2},{"damage":0,"enemies":"Jaw Worm","floor":6,"turns":3},{"damage":6,"enemies":"Exordium Thugs","floor":7,"turns":5},{"damage":12,"enemies":"3 Sentries","floor":8,"turns":6},{"damage":0,"enemies":"Replay:BlueRogue","floor":11,"turns":4},{"damage":0,"enemies":"Gremlin Nob","floor":13,"turns":4},{"damage":0,"enemies":"Looter","floor":14,"turns":2},{"damage":0,"enemies":"Slime Boss","floor":16,"turns":6},{"damage":0,"enemies":"conspire:FuzzyDice","floor":18,"turns":3},{"damage":1,"enemies":"Spheric Guardian","floor":20,"turns":3},{"damage":0,"enemies":"Replay:Snechameleon","floor":23,"turns":4},{"damage":7,"enemies":"Centurion and Healer","floor":24,"turns":4},{"damage":0,"enemies":"Gremlin Leader","floor":25,"turns":3},{"damage":7,"enemies":"conspire:HollyBat","floor":29,"turns":6},{"damage":0,"enemies":"3 Cultists","floor":30,"turns":3},{"damage":0,"enemies":"Chosen and Byrds","floor":31,"turns":5},{"damage":6,"enemies":"Collector","floor":33,"turns":6},{"damage":0,"enemies":"3 Darklings","floor":35,"turns":3},{"damage":2,"enemies":"3 Shapes","floor":36,"turns":2},{"damage":9,"enemies":"Writhing Mass","floor":37,"turns":4},{"damage":16,"enemies":"Jaw Worm Horde","floor":39,"turns":3},{"damage":0,"enemies":"Giant Head","floor":40,"turns":5},{"damage":0,"enemies":"4 Shapes","floor":42,"turns":3},{"damage":0,"enemies":"R_Hoarder","floor":44,"turns":4},{"damage":24,"enemies":"Writhing Mass","floor":45,"turns":3},{"damage":1,"enemies":"Jaw Worm Horde","floor":47,"turns":2},{"damage":0,"enemies":"4 Shapes","floor":48,"turns":3},{"damage":14,"enemies":"Time Eater","floor":50,"turns":5}],"seed_played":"7691560718327821802","potions_obtained":[{"floor":1,"key":"Energy Potion"},{"floor":4,"key":"Venom Potion"},{"floor":6,"key":"AttackPotion"},{"floor":7,"key":"Energy Potion"},{"floor":24,"key":"Elixir"},{"floor":29,"key":"Ancient Potion"},{"floor":31,"key":"Regen Potion"},{"floor":35,"key":"Swift Potion"},{"floor":36,"key":"Block Potion"},{"floor":42,"key":"Adrenaline Potion"},{"floor":45,"key":"Ancient Potion"},{"floor":47,"key":"Adrenaline Potion"}],"is_trial":true,"path_per_floor":["M","?","?","M","?","M","M","E","T","?","E","R","E","M","R","B",null,"M","?","M","$","?","E","M","E","T","$","R","M","M","M","R","B",null,"M","M","M","$","M","E","?","M","T","E","M","R","M","M","R","B",null],"character_chosen":"THE_BLADEMASTER","items_purchased":["blademaster:SharpBlades+1","Grinning Jar","Ice Cream"],"campfire_rested":1,"item_purchase_floors":[21,27,38],"current_hp_per_floor":[73,58,58,58,58,58,52,40,40,22,22,44,44,44,44,69,75,75,75,74,74,74,75,68,75,75,75,75,70,75,75,75,71,75,75,75,73,73,71,75,75,75,75,75,53,53,56,60,60,72],"gold":773,"neow_bonus":"","is_daily":false,"chose_seed":false,"campfire_upgraded":4,"win_rate":0.0,"timestamp":1612236063,"path_taken":["M","?","?","?","?","M","M","E","T","?","E","R","E","M","R","BOSS","M","?","M","?","?","E","M","E","T","$","R","M","M","M","R","BOSS","M","M","M","$","M","E","?","M","T","E","M","R","M","M","R","BOSS"],"items_purchased_type":["Card","Relic","Relic"],"build_version":"2020-12-22","purchased_purges":0,"victory":true,"max_hp_per_floor":[75,75,75,75,75,75,75,75,75,75,75,75,75,75,75,75,75,75,75,75,75,75,75,75,75,75,75,75,75,75,75,75,75,75,75,75,75,75,75,75,75,75,75,75,75,75,75,75,75,75],"card_choices":[{"not_picked":["blademaster:AspectOfLightning+1","blademaster:Havoc+1"],"picked":"blademaster:Frontflip+1","floor":1},{"not_picked":["blademaster:LeechingStrike+1","blademaster:DaggerAndCloak+1","blademaster:AncestralHealing+1"],"picked":"SKIP","floor":4},{"not_picked":["blademaster:Safeguard+1","blademaster:Momentum+1","blademaster:Cut+1"],"picked":"SKIP","floor":6},{"not_picked":["blademaster:Sunder+1","blademaster:Frontflip+1","blademaster:Stability+1"],"picked":"SKIP","floor":7},{"not_picked":["blademaster:EyeOfTheStorm+1","blademaster:Gust+1"],"picked":"blademaster:AwakeningDefend+1","floor":8},{"not_picked":["blademaster:Frenzy+1","blademaster:Flurry+1"],"picked":"blademaster:DragonStrike+1","floor":11},{"not_picked":["blademaster:FuryOfTheElements+1","blademaster:LeechingStrike+1","blademaster:OneTrickPony+1"],"picked":"SKIP","floor":13},{"not_picked":["blademaster:DaggerAndCloak+1","blademaster:Rupture+1","blademaster:ChargingUp+1"],"picked":"SKIP","floor":14},{"not_picked":["blademaster:Sunder+1","blademaster:Cut+1","blademaster:EyeOfTheTornado+1"],"picked":"SKIP","floor":18},{"not_picked":["blademaster:Quickstep+1","blademaster:DaggerAndCloak+1","blademaster:IcyWind+1"],"picked":"SKIP","floor":20},{"not_picked":["blademaster:Momentum+1","blademaster:FlockOfBlades+1","blademaster:Overcharge+1"],"picked":"SKIP","floor":23},{"not_picked":["blademaster:AspectOfLightning+1","blademaster:Safeguard+1"],"picked":"blademaster:BladeCross+1","floor":24},{"not_picked":["blademaster:Sunder+1","blademaster:ThreePointStrike+1"],"picked":"blademaster:Overcharge+1","floor":25},{"not_picked":["blademaster:Blockade+1","blademaster:Havoc+1","blademaster:Bloodbath+1"],"picked":"SKIP","floor":29},{"not_picked":["blademaster:Blockade+1","blademaster:IcyWind+1","blademaster:BladeMastery+1"],"picked":"SKIP","floor":30},{"not_picked":["blademaster:Sharpen+1","blademaster:IcyWind+1"],"picked":"blademaster:CombatPrep+1","floor":31},{"not_picked":["blademaster:FlockOfBlades+1","blademaster:Flash+1"],"picked":"blademaster:EnchantedCuirass+1","floor":33},{"not_picked":["blademaster:Quickness+1","blademaster:AncestralHealing+1","blademaster:ChargingUp+1"],"picked":"SKIP","floor":35},{"not_picked":["blademaster:Stability+1","blademaster:AwakeningStrike+1","blademaster:ThunderSlash+1"],"picked":"SKIP","floor":36},{"not_picked":["blademaster:AwakeningDefend+1","blademaster:BloodyBlow+1","blademaster:DancingEdge+1"],"picked":"SKIP","floor":37},{"not_picked":["blademaster:EyeOfTheStorm+1","blademaster:Breeze+1","blademaster:DaggerAndCloak+1"],"picked":"SKIP","floor":39},{"not_picked":["blademaster:Quickstep+1","blademaster:ChargingUp+1","blademaster:Rupture+1"],"picked":"SKIP","floor":40},{"not_picked":["blademaster:Stability+1","blademaster:HighVoltage+1","blademaster:DeadlyDance+1"],"picked":"SKIP","floor":42},{"not_picked":["blademaster:Slice+1","blademaster:Cut+1","blademaster:CloudOfSteel+1"],"picked":"SKIP","floor":44},{"not_picked":["blademaster:AwakeningStrike+1","blademaster:SlyStabs+1","blademaster:Safeguard+1"],"picked":"SKIP","floor":45},{"not_picked":["blademaster:FuriousStrike+1","blademaster:Sharpen+1","blademaster:ParryingStrike+1"],"picked":"SKIP","floor":47},{"not_picked":["blademaster:Sharpen+1","blademaster:CloudOfSteel+1","blademaster:BloodyBlow+1"],"picked":"SKIP","floor":48}],"player_experience":136936,"relics_obtained":[{"floor":8,"key":"Pantograph"},{"floor":8,"key":"blademaster:FuryEveryTurnPerk"},{"floor":9,"key":"Boot"},{"floor":11,"key":"Toy Ornithopter"},{"floor":11,"key":"blademaster:BleedingMoreDamagePerk"},{"floor":13,"key":"Snack Pack"},{"floor":13,"key":"blademaster:RandomBladePerk"},{"floor":23,"key":"Potion Belt"},{"floor":23,"key":"Matryoshka"},{"floor":23,"key":"blademaster:LightningChargePerk"},{"floor":25,"key":"Old Coin"},{"floor":25,"key":"blademaster:WindChargePerk"},{"floor":25,"key":"Bottled Lightning"},{"floor":26,"key":"conspire:TopHat"},{"floor":26,"key":"Nunchaku"},{"floor":40,"key":"blademaster:ComboEveryTurnPerk"},{"floor":40,"key":"Whetstone"},{"floor":40,"key":"conspire:BottledYoYo"},{"floor":43,"key":"Happy Flower"},{"floor":43,"key":"Bottled Flame"},{"floor":44,"key":"Bronze Scales"},{"floor":44,"key":"blademaster:OnAttackedChargePerk"},{"floor":44,"key":"Lantern"}],"event_choices":[{"damage_healed":0,"gold_gain":0,"player_choice":"Entered Light","damage_taken":15,"max_hp_gain":0,"max_hp_loss":0,"event_name":"Shining Light","floor":2,"gold_loss":0,"cards_upgraded":["blademaster:FlockOfBlades","blademaster:AwakeningStrike"]},{"damage_healed":0,"gold_gain":0,"player_choice":"Forge","damage_taken":0,"max_hp_gain":0,"max_hp_loss":0,"event_name":"Accursed Blacksmith","floor":3,"gold_loss":0,"cards_upgraded":["blademaster:Blockade"]},{"damage_healed":0,"gold_gain":0,"player_choice":"Success","damage_taken":18,"relics_obtained":["ReplayTheSpireMod:TigerMarble"],"max_hp_gain":0,"max_hp_loss":0,"event_name":"Scrap Ooze","floor":10,"gold_loss":0},{"damage_healed":0,"gold_gain":99,"player_choice":"Stole From Cult","damage_taken":0,"max_hp_gain":0,"max_hp_loss":0,"event_name":"Nest","floor":22,"gold_loss":0},{"cards_removed":["blademaster:Safeguard"],"damage_healed":0,"gold_gain":0,"player_choice":"Removed Skill","damage_taken":0,"max_hp_gain":0,"max_hp_loss":0,"event_name":"Falling","floor":41,"gold_loss":0}],"is_beta":false,"boss_relics":[{"not_picked":["SlaversCollar","Calling Bell"],"picked":"Black Star"},{"not_picked":["Busted Crown","Fusion Hammer"],"picked":"Replay:Bronze Core"}],"items_purged_floors":[],"is_endless":false,"potions_floor_spawned":[1,4,6,7,13,20,24,29,31,35,36,42,45,47],"ascension_level":0}}