{"host":"072lmn9sfokvtood","time":1612284022,"event":{"mods":["BaseMod","Colored Powertips","Curses Come First","Minty Spire (QoL Compilation)","StSLib"],"gold_per_floor":[114,129,144,144,144,144,182,182,182,201,220,220,33,71,71,196,196,215,490,69,369,385,300,300,338,388,407,426,426,26,26,26,151,151,170,170,189,411,92,92,130,130,205,205,205,224,299,318,318,318],"floor_reached":51,"language":"ENG","playtime":3194,"items_purged":["Regret","Defend_P"],"score":899,"play_id":"228ea497-2ac2-4eb8-8f67-2586def5284d","local_time":"20210202104022","daily_mods":["Chimera","Blue Cards","Binary"],"is_ascension_mode":false,"campfire_choices":[{"data":"Go for the Eyes","floor":6.0,"key":"SMITH"},{"floor":8.0,"key":"REST"},{"floor":15.0,"key":"REST"},{"data":"Flex","floor":24,"key":"SMITH"},{"data":"Fiend Fire","floor":29,"key":"SMITH"},{"data":"RitualDagger","floor":32,"key":"SMITH"},{"data":"Mayhem","floor":40,"key":"SMITH"},{"data":"Stack","floor":42,"key":"SMITH"},{"data":"Dual Wield","floor":44,"key":"SMITH"},{"floor":49,"key":"REST"}],"circlet_count":0,"master_deck":["Bash","Survivor","Zap","Strike_G","Strike_B","Defend_R","Defend_G","Flame Barrier","Go for the Eyes+1","Iron Wave","Headbutt","Dual Wield+1","Stack+1","Sweeping Beam","Darkness","Fiend Fire+1","Reaper","Clash","Flex+1","Leap","Melter","Hemokinesis","Thunderclap","RitualDagger+1","Amplify","Coolheaded+1","Meteor Strike","Bloodletting+1","Mayhem+1","Capacitor","Panacea","Apotheosis","Carnage","Ball Lightning+1"],"relics":["Burning Blood","Golden Idol","Kunai","Matryoshka","Pen Nib","Gambling Chip","Boot","Regal Pillow","Black Star","Brimstone","PreservedInsect","Juzu Bracelet","Old Coin","Red Mask","Red Skull","Calipers","Bag of Marbles","Akabeko","Turnip","Philosopher\u0027s Stone","Strawberry","Pantograph","Mummified Hand","White Beast Statue","Gremlin Horn"],"acts_visited":["Exordium","TheCity","TheBeyond"],"potions_floor_usage":[18,28,33,46,48,50,50],"damage_taken":[{"damage":1.0,"enemies":"Cultist","floor":1.0,"turns":3.0},{"damage":12.0,"enemies":"Small Slimes","floor":2.0,"turns":4.0},{"damage":0.0,"enemies":"2 Louse","floor":3.0,"turns":3.0},{"damage":30.0,"enemies":"Lagavulin","floor":7.0,"turns":8.0},{"damage":0.0,"enemies":"Blue Slaver","floor":10.0,"turns":4.0},{"damage":7.0,"enemies":"Looter","floor":11.0,"turns":4.0},{"damage":27.0,"enemies":"3 Sentries","floor":14.0,"turns":7.0},{"damage":44,"enemies":"Slime Boss","floor":16,"turns":11},{"damage":10,"enemies":"Chosen","floor":18,"turns":4},{"damage":21,"enemies":"Masked Bandits","floor":22,"turns":4},{"damage":12,"enemies":"Gremlin Leader","floor":25,"turns":4},{"damage":0,"enemies":"Shell Parasite","floor":27,"turns":1},{"damage":6,"enemies":"Snake Plant","floor":28,"turns":3},{"damage":26,"enemies":"Automaton","floor":33,"turns":6},{"damage":7,"enemies":"Orb Walker","floor":35,"turns":3},{"damage":9,"enemies":"3 Shapes","floor":37,"turns":2},{"damage":5,"enemies":"Giant Head","floor":41,"turns":5},{"damage":29,"enemies":"Writhing Mass","floor":46,"turns":5},{"damage":0,"enemies":"Spire Growth","floor":48,"turns":2},{"damage":83,"enemies":"Donu and Deca","floor":50,"turns":5}],"seed_played":"-9070903199233054170","potions_obtained":[{"floor":1.0,"key":"GamblersBrew"},{"floor":2.0,"key":"SmokeBomb"},{"floor":7.0,"key":"FearPotion"},{"floor":25,"key":"SkillPotion"},{"floor":28,"key":"Strength Potion"},{"floor":35,"key":"SteroidPotion"},{"floor":46,"key":"GamblersBrew"},{"floor":48,"key":"FearPotion"}],"is_trial":false,"path_per_floor":["M","M","M","?","?","R","E","R","T","M","M","T","$","E","R","B",null,"M","?","$","T","?","?","R","E","T","M","M","R","$","?","R","B",null,"M","?","M","?","$","R","E","R","T","R","?","M","T","M","R","B",null],"character_chosen":"IRONCLAD","items_purchased":["Boot","Darkness","Brimstone","Flex","PreservedInsect","Turnip","Strawberry","Mayhem"],"campfire_rested":3,"item_purchase_floors":[13,13,20,20,20,30,39,39],"current_hp_per_floor":[80,74,80,80,60,60,36,60,60,66,65,65,65,44,80,42,80,76,76,76,76,73,73,73,79,79,80,80,80,80,74,74,74,80,79,79,76,76,83,83,87,87,87,87,82,59,59,65,87,34],"gold":318,"neow_bonus":"","is_daily":true,"chose_seed":false,"campfire_upgraded":7,"win_rate":0.0,"timestamp":1612284022,"path_taken":["M","M","?","?","?","R","E","R","T","M","M","?","?","E","R","BOSS","M","?","?","?","?","?","R","E","T","M","M","R","$","?","R","BOSS","M","?","M","?","$","R","E","R","T","R","?","M","?","M","R","BOSS"],"items_purchased_type":["Relic","Card","Relic","Card","Relic","Relic","Relic","Card"],"build_version":"2020-12-22","purchased_purges":2,"victory":true,"max_hp_per_floor":[80,80,80,80,80,80,80,80,80,80,80,80,80,80,80,80,80,80,80,80,80,80,80,80,80,80,80,80,80,80,80,80,80,80,80,80,80,80,87,87,87,87,87,87,87,87,87,87,87,87],"card_choices":[{"not_picked":["Clothesline"],"picked":"Flame Barrier","floor":1.0},{"not_picked":["Redo"],"picked":"Go for the Eyes","floor":2.0},{"not_picked":["Coolheaded"],"picked":"Iron Wave","floor":3.0},{"not_picked":["Cold Snap"],"picked":"Dual Wield","floor":7.0},{"not_picked":["Doom and Gloom"],"picked":"Stack","floor":10.0},{"not_picked":["Recycle"],"picked":"Sweeping Beam","floor":11.0},{"not_picked":["Meteor Strike"],"picked":"Fiend Fire","floor":14.0},{"not_picked":["Offering"],"picked":"Reaper","floor":16},{"not_picked":["Havoc"],"picked":"Clash","floor":18},{"not_picked":["Sword Boomerang"],"picked":"Leap","floor":22},{"not_picked":["Headbutt+1"],"picked":"Melter","floor":25},{"not_picked":["Meteor Strike"],"picked":"Hemokinesis","floor":27},{"not_picked":["Wild Strike"],"picked":"Thunderclap","floor":28},{"not_picked":["All For One"],"picked":"Amplify","floor":33},{"not_picked":["Gash"],"picked":"Coolheaded+1","floor":35},{"not_picked":["Double Energy"],"picked":"Bloodletting+1","floor":37},{"not_picked":["Hologram"],"picked":"Capacitor","floor":41},{"not_picked":["PanicButton"],"picked":"Panacea","floor":45},{"not_picked":["Blind"],"picked":"Apotheosis","floor":45},{"not_picked":["Havoc"],"picked":"Carnage","floor":46},{"not_picked":["Conserve Battery"],"picked":"Ball Lightning+1","floor":48}],"player_experience":244641,"relics_obtained":[{"floor":7.0,"key":"Kunai"},{"floor":9.0,"key":"Matryoshka"},{"floor":12.0,"key":"Pen Nib"},{"floor":12.0,"key":"Gambling Chip"},{"floor":14.0,"key":"Regal Pillow"},{"floor":21,"key":"Juzu Bracelet"},{"floor":21,"key":"Old Coin"},{"floor":22,"key":"Red Mask"},{"floor":25,"key":"Calipers"},{"floor":25,"key":"Bag of Marbles"},{"floor":26,"key":"Akabeko"},{"floor":41,"key":"Pantograph"},{"floor":41,"key":"Mummified Hand"},{"floor":43,"key":"White Beast Statue"},{"floor":47,"key":"Gremlin Horn"}],"event_choices":[{"damage_healed":0.0,"max_hp_gain":0.0,"max_hp_loss":0.0,"gold_gain":0.0,"cards_transformed":["Eruption"],"event_name":"Living Wall","player_choice":"Change","floor":4.0,"gold_loss":0.0,"damage_taken":0.0,"cards_obtained":["Headbutt"]},{"damage_healed":0.0,"max_hp_gain":0.0,"max_hp_loss":0.0,"gold_gain":0.0,"event_name":"Golden Idol","player_choice":"Take Damage","floor":5.0,"gold_loss":0.0,"damage_taken":20.0,"relics_obtained":["Golden Idol"]},{"damage_healed":0,"gold_gain":275,"player_choice":"Desecrate","damage_taken":0,"max_hp_gain":0,"max_hp_loss":0,"event_name":"Golden Shrine","floor":19,"gold_loss":0,"cards_obtained":["Regret"]},{"damage_healed":0,"gold_gain":0,"player_choice":"Fought Bandits","damage_taken":0,"max_hp_gain":0,"max_hp_loss":0,"event_name":"Masked Bandits","floor":22,"gold_loss":0},{"damage_healed":0,"gold_gain":0,"player_choice":"Obtained Relic","damage_taken":0,"relics_obtained":["Red Skull"],"max_hp_gain":0,"max_hp_loss":0,"event_name":"Addict","floor":23,"gold_loss":85},{"damage_healed":0,"gold_gain":0,"player_choice":"Joined the Cult","damage_taken":6,"max_hp_gain":0,"max_hp_loss":0,"event_name":"Nest","floor":31,"gold_loss":0,"cards_obtained":["RitualDagger"]},{"damage_healed":0,"gold_gain":0,"cards_transformed":["Strike_R"],"player_choice":"Transformed","damage_taken":0,"max_hp_gain":0,"max_hp_loss":0,"event_name":"Transmorgrifier","floor":36,"gold_loss":0,"cards_obtained":["Meteor Strike"]},{"damage_healed":0,"gold_gain":222,"player_choice":"Wore Mask","damage_taken":0,"max_hp_gain":0,"max_hp_loss":0,"event_name":"Tomb of Lord Red Mask","floor":38,"gold_loss":0},{"damage_healed":0,"gold_gain":0,"player_choice":"Memory 2","damage_taken":5,"max_hp_gain":0,"max_hp_loss":0,"event_name":"SensoryStone","floor":45,"gold_loss":0}],"is_beta":false,"boss_relics":[{"not_picked":["Busted Crown","SlaversCollar"],"picked":"Black Star"},{"not_picked":["Calling Bell","Cursed Key"],"picked":"Philosopher\u0027s Stone"}],"items_purged_floors":[20,30],"is_endless":false,"potions_floor_spawned":[1,2,7,25,28,35,46,48],"ascension_level":0}}