{"host":"eebsr5bfap1y39p2","time":1612237899,"event":{"mods":["AchievementEnabler","BaseMod","Colored Map","Minty Spire (QoL Compilation)","StSLib","SuperFastMode"],"gold_per_floor":[112,127,52,2,17,17,48,76,88,0,0,31,31,57,57,154,154,168,180,196,196,31,61,61,61,110,125,143,161,179,213,213,310,310,327,347,110,126,126,160,180,192,192,52,69,83,95,106,106,106],"floor_reached":51,"language":"KOR","playtime":1968,"items_purged":["Defend_P","Defend_P","Strike_P+1","Defend_P+1","LessonLearned+1"],"score":1216,"play_id":"a348af53-25bd-4a2c-816e-2a2e0ee08eb2","local_time":"20210201225139","is_ascension_mode":true,"campfire_choices":[{"floor":6.0,"key":"REST"},{"floor":11.0,"key":"REST"},{"floor":15.0,"key":"REST"},{"floor":24.0,"key":"REST"},{"floor":32.0,"key":"REST"},{"floor":49,"key":"REST"}],"circlet_count":0,"master_deck":["Strike_P+1","Eruption+1","Vigilance+1","ClearTheMind+1","Vault+1","Adaptation+1","Scrawl+1","MentalFortress"],"relics":["PureWater","MawBank","Anchor","Sundial","The Courier","Fusion Hammer","Orichalcum","Ancient Tea Set","MealTicket","Empty Cage","Happy Flower","Regal Pillow","Yang"],"acts_visited":["Exordium","TheCity","TheBeyond"],"potions_floor_usage":[],"damage_taken":[{"damage":0.0,"enemies":"2 Louse","floor":1.0,"turns":3.0},{"damage":0.0,"enemies":"Small Slimes","floor":2.0,"turns":3.0},{"damage":0.0,"enemies":"Cultist","floor":5.0,"turns":3.0},{"damage":6.0,"enemies":"3 Sentries","floor":7.0,"turns":7.0},{"damage":28.0,"enemies":"Exordium Thugs","floor":8.0,"turns":6.0},{"damage":15.0,"enemies":"Lagavulin","floor":12.0,"turns":4.0},{"damage":25.0,"enemies":"3 Sentries","floor":14.0,"turns":9.0},{"damage":18.0,"enemies":"Hexaghost","floor":16.0,"turns":8.0},{"damage":0.0,"enemies":"3 Byrds","floor":18.0,"turns":3.0},{"damage":13.0,"enemies":"Shell Parasite","floor":19.0,"turns":5.0},{"damage":12.0,"enemies":"Snake Plant","floor":20.0,"turns":3.0},{"damage":0.0,"enemies":"Gremlin Leader","floor":23.0,"turns":4.0},{"damage":1.0,"enemies":"Centurion and Healer","floor":27.0,"turns":4.0},{"damage":1.0,"enemies":"Sentry and Sphere","floor":28.0,"turns":5.0},{"damage":0.0,"enemies":"Cultist and Chosen","floor":29.0,"turns":4.0},{"damage":0.0,"enemies":"Chosen and Byrds","floor":30.0,"turns":5.0},{"damage":20.0,"enemies":"Slavers","floor":31.0,"turns":10.0},{"damage":28.0,"enemies":"Champ","floor":33.0,"turns":8.0},{"damage":0.0,"enemies":"3 Darklings","floor":35.0,"turns":3.0},{"damage":0.0,"enemies":"Orb Walker","floor":36.0,"turns":1.0},{"damage":0.0,"enemies":"Maw","floor":38.0,"turns":3.0},{"damage":0.0,"enemies":"Nemesis","floor":40.0,"turns":2.0},{"damage":0,"enemies":"Jaw Worm Horde","floor":41,"turns":1},{"damage":0,"enemies":"4 Shapes","floor":42,"turns":2},{"damage":0,"enemies":"Sphere and 2 Shapes","floor":45,"turns":1},{"damage":0,"enemies":"3 Darklings","floor":46,"turns":2},{"damage":0,"enemies":"Jaw Worm Horde","floor":47,"turns":2},{"damage":0,"enemies":"Spire Growth","floor":48,"turns":2},{"damage":0,"enemies":"Donu and Deca","floor":50,"turns":5}],"seed_played":"8437231218466102529","potions_obtained":[{"floor":5.0,"key":"Explosive Potion"},{"floor":12.0,"key":"SkillPotion"},{"floor":16.0,"key":"AttackPotion"},{"floor":18.0,"key":"CultistPotion"},{"floor":19.0,"key":"SpeedPotion"},{"floor":28.0,"key":"Strength Potion"},{"floor":31.0,"key":"Weak Potion"},{"floor":35.0,"key":"SkillPotion"},{"floor":39.0,"key":"FairyPotion"},{"floor":47,"key":"GamblersBrew"}],"is_trial":false,"path_per_floor":["M","M","$","?","M","R","E","M","T","$","R","E","?","E","R","B",null,"M","M","M","?","$","E","R","?","T","M","M","M","M","E","R","B",null,"M","M","$","M","?","E","M","M","T","$","M","M","M","M","R","B",null],"character_chosen":"WATCHER","items_purchased":["Adaptation","Happy Flower"],"campfire_rested":6,"item_purchase_floors":[22,37],"current_hp_per_floor":[47,47,47,47,47,68,62,34,34,34,55,40,40,15,36,18,59,59,46,34,34,34,34,55,55,55,54,53,53,53,33,54,26,61,61,61,72,72,72,72,72,72,72,72,72,72,72,72,72,72],"gold":106,"neow_bonus":"THREE_RARE_CARDS","is_daily":false,"chose_seed":false,"campfire_upgraded":0,"win_rate":0.0,"timestamp":1612237899,"path_taken":["M","M","$","?","M","R","E","M","T","$","R","E","?","E","R","BOSS","M","M","?","?","$","E","R","?","T","?","M","M","M","E","R","BOSS","M","M","$","M","?","E","M","M","T","?","M","M","M","M","R","BOSS"],"items_purchased_type":["Card","Relic"],"build_version":"2020-12-22","purchased_purges":5,"victory":true,"max_hp_per_floor":[72,72,72,72,72,72,72,72,72,72,72,72,72,72,72,72,72,72,72,72,72,72,72,72,72,72,72,72,72,72,72,72,72,72,72,72,72,72,72,72,72,72,72,72,72,72,72,72,72,72],"card_choices":[{"not_picked":["Devotion","DeusExMachina"],"picked":"LessonLearned","floor":0.0},{"not_picked":["Protect","Sanctity","PathToVictory"],"picked":"SKIP","floor":1.0},{"not_picked":["Wireheading","Halt","Crescendo"],"picked":"SKIP","floor":2.0},{"not_picked":["EmptyFist","Collect","ClearTheMind"],"picked":"SKIP","floor":5.0},{"not_picked":["EmptyFist","Collect"],"picked":"ClearTheMind","floor":5.0},{"not_picked":["PathToVictory","TalkToTheHand","Brilliance"],"picked":"SKIP","floor":7.0},{"not_picked":["CutThroughFate","JustLucky","CrushJoints"],"picked":"SKIP","floor":8.0},{"not_picked":["Crescendo","CutThroughFate","Conclude"],"picked":"SKIP","floor":12.0},{"not_picked":["FlyingSleeves","ThirdEye","CutThroughFate"],"picked":"SKIP","floor":14.0},{"not_picked":["DevaForm","Brilliance"],"picked":"Vault","floor":16.0},{"not_picked":["Evaluate","LikeWater+1","Wireheading"],"picked":"SKIP","floor":18.0},{"not_picked":["Indignation","ForeignInfluence+1","WreathOfFlame+1"],"picked":"SKIP","floor":19.0},{"not_picked":["Study","Crescendo+1","Evaluate"],"picked":"SKIP","floor":20.0},{"not_picked":["EmptyMind+1","Evaluate","Crescendo"],"picked":"SKIP","floor":23.0},{"not_picked":["FlyingSleeves+1","Protect+1","WindmillStrike"],"picked":"SKIP","floor":27.0},{"not_picked":["WaveOfTheHand","SashWhip","ClearTheMind"],"picked":"SKIP","floor":28.0},{"not_picked":["CrushJoints","WindmillStrike","FlurryOfBlows"],"picked":"SKIP","floor":29.0},{"not_picked":["SashWhip","Prostrate+1","Sanctity"],"picked":"SKIP","floor":30.0},{"not_picked":["Vengeance+1","Vault","InnerPeace"],"picked":"SKIP","floor":31.0},{"not_picked":["Omniscience","Devotion"],"picked":"Scrawl","floor":33.0},{"not_picked":["Conclude","CrushJoints+1","JustLucky"],"picked":"SKIP","floor":35.0},{"not_picked":["DeceiveReality+1","Prostrate","Swivel"],"picked":"SKIP","floor":36.0},{"not_picked":["Prostrate+1","Crescendo+1","FollowUp+1"],"picked":"SKIP","floor":38.0},{"not_picked":["Prostrate+1","Crescendo+1","FollowUp+1"],"picked":"SKIP","floor":38.0},{"not_picked":["Perseverance+1","FlurryOfBlows","ReachHeaven+1"],"picked":"SKIP","floor":40.0},{"not_picked":["Halt+1","PathToVictory+1","CrushJoints+1"],"picked":"SKIP","floor":41},{"not_picked":["BowlingBash+1","Crescendo+1","WindmillStrike+1"],"picked":"SKIP","floor":42},{"not_picked":["Sanctity","Prostrate+1","Consecrate+1"],"picked":"SKIP","floor":45},{"not_picked":["Prostrate","MasterReality","SashWhip"],"picked":"SKIP","floor":46},{"not_picked":["FollowUp+1","EmptyBody+1","ThirdEye+1"],"picked":"SKIP","floor":47},{"not_picked":["Wireheading","JustLucky+1"],"picked":"MentalFortress","floor":48}],"player_experience":388642,"relics_obtained":[{"floor":7.0,"key":"MawBank"},{"floor":9.0,"key":"Anchor"},{"floor":12.0,"key":"Sundial"},{"floor":14.0,"key":"The Courier"},{"floor":23.0,"key":"Orichalcum"},{"floor":26.0,"key":"Ancient Tea Set"},{"floor":31.0,"key":"MealTicket"},{"floor":40.0,"key":"Regal Pillow"},{"floor":43,"key":"Yang"}],"event_choices":[{"cards_removed":["Strike_P"],"damage_healed":0.0,"max_hp_gain":0.0,"max_hp_loss":0.0,"gold_gain":0.0,"event_name":"The Cleric","player_choice":"Card Removal","floor":4.0,"gold_loss":50.0,"damage_taken":0.0},{"damage_healed":0.0,"max_hp_gain":0.0,"max_hp_loss":0.0,"gold_gain":0.0,"event_name":"Accursed Blacksmith","player_choice":"Forge","floor":13.0,"gold_loss":0.0,"damage_taken":0.0,"cards_upgraded":["Eruption"]},{"damage_healed":0.0,"max_hp_gain":0.0,"max_hp_loss":0.0,"gold_gain":0.0,"event_name":"The Mausoleum","player_choice":"Ignored","floor":21.0,"gold_loss":0.0,"damage_taken":0.0},{"damage_healed":0.0,"max_hp_gain":0.0,"max_hp_loss":0.0,"gold_gain":0.0,"event_name":"The Woman in Blue","player_choice":"Bought 0 Potions","floor":25.0,"gold_loss":0.0,"damage_taken":0.0},{"damage_healed":0.0,"max_hp_gain":0.0,"max_hp_loss":0.0,"gold_gain":0.0,"event_name":"Lab","player_choice":"Got Potions","floor":39.0,"gold_loss":0.0,"damage_taken":0.0}],"is_beta":false,"boss_relics":[{"not_picked":["Velvet Choker","Runic Pyramid"],"picked":"Fusion Hammer"},{"not_picked":["Cursed Key","Busted Crown"],"picked":"Empty Cage"}],"items_purged_floors":[3,10,22,37,44],"is_endless":false,"potions_floor_spawned":[5,12,16,18,19,28,31,35,40,45,47,48],"ascension_level":6}}