{"host":"fhtkjtn7duh7vk86","time":1612261616,"event":{"mods":["BaseMod","Bestiary","Block Reminder","Colored Map","Colored Powertips","Downfall","Highlight Path","Minty Spire (QoL Compilation)","Relic Sorter","Relic Stats","StSLib","The Cursed","The Hierophant","The Marked"],"gold_per_floor":[114,129,129,129,144,144,129,129,154,184,184,10,10,10,10,110,110,125,140,155,155,5,20,20,20,20,20,95,110,125,155,155,255,255,270,270,56,71,71,71,101,116,116,131,146,161,161,161,161,161],"floor_reached":51,"language":"ENG","playtime":2558,"items_purged":[],"score":947,"play_id":"8341d4f1-bff5-40ad-aa4d-07a883937019","local_time":"20210202112656","daily_mods":["Chimera","ControlledChaos","Night Terrors"],"is_ascension_mode":false,"campfire_choices":[{"floor":6.0,"key":"DIG"},{"floor":8,"key":"DIG"},{"floor":11,"key":"DIG"},{"floor":13,"key":"REST"},{"floor":15,"key":"DIG"},{"data":"1","floor":24,"key":"LIFT"},{"data":"2","floor":32,"key":"LIFT"},{"data":"3","floor":40,"key":"LIFT"},{"floor":47,"key":"DIG"},{"floor":49,"key":"DIG"}],"circlet_count":0,"master_deck":["Bash+1","Survivor","Zap","Eruption","Strike_R","Strike_G","Strike_B","Defend_R","Defend_G","Defend_P","Searing Blow","Clothesline+1","Regret","Heavy Blade","Wild Strike+1","Iron Wave+1","Heavy Blade+1","Bludgeon+1","Warcry","Wild Strike+1","Feed+1","Shrug It Off+1","Seeing Red","Shockwave+1","Wild Strike+1","downfall:Haunted","downfall:Haunted","downfall:Icky","Limit Break+1","Infernal Blade+1","Cleave+1","Immolate+1","CurseOfTheBell","Madness","Madness","Bludgeon+1","Twin Strike+1","Eruption+1","Offering","Impervious"],"relics":["Burning Blood","Frozen Eye","Shovel","Girya","Molten Egg 2","Orichalcum","Happy Flower","Lizard Tail","PreservedInsect","Akabeko","Oddly Smooth Stone","Snecko Eye","Orrery","Du-Vu Doll","Gambling Chip","Unceasing Top","Calling Bell","Anchor","Letter Opener","Champion Belt","Omamori","Mercury Hourglass","InkBottle","War Paint"],"acts_visited":["Exordium","TheCity","TheBeyond"],"potions_floor_usage":[10,16,16,19,33,33,44,46],"damage_taken":[{"damage":14.0,"enemies":"Jaw Worm","floor":1.0,"turns":2.0},{"damage":0.0,"enemies":"Small Slimes","floor":2.0,"turns":3.0},{"damage":0.0,"enemies":"Cultist","floor":5.0,"turns":3.0},{"damage":20,"enemies":"Exordium Thugs","floor":7,"turns":6},{"damage":22,"enemies":"3 Sentries","floor":10,"turns":5},{"damage":3,"enemies":"Slime Boss","floor":16,"turns":5},{"damage":0,"enemies":"Chosen","floor":18,"turns":3},{"damage":15,"enemies":"3 Byrds","floor":19,"turns":3},{"damage":6,"enemies":"Snecko","floor":20,"turns":2},{"damage":0,"enemies":"Snake Plant","floor":23,"turns":1},{"damage":9,"enemies":"3 Cultists","floor":29,"turns":3},{"damage":6,"enemies":"Centurion and Healer","floor":30,"turns":3},{"damage":0,"enemies":"Book of Stabbing","floor":31,"turns":2},{"damage":51,"enemies":"Collector","floor":33,"turns":4},{"damage":9,"enemies":"Orb Walker","floor":35,"turns":2},{"damage":0,"enemies":"3 Shapes","floor":38,"turns":2},{"damage":0,"enemies":"Giant Head","floor":41,"turns":2},{"damage":38,"enemies":"3 Darklings","floor":42,"turns":2},{"damage":0,"enemies":"Transient","floor":44,"turns":5},{"damage":0,"enemies":"Writhing Mass","floor":45,"turns":2},{"damage":0,"enemies":"Jaw Worm Horde","floor":46,"turns":3},{"damage":120,"enemies":"Donu and Deca","floor":50,"turns":5}],"seed_played":"-6699970657251824518","potions_obtained":[{"floor":1.0,"key":"Fire Potion"},{"floor":2.0,"key":"HeartOfIron"},{"floor":10,"key":"bronze:BurnAndBuffPotion"},{"floor":18,"key":"sneckomod:MuddlingPotion"},{"floor":19,"key":"AttackPotion"},{"floor":31,"key":"Explosive Potion"},{"floor":33,"key":"Ancient Potion"},{"floor":44,"key":"FairyPotion"},{"floor":45,"key":"Dexterity Potion"},{"floor":46,"key":"ElixirPotion"}],"is_trial":false,"path_per_floor":["M","M","?","?","M","R","M","R","T","E","R","$","R","?","R","B",null,"M","M","M","?","$","M","R","?","T","?","?","M","M","E","R","B",null,"M","?","$","M","?","R","E","M","T","M","M","M","R","?","R","B",null],"character_chosen":"IRONCLAD","items_purchased":["Akabeko","Heavy Blade+1","Orrery","Bludgeon+1","Swift Potion"],"campfire_rested":1,"item_purchase_floors":[12,12,22,37,37],"current_hp_per_floor":[72,78,78,75,80,80,66,66,66,50,50,50,75,60,60,63,75,75,66,66,75,75,75,75,75,75,75,68,65,65,71,71,26,75,72,63,63,73,73,73,79,47,47,53,59,65,65,65,65,45],"gold":161,"neow_bonus":"","is_daily":true,"chose_seed":false,"campfire_upgraded":0,"win_rate":0.0,"timestamp":1612261616,"path_taken":["M","M","?","?","M","R","M","R","T","E","R","$","R","?","R","BOSS","M","M","M","?","$","?","R","?","T","?","?","M","M","E","R","BOSS","M","?","$","M","?","R","E","M","T","M","M","?","R","?","R","BOSS"],"items_purchased_type":["Relic","Card","Relic","Card","Potion"],"build_version":"2020-12-13","purchased_purges":0,"victory":true,"max_hp_per_floor":[80,80,80,80,80,80,80,80,80,80,80,80,75,75,75,75,75,75,75,75,75,75,75,75,75,75,75,75,75,75,75,75,75,75,75,75,75,79,79,79,79,79,79,79,79,79,79,79,79,79],"relic_stats":{"Happy Flower":[18],"counters":[22,68],"PreservedInsect":166,"Letter Opener":[12],"Orichalcum":[84],"War Paint":["Infernal Blade","Limit Break"],"Burning Blood":119,"Mercury Hourglass":[39],"Lizard Tail":39,"Shovel":6,"Gambling Chip":[25],"Snecko Eye":[69,71,83,79],"Champion Belt":[11],"obtain_stats":[{"Girya":4,"Happy Flower":9,"Oddly Smooth Stone":15,"PreservedInsect":11,"Omamori":41,"Letter Opener":34,"Orichalcum":8,"War Paint":49,"Burning Blood":0,"Akabeko":12,"Mercury Hourglass":43,"Du-Vu Doll":25,"Calling Bell":34,"Frozen Eye":0,"Lizard Tail":10,"Anchor":34,"Shovel":3,"Gambling Chip":26,"Snecko Eye":17,"Orrery":22,"Molten Egg 2":6,"Champion Belt":34,"Unceasing Top":31,"InkBottle":47},{"Girya":2,"Happy Flower":4,"Oddly Smooth Stone":5,"PreservedInsect":5,"Omamori":17,"Letter Opener":14,"Orichalcum":4,"War Paint":21,"Burning Blood":0,"Akabeko":5,"Mercury Hourglass":18,"Du-Vu Doll":10,"Calling Bell":14,"Frozen Eye":0,"Lizard Tail":5,"Anchor":14,"Shovel":2,"Gambling Chip":10,"Snecko Eye":6,"Orrery":9,"Molten Egg 2":3,"Champion Belt":14,"Unceasing Top":13,"InkBottle":21},{"Girya":5,"Happy Flower":14,"Oddly Smooth Stone":19,"PreservedInsect":19,"Omamori":51,"Letter Opener":45,"Orichalcum":14,"War Paint":63,"Burning Blood":0,"Akabeko":19,"Mercury Hourglass":53,"Du-Vu Doll":33,"Calling Bell":45,"Frozen Eye":0,"Lizard Tail":19,"Anchor":45,"Shovel":5,"Gambling Chip":33,"Snecko Eye":24,"Orrery":32,"Molten Egg 2":8,"Champion Belt":45,"Unceasing Top":41,"InkBottle":63}],"Unceasing Top":[0],"InkBottle":[1]},"card_choices":[{"not_picked":["Havoc","Intimidate"],"picked":"Searing Blow","floor":1.0},{"not_picked":["Flex","Spot Weakness"],"picked":"Clothesline","floor":2.0},{"not_picked":["Warcry","Havoc"],"picked":"Heavy Blade","floor":5.0},{"not_picked":["Dropkick+1","Headbutt+1"],"picked":"Wild Strike+1","floor":7},{"not_picked":["Juggernaut","Shrug It Off"],"picked":"Iron Wave+1","floor":10},{"not_picked":["Limit Break","Berserk"],"picked":"Bludgeon+1","floor":16},{"not_picked":["Blood for Blood+1","Pommel Strike+1"],"picked":"Warcry","floor":18},{"not_picked":["Sentinel","Havoc"],"picked":"Fire Breathing","floor":19},{"not_picked":["Thunderclap+1","Clash+1"],"picked":"Wild Strike+1","floor":20},{"not_picked":["Sentinel","Ghostly Armor"],"picked":"Feed+1","floor":22},{"not_picked":["Flex","Havoc"],"picked":"Shrug It Off+1","floor":22},{"not_picked":["Double Tap","Metallicize+1"],"picked":"Seeing Red","floor":22},{"not_picked":["Flex","Seeing Red"],"picked":"Shockwave+1","floor":22},{"not_picked":["Headbutt+1","Sword Boomerang+1"],"picked":"Wild Strike+1","floor":23},{"not_picked":["Cleave+1","Pummel+1"],"picked":"Infernal Blade","floor":29},{"not_picked":["True Grit","Armaments"],"picked":"Cleave+1","floor":30},{"not_picked":["Rampage+1","Combust","Warcry"],"picked":"SKIP","floor":31},{"not_picked":["Corruption","Feed+1"],"picked":"Immolate+1","floor":33},{"not_picked":["Clothesline+1","Headbutt+1","Perfected Strike+1"],"picked":"SKIP","floor":35},{"not_picked":["Anger+1","Headbutt+1"],"picked":"Twin Strike+1","floor":38},{"not_picked":["Sword Boomerang+1","Infernal Blade+1","Iron Wave+1"],"picked":"SKIP","floor":41},{"not_picked":["Havoc","Pommel Strike+1"],"picked":"Offering","floor":42},{"not_picked":["Clash+1","Clothesline+1","Anger+1"],"picked":"SKIP","floor":44},{"not_picked":["Infernal Blade","True Grit+1"],"picked":"Impervious","floor":45},{"not_picked":["Power Through","Fire Breathing+1","Heavy Blade+1"],"picked":"SKIP","floor":46}],"player_experience":55766,"relics_obtained":[{"floor":6.0,"key":"Molten Egg 2"},{"floor":8,"key":"Orichalcum"},{"floor":9,"key":"Happy Flower"},{"floor":10,"key":"Lizard Tail"},{"floor":11,"key":"PreservedInsect"},{"floor":15,"key":"Oddly Smooth Stone"},{"floor":26,"key":"Gambling Chip"},{"floor":31,"key":"Unceasing Top"},{"floor":34,"key":"Anchor"},{"floor":34,"key":"Letter Opener"},{"floor":34,"key":"Champion Belt"},{"floor":41,"key":"Omamori"},{"floor":43,"key":"Mercury Hourglass"},{"floor":47,"key":"InkBottle"},{"floor":49,"key":"War Paint"}],"event_choices":[{"damage_healed":0.0,"max_hp_gain":0.0,"max_hp_loss":0.0,"gold_gain":0.0,"event_name":"Big Fish","player_choice":"Box","floor":3.0,"gold_loss":0.0,"damage_taken":0.0,"relics_obtained":["Shovel"],"cards_obtained":["Regret"]},{"damage_healed":0.0,"max_hp_gain":0.0,"max_hp_loss":0.0,"gold_gain":0.0,"event_name":"Scrap Ooze","player_choice":"Success","floor":4.0,"gold_loss":0.0,"damage_taken":3.0,"relics_obtained":["Girya"]},{"damage_healed":0,"gold_gain":0,"player_choice":"Entered Light","damage_taken":15,"max_hp_gain":0,"max_hp_loss":0,"event_name":"Shining Light","floor":14,"gold_loss":0,"cards_upgraded":["Bash","Clothesline"]},{"cards_removed":["Fire Breathing"],"damage_healed":9,"gold_gain":0,"player_choice":"Offered Uncommon","damage_taken":0,"max_hp_gain":0,"max_hp_loss":0,"event_name":"Bonfire Elementals","floor":21,"gold_loss":0},{"damage_healed":0,"gold_gain":75,"player_choice":"Touch","damage_taken":7,"max_hp_gain":0,"max_hp_loss":0,"event_name":"FaceTrader","floor":28,"gold_loss":0},{"damage_healed":0,"gold_gain":0,"player_choice":"Embrace Madness","damage_taken":9,"max_hp_gain":0,"max_hp_loss":0,"event_name":"Winding Halls","floor":36,"gold_loss":0,"cards_obtained":["Madness","Madness"]},{"damage_healed":0,"gold_gain":0,"player_choice":"Copied","damage_taken":0,"max_hp_gain":0,"max_hp_loss":0,"event_name":"Duplicator","floor":39,"gold_loss":0,"cards_obtained":["Eruption"]},{"damage_healed":0,"gold_gain":0,"player_choice":"Ignored","damage_taken":0,"max_hp_gain":0,"max_hp_loss":0,"event_name":"Tomb of Lord Red Mask","floor":48,"gold_loss":0}],"is_beta":false,"boss_relics":[{"not_picked":["Runic Cube","Cursed Key"],"picked":"Snecko Eye"},{"not_picked":["Velvet Choker","Fusion Hammer"],"picked":"Calling Bell"}],"items_purged_floors":[],"is_endless":false,"potions_floor_spawned":[1,2,10,18,19,31,33,44,45,46],"ascension_level":0}}