{"host":"m4wbcutj3xdd6hl7","time":1612252505,"event":{"mods":["Act Like it!","BaseMod","Colored Map","Downfall","Gensokyo","Marisa£®ÏF”Í°°ƒß¿Ì…≥£©","Minty Spire (QoL Compilation)","Quick Restart","Shop Mod","StSLib","The Hierophant","WarShipGirlsR/’ΩΩ¢…Ÿ≈ÆR mod","[IsaacMod]“‘»ˆº‚À˛","noobMod","°æ“≈ŒÔø®≈∆°øREMEMod"],"gold_per_floor":[99,99,99,99,118,132,132],"floor_reached":6,"language":"ZHS","playtime":338,"items_purged":[],"score":32,"play_id":"2014b74c-5d80-4447-aa5d-917e2ed7fea2","local_time":"20210202155505","is_ascension_mode":false,"campfire_choices":[{"floor":1.0,"key":"RECALL"}],"circlet_count":0,"master_deck":["Strike_MRS","Strike_MRS","Strike_MRS","Strike_MRS","Defend_MRS","Defend_MRS","Defend_MRS","Defend_MRS","MasterSpark","UpSweep","DoctorFetus","ShootTheMoon","OpenUniverse","Acceleration","BlazeAway"],"relics":["MiniHakkero","ice","REME_ComplimentaryCards","HushsDoor","downfall:HeartsMalice","SalivaCoin"],"acts_visited":["Exordium"],"potions_floor_usage":[],"damage_taken":[{"damage":0.0,"enemies":"Cultist","floor":2.0,"turns":1.0},{"damage":0.0,"enemies":"Small Slimes","floor":3.0,"turns":1.0},{"damage":0,"enemies":"downfall:FleeingMerchant","floor":4,"turns":1},{"damage":6,"enemies":"2 Louse","floor":5,"turns":2},{"damage":32,"enemies":"Gremlin Nob","floor":6,"turns":5}],"seed_played":"-6509515180785697413","potions_obtained":[{"floor":5,"key":"champ:CounterPotion"}],"is_trial":false,"path_per_floor":["R","M","M","$","M","E"],"character_chosen":"MARISA","items_purchased":[],"campfire_rested":0,"item_purchase_floors":[],"current_hp_per_floor":[75,75,75,75,69,37,37],"gold":132,"neow_bonus":"THREE_ENEMY_KILL","is_daily":false,"chose_seed":false,"campfire_upgraded":0,"win_rate":0.0,"timestamp":1612252505,"path_taken":["R","M","M","$","M","E"],"items_purchased_type":[],"build_version":"2020-12-22","purchased_purges":0,"victory":false,"max_hp_per_floor":[75,75,75,75,75,75,75],"card_choices":[{"not_picked":[],"picked":"DoctorFetus","floor":0.0},{"not_picked":["GravityBeat","WitchLeyline"],"picked":"ShootTheMoon","floor":2.0},{"not_picked":["AlicesGift","GravityBeat"],"picked":"OpenUniverse","floor":3},{"not_picked":["DoubleSpark","GrandCross"],"picked":"Acceleration","floor":4},{"not_picked":["NonDirectionalLaser","PropBag"],"picked":"BlazeAway","floor":5}],"player_experience":857525,"relics_obtained":[],"event_choices":[],"is_beta":false,"boss_relics":[],"items_purged_floors":[],"is_endless":false,"potions_floor_spawned":[5],"killed_by":"Gremlin Nob","ascension_level":0}}