{"host":"0i8dz4ityulxi1rd","time":1612240546,"event":{"mods":["BaseMod","Colored Map","Colored Powertips","Custom Start","Highlight Path","Keyboard Shortcuts","Minty Spire (QoL Compilation)","StSLib","SuperFastMode"],"gold_per_floor":[111,111,111,36,136,136,150,180,180,180,180],"floor_reached":10,"language":"KOR","playtime":363,"items_purged":["Defend_R"],"score":128,"play_id":"238af788-8243-4200-b0b5-90cd2907ca4b","local_time":"20210202133546","daily_mods":["Chimera","Red Cards","Green Cards","Blue Cards","Purple Cards"],"is_ascension_mode":true,"campfire_choices":[{"data":"Eruption","floor":6,"key":"SMITH"}],"circlet_count":0,"master_deck":["AscendersBane","Bash","Survivor","Zap","Eruption+1","Strike_R","Strike_G","Strike_B","Defend_G","Defend_P","Dualcast","Vigilance","Darkness","Burning Pact","Shockwave"],"relics":["Burning Blood","Ancient Tea Set","Self Forming Clay","Bird Faced Urn","Singing Bowl"],"acts_visited":["Exordium"],"potions_floor_usage":[7,10],"damage_taken":[{"damage":6.0,"enemies":"Cultist","floor":1.0,"turns":4.0},{"damage":0,"enemies":"Jaw Worm","floor":7,"turns":3},{"damage":44,"enemies":"Lagavulin","floor":8,"turns":6},{"damage":16,"enemies":"3 Sentries","floor":10,"turns":4}],"seed_played":"-8375679622531745146","potions_obtained":[{"floor":1.0,"key":"DistilledChaos"},{"floor":7,"key":"EssenceOfSteel"}],"is_trial":true,"path_per_floor":["M","?","T","$","?","R","M","E","T","E"],"character_chosen":"IRONCLAD","items_purchased":[],"campfire_rested":0,"item_purchase_floors":[],"current_hp_per_floor":[68,50,50,50,50,50,56,18,18,2,2],"gold":180,"neow_bonus":"","is_daily":false,"chose_seed":false,"campfire_upgraded":1,"win_rate":0.0,"timestamp":1612240546,"path_taken":["M","?","?","$","?","R","M","E","T","E"],"items_purchased_type":[],"build_version":"2020-12-22","purchased_purges":1,"victory":false,"max_hp_per_floor":[75,75,75,75,75,75,75,75,75,75,75],"card_choices":[{"not_picked":["True Grit","JustLucky"],"picked":"Darkness","floor":1.0},{"not_picked":["Power Through","Shockwave"],"picked":"Burning Pact","floor":7},{"not_picked":["Protect","Riddle With Holes"],"picked":"Shockwave","floor":8}],"player_experience":1322749,"relics_obtained":[{"floor":3,"key":"Self Forming Clay"},{"floor":8,"key":"Bird Faced Urn"},{"floor":9,"key":"Singing Bowl"}],"event_choices":[{"damage_healed":0,"gold_gain":0,"player_choice":"Success","damage_taken":18,"relics_obtained":["Ancient Tea Set"],"max_hp_gain":0,"max_hp_loss":0,"event_name":"Scrap Ooze","floor":2,"gold_loss":0},{"damage_healed":0,"gold_gain":100,"player_choice":"Gold","damage_taken":0,"max_hp_gain":0,"max_hp_loss":0,"event_name":"Wheel of Change","floor":5,"gold_loss":0}],"is_beta":false,"boss_relics":[],"items_purged_floors":[4],"is_endless":false,"potions_floor_spawned":[1,7],"killed_by":"3 Sentries","ascension_level":20}}