{"host":"facnppb4175fcpe2","time":1612260984,"event":{"mods":["AchievementEnabler","BaseMod","Colored Map","Colored Powertips","Highlight Path","Minty Spire (QoL Compilation)","Quick Restart","Rare Cards Sparkle","Relic Stats","StSLib","SuperFastMode"],"gold_per_floor":[210,210,210,285,298,331,350,369,392,426,62,79,79,93,93,224,224,240,240,240,267,290,330,330,350,350,350,350,350],"floor_reached":28,"language":"ZHS","playtime":792,"items_purged":[],"score":273,"play_id":"44074770-5082-47c6-95ac-6206d0f49e40","local_time":"20210202181624","is_ascension_mode":false,"campfire_choices":[{"floor":15.0,"key":"REST"},{"data":"Electrodynamics","floor":24.0,"key":"SMITH"}],"circlet_count":0,"master_deck":["Strike_B","Strike_B","Strike_B","Strike_B","Defend_B","Defend_B","Defend_B","Defend_B","Zap","Dualcast","Lockon","Regret","Ball Lightning","Electrodynamics+1","Capacitor","Buffer","CurseOfTheBell","FTL","Ghostly","Ghostly","Ghostly","Ghostly","Ghostly"],"relics":["Cracked Core","Juzu Bracelet","Tiny Chest","Bronze Scales","Lizard Tail","Golden Idol","Calling Bell","Vajra","Pantograph","WingedGreaves","PreservedInsect","Orichalcum","Question Card"],"acts_visited":["Exordium","TheCity"],"potions_floor_usage":[],"damage_taken":[{"damage":0.0,"enemies":"Small Slimes","floor":1.0,"turns":3.0},{"damage":2.0,"enemies":"Cultist","floor":5.0,"turns":3.0},{"damage":26.0,"enemies":"3 Sentries","floor":6.0,"turns":7.0},{"damage":1.0,"enemies":"Jaw Worm","floor":7.0,"turns":2.0},{"damage":9.0,"enemies":"Exordium Wildlife","floor":8.0,"turns":4.0},{"damage":19.0,"enemies":"Gremlin Nob","floor":10.0,"turns":4.0},{"damage":13.0,"enemies":"Red Slaver","floor":12.0,"turns":3.0},{"damage":4.0,"enemies":"Blue Slaver","floor":14.0,"turns":3.0},{"damage":17.0,"enemies":"Hexaghost","floor":16.0,"turns":7.0},{"damage":13.0,"enemies":"Chosen","floor":18.0,"turns":5.0},{"damage":21.0,"enemies":"Shell Parasite","floor":22.0,"turns":5.0},{"damage":45.0,"enemies":"Book of Stabbing","floor":23.0,"turns":4.0},{"damage":24,"enemies":"Cultist and Chosen","floor":25,"turns":5},{"damage":8,"enemies":"Snake Plant","floor":28,"turns":2}],"seed_played":"6756664479048639687","potions_obtained":[{"floor":1.0,"key":"PowerPotion"},{"floor":6.0,"key":"Regen Potion"},{"floor":8.0,"key":"PowerPotion"},{"floor":14.0,"key":"PowerPotion"},{"floor":18.0,"key":"Dexterity Potion"},{"floor":22.0,"key":"Ancient Potion"}],"is_trial":false,"path_per_floor":["M","?","?","?","M","E","M","M","T","E","$","M","?","M","R","B",null,"M","?","?","T","M","E","R","M","T","?","M"],"character_chosen":"DEFECT","items_purchased":["Lizard Tail","Capacitor"],"campfire_rested":1,"item_purchase_floors":[11,11],"current_hp_per_floor":[75,75,75,64,62,36,35,26,26,7,7,6,6,2,22,5,69,56,56,56,56,35,26,26,2,2,2,0,0],"gold":350,"neow_bonus":"HUNDRED_GOLD","is_daily":false,"chose_seed":false,"campfire_upgraded":1,"win_rate":0.0,"timestamp":1612260984,"path_taken":["M","?","?","?","M","E","M","M","T","E","$","M","?","M","R","BOSS","M","?","?","?","M","E","R","M","T","?","M"],"items_purchased_type":["Relic","Card"],"build_version":"2020-12-22","purchased_purges":0,"victory":false,"max_hp_per_floor":[75,75,75,75,75,75,75,75,75,75,75,75,69,69,69,69,69,69,69,69,69,69,69,69,69,69,34,34,34],"relic_stats":{"Lizard Tail":34,"counters":[14,57],"Golden Idol":49,"Bronze Scales":[121],"Pantograph":0,"Tiny Chest":1,"PreservedInsect":41,"Juzu Bracelet":2,"Orichalcum":[30],"Question Card":0,"obtain_stats":[{"Golden Idol":13,"Vajra":17,"PreservedInsect":21,"Juzu Bracelet":2,"Orichalcum":23,"Question Card":26,"Calling Bell":17,"Lizard Tail":11,"Bronze Scales":10,"Pantograph":17,"Tiny Chest":6,"WingedGreaves":17,"Cracked Core":0},{"Golden Idol":7,"Vajra":9,"PreservedInsect":10,"Juzu Bracelet":1,"Orichalcum":12,"Question Card":13,"Calling Bell":9,"Lizard Tail":6,"Bronze Scales":6,"Pantograph":9,"Tiny Chest":3,"WingedGreaves":9,"Cracked Core":0},{"Golden Idol":26,"Vajra":36,"PreservedInsect":41,"Juzu Bracelet":3,"Orichalcum":50,"Question Card":55,"Calling Bell":36,"Lizard Tail":23,"Bronze Scales":23,"Pantograph":36,"Tiny Chest":13,"WingedGreaves":36,"Cracked Core":0}]},"card_choices":[{"not_picked":["Compile Driver","Streamline"],"picked":"Lockon","floor":1.0},{"not_picked":["Fusion","Blizzard","BootSequence"],"picked":"SKIP","floor":5.0},{"not_picked":["Hologram","Gash"],"picked":"Ball Lightning","floor":6.0},{"not_picked":["Steam","Gash","Reprogram"],"picked":"SKIP","floor":7.0},{"not_picked":["Ball Lightning","Tempest"],"picked":"Electrodynamics","floor":8.0},{"not_picked":["Loop","Chaos","Coolheaded"],"picked":"SKIP","floor":10.0},{"not_picked":["Compile Driver","Undo","Doom and Gloom"],"picked":"SKIP","floor":12.0},{"not_picked":["Doom and Gloom","Steam Power","Beam Cell"],"picked":"SKIP","floor":14.0},{"not_picked":["Meteor Strike","Fission"],"picked":"Buffer","floor":16.0},{"not_picked":["Force Field+1","Stack","Self Repair"],"picked":"SKIP","floor":18.0},{"not_picked":["Gash","Capacitor","Aggregate"],"picked":"SKIP","floor":22.0},{"not_picked":["Barrage","Scrape+1","Sweeping Beam"],"picked":"SKIP","floor":23.0},{"not_picked":["Fusion","Sweeping Beam","Hello World+1"],"picked":"SKIP","floor":25}],"player_experience":110226,"relics_obtained":[{"floor":6.0,"key":"Tiny Chest"},{"floor":10.0,"key":"Bronze Scales"},{"floor":17.0,"key":"Vajra"},{"floor":17.0,"key":"Pantograph"},{"floor":17.0,"key":"WingedGreaves"},{"floor":21.0,"key":"PreservedInsect"},{"floor":23.0,"key":"Orichalcum"},{"floor":26,"key":"Question Card"}],"event_choices":[{"damage_healed":0.0,"max_hp_gain":0.0,"max_hp_loss":0.0,"gold_gain":0.0,"event_name":"Big Fish","player_choice":"Box","floor":2.0,"gold_loss":0.0,"damage_taken":0.0,"relics_obtained":["Juzu Bracelet"],"cards_obtained":["Regret"]},{"damage_healed":0.0,"max_hp_gain":0.0,"max_hp_loss":0.0,"gold_gain":0.0,"event_name":"Match and Keep!","player_choice":"0 cards matched","floor":3.0,"gold_loss":0.0,"damage_taken":0.0,"cards_obtained":[]},{"damage_healed":0.0,"max_hp_gain":0.0,"max_hp_loss":0.0,"gold_gain":75.0,"event_name":"World of Goop","player_choice":"Gather Gold","floor":4.0,"gold_loss":0.0,"damage_taken":11.0},{"damage_healed":0.0,"max_hp_gain":0.0,"max_hp_loss":6.0,"gold_gain":0.0,"event_name":"Golden Idol","player_choice":"Lose Max HP","floor":13.0,"gold_loss":0.0,"damage_taken":0.0,"relics_obtained":["Golden Idol"]},{"damage_healed":0.0,"max_hp_gain":0.0,"max_hp_loss":0.0,"gold_gain":0.0,"event_name":"Vampires","player_choice":"Ignored","floor":19.0,"gold_loss":0.0,"damage_taken":0.0},{"damage_healed":0.0,"max_hp_gain":0.0,"max_hp_loss":0.0,"gold_gain":0.0,"event_name":"The Library","player_choice":"Read","floor":20.0,"gold_loss":0.0,"damage_taken":0.0,"cards_obtained":["FTL"]},{"damage_healed":0,"gold_gain":0,"player_choice":"Became a Ghost","damage_taken":0,"max_hp_gain":0,"max_hp_loss":35,"event_name":"Ghosts","floor":27,"gold_loss":0,"cards_obtained":["Ghostly","Ghostly","Ghostly","Ghostly","Ghostly"]}],"is_beta":false,"boss_relics":[{"not_picked":["Astrolabe","Runic Pyramid"],"picked":"Calling Bell"}],"items_purged_floors":[],"is_endless":false,"potions_floor_spawned":[1,6,8,14,18,22],"killed_by":"Snake Plant","ascension_level":0}}