{"host":"3ovdp3kj1t94ivgi","time":1612274721,"event":{"mods":["BaseMod","Downfall","Luminous","Minty Spire (QoL Compilation)","Shade Mod","StSLib","The Necromancer"],"gold_per_floor":[114,114,132,51,51,51,226,226,302,327,341,372,372,406,406,537,537,560,584,597,239,264,264,302,302,302,322,322,322,366,366,366,495,495,520,520,534,600,209,209,247,247,247,272,44,62,62,77,77,77,77],"floor_reached":50,"language":"ENG","playtime":3584,"items_purged":[],"score":591,"play_id":"61659995-bd25-401e-96e1-df33dd09c3a7","local_time":"20210202220521","is_ascension_mode":false,"campfire_choices":[{"data":"Blood_Whip","floor":6,"key":"SMITH"},{"data":"Negative_Energy_Arrows","floor":8,"key":"SMITH"},{"data":"Bone_Bullets","floor":13,"key":"SMITH"},{"floor":15,"key":"REST"},{"data":"Toxic_Smoke_Screen","floor":23,"key":"SMITH"},{"data":"Summon_Vampire_Lady","floor":25,"key":"SMITH"},{"data":"Negative_Energy_Sphere","floor":29,"key":"SMITH"},{"floor":32,"key":"REST"},{"floor":40,"key":"REST"},{"data":"Bone_Armory","floor":42,"key":"SMITH"},{"data":"Negative_Energy_Burst","floor":47,"key":"SMITH"},{"data":"Summon_Lich","floor":49,"key":"SMITH"}],"circlet_count":0,"master_deck":["Defend_W","Defend_W","Defend_W","Negative_Energy_Arrows+1","Bone_Wall","Chill_Blood+1","Blood_Whip+1","Plague_Bolt","Bone_Bullets+1","Necrotic_Claws","Plague_Bolt","Hellfire","Summon_Vampire_Lady+1","CurseOfTheBell","Negative_Energy_Sphere+1","Toxic_Smoke_Screen+1","Bone_Spikes","Detonate_Bones","Negative_Energy_Bomb","Death_March_Dance+1","Siphon_Strength","Bone_Bullets","Deaths_Shadow","Bite","Bite","Bite","Bite","Bite","Blood_Wake","Shackles_Of_Pain","Negative_Energy_Sphere","Corrupt","Bone_Armory+1","Bone_Armor","Bone_Armor+1","Summon_Lich+1","Negative_Energy_Shield","Negative_Energy_Burst+1","Blood_Whip+1","Negative_Energy_Burst","Flesh_Made_Foul"],"relics":["Vampire_Amulet","NeowsBlessing","Golden Idol","Mercury Hourglass","Bird Faced Urn","Ornamental Fan","Calling Bell","Orichalcum","Eternal Feather","Lizard Tail","Happy Flower","Lee\u0027s Waffle","Strawberry","Oddly Smooth Stone","Empty Cage","Gambling Chip","White Beast Statue","Prayer Wheel","HornCleat","MealTicket","PreservedInsect"],"acts_visited":["Exordium","TheCity","TheBeyond"],"potions_floor_usage":[30,33,33,38,50],"damage_taken":[{"damage":0,"enemies":"2 Louse","floor":1,"turns":1},{"damage":0,"enemies":"Small Slimes","floor":3,"turns":1},{"damage":0,"enemies":"Cultist","floor":10,"turns":1},{"damage":2,"enemies":"2 Fungi Beasts","floor":11,"turns":3},{"damage":26,"enemies":"Lagavulin","floor":12,"turns":6},{"damage":5,"enemies":"Gremlin Nob","floor":14,"turns":3},{"damage":37,"enemies":"Hexaghost","floor":16,"turns":9},{"damage":6,"enemies":"Chosen","floor":18,"turns":4},{"damage":14,"enemies":"3 Byrds","floor":19,"turns":4},{"damage":19,"enemies":"Snake Plant","floor":20,"turns":4},{"damage":41,"enemies":"Centurion and Healer","floor":22,"turns":6},{"damage":39,"enemies":"Book of Stabbing","floor":24,"turns":5},{"damage":28,"enemies":"3 Cultists","floor":27,"turns":4},{"damage":41,"enemies":"Slavers","floor":30,"turns":5},{"damage":64,"enemies":"Collector","floor":33,"turns":8},{"damage":9,"enemies":"3 Shapes","floor":35,"turns":4},{"damage":23,"enemies":"Orb Walker","floor":37,"turns":3},{"damage":76,"enemies":"2 Orb Walkers","floor":38,"turns":6},{"damage":111,"enemies":"Reptomancer","floor":41,"turns":7},{"damage":22,"enemies":"4 Shapes","floor":46,"turns":3},{"damage":26,"enemies":"3 Darklings","floor":48,"turns":5},{"damage":105,"enemies":"Donu and Deca","floor":50,"turns":6}],"seed_played":"623432143107156359","potions_obtained":[{"floor":3,"key":"LiquidMemories"},{"floor":10,"key":"Ancient Potion"},{"floor":14,"key":"Swift Potion"},{"floor":24,"key":"SkillPotion"},{"floor":27,"key":"PowerPotion"},{"floor":33,"key":"SteroidPotion"},{"floor":41,"key":"ColorlessPotion"},{"floor":46,"key":"SpeedPotion"},{"floor":48,"key":"SteroidPotion"}],"is_trial":false,"path_per_floor":["M","?","M","$","?","R","?","R","T","M","M","E","R","E","R","B",null,"M","M","M","$","M","R","E","R","T","M","?","R","E","?","R","B",null,"M","?","M","?","$","R","E","R","T","T","$","M","R","M","R","B"],"character_chosen":"NECROMANCER","items_purchased":["Plague_Bolt","Detonate_Bones","Happy Flower","Lee\u0027s Waffle","Bone_Armory","White Beast Statue","Bone_Armor","Summon_Lich","PreservedInsect","Negative_Energy_Shield"],"campfire_rested":3,"item_purchase_floors":[4,21,21,21,39,39,39,45,45,45],"current_hp_per_floor":[75,75,75,75,57,57,57,57,57,59,61,37,37,34,56,21,75,75,67,58,82,45,60,30,45,45,36,36,51,18,18,62,35,89,89,89,70,21,21,65,22,43,43,43,58,48,69,65,89,0,0],"gold":77,"neow_bonus":"THREE_ENEMY_KILL","is_daily":false,"chose_seed":false,"campfire_upgraded":9,"win_rate":0.0,"timestamp":1612274721,"path_taken":["M","?","M","$","?","R","?","R","T","M","M","E","R","E","R","BOSS","M","M","M","$","M","R","E","R","T","M","?","R","E","?","R","BOSS","M","?","?","?","$","R","E","R","T","?","?","M","R","M","R","BOSS"],"items_purchased_type":["Card","Card","Relic","Relic","Card","Relic","Card","Card","Relic","Card"],"build_version":"2020-12-13","purchased_purges":0,"victory":false,"max_hp_per_floor":[75,75,75,75,75,75,75,75,75,75,75,75,75,75,75,75,75,75,75,75,82,82,82,89,89,89,89,89,89,89,89,89,89,89,89,89,89,89,89,89,89,89,89,89,89,89,89,89,89,89,89],"card_choices":[{"not_picked":["Bones_to_Steel","Bone_Spikes"],"picked":"Chill_Blood","floor":1},{"not_picked":["Consume_Illness","Negative_Energy_Shield"],"picked":"Blood_Whip","floor":3},{"not_picked":["Bone_Spikes","Vampiric_Strike"],"picked":"Bone_Bullets","floor":10},{"not_picked":["Negative_Energy_Mist","Shackles_Of_Pain"],"picked":"Necrotic_Claws","floor":11},{"not_picked":["Negative_Energy_Mist","Consume_Illness"],"picked":"Plague_Bolt","floor":12},{"not_picked":["Corrupt","Blood_Curse"],"picked":"Hellfire","floor":14},{"not_picked":["Reap_The_Weak","Hellfire"],"picked":"Summon_Vampire_Lady","floor":16},{"not_picked":["Chill_Blood","Negative_Energy_Mist+1"],"picked":"Negative_Energy_Sphere","floor":18},{"not_picked":["Blood_Curse","Scare"],"picked":"Toxic_Smoke_Screen","floor":19},{"not_picked":["Shackles_Of_Pain","Bone_Shift"],"picked":"Bone_Spikes","floor":20},{"not_picked":["Scare","Blood_Curse"],"picked":"Negative_Energy_Bomb","floor":22},{"not_picked":["Negative_Energy_Sphere","Death_Coil"],"picked":"Death_March_Dance+1","floor":24},{"not_picked":["Whirlwind_of_Bones","Blood_Shield"],"picked":"Siphon_Strength","floor":27},{"not_picked":["Thousand_Bone_Knives","Pandemic"],"picked":"Deaths_Shadow","floor":30},{"not_picked":["Detonate_Bones","Cloudkill"],"picked":"Blood_Wake","floor":33},{"not_picked":["Consume_Illness+1","Necromantic_Selection"],"picked":"Shackles_Of_Pain","floor":35},{"not_picked":["Negative_Energy_Mist","Blood_Shield"],"picked":"Negative_Energy_Sphere","floor":37},{"not_picked":["Chill_Blood+1","Death_March_Dance+1"],"picked":"Corrupt","floor":38},{"not_picked":["Bone_Bullets+1","Blood_Whip"],"picked":"Bone_Armor+1","floor":41},{"not_picked":["Negative_Energy_Javelin+1","Spectral_Armor+1"],"picked":"Negative_Energy_Burst","floor":46},{"not_picked":["Shackles_Of_Pain+1","Death_March_Dance+1"],"picked":"Blood_Whip+1","floor":46},{"not_picked":["Pandemic","Blood_Curse+1"],"picked":"Negative_Energy_Burst","floor":48},{"not_picked":["Consume_Illness+1","Negative_Energy_Shield+1"],"picked":"Flesh_Made_Foul","floor":48}],"player_experience":35870,"relics_obtained":[{"floor":9,"key":"Mercury Hourglass"},{"floor":12,"key":"Bird Faced Urn"},{"floor":14,"key":"Ornamental Fan"},{"floor":17,"key":"Orichalcum"},{"floor":17,"key":"Eternal Feather"},{"floor":17,"key":"Lizard Tail"},{"floor":24,"key":"Strawberry"},{"floor":26,"key":"Blood Vial"},{"floor":30,"key":"Oddly Smooth Stone"},{"floor":38,"key":"Gambling Chip"},{"floor":41,"key":"Prayer Wheel"},{"floor":43,"key":"HornCleat"},{"floor":44,"key":"MealTicket"}],"event_choices":[{"damage_healed":0,"gold_gain":0,"player_choice":"Grow","damage_taken":0,"max_hp_gain":0,"max_hp_loss":0,"event_name":"Living Wall","floor":2,"gold_loss":0,"cards_upgraded":["Chill_Blood"]},{"damage_healed":0,"gold_gain":0,"player_choice":"Take Damage","damage_taken":18,"relics_obtained":["Golden Idol"],"max_hp_gain":0,"max_hp_loss":0,"event_name":"Golden Idol","floor":5,"gold_loss":0},{"damage_healed":0,"gold_gain":175,"player_choice":"AGREE","damage_taken":0,"max_hp_gain":0,"max_hp_loss":0,"event_name":"Liars Game","floor":7,"gold_loss":0,"cards_obtained":["Doubt"]},{"damage_healed":0,"gold_gain":0,"cards_transformed":["Doubt","Strike_W"],"player_choice":"Became Test Subject","damage_taken":0,"max_hp_gain":0,"max_hp_loss":0,"event_name":"Drug Dealer","floor":28,"gold_loss":0,"cards_obtained":["Pain","Bone_Bullets"]},{"damage_healed":0,"gold_gain":0,"player_choice":"Became a vampire (Vial)","damage_taken":0,"max_hp_gain":0,"max_hp_loss":0,"event_name":"Vampires","floor":31,"relics_lost":["Blood Vial"],"gold_loss":0,"cards_obtained":["Bite","Bite","Bite","Bite","Bite"]},{"damage_healed":0,"gold_gain":0,"player_choice":"Ignored","damage_taken":0,"max_hp_gain":0,"max_hp_loss":0,"event_name":"SecretPortal","floor":36,"gold_loss":0},{"damage_healed":0,"gold_gain":0,"player_choice":"Fight","damage_taken":0,"max_hp_gain":0,"max_hp_loss":0,"event_name":"Mysterious Sphere","floor":38,"gold_loss":0}],"is_beta":false,"boss_relics":[{"not_picked":["Sozu","Velvet Choker"],"picked":"Calling Bell"},{"not_picked":["bronze:MakeshiftBattery","Runic Dome"],"picked":"Empty Cage"}],"items_purged_floors":[],"is_endless":false,"potions_floor_spawned":[3,10,14,20,24,27,33,41,46,48],"killed_by":"Donu and Deca","ascension_level":0}}