{"host":"0lnbgkridwifzojt","time":1612252681,"event":{"mods":["BaseMod","Minty Spire (QoL Compilation)","StSLib","The Bug Knight"],"gold_per_floor":[114,129,144,159,174,174,204,204,204,219,234,309,309,339,339,439,439,439,439],"floor_reached":18,"language":"ENG","playtime":1166,"items_purged":[],"score":199,"play_id":"2bf9250e-1c4d-480f-ae28-89b259920b17","local_time":"20210201235801","daily_mods":["Chimera","Blue Cards","Binary"],"is_ascension_mode":false,"campfire_choices":[{"data":"Zap","floor":6,"key":"SMITH"},{"data":"Eruption","floor":8,"key":"SMITH"},{"data":"Armaments","floor":15,"key":"SMITH"}],"circlet_count":0,"master_deck":["Bash","Survivor","Zap+1","Eruption+1","Strike_R","Strike_G","Strike_B","Defend_R","Defend_G","Defend_P","Disarm","Streamline","Ball Lightning","Beam Cell","Compile Driver","Armaments+1","Fire Breathing","Reaper"],"relics":["Burning Blood","HornCleat","Sundial","HollowMod:StagPassRelic","Red Skull","SlaversCollar"],"acts_visited":["Exordium","TheCity"],"potions_floor_usage":[5],"damage_taken":[{"damage":1,"enemies":"Cultist","floor":1,"turns":3},{"damage":5,"enemies":"Small Slimes","floor":2,"turns":4},{"damage":0,"enemies":"2 Louse","floor":3,"turns":2},{"damage":5,"enemies":"Blue Slaver","floor":4,"turns":4},{"damage":7,"enemies":"Looter","floor":5,"turns":3},{"damage":32,"enemies":"3 Sentries","floor":7,"turns":7},{"damage":0,"enemies":"Red Slaver","floor":10,"turns":3},{"damage":0,"enemies":"Exordium Thugs","floor":11,"turns":3},{"damage":0,"enemies":"HollowMod:MossKnight","floor":14,"turns":4},{"damage":43,"enemies":"The Guardian","floor":16,"turns":7},{"damage":4,"enemies":"Shell Parasite","floor":18,"turns":3}],"seed_played":"-9070903199233054170","potions_obtained":[{"floor":1,"key":"GamblersBrew"},{"floor":2,"key":"SmokeBomb"},{"floor":4,"key":"FearPotion"},{"floor":16,"key":"GamblersBrew"}],"is_trial":false,"path_per_floor":["M","M","M","M","M","R","E","R","T","M","M","?","?","E","R","B",null,"M"],"character_chosen":"IRONCLAD","items_purchased":[],"campfire_rested":0,"item_purchase_floors":[],"current_hp_per_floor":[80,80,80,80,79,79,53,53,53,59,65,54,51,57,57,20,80,76,76],"gold":439,"neow_bonus":"","is_daily":true,"chose_seed":false,"campfire_upgraded":3,"win_rate":0.0,"timestamp":1612252681,"path_taken":["M","M","?","M","M","R","E","R","T","M","M","?","?","E","R","BOSS","M"],"items_purchased_type":[],"build_version":"2020-12-22","purchased_purges":0,"victory":false,"max_hp_per_floor":[80,80,80,80,80,80,80,80,80,80,80,80,80,80,80,80,80,80,80],"card_choices":[{"not_picked":["Body Slam"],"picked":"Disarm","floor":1},{"not_picked":["Coolheaded"],"picked":"Streamline","floor":2},{"not_picked":["Iron Wave"],"picked":"Ball Lightning","floor":3},{"not_picked":["Intimidate"],"picked":"Beam Cell","floor":4},{"not_picked":["Cold Snap","Doom and Gloom"],"picked":"SKIP","floor":5},{"not_picked":["Reinforced Body"],"picked":"Compile Driver","floor":7},{"not_picked":["Steam"],"picked":"Armaments","floor":10},{"not_picked":["Blood for Blood"],"picked":"Fire Breathing","floor":11},{"not_picked":["Multi-Cast","Exhume"],"picked":"SKIP","floor":14},{"not_picked":["Corruption"],"picked":"Reaper","floor":16}],"player_experience":332085,"relics_obtained":[{"floor":7,"key":"HornCleat"},{"floor":9,"key":"Sundial"},{"floor":14,"key":"Red Skull"}],"event_choices":[{"damage_healed":0,"gold_gain":75,"player_choice":"Gather Gold","damage_taken":11,"max_hp_gain":0,"max_hp_loss":0,"event_name":"World of Goop","floor":12,"gold_loss":0},{"damage_healed":0,"gold_gain":0,"player_choice":"Success","damage_taken":3,"relics_obtained":["HollowMod:StagPassRelic"],"max_hp_gain":0,"max_hp_loss":0,"event_name":"Scrap Ooze","floor":13,"gold_loss":0}],"is_beta":false,"boss_relics":[{"not_picked":["Busted Crown","Black Star"],"picked":"SlaversCollar"}],"items_purged_floors":[],"is_endless":false,"potions_floor_spawned":[1,2,4,16],"killed_by":"Shell Parasite","ascension_level":0}}