{"host":"v3mpq6flurzldi5g","time":1612308822,"event":{"mods":["AchievementEnabler","BaseMod","Colored Powertips","Highlight Path","Minty Spire (QoL Compilation)","StSLib"],"gold_per_floor":[118,133,144,159,159,159,184,184,184,5,5,16,46,60,60,134,134,144,160,16,16,16],"floor_reached":21,"language":"ENG","playtime":920,"items_purged":[],"score":315,"play_id":"a92eb431-acce-408f-8586-b1a0f8ea2684","local_time":"20210202183342","is_ascension_mode":true,"campfire_choices":[{"floor":6,"key":"REST"},{"floor":11,"key":"REST"},{"floor":15,"key":"REST"}],"circlet_count":0,"master_deck":["AscendersBane","Strike_G","Strike_G","Strike_G","Strike_G+1","Strike_G","Defend_G","Defend_G","Defend_G","Defend_G+1","Defend_G","Survivor","Neutralize","Phantasmal Killer","Dagger Spray","Sucker Punch","Blade Dance","Caltrops","Noxious Fumes","Well Laid Plans","Die Die Die","Envenom","Bane+1"],"relics":["Ring of the Snake","Snake Skull","Darkstone Periapt","Art of War","Matryoshka","WristBlade","TwistedFunnel"],"acts_visited":["Exordium","TheCity"],"potions_floor_usage":[3,7,13,13],"damage_taken":[{"damage":3,"enemies":"Jaw Worm","floor":1,"turns":8},{"damage":0,"enemies":"Small Slimes","floor":2,"turns":3},{"damage":0,"enemies":"2 Louse","floor":3,"turns":2},{"damage":13,"enemies":"Exordium Wildlife","floor":4,"turns":3},{"damage":13,"enemies":"Gremlin Nob","floor":7,"turns":4},{"damage":6,"enemies":"Blue Slaver","floor":12,"turns":4},{"damage":23,"enemies":"Lagavulin","floor":13,"turns":6},{"damage":17,"enemies":"Lots of Slimes","floor":14,"turns":4},{"damage":20,"enemies":"Slime Boss","floor":16,"turns":7},{"damage":4,"enemies":"Chosen","floor":18,"turns":4},{"damage":28,"enemies":"Shell Parasite","floor":19,"turns":7},{"damage":31,"enemies":"Snecko","floor":21,"turns":4}],"seed_played":"-6427765365029035512","potions_obtained":[{"floor":1,"key":"Energy Potion"},{"floor":2,"key":"AttackPotion"},{"floor":3,"key":"Poison Potion"},{"floor":12,"key":"SkillPotion"},{"floor":13,"key":"SpeedPotion"},{"floor":19,"key":"SneckoOil"}],"is_trial":false,"path_per_floor":["M","M","M","M","?","R","E","?","T","$","R","M","E","M","R","B",null,"M","M","$","M"],"character_chosen":"THE_SILENT","items_purchased":["Art of War","Noxious Fumes","TwistedFunnel"],"campfire_rested":3,"item_purchase_floors":[10,10,20],"current_hp_per_floor":[60,60,60,47,33,54,41,41,41,41,62,56,33,16,37,17,57,53,25,25,0,0],"gold":16,"neow_bonus":"ONE_RANDOM_RARE_CARD","is_daily":false,"chose_seed":false,"campfire_upgraded":0,"win_rate":0.0,"timestamp":1612308822,"path_taken":["M","M","M","M","?","R","E","?","T","$","R","M","E","M","R","BOSS","M","M","$","M"],"items_purchased_type":["Relic","Card","Relic"],"build_version":"2020-12-22","purchased_purges":0,"victory":false,"max_hp_per_floor":[70,70,70,70,70,70,70,70,70,70,70,70,70,70,70,70,70,70,70,70,70,70],"card_choices":[{"not_picked":["Masterful Stab","Crippling Poison"],"picked":"Dagger Spray","floor":1},{"not_picked":["Crippling Poison","Acrobatics"],"picked":"Sucker Punch","floor":2},{"not_picked":["Dagger Throw","Acrobatics"],"picked":"Blade Dance","floor":3},{"not_picked":["Flying Knee","Distraction","Concentrate"],"picked":"SKIP","floor":4},{"not_picked":["PiercingWail","Dodge and Roll"],"picked":"Caltrops","floor":7},{"not_picked":["Dagger Spray","Acrobatics","Dodge and Roll"],"picked":"SKIP","floor":12},{"not_picked":["Acrobatics","Dodge and Roll"],"picked":"Well Laid Plans","floor":13},{"not_picked":["Calculated Gamble","Escape Plan"],"picked":"Die Die Die","floor":14},{"not_picked":["Grand Finale","Unload"],"picked":"Envenom","floor":16},{"not_picked":["Quick Slash+1","PiercingWail","Reflex"],"picked":"SKIP","floor":18},{"not_picked":["Slice","Deflect"],"picked":"Bane+1","floor":19}],"player_experience":1101707,"relics_obtained":[{"floor":7,"key":"Snake Skull"},{"floor":9,"key":"Darkstone Periapt"},{"floor":13,"key":"Matryoshka"}],"event_choices":[{"damage_healed":0,"gold_gain":0,"player_choice":"Entered Light","damage_taken":14,"max_hp_gain":0,"max_hp_loss":0,"event_name":"Shining Light","floor":5,"gold_loss":0,"cards_upgraded":["Strike_G","Defend_G"]},{"damage_healed":0,"gold_gain":0,"player_choice":"Ignored","damage_taken":0,"max_hp_gain":0,"max_hp_loss":0,"event_name":"Golden Wing","floor":8,"gold_loss":0}],"is_beta":false,"boss_relics":[{"not_picked":["HoveringKite","Sozu"],"picked":"WristBlade"}],"items_purged_floors":[],"is_endless":false,"potions_floor_spawned":[1,2,3,12,13,19],"killed_by":"Snecko","ascension_level":13}}