{"host":"6gl4z8x6qhx9xtfj","time":1612243182,"event":{"mods":["2.2 Compatiblity","AchievementEnabler","BaseMod","Bestiary","Colored Map","Colored Powertips","Evolution","Minty Spire (QoL Compilation)","Quick Restart","Relic Stats","StSLib","SuperFastMode"],"gold_per_floor":[109,128,139,149,159,188,188,218,218,234,249,249,262,227,227,331,331,347,67,86,106,196,226,226,257,310,336,356,150,150,183,183,285,285,302,68,109,129,143,198,198,263,263,263,277,277,326,387,387,387],"floor_reached":51,"language":"RUS","playtime":3506,"items_purged":[],"score":1325,"play_id":"d773aba6-9fc3-4644-bbf1-292c8f96a17b","local_time":"20210202081942","is_ascension_mode":true,"campfire_choices":[{"data":"Eruption","floor":7,"key":"SMITH"},{"data":"Vigilance","floor":12,"key":"SMITH"},{"data":"LessonLearned","floor":15,"key":"SMITH"},{"floor":24,"key":"REST"},{"floor":30,"key":"REST"},{"data":"Devotion","floor":32,"key":"SMITH"},{"data":"Protect","floor":41,"key":"SMITH"},{"data":"Establishment","floor":44,"key":"SMITH"},{"data":"CutThroughFate","floor":46,"key":"SMITH"},{"floor":49,"key":"REST"}],"circlet_count":0,"master_deck":["EmptyFist+1","SashWhip+1","FlyingSleeves+1","CrushJoints+1","Evaluate+1","EmptyBody+1","ThirdEye+1","Evaluate+1","Eruption+1","Vigilance+1","Prostrate+1","Pray+1","Wallop+1","Protect+1","LessonLearned+1","Prostrate+1","Tantrum+1","Prostrate+1","Vault+1","WreathOfFlame","Evaluate+1","Devotion+1","Wallop+1","Fasting2+1","Wish+1","CarveReality","CutThroughFate+1","Conclude+1","TalkToTheHand+1","Establishment+1","Pain","TalkToTheHand+1","CutThroughFate+1"],"relics":["EVO:Axolotl","SlaversCollar","Boot","Bag of Preparation","Potion Belt","SacredBark","Membership Card","Toxic Egg 2","Vajra","Meat on the Bone","MealTicket","Gremlin Horn","Letter Opener","Melange","Darkstone Periapt","Cursed Key","Centennial Puzzle","Bottled Tornado","Ice Cream","Ornamental Fan","FossilizedHelix","Ancient Tea Set"],"acts_visited":["TheCity","TheBeyond"],"potions_floor_usage":[4,6,21,23],"damage_taken":[{"damage":1,"enemies":"Small Slimes","floor":1,"turns":3},{"damage":2,"enemies":"2 Louse","floor":2,"turns":3},{"damage":0,"enemies":"Cultist","floor":3,"turns":4},{"damage":4,"enemies":"Exordium Wildlife","floor":4,"turns":6},{"damage":0,"enemies":"Looter","floor":5,"turns":3},{"damage":14,"enemies":"Gremlin Nob","floor":6,"turns":4},{"damage":2,"enemies":"3 Sentries","floor":8,"turns":7},{"damage":6,"enemies":"Gremlin Gang","floor":10,"turns":3},{"damage":9,"enemies":"3 Louse","floor":11,"turns":5},{"damage":0,"enemies":"Large Slime","floor":13,"turns":3},{"damage":0,"enemies":"Slime Boss","floor":16,"turns":4},{"damage":18,"enemies":"2 Thieves","floor":18,"turns":4},{"damage":6,"enemies":"Chosen","floor":20,"turns":6},{"damage":8,"enemies":"Sentry and Sphere","floor":21,"turns":8},{"damage":9,"enemies":"Slavers","floor":23,"turns":8},{"damage":0,"enemies":"Book of Stabbing","floor":25,"turns":5},{"damage":18,"enemies":"Gremlin Leader","floor":27,"turns":5},{"damage":8,"enemies":"Shelled Parasite and Fungi","floor":28,"turns":5},{"damage":16,"enemies":"Book of Stabbing","floor":31,"turns":4},{"damage":0,"enemies":"Collector","floor":33,"turns":4},{"damage":24,"enemies":"3 Shapes","floor":35,"turns":4},{"damage":2,"enemies":"Orb Walker","floor":37,"turns":3},{"damage":5,"enemies":"3 Darklings","floor":38,"turns":5},{"damage":8,"enemies":"Spire Growth","floor":39,"turns":4},{"damage":10,"enemies":"Reptomancer","floor":40,"turns":6},{"damage":0,"enemies":"Giant Head","floor":42,"turns":8},{"damage":14,"enemies":"Sphere and 2 Shapes","floor":45,"turns":3},{"damage":7,"enemies":"Transient","floor":47,"turns":6},{"damage":0,"enemies":"Reptomancer","floor":48,"turns":6},{"damage":7,"enemies":"Donu and Deca","floor":50,"turns":7}],"seed_played":"-4776413121594427941","potions_obtained":[{"floor":2,"key":"FearPotion"},{"floor":3,"key":"Energy Potion"},{"floor":4,"key":"SpeedPotion"},{"floor":10,"key":"SteroidPotion"},{"floor":16,"key":"LiquidBronze"},{"floor":21,"key":"DistilledChaos"},{"floor":23,"key":"SteroidPotion"},{"floor":25,"key":"SteroidPotion"},{"floor":27,"key":"StancePotion"},{"floor":28,"key":"Fire Potion"},{"floor":45,"key":"SkillPotion"}],"is_trial":false,"path_per_floor":["M","M","M","M","M","E","R","E","T","M","M","R","M","?","R","B",null,"M","$","M","M","?","E","R","E","T","E","M","$","R","E","R","B",null,"M","$","M","M","M","E","R","E","T","R","M","R","M","E","R","B",null],"character_chosen":"WATCHER","items_purchased":["Membership Card","Toxic Egg 2","Letter Opener","Melange","Centennial Puzzle","Bottled Tornado","CarveReality"],"campfire_rested":3,"item_purchase_floors":[19,19,29,29,36,36,36],"current_hp_per_floor":[68,66,66,62,62,48,48,46,46,40,31,31,31,50,50,50,70,52,52,46,38,26,17,39,39,39,33,37,52,74,58,58,58,72,48,63,61,56,48,50,50,50,56,56,42,42,47,47,71,64],"gold":387,"neow_bonus":"BOSS_RELIC","is_daily":false,"chose_seed":false,"campfire_upgraded":7,"win_rate":0.0,"timestamp":1612243182,"path_taken":["M","M","M","M","M","E","R","E","T","M","M","R","M","?","R","BOSS","M","$","M","M","?","E","R","E","T","E","M","?","R","E","R","BOSS","M","$","M","M","M","E","R","E","T","R","M","R","M","E","R","BOSS"],"items_purchased_type":["Relic","Relic","Relic","Relic","Relic","Relic","Card"],"build_version":"2020-12-22","purchased_purges":0,"victory":true,"max_hp_per_floor":[76,76,76,76,76,76,76,76,76,76,76,76,76,76,76,76,76,76,76,76,76,76,76,76,76,76,76,76,76,76,76,76,76,76,76,76,76,76,76,76,76,76,82,82,82,82,82,82,82,82],"relic_stats":{"Darkstone Periapt":6,"Gremlin Horn":[19,19],"counters":[30,146],"Melange":[21],"Bag of Preparation":[46],"Letter Opener":[201],"Boot":[48],"Cursed Key":1,"Centennial Puzzle":[21],"Ornamental Fan":[28],"MealTicket":30,"obtain_stats":[{"Potion Belt":9,"Darkstone Periapt":31,"Ice Cream":40,"Gremlin Horn":27,"SacredBark":17,"Vajra":23,"Melange":29,"Bag of Preparation":8,"EVO:Axolotl":0,"Letter Opener":29,"Bottled Tornado":36,"Boot":6,"Cursed Key":34,"Ancient Tea Set":48,"SlaversCollar":0,"Centennial Puzzle":36,"Ornamental Fan":42,"MealTicket":26,"Membership Card":19,"PureWater":0,"Toxic Egg 2":19,"FossilizedHelix":43,"Meat on the Bone":25},{"Potion Belt":7,"Darkstone Periapt":19,"Ice Cream":25,"Gremlin Horn":17,"SacredBark":11,"Vajra":15,"Melange":18,"Bag of Preparation":7,"EVO:Axolotl":0,"Letter Opener":18,"Bottled Tornado":21,"Boot":6,"Cursed Key":20,"Ancient Tea Set":29,"SlaversCollar":0,"Centennial Puzzle":21,"Ornamental Fan":26,"MealTicket":16,"Membership Card":12,"PureWater":0,"Toxic Egg 2":12,"FossilizedHelix":26,"Meat on the Bone":16},{"Potion Belt":30,"Darkstone Periapt":90,"Ice Cream":116,"Gremlin Horn":81,"SacredBark":45,"Vajra":71,"Melange":86,"Bag of Preparation":30,"EVO:Axolotl":0,"Letter Opener":86,"Bottled Tornado":98,"Boot":23,"Cursed Key":94,"Ancient Tea Set":139,"SlaversCollar":0,"Centennial Puzzle":98,"Ornamental Fan":124,"MealTicket":76,"Membership Card":49,"PureWater":0,"Toxic Egg 2":49,"FossilizedHelix":124,"Meat on the Bone":76}],"Meat on the Bone":48},"card_choices":[{"not_picked":["SashWhip","Halt","Perseverance"],"picked":"SKIP","floor":1},{"not_picked":["CrushJoints","LikeWater"],"picked":"Prostrate","floor":2},{"not_picked":["DeceiveReality","Sanctity","SashWhip"],"picked":"SKIP","floor":3},{"not_picked":["Halt","Adaptation"],"picked":"Pray","floor":4},{"not_picked":["LikeWater","EmptyBody"],"picked":"Wallop","floor":5},{"not_picked":["Evaluate","Wallop"],"picked":"Protect","floor":6},{"not_picked":["EmptyFist","Evaluate"],"picked":"LessonLearned","floor":8},{"not_picked":["Weave","FlurryOfBlows"],"picked":"Prostrate","floor":10},{"not_picked":["SandsOfTime","Collect"],"picked":"Tantrum","floor":11},{"not_picked":["CrushJoints","Halt"],"picked":"Prostrate","floor":13},{"not_picked":["Blasphemy","Scrawl"],"picked":"Vault","floor":16},{"not_picked":["CrushJoints","Protect"],"picked":"WreathOfFlame","floor":18},{"not_picked":["Halt+1","PathToVictory+1","CrushJoints+1"],"picked":"SKIP","floor":20},{"not_picked":["ForeignInfluence+1","Perseverance+1"],"picked":"Evaluate+1","floor":21},{"not_picked":["FlurryOfBlows+1","Halt+1"],"picked":"Devotion","floor":23},{"not_picked":["Study","Meditate+1"],"picked":"Wallop+1","floor":25},{"not_picked":["FlurryOfBlows","WaveOfTheHand+1"],"picked":"Fasting2","floor":27},{"not_picked":["JustLucky","Protect+1","Pray+1"],"picked":"SKIP","floor":28},{"not_picked":["FlurryOfBlows","SashWhip","Study"],"picked":"SKIP","floor":31},{"not_picked":["DeusExMachina+1","DevaForm"],"picked":"Wish+1","floor":33},{"not_picked":["BowlingBash+1","Meditate+1","Evaluate+1"],"picked":"SKIP","floor":35},{"not_picked":["Evaluate+1","Meditate+1"],"picked":"CutThroughFate","floor":37},{"not_picked":["SashWhip+1","BowlingBash+1"],"picked":"Conclude+1","floor":38},{"not_picked":["Protect+1","Consecrate"],"picked":"TalkToTheHand+1","floor":39},{"not_picked":["TalkToTheHand","Crescendo+1","Worship+1"],"picked":"SKIP","floor":40},{"not_picked":["CrushJoints+1","FollowUp"],"picked":"Establishment","floor":42},{"not_picked":["Wallop","Prostrate+1"],"picked":"TalkToTheHand+1","floor":45},{"not_picked":["JustLucky+1","Evaluate+1","Halt+1"],"picked":"SKIP","floor":47},{"not_picked":["Prostrate+1","WaveOfTheHand+1"],"picked":"CutThroughFate+1","floor":48}],"player_experience":112765,"relics_obtained":[{"floor":6,"key":"Boot"},{"floor":8,"key":"Bag of Preparation"},{"floor":9,"key":"Potion Belt"},{"floor":23,"key":"Vajra"},{"floor":25,"key":"Meat on the Bone"},{"floor":26,"key":"MealTicket"},{"floor":27,"key":"Gremlin Horn"},{"floor":31,"key":"Darkstone Periapt"},{"floor":40,"key":"Ice Cream"},{"floor":42,"key":"Ornamental Fan"},{"floor":43,"key":"FossilizedHelix"},{"floor":48,"key":"Ancient Tea Set"}],"event_choices":[{"damage_healed":19,"gold_gain":0,"player_choice":"Healed","damage_taken":0,"max_hp_gain":0,"max_hp_loss":0,"event_name":"The Cleric","floor":14,"gold_loss":35},{"damage_healed":0,"gold_gain":90,"player_choice":"GOLD ","damage_taken":12,"max_hp_gain":0,"max_hp_loss":0,"event_name":"Knowing Skull","floor":22,"potions_obtained":[],"gold_loss":0,"cards_obtained":[]}],"is_beta":false,"boss_relics":[{"not_picked":["Empty Cage","Astrolabe"],"picked":"SacredBark"},{"not_picked":["Calling Bell","Runic Dome"],"picked":"Cursed Key"}],"items_purged_floors":[],"is_endless":false,"potions_floor_spawned":[2,3,4,10,16,21,23,25,27,28,37,45,48],"ascension_level":6}}