{"host":"Koishi","time":1612232835,"event":{"mods":["2.2 Compatiblity","AchievementEnabler","Act Like it!","BaseMod","Better Match","Better Note","Better Sensory Stone","Better Third Choice","Colored Powertips","Gensokyo","Hermit","Koishi","Lobotomy","LobotomyExtend","MarisaÅiñ∂âJÅ@ñÇóùçπÅj","Minty Spire (QoL Compilation)","Monster B Gone","Quick Restart","Rare Cards Sparkle","ReimuÅiîé??öÎÅj","Relic Filter Mod","Relic Stats","Spicy Shops","StSLib","The Construct","Åy?ï®?îvÅzREMEMod"],"gold_per_floor":[118,43,58,58,70,128,128,153,177,177,177,196,209,227,227,329,329,329,329],"floor_reached":18,"language":"ENG","playtime":689,"items_purged":[],"score":257,"play_id":"7af15542-fbf8-4b95-be15-a94ad9a9deeb","local_time":"20210201212715","is_ascension_mode":true,"campfire_choices":[{"data":"REME_Flogging","floor":7,"key":"SMITH"}],"circlet_count":0,"master_deck":["SpecialBullet","SpecialBullet","SpecialBullet","SpecialBullet","SpecialBullet","SpecialBullet","ExtractionCode","WelfareCode","ControlCode","REME_Flogging+1","BloodyDesire+1","FourthMatchFlame+1","WristCuter","DaCapo+1","REME_ShortnessOfBreath+1","Moonlight+1","Soda","Mimicry","Ecstasy","GoldRush","TT2Protocol","ShyLook","Spore","Spore","SoundOfStar","GreedKing","DaCapo"],"relics":["CogitoBucket","REME_ComplimentaryCards","LetterFromLob","Pear","Ornamental Fan","Bronze Scales","AspirationHeart","Coffee Dripper","InspiredRelic"],"acts_visited":["Gensokyo:Gensokyo","Gensokyo:Gensokyoer"],"potions_floor_usage":[6],"damage_taken":[{"damage":8,"enemies":"Gensokyo:2_Kodama","floor":1,"turns":3},{"damage":17,"enemies":"Gensokyo:Gryphon","floor":3,"turns":3},{"damage":0,"enemies":"Gensokyo:Python","floor":5,"turns":1},{"damage":0,"enemies":"Gensokyo:Mamizou","floor":6,"turns":5},{"damage":6,"enemies":"Gensokyo:Aya","floor":8,"turns":2},{"damage":34,"enemies":"Gensokyo:5_Fairies","floor":12,"turns":4},{"damage":2,"enemies":"Gensokyo:3_Kodama","floor":13,"turns":2},{"damage":6,"enemies":"Gensokyo:Kitsune","floor":14,"turns":3},{"damage":6,"enemies":"Gensokyo:Reimu","floor":16,"turns":5}],"seed_played":"4331574958219975512","potions_obtained":[{"floor":3,"key":"GamblersBrew"},{"floor":5,"key":"REME_GoldPotion"},{"floor":8,"key":"construct:ShiftPotion"},{"floor":13,"key":"Block Potion"}],"is_trial":false,"path_per_floor":["M","?","M","?","M","E","R","E","T","R","?","M","M","M","R","B",null,"M"],"character_chosen":"Angela","items_purchased":[],"campfire_rested":0,"item_purchase_floors":[],"current_hp_per_floor":[41,41,24,19,19,24,24,23,23,23,31,11,9,3,3,17,98,0,0],"gold":329,"neow_bonus":"TRANSFORM_TWO_CARDS","is_daily":false,"chose_seed":false,"campfire_upgraded":1,"win_rate":0.0,"timestamp":1612232835,"path_taken":["M","?","?","?","M","E","R","E","T","R","?","M","?","?","R","BOSS","M"],"items_purchased_type":[],"build_version":"2020-12-18","purchased_purges":0,"victory":false,"max_hp_per_floor":[70,70,70,80,80,80,80,80,80,80,88,98,98,98,98,98,98,98,98],"relic_stats":{"counters":[10,29],"Ornamental Fan":[36],"Bronze Scales":[33],"obtain_stats":[{"CogitoBucket":0,"Pear":4,"Ornamental Fan":6,"Bronze Scales":8,"AspirationHeart":12,"LetterFromLob":1,"Coffee Dripper":17,"InspiredRelic":18,"REME_ComplimentaryCards":0},{"CogitoBucket":0,"Pear":2,"Ornamental Fan":4,"Bronze Scales":5,"AspirationHeart":7,"LetterFromLob":1,"Coffee Dripper":10,"InspiredRelic":10,"REME_ComplimentaryCards":0},{"CogitoBucket":0,"Pear":6,"Ornamental Fan":12,"Bronze Scales":14,"AspirationHeart":19,"LetterFromLob":3,"Coffee Dripper":29,"InspiredRelic":29,"REME_ComplimentaryCards":0}]},"card_choices":[{"not_picked":["BlueScar"],"picked":"WristCuter","floor":1},{"not_picked":["Penitence","CrimsonScar"],"picked":"SKIP","floor":1},{"not_picked":["Justitia+1"],"picked":"DaCapo+1","floor":2},{"not_picked":["PanicButton+1"],"picked":"REME_ShortnessOfBreath+1","floor":2},{"not_picked":["CUTE"],"picked":"Moonlight","floor":3},{"not_picked":["Horn"],"picked":"Soda","floor":3},{"not_picked":["CUTE","Penitence"],"picked":"SKIP","floor":3},{"not_picked":["Discord","FourthMatchFlame"],"picked":"SKIP","floor":5},{"not_picked":["Penitence"],"picked":"Mimicry","floor":6},{"not_picked":["Loneliness","LifeForTheDareDevil"],"picked":"SKIP","floor":6},{"not_picked":["SolemnVow"],"picked":"Ecstasy","floor":8},{"not_picked":["GrinderMk4"],"picked":"GoldRush","floor":8},{"not_picked":["Discord","BearPaw"],"picked":"SKIP","floor":12},{"not_picked":["RapturousDream","CherryBlossom"],"picked":"SKIP","floor":12},{"not_picked":["MeltingLove","BigBird"],"picked":"ShyLook","floor":13},{"not_picked":["CrimsonScar","Regret_ego"],"picked":"SKIP","floor":13},{"not_picked":["RapturousDream"],"picked":"Spore","floor":14},{"not_picked":["Regret_ego"],"picked":"Spore","floor":14},{"not_picked":["ParadiseLost"],"picked":"SoundOfStar","floor":16},{"not_picked":["Scorched","MHz"],"picked":"GreedKing","floor":16},{"not_picked":["TheSmile"],"picked":"DaCapo","floor":16}],"player_experience":225502,"relics_obtained":[{"floor":1,"key":"LetterFromLob"},{"floor":6,"key":"Ornamental Fan"},{"floor":8,"key":"Bronze Scales"}],"event_choices":[{"damage_healed":0,"gold_gain":0,"player_choice":"2","damage_taken":0,"max_hp_gain":0,"max_hp_loss":0,"event_name":"betterMatch:BetterMatch","floor":2,"gold_loss":0,"cards_obtained":["betterMatch:ColorlessUncommonCard","betterMatch:RareCard"]}],"is_beta":true,"boss_relics":[{"not_picked":["Busted Crown","Velvet Choker"],"picked":"Coffee Dripper"}],"items_purged_floors":[],"is_endless":false,"potions_floor_spawned":[3,5,8,13,14],"ascension_level":1}}