{"host":"y56d1fjpgcjsodvy","time":1612236367,"event":{"mods":["BaseMod","Colored Powertips","GifTheSpireLib","Highlight Path","Minty Spire (QoL Compilation)","Relic Stats","StSLib","SuperFastMode","everything is the same but u backflip on backflip"],"gold_per_floor":[117,42,42,56,131,131,149,149,149,149,149,149,168,189,189,189,189],"floor_reached":16,"language":"KOR","playtime":209,"items_purged":["Doubt"],"score":180,"play_id":"4d5664d5-bc9b-4f62-baa1-51e7cb62e9f5","local_time":"20210202122607","is_ascension_mode":true,"campfire_choices":[{"floor":8,"key":"DIG"},{"floor":10,"key":"DIG"},{"floor":12,"key":"DIG"},{"floor":15,"key":"DIG"}],"circlet_count":0,"master_deck":["AscendersBane","Strike_R","Strike_R","Strike_R","Strike_R","Strike_R","Defend_R","Defend_R","Defend_R","Defend_R","Bash+1","Cleave","Flex","Sword Boomerang"],"relics":["Burning Blood","Shovel","Golden Idol","Ornamental Fan","Paper Frog","Letter Opener","Bronze Scales","Matryoshka","PreservedInsect"],"acts_visited":["Exordium"],"potions_floor_usage":[13,14],"damage_taken":[{"damage":12,"enemies":"2 Louse","floor":1,"turns":5},{"damage":9,"enemies":"Jaw Worm","floor":4,"turns":5},{"damage":6,"enemies":"Cultist","floor":7,"turns":3},{"damage":12,"enemies":"Gremlin Gang","floor":13,"turns":4},{"damage":7,"enemies":"Exordium Wildlife","floor":14,"turns":6},{"damage":36,"enemies":"The Guardian","floor":16,"turns":2}],"seed_played":"-7030412143374627993","potions_obtained":[{"floor":4,"key":"Block Potion"},{"floor":7,"key":"Strength Potion"}],"is_trial":false,"path_per_floor":["M","$","?","M","?","T","M","R","T","R","?","R","M","M","R","B"],"character_chosen":"IRONCLAD","items_purchased":[],"campfire_rested":0,"item_purchase_floors":[],"current_hp_per_floor":[62,62,36,33,22,22,22,22,22,22,22,22,16,15,15,0,0],"gold":189,"neow_bonus":"ONE_RARE_RELIC","is_daily":false,"chose_seed":false,"campfire_upgraded":0,"win_rate":0.0,"timestamp":1612236367,"path_taken":["M","$","?","M","?","?","M","R","T","R","?","R","M","M","R","BOSS"],"items_purchased_type":[],"build_version":"2020-12-22","purchased_purges":1,"victory":false,"max_hp_per_floor":[75,75,75,75,75,75,75,75,75,75,75,75,75,75,75,75,75],"relic_stats":{"Shovel":4,"counters":[6,25],"Golden Idol":15,"Ornamental Fan":[12],"Bronze Scales":[24],"PreservedInsect":0,"Letter Opener":[0],"obtain_stats":[{"Shovel":0,"Matryoshka":12,"Golden Idol":3,"Ornamental Fan":6,"Bronze Scales":10,"PreservedInsect":15,"Letter Opener":9,"Burning Blood":0,"Paper Frog":8},{"Shovel":0,"Matryoshka":3,"Golden Idol":1,"Ornamental Fan":2,"Bronze Scales":3,"PreservedInsect":5,"Letter Opener":3,"Burning Blood":0,"Paper Frog":3},{"Shovel":0,"Matryoshka":13,"Golden Idol":5,"Ornamental Fan":10,"Bronze Scales":13,"PreservedInsect":23,"Letter Opener":13,"Burning Blood":0,"Paper Frog":13}],"Burning Blood":30},"card_choices":[{"not_picked":["Pommel Strike","Anger"],"picked":"Cleave","floor":1},{"not_picked":["Pommel Strike","Reckless Charge","Armaments"],"picked":"SKIP","floor":4},{"not_picked":["Thunderclap","Bloodletting","Havoc"],"picked":"SKIP","floor":7},{"not_picked":["Thunderclap","Body Slam"],"picked":"Flex","floor":13},{"not_picked":["Fire Breathing","Metallicize"],"picked":"Sword Boomerang","floor":14}],"player_experience":1193868,"relics_obtained":[{"floor":6,"key":"Ornamental Fan"},{"floor":8,"key":"Paper Frog"},{"floor":9,"key":"Letter Opener"},{"floor":10,"key":"Bronze Scales"},{"floor":12,"key":"Matryoshka"},{"floor":15,"key":"PreservedInsect"}],"event_choices":[{"damage_healed":0,"gold_gain":0,"player_choice":"Take Damage","damage_taken":26,"relics_obtained":["Golden Idol"],"max_hp_gain":0,"max_hp_loss":0,"event_name":"Golden Idol","floor":3,"gold_loss":0},{"damage_healed":0,"gold_gain":75,"player_choice":"Gather Gold","damage_taken":11,"max_hp_gain":0,"max_hp_loss":0,"event_name":"World of Goop","floor":5,"gold_loss":0},{"damage_healed":0,"gold_gain":0,"player_choice":"Upgraded","damage_taken":0,"max_hp_gain":0,"max_hp_loss":0,"event_name":"Upgrade Shrine","floor":11,"gold_loss":0,"cards_upgraded":["Bash"]}],"is_beta":false,"boss_relics":[],"items_purged_floors":[2],"is_endless":false,"potions_floor_spawned":[4,7],"killed_by":"The Guardian","ascension_level":20}}