{"host":"pe7ycb8t2t906so2","time":1612233649,"event":{"mods":["BaseMod","Colored Map","Highlight Path","Minty Spire (QoL Compilation)"],"gold_per_floor":[116,191,65,81,81,109,129,129,129,129,0,11,29,29,29,104,104,123,123,143,58,7,39,39,39,118,131,131,148,148,182,182,182,182],"floor_reached":33,"language":"FRA","playtime":2053,"items_purged":["Strike_B","Strike_B"],"score":554,"play_id":"e1580f67-b251-4e68-8f30-7e0a058e794b","local_time":"20210201214049","is_ascension_mode":true,"campfire_choices":[{"data":"Dualcast","floor":8,"key":"SMITH"},{"data":"Glacier","floor":15,"key":"SMITH"},{"floor":24,"key":"REST"},{"data":"Scrape","floor":28,"key":"SMITH"},{"floor":32,"key":"REST"}],"circlet_count":0,"master_deck":["AscendersBane","Strike_B","Strike_B","Defend_B","Defend_B","Defend_B","Defend_B","Zap+1","Dualcast+1","Scrape+1","Leap","Glacier+1","Static Discharge","Streamline+1","Go for the Eyes+1","Steam","Chill","All For One+1","Go for the Eyes+1","Go for the Eyes+1","Echo Form"],"relics":["Cracked Core","NeowsBlessing","Girya","Molten Egg 2","Calipers","Black Star","Bag of Preparation","Singing Bowl","Kunai","Question Card","Toxic Egg 2","Torii"],"acts_visited":["Exordium","TheCity"],"potions_floor_usage":[16,16,23,31,33],"damage_taken":[{"damage":0,"enemies":"Cultist","floor":1,"turns":1},{"damage":0,"enemies":"Jaw Worm","floor":4,"turns":1},{"damage":0,"enemies":"Lagavulin","floor":6,"turns":1},{"damage":0,"enemies":"Small Slimes","floor":7,"turns":3},{"damage":10,"enemies":"Red Slaver","floor":12,"turns":2},{"damage":7,"enemies":"Exordium Wildlife","floor":13,"turns":5},{"damage":5,"enemies":"Slime Boss","floor":16,"turns":13},{"damage":0,"enemies":"Shell Parasite","floor":18,"turns":6},{"damage":13,"enemies":"3 Byrds","floor":20,"turns":2},{"damage":15,"enemies":"Book of Stabbing","floor":23,"turns":5},{"damage":2,"enemies":"Cultist and Chosen","floor":27,"turns":6},{"damage":8,"enemies":"Snecko","floor":29,"turns":6},{"damage":30,"enemies":"Gremlin Leader","floor":31,"turns":7},{"damage":50,"enemies":"Collector","floor":33,"turns":5}],"seed_played":"235180167097920598","potions_obtained":[{"floor":1,"key":"Dexterity Potion"},{"floor":4,"key":"Strength Potion"},{"floor":16,"key":"GamblersBrew"},{"floor":20,"key":"FocusPotion"},{"floor":31,"key":"Weak Potion"}],"is_trial":false,"path_per_floor":["M","?","$","M","?","E","M","R","T","?","$","M","M","T","R","B",null,"M","?","M","?","$","E","R","?","T","M","R","M","?","E","R","B"],"character_chosen":"DEFECT","items_purchased":["Leap","Go for the Eyes+1","Go for the Eyes+1"],"campfire_rested":2,"item_purchase_floors":[3,11,22],"current_hp_per_floor":[64,53,53,53,53,53,53,53,53,53,53,43,36,36,36,31,61,61,61,48,48,48,35,56,71,71,71,71,63,52,24,47,0,0],"gold":182,"neow_bonus":"THREE_ENEMY_KILL","is_daily":false,"chose_seed":false,"campfire_upgraded":3,"win_rate":0.0,"timestamp":1612233649,"path_taken":["M","?","$","M","?","E","M","R","T","?","$","M","?","?","R","BOSS","M","?","?","?","$","E","R","?","T","M","R","?","?","E","R","BOSS"],"items_purchased_type":["Card","Card","Card"],"build_version":"2020-12-22","purchased_purges":2,"victory":false,"max_hp_per_floor":[71,71,71,71,71,71,71,71,71,71,71,71,71,71,71,71,71,71,71,71,71,71,73,73,73,73,75,75,75,75,77,77,77,77],"card_choices":[{"not_picked":["Doom and Gloom","Redo"],"picked":"Scrape","floor":1},{"not_picked":["Redo","Lockon"],"picked":"Glacier","floor":4},{"not_picked":["Barrage","Ball Lightning"],"picked":"Static Discharge","floor":6},{"not_picked":["Conserve Battery","Stack"],"picked":"Streamline","floor":7},{"not_picked":["Thunder Strike+1","Streamline+1"],"picked":"Steam","floor":12},{"not_picked":["Sunder+1","Sweeping Beam+1"],"picked":"Chill","floor":13},{"not_picked":["Fission","Hyperbeam+1"],"picked":"All For One+1","floor":16},{"not_picked":["Cold Snap+1","Steam"],"picked":"Go for the Eyes+1","floor":18},{"not_picked":["Static Discharge","Steam Power","Genetic Algorithm"],"picked":"SKIP","floor":20},{"not_picked":["Double Energy","Lockon+1","Steam"],"picked":"Singing Bowl","floor":23},{"not_picked":["Static Discharge","Streamline+1","Blizzard+1","Rebound+1"],"picked":"Singing Bowl","floor":27},{"not_picked":["Ball Lightning+1","Compile Driver+1","Blizzard+1"],"picked":"Echo Form","floor":29},{"not_picked":["Buffer","Rip and Tear+1","Go for the Eyes+1","Steam Power+1"],"picked":"Singing Bowl","floor":31}],"player_experience":1000585,"relics_obtained":[{"floor":6,"key":"Girya"},{"floor":9,"key":"Molten Egg 2"},{"floor":14,"key":"Calipers"},{"floor":23,"key":"Singing Bowl"},{"floor":23,"key":"Kunai"},{"floor":26,"key":"Question Card"},{"floor":31,"key":"Toxic Egg 2"},{"floor":31,"key":"Torii"}],"event_choices":[{"damage_healed":0,"gold_gain":75,"player_choice":"Gather Gold","damage_taken":11,"max_hp_gain":0,"max_hp_loss":0,"event_name":"World of Goop","floor":2,"gold_loss":0},{"damage_healed":0,"gold_gain":0,"player_choice":"Grow","damage_taken":0,"max_hp_gain":0,"max_hp_loss":0,"event_name":"Living Wall","floor":5,"gold_loss":0,"cards_upgraded":["Zap"]},{"damage_healed":0,"gold_gain":0,"player_choice":"Upgraded","damage_taken":0,"max_hp_gain":0,"max_hp_loss":0,"event_name":"Upgrade Shrine","floor":10,"gold_loss":0,"cards_upgraded":["Streamline"]},{"damage_healed":0,"gold_gain":0,"player_choice":"Ignored","damage_taken":0,"max_hp_gain":0,"max_hp_loss":0,"event_name":"N\u0027loth","floor":19,"gold_loss":0},{"damage_healed":0,"gold_gain":0,"player_choice":"Obtained Relic","damage_taken":0,"relics_obtained":["Bag of Preparation"],"max_hp_gain":0,"max_hp_loss":0,"event_name":"Addict","floor":21,"gold_loss":85},{"damage_healed":15,"gold_gain":0,"player_choice":"Heal","damage_taken":0,"max_hp_gain":0,"max_hp_loss":0,"event_name":"The Library","floor":25,"gold_loss":0},{"damage_healed":0,"gold_gain":0,"player_choice":"Damaged","damage_taken":11,"max_hp_gain":0,"max_hp_loss":0,"event_name":"Wheel of Change","floor":30,"gold_loss":0}],"is_beta":false,"boss_relics":[{"not_picked":["SlaversCollar","Coffee Dripper"],"picked":"Black Star"}],"items_purged_floors":[3,11],"is_endless":false,"potions_floor_spawned":[1,4,16,20,31],"killed_by":"Collector","ascension_level":16}}