{"host":"Sylvester","time":1612239910,"event":{"mods":["BaseMod","Filter the Spire","Lobotomy","Minty Spire (QoL Compilation)","Replay The Spire","StSLib"],"gold_per_floor":[113,125,125,125,140,169,169,181,181,208,221,36,36,51,51,51,124,124,138,149,165,183,196,196,196,246,272,272,96,96,123,142,142,142,142],"floor_reached":34,"language":"ENG","playtime":1107,"items_purged":["Strike_G","Strike_G"],"score":608,"play_id":"f52c9430-35ce-47e3-847a-5858bbc16959","local_time":"20210201202510","is_ascension_mode":true,"campfire_choices":[{"floor":7.0,"key":"REST"},{"data":"Phantasmal Killer","floor":15.0,"key":"SMITH"},{"floor":16.0,"key":"REST"},{"floor":24.0,"key":"REST"},{"floor":28,"key":"RECALL"},{"floor":33,"key":"REST"}],"circlet_count":0,"master_deck":["AscendersBane","Strike_G","Strike_G","Strike_G","Defend_G","Defend_G","Defend_G","Defend_G","Defend_G","Survivor","Neutralize","Dagger Throw","Poisoned Stab","Neutralize","Phantasmal Killer+1","Cloak And Dagger","Dagger Spray","Prepared","Cloak And Dagger","Night Terror","Night Terror","Footwork","Storm of Steel","Accuracy","Prepared","Acrobatics","Blade Dance","Calculated Gamble","ReplayTheSpireMod:Scrap Shanks","Adrenaline","Blade Dance"],"relics":["WristBlade","Singing Bowl","Iron Hammer","Question Card","Fusion Hammer","Ring of Greed","Replay:Wax Seal","MealTicket","Replay:WaspNest"],"acts_visited":["Exordium","TheCity"],"potions_floor_usage":[],"damage_taken":[{"damage":4.0,"enemies":"Jaw Worm","floor":1.0,"turns":6.0},{"damage":9.0,"enemies":"2 Louse","floor":2.0,"turns":4.0},{"damage":0.0,"enemies":"Cultist","floor":5.0,"turns":3.0},{"damage":30.0,"enemies":"Gremlin Nob","floor":6.0,"turns":4.0},{"damage":8.0,"enemies":"Exordium Wildlife","floor":8.0,"turns":3.0},{"damage":16.0,"enemies":"3 Sentries","floor":10.0,"turns":7.0},{"damage":0.0,"enemies":"Gremlin Gang","floor":11.0,"turns":3.0},{"damage":1.0,"enemies":"Exordium Thugs","floor":14.0,"turns":2.0},{"damage":18.0,"enemies":"Hexaghost","floor":17.0,"turns":10.0},{"damage":9.0,"enemies":"3 Byrds","floor":19.0,"turns":5.0},{"damage":0.0,"enemies":"Spheric Guardian","floor":20.0,"turns":2.0},{"damage":10.0,"enemies":"Snake Plant","floor":21.0,"turns":3.0},{"damage":0.0,"enemies":"Cultist and Chosen","floor":22.0,"turns":2.0},{"damage":12.0,"enemies":"Shelled Parasite and Fungi","floor":23.0,"turns":4.0},{"damage":0.0,"enemies":"Slavers","floor":25.0,"turns":1.0},{"damage":30,"enemies":"Gremlin Leader","floor":31,"turns":4},{"damage":0,"enemies":"Snecko","floor":32,"turns":2},{"damage":74,"enemies":"Collector","floor":34,"turns":5}],"seed_played":"804947673643703025","potions_obtained":[{"floor":1.0,"key":"FearPotion"},{"floor":10.0,"key":"Block Potion"},{"floor":11.0,"key":"Elixir"},{"floor":13.0,"key":"CunningPotion"},{"floor":13.0,"key":"CultistPotion"},{"floor":19.0,"key":"SkillPotion"},{"floor":22.0,"key":"SmokeBomb"}],"is_trial":false,"path_per_floor":["M","M","?","?","M","E","R","M","T","E","M","$","?","M","R","R","B",null,"M","M","M","M","M","R","E","?","T","R","$","?","E","M","R","B"],"character_chosen":"THE_SILENT","items_purchased":["Night Terror","ReplayTheSpireMod:Scrap Shanks"],"campfire_rested":4,"item_purchase_floors":[12,29],"current_hp_per_floor":[55,46,46,46,46,16,35,27,27,13,13,13,13,12,12,32,14,55,46,46,36,36,24,44,44,44,44,44,59,59,29,29,49,0,0],"gold":142,"neow_bonus":"BOSS_RELIC","is_daily":false,"chose_seed":false,"campfire_upgraded":1,"win_rate":0.0,"timestamp":1612239910,"path_taken":["M","M","?","?","M","E","R","M","T","E","?","$","?","?","R","R","BOSS","M","M","M","?","M","R","E","?","T","R","$","?","E","M","R","BOSS"],"items_purchased_type":["Card","Card"],"build_version":"2020-11-17","purchased_purges":2,"victory":false,"max_hp_per_floor":[66,66,66,66,66,66,66,66,66,68,68,68,68,68,68,68,68,68,68,68,68,68,68,68,68,68,68,68,68,68,68,68,68,68,68],"card_choices":[{"not_picked":["Acrobatics","Deadly Poison"],"picked":"Dagger Throw","floor":1.0},{"not_picked":["ReplayTheSpireMod:Shiv Toss","Expertise"],"picked":"Poisoned Stab","floor":2.0},{"not_picked":["Crippling Poison","Sucker Punch"],"picked":"Cloak And Dagger","floor":5.0},{"not_picked":["Expertise","Quick Slash"],"picked":"Dagger Spray","floor":6.0},{"not_picked":["Sucker Punch","Quick Slash"],"picked":"Prepared","floor":8.0},{"not_picked":["Fluid Movement","Corpse Explosion","Flying Knee"],"picked":"Singing Bowl","floor":10.0},{"not_picked":["Predator","Backflip","Slice"],"picked":"Cloak And Dagger","floor":11.0},{"not_picked":["Finisher","Hidden Blade","Endless Agony"],"picked":"Footwork","floor":14.0},{"not_picked":["Tools of the Trade","Unload","Venomology"],"picked":"Storm of Steel","floor":17.0},{"not_picked":["Prepared","Terror","Poisoned Stab"],"picked":"Accuracy","floor":19.0},{"not_picked":["ReplayTheSpireMod:Shiv Toss","PiercingWail","Backflip"],"picked":"Prepared","floor":20.0},{"not_picked":["Setup","Replay:Poison Smokescreen+1","Quick Slash"],"picked":"Acrobatics","floor":21.0},{"not_picked":["Hidden Blade","Caltrops","PiercingWail"],"picked":"Blade Dance","floor":22.0},{"not_picked":["All Out Attack","Quick Slash","Dagger Throw"],"picked":"Calculated Gamble","floor":23.0},{"not_picked":["Toxin Wave","PiercingWail","Poisoned Stab"],"picked":"Adrenaline","floor":31},{"not_picked":["Flying Knee+1","Cloak And Dagger","Prepared"],"picked":"Blade Dance","floor":32}],"player_experience":184882,"relics_obtained":[{"floor":6.0,"key":"Singing Bowl"},{"floor":9.0,"key":"Iron Hammer"},{"floor":10.0,"key":"Question Card"},{"floor":26,"key":"Ring of Greed"},{"floor":26,"key":"Replay:Wax Seal"},{"floor":26,"key":"MealTicket"},{"floor":31,"key":"Replay:WaspNest"}],"event_choices":[{"damage_healed":0.0,"max_hp_gain":0.0,"max_hp_loss":0.0,"gold_gain":0.0,"event_name":"Liars Game","player_choice":"Ignored","floor":3.0,"gold_loss":0.0,"damage_taken":0.0},{"damage_healed":0.0,"max_hp_gain":0.0,"max_hp_loss":0.0,"gold_gain":0.0,"event_name":"Match and Keep!","player_choice":"2 cards matched","floor":4.0,"gold_loss":0.0,"damage_taken":0.0,"cards_obtained":["Neutralize","Phantasmal Killer"]},{"damage_healed":0.0,"max_hp_gain":0.0,"max_hp_loss":0.0,"gold_gain":0.0,"event_name":"Lab","player_choice":"Got Potions","floor":13.0,"gold_loss":0.0,"damage_taken":0.0},{"damage_healed":0,"gold_gain":0,"player_choice":"Ignored","damage_taken":0,"max_hp_gain":0,"max_hp_loss":0,"event_name":"Vampires","floor":30,"gold_loss":0}],"is_beta":true,"boss_relics":[{"not_picked":["Coffee Dripper","Black Star"],"picked":"Fusion Hammer"}],"items_purged_floors":[12,29],"is_endless":false,"potions_floor_spawned":[1,10,11,19,22,25],"killed_by":"Collector","ascension_level":20}}