{"host":"j9ki0s1dicmcfq9y","time":1612273827,"event":{"mods":["BaseMod","Minty Spire (QoL Compilation)","StSLib","The Senshi"],"gold_per_floor":[111,120,80,105,133,133,163,163,190,210,135,154,154,178,178,276,335,358,393,393,202,211,211,66,91,118,137,137,137,175,24,24,120,120,136,136,136,164,214,214,259,279,306,331,352,372,372,391,391,391,391,391,6,34,34,34],"floor_reached":55,"language":"ENG","playtime":4431,"items_purged":["Regret"],"score":733,"play_id":"daf4454d-1764-4c51-9e82-dc39133e3dbc","local_time":"20210202085027","is_ascension_mode":false,"campfire_choices":[{"data":"theSenshi:CrisisMakeUp","floor":6,"key":"SMITH"},{"data":"theSenshi:MoonPrismPowerMakeUp","floor":8,"key":"SMITH"},{"floor":13,"key":"RECALL"},{"data":"theSenshi:MoonKick","floor":15,"key":"SMITH"},{"data":"theSenshi:SailorUranusAssists","floor":23,"key":"SMITH"},{"data":"theSenshi:SailorMarsAssists","floor":28,"key":"SMITH"},{"data":"theSenshi:SilverMoonCrystalPowerKiss","floor":32,"key":"SMITH"},{"data":"theSenshi:SailorMercuryAssists","floor":40,"key":"SMITH"},{"floor":47,"key":"DIG"},{"floor":49,"key":"DIG"},{"floor":52,"key":"DIG"}],"circlet_count":0,"master_deck":["theSenshi:SailorKick+1","theSenshi:SailorKick+1","theSenshi:SailorKick+1","theSenshi:SailorKick+1","theSenshi:SailorBlock+1","theSenshi:SailorBlock+1","theSenshi:SailorBlock+1","theSenshi:RoseThrow+1","theSenshi:MoonPrismPowerMakeUp+1","theSenshi:UranusStrength+1","theSenshi:CrisisMakeUp+1","theSenshi:MoonKick+1","theSenshi:SailorMercuryAssists+1","theSenshi:SailorMarsAssists+1","theSenshi:SailorStarFighterAssists+1","theSenshi:SailorUranusAssists+1","theSenshi:TuxedoMaskAssists+1","theSenshi:SailorJupiterAssists+1","Necronomicurse","theSenshi:LunasBite+1","theSenshi:SilverMoonCrystalPowerKiss+1","theSenshi:TallSilhouette+1","theSenshi:SailorJupiterAssists+1","theSenshi:SailorVenusAssists+1","theSenshi:SailorMercuryAssists+1"],"relics":["theSenshi:TransformationBroochRelic","CeramicFish","MealTicket","Orichalcum","Tiny House","Red Mask","Whetstone","Necronomicon","War Paint","Lantern","Shovel","Sling","Busted Crown","Thread and Needle","Prayer Wheel","theSenshi:CutieMoonRodRelic","Regal Pillow","Centennial Puzzle","InkBottle","Gremlin Horn","Mango","Vajra"],"acts_visited":["Exordium","TheCity","TheBeyond","TheEnding"],"potions_floor_usage":[7,19,30,39,45,46,55,55,55],"damage_taken":[{"damage":0,"enemies":"2 Louse","floor":1,"turns":4},{"damage":1,"enemies":"Small Slimes","floor":4,"turns":3},{"damage":9,"enemies":"Cultist","floor":5,"turns":5},{"damage":20,"enemies":"Gremlin Nob","floor":7,"turns":4},{"damage":17,"enemies":"Exordium Thugs","floor":10,"turns":5},{"damage":0,"enemies":"3 Louse","floor":12,"turns":4},{"damage":0,"enemies":"Large Slime","floor":14,"turns":5},{"damage":24,"enemies":"Hexaghost","floor":16,"turns":13},{"damage":9,"enemies":"Shell Parasite","floor":18,"turns":4},{"damage":5,"enemies":"Masked Bandits","floor":19,"turns":4},{"damage":7,"enemies":"Slavers","floor":25,"turns":4},{"damage":0,"enemies":"3 Byrds","floor":27,"turns":3},{"damage":3,"enemies":"Book of Stabbing","floor":30,"turns":4},{"damage":31,"enemies":"Collector","floor":33,"turns":10},{"damage":8,"enemies":"3 Darklings","floor":35,"turns":3},{"damage":1,"enemies":"Orb Walker","floor":38,"turns":2},{"damage":0,"enemies":"Mind Bloom Boss Battle","floor":39,"turns":4},{"damage":6,"enemies":"2 Orb Walkers","floor":41,"turns":4},{"damage":0,"enemies":"3 Darklings","floor":42,"turns":3},{"damage":8,"enemies":"Giant Head","floor":44,"turns":6},{"damage":0,"enemies":"Spire Growth","floor":45,"turns":4},{"damage":0,"enemies":"Writhing Mass","floor":46,"turns":4},{"damage":0,"enemies":"Jaw Worm Horde","floor":48,"turns":3},{"damage":61,"enemies":"Awakened One","floor":50,"turns":11},{"damage":9,"enemies":"Shield and Spear","floor":54,"turns":5},{"damage":107,"enemies":"The Heart","floor":55,"turns":8}],"seed_played":"3003117024195295672","potions_obtained":[{"floor":3,"key":"DistilledChaos"},{"floor":3,"key":"Swift Potion"},{"floor":3,"key":"Ancient Potion"},{"floor":17,"key":"FearPotion"},{"floor":27,"key":"Swift Potion"},{"floor":35,"key":"Ancient Potion"},{"floor":42,"key":"Regen Potion"}],"is_trial":false,"path_per_floor":["M","?","?","M","M","R","E","R","T","M","$","M","R","M","R","B",null,"M","?","?","$","?","R","$","E","T","M","R","?","E","$","R","B",null,"M","?","?","M","?","R","?","M","T","E","M","M","R","M","R","B",null,"R","$","E","B"],"character_chosen":"THE_SENSHI","items_purchased":["theSenshi:SailorJupiterAssists","Whetstone","War Paint","Sling","Mango","Weak Potion","PowerPotion"],"campfire_rested":0,"item_purchase_floors":[21,21,24,31,53,53,53],"current_hp_per_floor":[82,82,82,81,72,72,52,52,52,35,50,50,50,50,50,26,87,78,73,73,87,71,71,86,79,79,79,79,62,59,74,74,43,92,84,84,84,83,83,83,77,77,77,69,69,69,69,69,69,8,87,87,101,92,0,0],"gold":34,"neow_bonus":"TEN_PERCENT_HP_BONUS","is_daily":false,"chose_seed":false,"campfire_upgraded":7,"win_rate":0.0,"timestamp":1612273827,"path_taken":["M","?","?","M","?","R","E","R","T","M","?","M","R","M","R","BOSS","M","?","?","$","?","R","$","E","T","M","R","?","E","$","R","BOSS","M","?","?","M","?","R","?","M","T","E","M","?","R","M","R","BOSS","R","$","E","BOSS"],"items_purchased_type":["Card","Relic","Relic","Relic","Relic","Potion","Potion"],"build_version":"2020-12-22","purchased_purges":1,"victory":false,"max_hp_per_floor":[82,82,82,82,82,82,82,82,82,82,82,82,82,82,82,82,87,87,87,87,87,87,87,87,87,87,87,87,92,92,92,92,92,92,92,87,87,87,87,87,87,87,87,87,87,87,87,87,87,87,87,87,101,101,101,101],"card_choices":[{"not_picked":["theSenshi:SchoolBag","theSenshi:MoonCrystalPowerMakeUp"],"picked":"theSenshi:UranusStrength","floor":1},{"not_picked":["theSenshi:InTheNickOfTime","theSenshi:Sidestep"],"picked":"theSenshi:CrisisMakeUp","floor":4},{"not_picked":["theSenshi:MoonsReflection","theSenshi:SailorPlanetAttack"],"picked":"theSenshi:MoonKick","floor":5},{"not_picked":["theSenshi:TuxedoSmokingBomber","theSenshi:SailorStarMakerAssists","theSenshi:Sidestep"],"picked":"SKIP","floor":7},{"not_picked":["theSenshi:MoonPower","theSenshi:LunaWiseMentor"],"picked":"theSenshi:SailorMercuryAssists","floor":10},{"not_picked":["theSenshi:SupersonicWaves","theSenshi:GlimpseOfThePast"],"picked":"theSenshi:SailorMarsAssists","floor":12},{"not_picked":["theSenshi:SailorVenusAssists","theSenshi:MoonCrisisMakeUp"],"picked":"theSenshi:SailorStarFighterAssists","floor":14},{"not_picked":["theSenshi:Sidestep","theSenshi:SailorMarsAssists"],"picked":"theSenshi:SailorUranusAssists","floor":17},{"not_picked":["theSenshi:SailorMercuryAssists","theSenshi:LunasBite+1"],"picked":"theSenshi:TuxedoMaskAssists+1","floor":18},{"not_picked":["theSenshi:TallSilhouette","theSenshi:InTheNickOfTime","theSenshi:LunasBite"],"picked":"SKIP","floor":25},{"not_picked":["theSenshi:SailorStarHealerAssists","theSenshi:MarsPride"],"picked":"theSenshi:LunasBite+1","floor":27},{"not_picked":["theSenshi:LateForSchool","theSenshi:LunaWiseMentor"],"picked":"theSenshi:SilverMoonCrystalPowerKiss","floor":30},{"not_picked":["theSenshi:MoonKick"],"picked":"SKIP","floor":35},{"not_picked":[],"picked":"theSenshi:TallSilhouette+1","floor":38},{"not_picked":[],"picked":"theSenshi:SailorJupiterAssists+1","floor":42},{"not_picked":["theSenshi:TuxedoSmokingBomber+1"],"picked":"SKIP","floor":42},{"not_picked":["theSenshi:GlimpseOfThePast"],"picked":"SKIP","floor":44},{"not_picked":[],"picked":"theSenshi:SailorVenusAssists+1","floor":45},{"not_picked":["theSenshi:LateForSchool"],"picked":"SKIP","floor":45},{"not_picked":["theSenshi:SailorMercuryAssists"],"picked":"SKIP","floor":46},{"not_picked":["theSenshi:SteeledNerves+1"],"picked":"SKIP","floor":46},{"not_picked":[],"picked":"theSenshi:SailorMercuryAssists+1","floor":48},{"not_picked":["theSenshi:LunasBite+1"],"picked":"SKIP","floor":48},{"not_picked":["theSenshi:EncouragingSpeech"],"picked":"SKIP","floor":54}],"player_experience":732667,"relics_obtained":[{"floor":7,"key":"MealTicket"},{"floor":9,"key":"Orichalcum"},{"floor":19,"key":"Red Mask"},{"floor":22,"key":"Necronomicon"},{"floor":25,"key":"Lantern"},{"floor":30,"key":"Shovel"},{"floor":39,"key":"Thread and Needle"},{"floor":41,"key":"Prayer Wheel"},{"floor":43,"key":"theSenshi:CutieMoonRodRelic"},{"floor":44,"key":"Regal Pillow"},{"floor":47,"key":"Centennial Puzzle"},{"floor":49,"key":"InkBottle"},{"floor":52,"key":"Gremlin Horn"},{"floor":54,"key":"Vajra"}],"event_choices":[{"damage_healed":0,"gold_gain":0,"player_choice":"Box","damage_taken":0,"relics_obtained":["CeramicFish"],"max_hp_gain":0,"max_hp_loss":0,"event_name":"Big Fish","floor":2,"gold_loss":0,"cards_obtained":["Regret"]},{"damage_healed":0,"gold_gain":0,"player_choice":"Bought 3 Potions","damage_taken":0,"max_hp_gain":0,"max_hp_loss":0,"event_name":"The Woman in Blue","floor":3,"gold_loss":0},{"damage_healed":0,"gold_gain":0,"player_choice":"Fought Bandits","damage_taken":0,"max_hp_gain":0,"max_hp_loss":0,"event_name":"Masked Bandits","floor":19,"gold_loss":0},{"damage_healed":0,"gold_gain":0,"player_choice":"Simplicity","damage_taken":0,"max_hp_gain":0,"max_hp_loss":0,"event_name":"Back to Basics","floor":20,"gold_loss":0,"cards_upgraded":["theSenshi:SailorKick","theSenshi:SailorKick","theSenshi:SailorKick","theSenshi:SailorKick","theSenshi:SailorBlock","theSenshi:SailorBlock","theSenshi:SailorBlock"]},{"damage_healed":0,"gold_gain":0,"player_choice":"Obtained Book","damage_taken":16,"max_hp_gain":0,"max_hp_loss":0,"event_name":"Cursed Tome","floor":22,"gold_loss":0},{"damage_healed":0,"gold_gain":0,"player_choice":"Shed Blood","damage_taken":22,"max_hp_gain":5,"max_hp_loss":0,"event_name":"Forgotten Altar","floor":29,"gold_loss":0},{"damage_healed":0,"gold_gain":0,"player_choice":"Max HP","damage_taken":0,"max_hp_gain":0,"max_hp_loss":5,"event_name":"Winding Halls","floor":36,"gold_loss":0},{"cards_removed":["theSenshi:SailorBlock"],"damage_healed":0,"gold_gain":0,"player_choice":"Removed Skill","damage_taken":0,"max_hp_gain":0,"max_hp_loss":0,"event_name":"Falling","floor":37,"gold_loss":0},{"damage_healed":0,"gold_gain":0,"player_choice":"Fight","damage_taken":0,"max_hp_gain":0,"max_hp_loss":0,"event_name":"MindBloom","floor":39,"gold_loss":0},{"damage_healed":0,"gold_gain":0,"player_choice":"Fight","damage_taken":0,"max_hp_gain":0,"max_hp_loss":0,"event_name":"Mysterious Sphere","floor":41,"gold_loss":0}],"is_beta":false,"boss_relics":[{"not_picked":["Velvet Choker","SlaversCollar"],"picked":"Tiny House"},{"not_picked":["Snecko Eye","Cursed Key"],"picked":"Busted Crown"}],"items_purged_floors":[11],"is_endless":false,"potions_floor_spawned":[4,5,27,35,38,42,44],"killed_by":"The Heart","ascension_level":0}}