{"host":"bf5upntvbdompq33","time":1612308573,"event":{"mods":["BaseMod","Colored Map","Colored Powertips","Curses Come First","Minty Spire (QoL Compilation)","StSLib","The Hierophant","The Mystic"],"gold_per_floor":[119,137,152,164,164,164,178,178,178,205,2,2,28,39,39,112,112,123,123,48,48,48,48,62,90,90,90,12,12,12,12,12,83,83,96,114,114,73,88,88,88,103,103,129,129,129,129],"floor_reached":46,"language":"ENG","playtime":4222,"items_purged":["Strike_R"],"score":831,"play_id":"b9e139fc-a92a-42fa-8707-d4c670a3334d","local_time":"20210202162933","is_ascension_mode":true,"campfire_choices":[{"data":"Bash","floor":6,"key":"SMITH"},{"data":"Rupture","floor":15,"key":"SMITH"},{"data":"Flex","floor":23,"key":"SMITH"},{"floor":27,"key":"REST"},{"data":"Inflame","floor":29,"key":"SMITH"},{"data":"Rupture","floor":32,"key":"SMITH"},{"data":"Blood for Blood","floor":40,"key":"SMITH"}],"circlet_count":0,"master_deck":["AscendersBane","Defend_R","Defend_R","Defend_R","Defend_R","Bash+1","Rupture+1","Flex+1","Headbutt","Headbutt","Pommel Strike","Combust","Shrug It Off","Double Tap","Combust","Demon Form+1","Iron Wave","Ghostly","Ghostly","Ghostly","Ghostly","Ghostly","Shrug It Off","Inflame+1","Metallicize","Rupture+1","Demon Form","Spot Weakness","Blood for Blood+1","Anger","Whirlwind","Pummel+1"],"relics":["Burning Blood","Vajra","Potion Belt","MealTicket","Pantograph","Velvet Choker","Paper Frog","Runic Pyramid","Ornamental Fan","Dream Catcher"],"acts_visited":["Exordium","TheCity","TheBeyond"],"potions_floor_usage":[7,16,33,39,44],"damage_taken":[{"damage":1,"enemies":"Jaw Worm","floor":1,"turns":5},{"damage":6,"enemies":"Cultist","floor":2,"turns":4},{"damage":2,"enemies":"2 Louse","floor":3,"turns":4},{"damage":41,"enemies":"Exordium Thugs","floor":4,"turns":5},{"damage":7,"enemies":"Exordium Wildlife","floor":7,"turns":4},{"damage":35,"enemies":"Lagavulin","floor":10,"turns":6},{"damage":29,"enemies":"3 Sentries","floor":13,"turns":5},{"damage":16,"enemies":"2 Fungi Beasts","floor":14,"turns":3},{"damage":43,"enemies":"Hexaghost","floor":16,"turns":7},{"damage":53,"enemies":"2 Thieves","floor":18,"turns":4},{"damage":22,"enemies":"3 Byrds","floor":24,"turns":5},{"damage":12,"enemies":"Gremlin Leader","floor":25,"turns":7},{"damage":26,"enemies":"Automaton","floor":33,"turns":10},{"damage":6,"enemies":"3 Shapes","floor":35,"turns":5},{"damage":4,"enemies":"Orb Walker","floor":36,"turns":5},{"damage":7,"enemies":"4 Shapes","floor":39,"turns":4},{"damage":11,"enemies":"3 Darklings","floor":42,"turns":5},{"damage":26,"enemies":"Nemesis","floor":44,"turns":5},{"damage":54,"enemies":"Awakened One","floor":46,"turns":8}],"seed_played":"-7932729176871860772","potions_obtained":[{"floor":1,"key":"SteroidPotion"},{"floor":4,"key":"ElixirPotion"},{"floor":13,"key":"PowerPotion"},{"floor":14,"key":"Energy Potion"},{"floor":33,"key":"SmokeBomb"},{"floor":35,"key":"SneckoOil"},{"floor":39,"key":"PowerPotion"}],"is_trial":false,"path_per_floor":["M","M","M","M","?","R","M","?","T","E","$","$","E","M","R","B",null,"M","?","$","?","$","R","M","E","T","R","$","R","?","?","R","B",null,"M","M","?","$","M","R","$","M","T","E","?","B"],"character_chosen":"IRONCLAD","items_purchased":["MealTicket","Shrug It Off","Metallicize","Blood for Blood"],"campfire_rested":1,"item_purchase_floors":[11,11,28,38],"current_hp_per_floor":[55,55,59,24,24,24,23,75,75,46,46,61,38,28,28,16,60,13,13,28,28,37,37,21,15,15,26,37,37,37,37,37,17,32,32,34,34,37,36,36,37,32,32,12,12,0,0],"gold":129,"neow_bonus":"REMOVE_TWO","is_daily":false,"chose_seed":false,"campfire_upgraded":6,"win_rate":0.0,"timestamp":1612308573,"path_taken":["M","M","M","M","?","R","?","?","T","E","?","$","E","M","R","BOSS","M","?","?","?","$","R","?","E","T","R","$","R","?","?","R","BOSS","M","M","?","?","M","R","$","M","T","E","?","BOSS"],"items_purchased_type":["Relic","Card","Card","Card"],"build_version":"2020-12-22","purchased_purges":1,"victory":false,"max_hp_per_floor":[75,75,75,75,75,75,75,75,75,75,75,75,75,75,75,75,75,75,37,37,37,37,37,37,37,37,37,37,37,37,37,37,37,37,37,37,37,37,37,37,37,37,37,37,37,37,37],"card_choices":[{"not_picked":["Infernal Blade","Perfected Strike"],"picked":"Rupture","floor":1},{"not_picked":["Twin Strike","Perfected Strike"],"picked":"Flex","floor":2},{"not_picked":["Feel No Pain","Iron Wave"],"picked":"Headbutt","floor":3},{"not_picked":["Entrench","Thunderclap"],"picked":"Headbutt","floor":4},{"not_picked":["Power Through","Wild Strike"],"picked":"Pommel Strike","floor":7},{"not_picked":["Shockwave","Rage"],"picked":"Combust","floor":10},{"not_picked":["Body Slam","Perfected Strike"],"picked":"Double Tap","floor":13},{"not_picked":["Power Through","Havoc"],"picked":"Combust","floor":14},{"not_picked":["Brutality","Feed"],"picked":"Demon Form","floor":16},{"not_picked":["Perfected Strike+1","Thunderclap"],"picked":"Iron Wave","floor":18},{"not_picked":["True Grit","Perfected Strike"],"picked":"Shrug It Off","floor":24},{"not_picked":["Clothesline","Fire Breathing"],"picked":"Inflame","floor":25},{"not_picked":["Double Tap","Corruption"],"picked":"Demon Form","floor":33},{"not_picked":["Iron Wave+1","Perfected Strike"],"picked":"Spot Weakness","floor":35},{"not_picked":["Metallicize","Perfected Strike","Reckless Charge"],"picked":"SKIP","floor":36},{"not_picked":["Body Slam","Demon Form"],"picked":"Anger","floor":39},{"not_picked":["Clash","Shockwave"],"picked":"Whirlwind","floor":42},{"not_picked":["Sever Soul+1","Perfected Strike"],"picked":"Pummel+1","floor":44}],"player_experience":1342414,"relics_obtained":[{"floor":9,"key":"Vajra"},{"floor":10,"key":"Potion Belt"},{"floor":13,"key":"Pantograph"},{"floor":25,"key":"Paper Frog"},{"floor":43,"key":"Ornamental Fan"},{"floor":44,"key":"Dream Catcher"}],"event_choices":[{"cards_removed":["Strike_R"],"damage_healed":0,"gold_gain":0,"player_choice":"Purged","damage_taken":0,"max_hp_gain":0,"max_hp_loss":0,"event_name":"Purifier","floor":5,"gold_loss":0},{"damage_healed":52,"gold_gain":0,"player_choice":"Full Heal","damage_taken":0,"max_hp_gain":0,"max_hp_loss":0,"event_name":"Wheel of Change","floor":8,"gold_loss":0},{"damage_healed":0,"gold_gain":0,"player_choice":"Became a Ghost","damage_taken":0,"max_hp_gain":0,"max_hp_loss":38,"event_name":"Ghosts","floor":19,"gold_loss":0,"cards_obtained":["Ghostly","Ghostly","Ghostly","Ghostly","Ghostly"]},{"damage_healed":0,"gold_gain":0,"player_choice":"Forge","damage_taken":0,"max_hp_gain":0,"max_hp_loss":0,"event_name":"Accursed Blacksmith","floor":21,"gold_loss":0,"cards_upgraded":["Demon Form"]},{"cards_removed":["Strike_R"],"damage_healed":0,"gold_gain":0,"player_choice":"Elegance","damage_taken":0,"max_hp_gain":0,"max_hp_loss":0,"event_name":"Back to Basics","floor":30,"gold_loss":0},{"damage_healed":0,"gold_gain":0,"player_choice":"Read","damage_taken":0,"max_hp_gain":0,"max_hp_loss":0,"event_name":"The Library","floor":31,"gold_loss":0,"cards_obtained":["Rupture"]},{"damage_healed":0,"gold_gain":0,"player_choice":"Bought 0 Potions","damage_taken":0,"max_hp_gain":0,"max_hp_loss":0,"event_name":"The Woman in Blue","floor":37,"gold_loss":0},{"damage_healed":0,"gold_gain":0,"player_choice":"Took Portal","damage_taken":0,"max_hp_gain":0,"max_hp_loss":0,"event_name":"SecretPortal","floor":45,"gold_loss":0}],"is_beta":false,"boss_relics":[{"not_picked":["SlaversCollar","Fusion Hammer"],"picked":"Velvet Choker"},{"not_picked":["Sozu","SacredBark"],"picked":"Runic Pyramid"}],"items_purged_floors":[20],"is_endless":false,"potions_floor_spawned":[1,4,13,14,33,35,39],"killed_by":"Awakened One","ascension_level":14}}