{"host":"dlre6nluqh4zuhws","time":1612251233,"event":{"mods":["BaseMod","Minty Spire (QoL Compilation)","Replay The Spire","StSLib"],"gold_per_floor":[115,115,130,6,6,42,42,78,78,78,78],"floor_reached":10,"language":"ENG","playtime":380,"items_purged":[],"score":109,"play_id":"c889163c-317e-48bd-8073-39900262b175","local_time":"20210202143353","is_ascension_mode":true,"campfire_choices":[{"data":"Infinite Blades","floor":7,"key":"SMITH"}],"circlet_count":0,"master_deck":["Strike_G","Strike_G","Strike_G","Strike_G","Strike_G","Defend_G","Defend_G","Defend_G","Defend_G","Defend_G","Survivor","Neutralize","PiercingWail+1","Hidden Blade","Backstab","Deflect","Infinite Blades+1","PiercingWail"],"relics":["Ring of the Snake","NeowsBlessing","Golden Idol","Byrd Skull","PreservedInsect","Replay:Accelerometer"],"acts_visited":["Exordium"],"potions_floor_usage":[10],"damage_taken":[{"damage":0,"enemies":"Small Slimes","floor":1,"turns":1},{"damage":0,"enemies":"Jaw Worm","floor":3,"turns":1},{"damage":0,"enemies":"Gremlin Nob","floor":6,"turns":1},{"damage":42,"enemies":"Lagavulin","floor":8,"turns":12},{"damage":22,"enemies":"Gremlin Nob","floor":10,"turns":3}],"seed_played":"-2949940245916542631","potions_obtained":[{"floor":3,"key":"Languid Potion"},{"floor":8,"key":"Reflective Coating"}],"is_trial":false,"path_per_floor":["M","?","M","$","?","E","R","E","T","E"],"character_chosen":"THE_SILENT","items_purchased":["Backstab","Deflect"],"campfire_rested":0,"item_purchase_floors":[4,4],"current_hp_per_floor":[70,53,53,53,53,53,53,11,11,0,0],"gold":78,"neow_bonus":"THREE_ENEMY_KILL","is_daily":false,"chose_seed":false,"campfire_upgraded":1,"win_rate":0.0,"timestamp":1612251233,"path_taken":["M","?","M","$","?","E","R","E","T","E"],"items_purchased_type":["Card","Card"],"build_version":"2020-12-13","purchased_purges":0,"victory":false,"max_hp_per_floor":[70,70,70,70,70,70,70,70,70,70,70],"card_choices":[{"not_picked":["Dodge and Roll","Toxin Wave"],"picked":"PiercingWail","floor":1},{"not_picked":["Backflip","Toxin Wave"],"picked":"Hidden Blade","floor":3},{"not_picked":["Flying Knee","Acrobatics"],"picked":"Infinite Blades","floor":6},{"not_picked":["Bouncing Flask","Dodge and Roll"],"picked":"PiercingWail","floor":8}],"player_experience":42167,"relics_obtained":[{"floor":6,"key":"Byrd Skull"},{"floor":8,"key":"PreservedInsect"},{"floor":9,"key":"Replay:Accelerometer"}],"event_choices":[{"damage_healed":0,"gold_gain":0,"player_choice":"Take Damage","damage_taken":17,"relics_obtained":["Golden Idol"],"max_hp_gain":0,"max_hp_loss":0,"event_name":"Golden Idol","floor":2,"gold_loss":0},{"damage_healed":0,"gold_gain":0,"player_choice":"Grow","damage_taken":0,"max_hp_gain":0,"max_hp_loss":0,"event_name":"Living Wall","floor":5,"gold_loss":0,"cards_upgraded":["PiercingWail"]}],"is_beta":false,"boss_relics":[],"items_purged_floors":[],"is_endless":false,"potions_floor_spawned":[3,8],"killed_by":"Gremlin Nob","ascension_level":2}}