{"host":"rolltorest","time":1612242030,"event":{"mods":["BaseMod","Minty Spire (QoL Compilation)","Relic Stats","Slay the Relics Exporter","StSLib"],"gold_per_floor":[114,128,128,3,19,351,371,397,397,397,415,415,448,463,463,542,542,559,559,569,569,569,569,569],"floor_reached":23,"language":"ENG","playtime":837,"items_purged":["Strike_B"],"score":422,"play_id":"b448f4fe-2e76-496b-ab6b-484d43d86aa8","local_time":"20210201210030","is_ascension_mode":true,"campfire_choices":[{"floor":10,"key":"REST"},{"data":"Defragment","floor":15,"key":"SMITH"}],"circlet_count":0,"master_deck":["AscendersBane","Strike_B","Strike_B","Defend_B","Defend_B","Defend_B","Defend_B","Zap","Dualcast","Cold Snap","Doom and Gloom","Ball Lightning","Cold Snap","Defragment+1","Echo Form","Recycle","Defragment+1","Core Surge","Cold Snap","Self Repair"],"relics":["Velvet Choker","Anchor","Old Coin","Ornamental Fan","Sundial","White Beast Statue","Nuclear Battery"],"acts_visited":["Exordium","TheCity"],"potions_floor_usage":[8,16],"damage_taken":[{"damage":2,"enemies":"Cultist","floor":1,"turns":4},{"damage":2,"enemies":"Small Slimes","floor":2,"turns":4},{"damage":0,"enemies":"2 Louse","floor":5,"turns":2},{"damage":16,"enemies":"Lagavulin","floor":6,"turns":6},{"damage":3,"enemies":"Lots of Slimes","floor":7,"turns":3},{"damage":20,"enemies":"Gremlin Nob","floor":8,"turns":4},{"damage":0,"enemies":"Exordium Wildlife","floor":11,"turns":3},{"damage":4,"enemies":"3 Sentries","floor":13,"turns":6},{"damage":0,"enemies":"Large Slime","floor":14,"turns":4},{"damage":21,"enemies":"The Guardian","floor":16,"turns":10},{"damage":0,"enemies":"Spheric Guardian","floor":18,"turns":5},{"damage":0,"enemies":"Chosen","floor":20,"turns":5},{"damage":39,"enemies":"Gremlin Leader","floor":23,"turns":5}],"seed_played":"-4682927199133703759","potions_obtained":[{"floor":1,"key":"SpeedPotion"},{"floor":6,"key":"LiquidBronze"},{"floor":7,"key":"PowerPotion"},{"floor":11,"key":"SkillPotion"},{"floor":16,"key":"CultistPotion"}],"is_trial":false,"path_per_floor":["M","M","?","$","M","E","M","E","T","R","M","?","E","M","R","B",null,"M","?","M","?","?","E"],"character_chosen":"DEFECT","items_purchased":["Ball Lightning"],"campfire_rested":1,"item_purchase_floors":[4],"current_hp_per_floor":[62,60,55,55,55,39,36,16,16,37,37,37,33,33,33,12,56,56,56,56,36,36,0,0],"gold":569,"neow_bonus":"BOSS_RELIC","is_daily":false,"chose_seed":false,"campfire_upgraded":1,"win_rate":0.0,"timestamp":1612242030,"path_taken":["M","?","?","$","M","E","M","E","T","R","M","?","E","M","R","BOSS","M","?","?","?","?","E"],"items_purchased_type":["Card"],"build_version":"2020-12-18","purchased_purges":1,"victory":false,"max_hp_per_floor":[71,71,71,71,71,71,71,71,71,71,71,71,71,71,71,71,71,71,71,71,76,76,76,76],"relic_stats":{"counters":[13,61],"Ornamental Fan":[48],"Sundial":[4],"obtain_stats":[{"Anchor":3,"Ornamental Fan":8,"Sundial":9,"Velvet Choker":0,"Cracked Core":0,"White Beast Statue":13,"Old Coin":6,"Nuclear Battery":17},{"Anchor":2,"Ornamental Fan":6,"Sundial":6,"Velvet Choker":0,"Cracked Core":0,"White Beast Statue":8,"Old Coin":4,"Nuclear Battery":10},{"Anchor":8,"Ornamental Fan":23,"Sundial":23,"Velvet Choker":0,"Cracked Core":0,"White Beast Statue":32,"Old Coin":16,"Nuclear Battery":46}]},"card_choices":[{"not_picked":["Reprogram","Gash"],"picked":"Cold Snap","floor":1},{"not_picked":["Streamline","Compile Driver"],"picked":"Doom and Gloom","floor":2},{"not_picked":["Steam Power","Steam"],"picked":"Cold Snap","floor":5},{"not_picked":["Conserve Battery","Hologram"],"picked":"Defragment","floor":6},{"not_picked":["Cold Snap","Gash","Beam Cell"],"picked":"SKIP","floor":7},{"not_picked":["Amplify","Consume"],"picked":"Echo Form","floor":8},{"not_picked":["Ball Lightning","Darkness"],"picked":"Recycle","floor":11},{"not_picked":["Hello World","Double Energy","Doom and Gloom"],"picked":"SKIP","floor":13},{"not_picked":["Go for the Eyes","Recycle"],"picked":"Defragment","floor":14},{"not_picked":["Thunder Strike","Reboot"],"picked":"Core Surge","floor":16},{"not_picked":["Sunder","Steam"],"picked":"Cold Snap","floor":18},{"not_picked":["Beam Cell","Stack","Streamline"],"picked":"SKIP","floor":20}],"player_experience":1801670,"relics_obtained":[{"floor":6,"key":"Old Coin"},{"floor":8,"key":"Ornamental Fan"},{"floor":9,"key":"Sundial"},{"floor":13,"key":"White Beast Statue"}],"event_choices":[{"damage_healed":0,"gold_gain":0,"player_choice":"Success","damage_taken":5,"relics_obtained":["Anchor"],"max_hp_gain":0,"max_hp_loss":0,"event_name":"Scrap Ooze","floor":3,"gold_loss":0},{"damage_healed":0,"gold_gain":0,"player_choice":"Grow","damage_taken":0,"max_hp_gain":0,"max_hp_loss":0,"event_name":"Living Wall","floor":12,"gold_loss":0,"cards_upgraded":["Defragment"]},{"cards_removed":["Strike_B"],"damage_healed":0,"gold_gain":0,"player_choice":"Offered Basic","damage_taken":0,"max_hp_gain":0,"max_hp_loss":0,"event_name":"Bonfire Elementals","floor":19,"gold_loss":0},{"damage_healed":0,"gold_gain":0,"player_choice":"Shed Blood","damage_taken":25,"max_hp_gain":5,"max_hp_loss":0,"event_name":"Forgotten Altar","floor":21,"gold_loss":0},{"damage_healed":0,"gold_gain":0,"player_choice":"Read","damage_taken":0,"max_hp_gain":0,"max_hp_loss":0,"event_name":"The Library","floor":22,"gold_loss":0,"cards_obtained":["Self Repair"]}],"is_beta":true,"boss_relics":[{"not_picked":["Ectoplasm","Busted Crown"],"picked":"Nuclear Battery"}],"items_purged_floors":[4],"is_endless":false,"potions_floor_spawned":[1,6,7,11,14,16,18,20],"killed_by":"Gremlin Leader","ascension_level":20}}