{"host":"epo9t9qajflxsfbx","time":1612243941,"event":{"mods":["Act Like it!","BaseMod","Better Altar","Better Match","Better Note","Better Sensory Stone","Better Skull","Better Third Choice","Better Vampires","BetterRewards","Clockwork Mod","Defuse TimeMaze Blight","Displayed Cursed Tome","Elementarium","Hermit","Highlight Path","Hubris","Infinite Spire","Minty Spire (QoL Compilation)","Quick Restart","Relic Stats","Reliquary","Replay The Spire","Shade Mod","Shop Mod","Somnambulant","StSLib","The Bladedancer","The Cursed","The Hierophant","The Jungle","The Servant 0.9.4","everything is the same but u backflip on backflip"],"gold_per_floor":[111,386,379,97,97,112,112,137,137,148,144,148,113,153,153,153,153],"floor_reached":16,"language":"ENG","playtime":776,"items_purged":[],"score":104,"play_id":"d3cb396e-1a1b-447b-abbc-70ee86766020","local_time":"20210201213221","is_ascension_mode":false,"campfire_choices":[{"data":"hierophant:TollTheBells","floor":7,"key":"SMITH"},{"data":"hierophant:HolyVerse","floor":15,"key":"SMITH"}],"circlet_count":0,"master_deck":["hierophant:Strike_Hierophant","hierophant:Strike_Hierophant","hierophant:Strike_Hierophant","hierophant:Strike_Hierophant","hierophant:Punish","hierophant:Defend_Hierophant","hierophant:Defend_Hierophant","hierophant:Defend_Hierophant","hierophant:Defend_Hierophant","hierophant:ChurchCoffers","hierophant:HolyVerse","Regret","hierophant:Smite","hierophant:TollTheBells+1","hierophant:Zeal","hierophant:MorningPrayer","hierophant:PristineSoul","hierophant:MintersHammer","hierophant:RustyCrate","hierophant:Doubloon+1","hierophant:Doubloon+1","hierophant:HammerAndAnvil","hierophant:SecretStash","hierophant:HolyVerse+1"],"relics":["hierophant:PropheticMaskRelic","Cauldron","Tiny Chest","infinitespire:PuzzleCube"],"acts_visited":["Exordium"],"potions_floor_usage":[8,8,8,11,16,16],"damage_taken":[{"damage":0,"enemies":"Small Slimes","floor":1,"turns":3},{"damage":3,"enemies":"Cultist","floor":3,"turns":4},{"damage":3,"enemies":"2 Louse","floor":6,"turns":2},{"damage":44,"enemies":"Gremlin Nob","floor":8,"turns":5},{"damage":4,"enemies":"Exordium Thugs","floor":10,"turns":3},{"damage":8,"enemies":"Large Slime","floor":11,"turns":5},{"damage":3,"enemies":"3 Louse","floor":12,"turns":1},{"damage":0,"enemies":"Looter","floor":14,"turns":2},{"damage":39,"enemies":"Slime Boss","floor":16,"turns":3}],"seed_played":"-7399685835548152505","potions_obtained":[{"floor":4,"key":"LiquidBronze"},{"floor":4,"key":"DistilledChaos"},{"floor":4,"key":"Explosive Potion"},{"floor":10,"key":"GamblersBrew"},{"floor":11,"key":"DistilledChaos"},{"floor":12,"key":"Explosive Potion"}],"is_trial":false,"path_per_floor":["M","?","M","$","?","M","R","E","T","M","M","M","?","M","R","B"],"character_chosen":"HIEROPHANT","items_purchased":["hierophant:TollTheBells","hierophant:Zeal","hierophant:MorningPrayer","Cauldron"],"campfire_rested":0,"item_purchase_floors":[4,4,4,4],"current_hp_per_floor":[82,82,79,79,79,76,76,32,32,28,20,17,37,37,37,0,0],"gold":153,"neow_bonus":"TEN_PERCENT_HP_BONUS","is_daily":false,"chose_seed":false,"campfire_upgraded":2,"win_rate":0.0,"timestamp":1612243941,"path_taken":["M","?","?","$","?","M","R","E","T","?","M","M","?","M","R","BOSS"],"items_purchased_type":["Card","Card","Card","Relic"],"build_version":"2020-12-22","purchased_purges":0,"victory":false,"max_hp_per_floor":[82,82,82,82,82,82,82,82,82,82,82,82,82,82,82,82,82],"relic_stats":{"counters":[9,28],"Tiny Chest":0,"obtain_stats":[{"Cauldron":4,"hierophant:PropheticMaskRelic":0,"Tiny Chest":8,"infinitespire:PuzzleCube":9},{"Cauldron":2,"hierophant:PropheticMaskRelic":0,"Tiny Chest":4,"infinitespire:PuzzleCube":4},{"Cauldron":7,"hierophant:PropheticMaskRelic":0,"Tiny Chest":14,"infinitespire:PuzzleCube":14}]},"card_choices":[{"not_picked":["hierophant:AuricBeam","hierophant:CursedGold"],"picked":"hierophant:HolyVerse","floor":1},{"not_picked":["hierophant:Shelter","hierophant:DisplayOfPower"],"picked":"hierophant:Smite","floor":3},{"not_picked":["hierophant:Zeal","hierophant:FieryStrike"],"picked":"hierophant:PristineSoul","floor":6},{"not_picked":["hierophant:Remorse","hierophant:Patience"],"picked":"hierophant:MintersHammer","floor":8},{"not_picked":["hierophant:RepressedViolence","hierophant:DisplayOfPower"],"picked":"hierophant:RustyCrate","floor":10},{"not_picked":["hierophant:Rebuild","hierophant:ThreeLashes"],"picked":"hierophant:HammerAndAnvil","floor":11},{"not_picked":["hierophant:Smite","hierophant:Doubloon"],"picked":"hierophant:SecretStash","floor":12},{"not_picked":["hierophant:OrnateBuckler","hierophant:MorningPrayer"],"picked":"hierophant:HolyVerse","floor":14}],"player_experience":283534,"relics_obtained":[{"floor":8,"key":"Tiny Chest"},{"floor":9,"key":"infinitespire:PuzzleCube"}],"event_choices":[{"damage_healed":0,"gold_gain":275,"player_choice":"Desecrate","damage_taken":0,"max_hp_gain":0,"max_hp_loss":0,"event_name":"Golden Shrine","floor":2,"gold_loss":0,"cards_obtained":["Regret"]},{"damage_healed":0,"gold_gain":0,"player_choice":"Bought 0 Potions","damage_taken":0,"max_hp_gain":0,"max_hp_loss":0,"event_name":"The Woman in Blue","floor":5,"gold_loss":0},{"damage_healed":20,"gold_gain":0,"player_choice":"Healed","damage_taken":0,"max_hp_gain":0,"max_hp_loss":0,"event_name":"The Cleric","floor":13,"gold_loss":35}],"is_beta":false,"boss_relics":[],"items_purged_floors":[],"is_endless":false,"potions_floor_spawned":[10,11,12],"killed_by":"Slime Boss","ascension_level":0}}