{"host":"fuszjwm6fqgjjp4d","time":1612254378,"event":{"mods":["BaseMod","Bestiary","Colored Map","DeckTracker","Minty Spire (QoL Compilation)","Permanent Neow","Relic Sorter","Relic Stats","StSLib"],"gold_per_floor":[112,132,145,145,156,190,190,190,261,279,296,296,296,296,296,296,296],"floor_reached":16,"language":"ENG","playtime":366,"items_purged":[],"score":224,"play_id":"872eec59-ca70-4c5c-94ed-2d86e7dd0300","local_time":"20210202022618","is_ascension_mode":true,"campfire_choices":[{"data":"Zap","floor":7.0,"key":"SMITH"},{"data":"Seek","floor":12.0,"key":"SMITH"},{"data":"Dualcast","floor":15,"key":"SMITH"}],"circlet_count":0,"master_deck":["AscendersBane","Strike_B","Strike_B","Strike_B","Defend_B","Defend_B","Defend_B","Defend_B","Zap+1","Dualcast+1","Seek+1","Ball Lightning","Coolheaded","Seek","Cold Snap"],"relics":["Cracked Core","Pantograph","Singing Bowl","Golden Idol"],"acts_visited":["Exordium"],"potions_floor_usage":[16],"damage_taken":[{"damage":2.0,"enemies":"Jaw Worm","floor":1.0,"turns":3.0},{"damage":4.0,"enemies":"2 Louse","floor":2.0,"turns":3.0},{"damage":0.0,"enemies":"Small Slimes","floor":3.0,"turns":2.0},{"damage":4.0,"enemies":"Blue Slaver","floor":5.0,"turns":4.0},{"damage":16.0,"enemies":"Lagavulin","floor":6.0,"turns":6.0},{"damage":0.0,"enemies":"Gremlin Nob","floor":8.0,"turns":2.0},{"damage":4.0,"enemies":"Exordium Thugs","floor":10.0,"turns":3.0},{"damage":15.0,"enemies":"Lots of Slimes","floor":11.0,"turns":4.0},{"damage":43,"enemies":"Slime Boss","floor":16,"turns":8}],"seed_played":"-4921443689952282854","potions_obtained":[{"floor":1.0,"key":"SmokeBomb"},{"floor":5.0,"key":"DistilledChaos"},{"floor":11.0,"key":"SkillPotion"}],"is_trial":false,"path_per_floor":["M","M","M","?","M","E","R","E","T","M","M","R","?","?","R","B"],"character_chosen":"DEFECT","items_purchased":[],"campfire_rested":0,"item_purchase_floors":[],"current_hp_per_floor":[62,58,58,51,47,31,31,31,31,27,14,14,14,14,14,0,0],"gold":296,"neow_bonus":"ONE_RANDOM_RARE_CARD","is_daily":false,"chose_seed":false,"campfire_upgraded":3,"win_rate":0.0,"timestamp":1612254378,"path_taken":["M","M","M","?","M","E","R","E","T","M","M","R","?","?","R","BOSS"],"items_purchased_type":[],"build_version":"2020-12-22","purchased_purges":0,"victory":false,"max_hp_per_floor":[71,71,71,71,71,71,71,71,71,71,73,73,66,66,66,66,66],"relic_stats":{"Singing Bowl":2,"counters":[9,35],"Golden Idol":0,"Pantograph":25,"obtain_stats":[{"Singing Bowl":9,"Golden Idol":13,"Pantograph":6,"Cracked Core":0},{"Singing Bowl":6,"Golden Idol":8,"Pantograph":5,"Cracked Core":0},{"Singing Bowl":20,"Golden Idol":27,"Pantograph":18,"Cracked Core":0}]},"card_choices":[{"not_picked":["Hello World","Barrage"],"picked":"Ball Lightning","floor":1.0},{"not_picked":["Turbo","Go for the Eyes"],"picked":"Coolheaded","floor":2.0},{"not_picked":["Barrage","Go for the Eyes","Rebound"],"picked":"SKIP","floor":3.0},{"not_picked":["Sweeping Beam","Streamline"],"picked":"Seek","floor":5.0},{"not_picked":["Reinforced Body","Gash","Force Field"],"picked":"SKIP","floor":6.0},{"not_picked":["Conserve Battery","Leap"],"picked":"Cold Snap","floor":10.0},{"not_picked":["Cold Snap","Storm","Reinforced Body"],"picked":"Singing Bowl","floor":11.0}],"player_experience":1425224,"relics_obtained":[{"floor":6.0,"key":"Pantograph"},{"floor":9.0,"key":"Singing Bowl"}],"event_choices":[{"cards_removed":["Strike_B"],"damage_healed":0.0,"max_hp_gain":0.0,"max_hp_loss":0.0,"gold_gain":0.0,"event_name":"Golden Wing","player_choice":"Card Removal","floor":4.0,"gold_loss":0.0,"damage_taken":7.0},{"damage_healed":0.0,"max_hp_gain":0.0,"max_hp_loss":7.0,"gold_gain":0.0,"event_name":"Golden Idol","player_choice":"Lose Max HP","floor":13.0,"gold_loss":0.0,"damage_taken":0.0,"relics_obtained":["Golden Idol"]},{"damage_healed":0,"gold_gain":0,"player_choice":"Fled","damage_taken":0,"max_hp_gain":0,"max_hp_loss":0,"event_name":"Scrap Ooze","floor":14,"gold_loss":0}],"is_beta":false,"boss_relics":[],"items_purged_floors":[],"is_endless":false,"potions_floor_spawned":[1,5,8,11],"killed_by":"Slime Boss","ascension_level":20}}