{"host":"rylkjufw9dlhr07b","time":1612224296,"event":{"mods":["AchievementEnabler","BaseMod","Better Note","BetterRewards","Hubris","Minty Spire (QoL Compilation)","Quick Restart","StSLib"],"gold_per_floor":[112,112,131,68,84,84,112,112,112,130,130,155,155,186,186,283,283,294,294,294,294,30,30,30,49,49,69,89,108,141,154,154,254,304,315,327,22,22,0,0,14,59,59,59,75,75,6,6,6,6],"floor_reached":51,"language":"FRA","playtime":3347,"items_purged":["Pain"],"score":1425,"play_id":"0e3e28f9-3f59-4b2a-8d47-a1fb42539dd5","local_time":"20210202010456","is_ascension_mode":true,"campfire_choices":[{"floor":6.0,"key":"REST"},{"floor":8.0,"key":"REST"},{"floor":15.0,"key":"REST"},{"data":"Worship","floor":24.0,"key":"SMITH"},{"data":"Weave","floor":32.0,"key":"SMITH"},{"floor":40.0,"key":"REST"},{"floor":49.0,"key":"REST"}],"circlet_count":0,"master_deck":["AscendersBane","Strike_P","Strike_P","Strike_P","Defend_P","Defend_P","Defend_P","Eruption","Vigilance","Prostrate","Finesse","Weave+1","CutThroughFate","ThirdEye","Protect","Judgement+1","Wallop","Pray","TalkToTheHand","EmptyBody+1","Perseverance","Worship+1","Pray","EmptyBody","Prostrate+1","Tantrum","CutThroughFate","BowlingBash+1","FearNoEvil+1","Weave","FlurryOfBlows+1","CarveReality","JustLucky","Alpha+1","JustLucky","TalkToTheHand+1","Weave"],"relics":["PureWater","TeardropLocket","hubris:BundleOfHerbs","InkBottle","Torii","hubris:OldNail","Lantern","Art of War","Boot","Orichalcum","Philosopher\u0027s Stone","hubris:DeckOfHolding","WarpedTongs","Sling","hubris:CrystalStatue","WingedGreaves","Tiny House","Oddly Smooth Stone","Red Mask","Thread and Needle","Strawberry","hubris:Icosahedron"],"acts_visited":["Exordium","TheCity","TheBeyond"],"potions_floor_usage":[50],"damage_taken":[{"damage":0.0,"enemies":"2 Louse","floor":1.0,"turns":1.0},{"damage":0.0,"enemies":"Cultist","floor":3.0,"turns":1.0},{"damage":0.0,"enemies":"Jaw Worm","floor":5.0,"turns":1.0},{"damage":23.0,"enemies":"3 Sentries","floor":7.0,"turns":7.0},{"damage":8.0,"enemies":"Lots of Slimes","floor":10.0,"turns":4.0},{"damage":0.0,"enemies":"Lagavulin","floor":12.0,"turns":8.0},{"damage":1.0,"enemies":"3 Sentries","floor":14.0,"turns":6.0},{"damage":2.0,"enemies":"The Guardian","floor":16.0,"turns":13.0},{"damage":12.0,"enemies":"2 Thieves","floor":18.0,"turns":5.0},{"damage":1.0,"enemies":"Spheric Guardian","floor":25.0,"turns":4.0},{"damage":0.0,"enemies":"Centurion and Healer","floor":27.0,"turns":4.0},{"damage":0.0,"enemies":"Shelled Parasite and Fungi","floor":28.0,"turns":2.0},{"damage":0.0,"enemies":"Cultist and Chosen","floor":29.0,"turns":4.0},{"damage":0.0,"enemies":"Gremlin Leader","floor":30.0,"turns":3.0},{"damage":1.0,"enemies":"Centurion and Healer","floor":31.0,"turns":4.0},{"damage":36.0,"enemies":"Automaton","floor":33.0,"turns":8.0},{"damage":45.0,"enemies":"3 Darklings","floor":35.0,"turns":6.0},{"damage":0.0,"enemies":"Orb Walker","floor":36.0,"turns":1.0},{"damage":2.0,"enemies":"Writhing Mass","floor":41.0,"turns":5.0},{"damage":19.0,"enemies":"2 Orb Walkers","floor":42.0,"turns":5.0},{"damage":2.0,"enemies":"Maw","floor":45.0,"turns":7.0},{"damage":54,"enemies":"hubris:GrandSnecko","floor":50,"turns":11}],"seed_played":"6549208173428766109","potions_obtained":[{"floor":5.0,"key":"PowerPotion"},{"floor":7.0,"key":"EssenceOfSteel"},{"floor":18.0,"key":"LiquidMemories"},{"floor":25.0,"key":"SteroidPotion"},{"floor":28.0,"key":"Dexterity Potion"},{"floor":30.0,"key":"DistilledChaos"},{"floor":34.0,"key":"FearPotion"},{"floor":41.0,"key":"EntropicBrew"}],"is_trial":false,"path_per_floor":["M","?","M","?","M","R","E","R","T","M","T","E","?","E","R","B",null,"M","T","?","?","$","?","R","M","T","M","M","M","E","M","R","B",null,"M","M","$","?","?","R","M","?","T","NS","M","?","$","?","R","B",null],"character_chosen":"WATCHER","items_purchased":["TeardropLocket","Prostrate","hubris:BundleOfHerbs","Finesse","Weave","CutThroughFate","InkBottle","Sling","EmptyBody","Alpha","Oddly Smooth Stone","Weave"],"campfire_rested":5,"item_purchase_floors":[0,0,0,0,0,0,0,22,22,37,37,47],"current_hp_per_floor":[29,29,29,29,29,50,27,48,48,40,40,40,40,39,60,58,69,57,57,57,57,57,82,82,81,81,81,81,81,81,80,80,44,78,33,33,33,33,33,59,57,38,45,45,43,43,43,46,75,21],"gold":6,"neow_bonus":"","is_daily":false,"chose_seed":false,"campfire_upgraded":2,"win_rate":0.0,"timestamp":1612224296,"path_taken":["M","?","?","?","?","R","E","R","T","M","?","E","?","E","R","BOSS","M","?","?","?","$","?","R","M","T","M","M","?","E","M","R","BOSS","M","M","$","?","?","R","M","?","T","NS","?","?","$","?","R","BOSS"],"items_purchased_type":["Relic","Card","Relic","Card","Card","Card","Relic","Relic","Card","Card","Relic","Card"],"build_version":"2020-12-22","purchased_purges":1,"victory":true,"max_hp_per_floor":[72,72,72,72,72,72,72,72,72,72,72,72,72,72,72,72,72,72,72,72,72,72,82,82,82,82,82,82,82,82,82,82,82,87,87,87,87,87,87,87,87,87,94,94,94,94,94,97,97,97],"card_choices":[{"not_picked":["EmptyBody","Protect"],"picked":"ThirdEye","floor":1.0},{"not_picked":["Evaluate","ThirdEye"],"picked":"Judgement","floor":3.0},{"not_picked":["BowlingBash","Crescendo"],"picked":"Wallop","floor":5.0},{"not_picked":["ConjureBlade","Crescendo"],"picked":"Pray","floor":7.0},{"not_picked":["SashWhip","CrushJoints"],"picked":"TalkToTheHand","floor":10.0},{"not_picked":["ReachHeaven","Fasting2"],"picked":"EmptyBody","floor":12.0},{"not_picked":["Halt","Vengeance"],"picked":"Perseverance","floor":14.0},{"not_picked":["Vault","MasterReality"],"picked":"Judgement","floor":16.0},{"not_picked":["Halt","DeceiveReality"],"picked":"Worship","floor":18.0},{"not_picked":["EmptyFist+1","BowlingBash"],"picked":"Prostrate+1","floor":25.0},{"not_picked":["Collect","InnerPeace"],"picked":"Tantrum","floor":27.0},{"not_picked":["Conclude","ThirdEye+1"],"picked":"CutThroughFate","floor":28.0},{"not_picked":["Wireheading","CrushJoints"],"picked":"BowlingBash+1","floor":29.0},{"not_picked":["CutThroughFate","BattleHymn"],"picked":"FearNoEvil+1","floor":30.0},{"not_picked":["Halt","JustLucky"],"picked":"Weave","floor":31.0},{"not_picked":["ConjureBlade","Omniscience"],"picked":"Establishment","floor":33.0},{"not_picked":["Consecrate+1","WheelKick"],"picked":"FlurryOfBlows+1","floor":34.0},{"not_picked":["Halt","ThirdEye"],"picked":"CarveReality","floor":35.0},{"not_picked":["CrushJoints","CarveReality+1"],"picked":"JustLucky","floor":36.0},{"not_picked":["EmptyFist+1","BowlingBash+1","Fasting2"],"picked":"SKIP","floor":41.0},{"not_picked":["ConjureBlade","Prostrate"],"picked":"JustLucky","floor":42.0},{"not_picked":["SashWhip+1","CutThroughFate"],"picked":"TalkToTheHand+1","floor":45.0}],"player_experience":567986,"relics_obtained":[{"floor":7.0,"key":"hubris:OldNail"},{"floor":9.0,"key":"Lantern"},{"floor":11.0,"key":"Art of War"},{"floor":12.0,"key":"Boot"},{"floor":14.0,"key":"Orichalcum"},{"floor":19.0,"key":"hubris:DeckOfHolding"},{"floor":26.0,"key":"hubris:CrystalStatue"},{"floor":30.0,"key":"WingedGreaves"},{"floor":42.0,"key":"Thread and Needle"},{"floor":43.0,"key":"Strawberry"}],"event_choices":[{"damage_healed":0.0,"max_hp_gain":0.0,"max_hp_loss":0.0,"gold_gain":0.0,"cards_transformed":["Strike_P"],"event_name":"Transmorgrifier","player_choice":"Transformed","floor":2.0,"gold_loss":0.0,"damage_taken":0.0,"cards_obtained":["Protect"]},{"damage_healed":0.0,"max_hp_gain":0.0,"max_hp_loss":0.0,"gold_gain":0.0,"event_name":"WeMeetAgain","player_choice":"Paid Gold","floor":4.0,"gold_loss":63.0,"damage_taken":0.0,"relics_obtained":["Torii"]},{"damage_healed":0.0,"max_hp_gain":0.0,"max_hp_loss":0.0,"gold_gain":0.0,"event_name":"Upgrade Shrine","player_choice":"Upgraded","floor":13.0,"gold_loss":0.0,"damage_taken":0.0,"cards_upgraded":["Judgement"]},{"damage_healed":0.0,"max_hp_gain":0.0,"max_hp_loss":0.0,"gold_gain":0.0,"event_name":"Accursed Blacksmith","player_choice":"Rummage","floor":20.0,"gold_loss":0.0,"damage_taken":0.0,"relics_obtained":["WarpedTongs"],"cards_obtained":["Pain"]},{"damage_healed":0.0,"max_hp_gain":0.0,"max_hp_loss":0.0,"gold_gain":0.0,"cards_transformed":["Defend_P"],"event_name":"Transmorgrifier","player_choice":"Transformed","floor":21.0,"gold_loss":0.0,"damage_taken":0.0,"cards_obtained":["Pray"]},{"cards_removed":["Judgement"],"damage_healed":15.0,"max_hp_gain":10.0,"max_hp_loss":0.0,"gold_gain":0.0,"event_name":"Bonfire Elementals","player_choice":"Offered Rare","floor":23.0,"gold_loss":0.0,"damage_taken":0.0},{"cards_removed":["Establishment"],"damage_healed":0.0,"max_hp_gain":0.0,"max_hp_loss":0.0,"gold_gain":0.0,"event_name":"Falling","player_choice":"Removed Power","floor":38.0,"gold_loss":0.0,"damage_taken":0.0},{"damage_healed":0.0,"max_hp_gain":0.0,"max_hp_loss":0.0,"gold_gain":0.0,"event_name":"Tomb of Lord Red Mask","player_choice":"Paid","floor":39.0,"gold_loss":22.0,"damage_taken":0.0,"relics_obtained":["Red Mask"]},{"damage_healed":0.0,"max_hp_gain":0.0,"max_hp_loss":0.0,"gold_gain":0.0,"event_name":"Mysterious Sphere","player_choice":"Fight","floor":42.0,"gold_loss":0.0,"damage_taken":0.0}],"is_beta":false,"boss_relics":[{"not_picked":["Busted Crown","Runic Dome"],"picked":"Philosopher\u0027s Stone"},{"not_picked":["SacredBark","hubris:BlackHole"],"picked":"Tiny House"}],"items_purged_floors":[22],"is_endless":false,"potions_floor_spawned":[5,7,18,25,28,30,41,42],"ascension_level":10}}