{"host":"yb2vosf5gpvgythe","time":1612298343,"event":{"mods":["BaseMod","Downfall","Minty Spire (QoL Compilation)","StSLib","The Saiyan","egg"],"gold_per_floor":[394,481,511,523,635,672,684,119,119,119,143,143,143,74,74,176,176,187,187,187,197,53,103,133,133,182,194,275,300,313,313,313,313,313],"floor_reached":33,"language":"ENG","playtime":1644,"items_purged":[],"score":782,"play_id":"1a65d755-616b-4588-8356-e82292b91a49","local_time":"20210202153903","daily_mods":["SealedDeck","Hoarder","Chimera","Shiny","Specialized","Vintage","ControlledChaos","Allstar","Diverse","Heirloom","Time Dilation","Flight","downfall:Jewelcrafting","downfall:ChampStances","downfall:Improvised","Cursed Run","Lethality","downfall:Hexed","Binary"],"is_ascension_mode":false,"campfire_choices":[{"floor":7,"key":"REST"},{"data":"After Image","floor":10,"key":"SMITH"},{"data":"Saiyan:SenzuBean","floor":12,"key":"SMITH"},{"data":"Slimebound:DuplicatedForm","floor":15,"key":"SMITH"},{"data":"hexamod:ParanormalForm","floor":25,"key":"SMITH"},{"data":"Wraith Form v2","floor":32,"key":"SMITH"}],"circlet_count":0,"master_deck":["bronze:Strike+1","bronze:Strike+1","bronze:Strike+1","bronze:Defend+1","bronze:Defend+1","bronze:Defend+1","Demon Form","Wraith Form v2+1","Echo Form","DevaForm","bronze:Verify+1","Guardian:ConstructionForm","Saiyan:SuperSaiyanForm","Slimebound:DuplicatedForm+1","sneckomod:SerpentMind","Saiyan:SuperSaiyanThree","hexamod:HexaLevel","champ:GladiatorForm","Bash","Survivor","Zap","Eruption","Saiyan:TransfigurationBeam","Saiyan:GhostAttack","Saiyan:SuperSaiyanThree","Saiyan:HyperTimeChamber","Saiyan:TheBomb","Saiyan:Rekindle","Saiyan:SenzuBean+1","Saiyan:Momentum","Saiyan:MonkeyTail","Saiyan:MindBoom","Saiyan:GenkiDama","Saiyan:SolarFlare","Saiyan:MajinSeal","Guardian:SphericShield","Guardian:FastForward","Guardian:ExploitGems","Guardian:AncientConstruct","Guardian:FierceBash","Guardian:StasisStrike","Guardian:HyperBeam_Guardian","Guardian:StasisField","Guardian:RevengeProtocol","Guardian:ConstructionForm","Guardian:GatlingBeam","Guardian:TimeSifter","Guardian:BaubleBeam","champ:LastStand","champ:Improvising","champ:GladiatorForm","champ:Devastate","champ:TripleStrike","champ:IgnorePain","champ:SwordThrow","champ:ShieldThrow","champ:HoldFirm","champ:UltimateStance","champ:MurderStrike","champ:HeavySlash+1","champ:SteelEdge","champ:CheapShot","champ:DancingMaster","champ:VampiricStrike","champ:StrikeOfGenius","bronze:BurnOut","bronze:Break","bronze:CleanCode","bronze:HardenedForm","bronze:ThunderWave","bronze:SpaghettiCode","bronze:RecursiveStrike","bronze:AlphaBuild","bronze:Virus","bronze:Format","bronze:Verify","bronze:Mutator","bronze:Assembly","bronze:ShipIt","bronze:FindAndReplace","bronze:HyperBeam","Slimebound:Darklings","Slimebound:MassRepurpose","Slimebound:SelfFormingGoo","Slimebound:DouseInSlime","Slimebound:Teamwork","Slimebound:LeechLife","Slimebound:CheckThePlaybook","Slimebound:PrepareCrush+1","Slimebound:MassFeed","Slimebound:MinionMaster","Slimebound:DuplicatedForm","Slimebound:SlimeSlap","Slimebound:FirmFortitude","Slimebound:Overexert","Slimebound:OneTwoCombo","Slimebound:OozeBath","Slimebound:TagTeam","Slimebound:RallyTheTroops","Slimebound:WasteNot","hexamod:UnleashSpirits+1","hexamod:HexaLevel","hexamod:SixthSeal","hexamod:WildfireWeapon","hexamod:VolcanoVisage","hexamod:TimeOfNeed","hexamod:FifthSeal","hexamod:ForkedFlame","hexamod:SearingWound","hexamod:GhostflameInferno","hexamod:ParanormalForm+1","hexamod:UnlimitedPower","hexamod:TurnItUp+1","hexamod:TimeWarp","hexamod:GhostOfSpirePresent","sneckomod:SerpentMind","sneckomod:SoulExchange","sneckomod:UnknownRarePower","sneckomod:UnlimitedRolls","sneckomod:UnknownRareSkill","sneckomod:Restock","sneckomod:MorePower","sneckomod:UnknownBoss","sneckomod:Unknown3Cost","sneckomod:Mudshield","sneckomod:UnknownRareAttack","sneckomod:Cheat","sneckomod:DangerNoodle","Devotion","LessonLearned","Vault","Establishment","Judgement","MasterReality","Blasphemy","Scrawl","Wish","Brilliance","Alpha","DeusExMachina","ConjureBlade","Ragnarok","Omniscience","SpiritShield","DevaForm","Hyperbeam","Machine Learning","Buffer","All For One","Core Surge","Multi-Cast","Thunder Strike","Electrodynamics","Rainbow","Seek","Echo Form","Reboot","Fission","Biased Cognition","Meteor Strike","Amplify","Creative AI","Corpse Explosion","Adrenaline","Wraith Form v2","Venomology","Malaise","Phantasmal Killer","Unload","Bullet Time","Grand Finale","Die Die Die","Envenom","Doppelganger","Burst","Tools of the Trade","After Image+1","A Thousand Cuts","Night Terror","Storm of Steel","Glass Knife","Double Tap","Fiend Fire","Exhume","Bludgeon","Limit Break","Demon Form","Berserk","Impervious","Juggernaut","Brutality","Offering","Feed","Corruption","Barricade","Reaper","Immolate","Guardian:ExploitGems","Guardian:ExploitGems","sneckomod:UnknownCommonAttack","sneckomod:UnknownCommonAttack","sneckomod:UnknownCommonAttack","sneckomod:UnknownCommonSkill+1","sneckomod:UnknownCommonSkill","sneckomod:UnknownCommonSkill","sneckomod:UnknownUncommonAttack","sneckomod:UnknownUncommonSkill","sneckomod:UnknownUncommonPower","sneckomod:Unknown","Slimebound:OneTwoCombo","Slimebound:OneTwoCombo","Slimebound:OneTwoCombo","Slimebound:OneTwoCombo","Slimebound:OneTwoCombo","Slimebound:OneTwoCombo","Slimebound:OneTwoCombo","Slimebound:OneTwoCombo","Slimebound:OneTwoCombo","Slimebound:OneTwoCombo","Slimebound:OneTwoCombo","Slimebound:OneTwoCombo","Slimebound:OneTwoCombo","Slimebound:OneTwoCombo","Slimebound:OneTwoCombo","sneckomod:UnknownCommonSkill","sneckomod:UnknownCommonSkill","sneckomod:UnknownCommonSkill","Hello World","Hello World","Hello World","sneckomod:UnendingSupply","sneckomod:UnendingSupply","sneckomod:UnendingSupply","Go for the Eyes","Go for the Eyes+1","Go for the Eyes","bronze:Branch","bronze:Branch","bronze:Branch","Tantrum","Tantrum","Tantrum","Saiyan:Afterimage","Saiyan:Afterimage","Saiyan:Afterimage","Dash","Dash","Dash","sneckomod:UnknownClassSAIYAN_CARD_COLOR","sneckomod:UnknownClassSAIYAN_CARD_COLOR","sneckomod:UnknownClassSAIYAN_CARD_COLOR","Saiyan:DoubleMasenko","Saiyan:DoubleMasenko","Saiyan:DoubleMasenko","CurseOfTheBell","CurseOfTheBell","CurseOfTheBell","CurseOfTheBell","CurseOfTheBell","CurseOfTheBell","Parasite","Parasite","Parasite","Guardian:StasisField","Guardian:StasisField","Guardian:StasisField","Decay","Decay","Decay","Pain","Pain","Pain","Master of Strategy","Master of Strategy","Master of Strategy","WheelKick+1","WheelKick+1","WheelKick+1","sneckomod:UnknownUncommonPower+1","sneckomod:UnknownUncommonPower+1","sneckomod:UnknownUncommonPower+1","hexamod:SecondSeal","hexamod:SecondSeal","hexamod:SecondSeal"],"relics":["Snecko Eye","Unceasing Top","Busted Crown","Guardian:PickAxe","champ:ChampStancesModRelic","Velvet Choker","bronze:AnalyticalCore","Old Coin","MawBank","Matryoshka","downfall:ExtraCursedBell","Molten Egg 2","MealTicket","FossilizedHelix","Turnip","Eternal Feather","Potion Belt","Omamori","Centennial Puzzle","Odd Mushroom","Art of War","Coffee Dripper","Boot","Toy Ornithopter","Guardian:PocketSentry","Bird Faced Urn","Strawberry","Tiny Chest","Whetstone","Red Mask","hexamod:BolsterEngine","Lantern","War Paint","The Courier","Pen Nib","Pocketwatch"],"acts_visited":["Exordium","TheCity"],"potions_floor_usage":[23,23,23,23,33,33,33],"damage_taken":[{"damage":5.0,"enemies":"Small Slimes","floor":1.0,"turns":1.0},{"damage":0.0,"enemies":"2 Louse","floor":3.0,"turns":1.0},{"damage":38,"enemies":"3 Sentries","floor":6,"turns":3},{"damage":0,"enemies":"The Mushroom Lair","floor":11,"turns":2},{"damage":0,"enemies":"Hexaghost","floor":16,"turns":2},{"damage":0,"enemies":"2 Thieves","floor":18,"turns":1},{"damage":10,"enemies":"Shell Parasite","floor":21,"turns":3},{"damage":41,"enemies":"Book of Stabbing","floor":23,"turns":5},{"damage":0,"enemies":"Masked Bandits","floor":24,"turns":2},{"damage":0,"enemies":"Snecko","floor":27,"turns":2},{"damage":0,"enemies":"Snake Plant","floor":30,"turns":2},{"damage":0,"enemies":"Champ","floor":33,"turns":2}],"seed_played":"4667029469021338957","potions_obtained":[{"floor":6,"key":"sneckomod:MuddlingPotion"},{"floor":16,"key":"SkillPotion"},{"floor":18,"key":"SteroidPotion"},{"floor":21,"key":"BlessingOfTheForge"},{"floor":24,"key":"EssenceOfSteel"},{"floor":27,"key":"EntropicBrew"}],"is_trial":true,"path_per_floor":["M","?","M","?","?","E","R","$","T","R","?","R","?","$","R","B",null,"M","?","?","M","$","E","?","R","T","M","T","T","M","?","R","B"],"character_chosen":"SAIYAJIN","items_purchased":["Eternal Feather","Potion Belt","Master of Strategy","WheelKick+1","Strawberry"],"campfire_rested":1,"item_purchase_floors":[8,8,8,14,22],"current_hp_per_floor":[60,49,49,37,42,17,37,52,52,68,68,68,43,58,68,68,68,68,68,68,71,78,78,78,78,78,78,78,78,78,78,78,63,63],"gold":313,"neow_bonus":"","is_daily":false,"chose_seed":false,"campfire_upgraded":5,"win_rate":0.0,"timestamp":1612298343,"path_taken":["M","?","M","?","?","E","R","$","T","R","?","R","?","?","R","BOSS","M","?","?","M","?","E","?","R","T","?","?","?","M","?","R","BOSS"],"items_purchased_type":["Relic","Relic","Card","Card","Relic"],"build_version":"2020-12-22","purchased_purges":0,"victory":false,"max_hp_per_floor":[60,60,60,60,65,68,68,68,68,68,68,68,68,68,68,68,68,68,68,68,71,78,78,78,78,78,78,78,78,78,78,78,78,78],"card_choices":[{"not_picked":["sneckomod:UnknownClassHEXA_GHOST_PURPLE+1","sneckomod:UnknownClassRED+1"],"picked":"sneckomod:UnknownUncommonPower+1","floor":23},{"not_picked":["hexamod:ThirdSeal","hexamod:FirstSeal"],"picked":"hexamod:SecondSeal","floor":23}],"player_experience":509969,"relics_obtained":[{"floor":1.0,"key":"MawBank"},{"floor":3.0,"key":"Matryoshka"},{"floor":5.0,"key":"Molten Egg 2"},{"floor":5.0,"key":"MealTicket"},{"floor":5.0,"key":"FossilizedHelix"},{"floor":6,"key":"Turnip"},{"floor":9,"key":"Omamori"},{"floor":9,"key":"Centennial Puzzle"},{"floor":11,"key":"Odd Mushroom"},{"floor":18,"key":"Boot"},{"floor":21,"key":"Guardian:PocketSentry"},{"floor":21,"key":"Bird Faced Urn"},{"floor":23,"key":"Tiny Chest"},{"floor":23,"key":"Whetstone"},{"floor":24,"key":"Red Mask"},{"floor":26,"key":"hexamod:BolsterEngine"},{"floor":26,"key":"Lantern"},{"floor":27,"key":"War Paint"},{"floor":28,"key":"The Courier"},{"floor":29,"key":"Pen Nib"},{"floor":30,"key":"Pocketwatch"}],"event_choices":[{"damage_healed":0.0,"max_hp_gain":0.0,"max_hp_loss":0.0,"gold_gain":75.0,"event_name":"World of Goop","player_choice":"Gather Gold","floor":2.0,"gold_loss":0.0,"damage_taken":11.0},{"damage_healed":0.0,"max_hp_gain":0.0,"max_hp_loss":0.0,"gold_gain":0.0,"event_name":"Shining Light","player_choice":"Entered Light","floor":4.0,"gold_loss":0.0,"damage_taken":12.0,"cards_upgraded":["Go for the Eyes","bronze:Verify"]},{"damage_healed":0,"gold_gain":0,"player_choice":"Fought Mushrooms","damage_taken":0,"max_hp_gain":0,"max_hp_loss":0,"event_name":"Mushrooms","floor":11,"gold_loss":0},{"damage_healed":0,"gold_gain":0,"player_choice":"Success","damage_taken":25,"relics_obtained":["Art of War"],"max_hp_gain":0,"max_hp_loss":0,"event_name":"Scrap Ooze","floor":13,"gold_loss":0},{"damage_healed":0,"gold_gain":0,"player_choice":"Opened","damage_taken":0,"relics_obtained":["Toy Ornithopter"],"max_hp_gain":0,"max_hp_loss":0,"event_name":"The Mausoleum","floor":19,"gold_loss":0,"cards_obtained":["Writhe"]},{"damage_healed":0,"gold_gain":0,"player_choice":"Simplicity","damage_taken":0,"max_hp_gain":0,"max_hp_loss":0,"event_name":"Back to Basics","floor":20,"gold_loss":0,"cards_upgraded":["bronze:Strike","bronze:Strike","bronze:Strike","bronze:Defend","bronze:Defend","bronze:Defend"]},{"damage_healed":0,"gold_gain":0,"player_choice":"Fought Bandits","damage_taken":0,"max_hp_gain":0,"max_hp_loss":0,"event_name":"Masked Bandits","floor":24,"gold_loss":0},{"damage_healed":0,"gold_gain":0,"player_choice":"Ignored","damage_taken":0,"max_hp_gain":0,"max_hp_loss":0,"event_name":"Vampires","floor":31,"gold_loss":0}],"is_beta":false,"boss_relics":[{"not_picked":["SacredBark","SlaversCollar"],"picked":"Coffee Dripper"}],"items_purged_floors":[],"is_endless":true,"potions_floor_spawned":[6,16,18,21,24,27],"killed_by":"Champ","ascension_level":0}}