{"host":"seujf6kmfn3ctpoe","time":1612265519,"event":{"mods":["BaseMod","Colored Map","Minty Spire (QoL Compilation)","Permanent Neow","Relic Sorter","Relic Stats","StSLib"],"gold_per_floor":[118,118,135,135,160,160,191,210,210,228,242,242,242,286,286,412,412,430,450,450,450,16,59,59,59,110,110,161,161,36,36,36,160,160,185,185,200,215,136,136,136,109,156,156,196,196,215,251,251,251],"floor_reached":51,"language":"ENG","playtime":2771,"items_purged":[],"score":886,"play_id":"6868b611-3ecf-47ac-a044-7e1f9220e90d","local_time":"20210202123159","is_ascension_mode":true,"campfire_choices":[{"data":"Loop","floor":6,"key":"SMITH"},{"data":"Dualcast","floor":12,"key":"SMITH"},{"data":"Zap","floor":15,"key":"SMITH"},{"floor":27,"key":"REST"},{"floor":29,"key":"REST"},{"floor":32,"key":"REST"},{"floor":40,"key":"REST"},{"data":"Self Repair","floor":41,"key":"SMITH"},{"data":"Biased Cognition","floor":46,"key":"SMITH"},{"data":"Consume","floor":49,"key":"SMITH"}],"circlet_count":0,"master_deck":["Strike_B+1","Strike_B+1","Defend_B+1","Defend_B+1","Defend_B+1","Defend_B+1","Zap+1","Dualcast+1","Rainbow+1","Leap","Loop+1","Compile Driver","Consume+1","Barrage+1","Barrage+1","Biased Cognition+1","Lockon+1","Cold Snap+1","Ghostly","Ghostly","Ghostly","Ghostly","Ghostly","Capacitor","Ball Lightning+1","Coolheaded","Leap","Leap","Tempest+1","Capacitor","Ball Lightning+1","Self Repair+1","Capacitor","Conserve Battery","Auto Shields+1"],"relics":["Cracked Core","Dream Catcher","Lizard Tail","Molten Egg 2","Golden Idol","Matryoshka","Empty Cage","Pear","Happy Flower","Mummified Hand","Tiny Chest","WingedGreaves","Runic Pyramid","Ancient Tea Set","Vajra","HornCleat","Nunchaku","Lantern"],"acts_visited":["Exordium","TheCity","TheBeyond"],"potions_floor_usage":[7,19,23,28,33,37,45,50],"damage_taken":[{"damage":0,"enemies":"Cultist","floor":1,"turns":4},{"damage":0,"enemies":"Jaw Worm","floor":3,"turns":4},{"damage":10,"enemies":"3 Sentries","floor":7,"turns":8},{"damage":0,"enemies":"Small Slimes","floor":8,"turns":2},{"damage":3,"enemies":"2 Fungi Beasts","floor":10,"turns":4},{"damage":4,"enemies":"Blue Slaver","floor":11,"turns":5},{"damage":12,"enemies":"Lagavulin","floor":14,"turns":7},{"damage":25,"enemies":"Hexaghost","floor":16,"turns":10},{"damage":33,"enemies":"2 Thieves","floor":18,"turns":4},{"damage":29,"enemies":"3 Byrds","floor":19,"turns":6},{"damage":45,"enemies":"Gremlin Leader","floor":23,"turns":9},{"damage":15,"enemies":"Slavers","floor":28,"turns":7},{"damage":1,"enemies":"Champ","floor":33,"turns":10},{"damage":0,"enemies":"Orb Walker","floor":35,"turns":4},{"damage":3,"enemies":"3 Darklings","floor":37,"turns":7},{"damage":14,"enemies":"Jaw Worm Horde","floor":38,"turns":6},{"damage":0,"enemies":"Giant Head","floor":45,"turns":9},{"damage":0,"enemies":"Spire Growth","floor":47,"turns":5},{"damage":3,"enemies":"Nemesis","floor":48,"turns":7},{"damage":0,"enemies":"Donu and Deca","floor":50,"turns":9}],"seed_played":"-1627214033847692343","potions_obtained":[{"floor":3,"key":"SkillPotion"},{"floor":11,"key":"Regen Potion"},{"floor":16,"key":"SpeedPotion"},{"floor":23,"key":"ColorlessPotion"},{"floor":33,"key":"GamblersBrew"},{"floor":35,"key":"Dexterity Potion"},{"floor":36,"key":"Fruit Juice"},{"floor":36,"key":"Ancient Potion"},{"floor":36,"key":"CultistPotion"},{"floor":37,"key":"Block Potion"},{"floor":45,"key":"FearPotion"}],"is_trial":false,"path_per_floor":["M","?","M","?","T","R","E","M","T","M","M","R","?","E","R","B",null,"M","M","?","?","$","E","?","?","T","R","E","R","$","$","R","B",null,"M","?","M","M","$","R","R","$","T","T","E","R","M","E","R","B",null],"character_chosen":"DEFECT","items_purchased":["Capacitor","Ball Lightning+1","Pear","Coolheaded","Leap","Ancient Potion","Block Potion","Self Repair","Conserve Battery"],"campfire_rested":4,"item_purchase_floors":[22,22,22,22,22,30,30,39,42],"current_hp_per_floor":[75,75,75,80,80,80,70,70,70,67,63,63,63,51,51,26,74,41,12,12,24,34,4,4,4,4,18,3,17,17,17,31,30,47,47,47,49,35,35,50,50,50,50,50,52,52,52,52,52,52],"gold":251,"neow_bonus":"ONE_RANDOM_RARE_CARD","is_daily":false,"chose_seed":false,"campfire_upgraded":6,"win_rate":0.0,"timestamp":1612265519,"path_taken":["M","?","M","?","?","R","E","M","T","M","?","R","?","E","R","BOSS","M","M","?","?","$","E","?","?","T","R","E","R","$","$","R","BOSS","M","?","?","M","$","R","R","?","T","?","E","R","M","E","R","BOSS"],"items_purchased_type":["Card","Card","Relic","Card","Card","Potion","Potion","Card","Card"],"build_version":"2020-12-22","purchased_purges":0,"victory":true,"max_hp_per_floor":[75,75,75,80,80,80,80,80,80,80,80,80,74,74,74,74,74,74,74,37,37,47,47,47,47,47,47,47,47,47,47,47,47,47,47,47,52,52,52,52,52,52,52,52,52,52,52,52,52,52],"relic_stats":{"Dream Catcher":4,"Lizard Tail":0,"Nunchaku":[2],"Happy Flower":[21],"counters":[20,125],"Golden Idol":138,"Mummified Hand":[38],"Tiny Chest":1,"obtain_stats":[{"Lantern":48,"Pear":22,"Happy Flower":23,"Golden Idol":13,"Vajra":43,"Empty Cage":17,"Ancient Tea Set":43,"Dream Catcher":5,"Lizard Tail":7,"Nunchaku":45,"Matryoshka":14,"HornCleat":44,"Mummified Hand":26,"Molten Egg 2":9,"Tiny Chest":26,"WingedGreaves":28,"Cracked Core":0,"Runic Pyramid":34},{"Lantern":19,"Pear":10,"Happy Flower":11,"Golden Idol":6,"Vajra":16,"Empty Cage":8,"Ancient Tea Set":16,"Dream Catcher":2,"Lizard Tail":3,"Nunchaku":17,"Matryoshka":7,"HornCleat":16,"Mummified Hand":11,"Molten Egg 2":4,"Tiny Chest":11,"WingedGreaves":12,"Cracked Core":0,"Runic Pyramid":13},{"Lantern":117,"Pear":53,"Happy Flower":62,"Golden Idol":26,"Vajra":96,"Empty Cage":43,"Ancient Tea Set":96,"Dream Catcher":8,"Lizard Tail":16,"Nunchaku":105,"Matryoshka":33,"HornCleat":96,"Mummified Hand":62,"Molten Egg 2":18,"Tiny Chest":62,"WingedGreaves":69,"Cracked Core":0,"Runic Pyramid":79}]},"card_choices":[{"not_picked":["Static Discharge","Gash"],"picked":"Leap","floor":1},{"not_picked":["Compile Driver","Steam"],"picked":"Loop","floor":3},{"not_picked":["Beam Cell","Loop"],"picked":"Compile Driver","floor":7},{"not_picked":["Melter","Turbo","Doom and Gloom"],"picked":"SKIP","floor":8},{"not_picked":["Consume","Redo","Loop"],"picked":"SKIP","floor":10},{"not_picked":["Redo","Loop"],"picked":"Consume","floor":10},{"not_picked":["Streamline+1","FTL+1"],"picked":"Barrage+1","floor":11},{"not_picked":["Tempest","Coolheaded"],"picked":"Barrage+1","floor":14},{"not_picked":["Echo Form","Rainbow"],"picked":"Biased Cognition","floor":16},{"not_picked":["Streamline+1","Rebound+1"],"picked":"Lockon+1","floor":18},{"not_picked":["Stack","Sweeping Beam+1"],"picked":"Cold Snap+1","floor":19},{"not_picked":["Streamline+1","Hello World"],"picked":"Leap","floor":23},{"not_picked":["Go for the Eyes+1","Beam Cell+1"],"picked":"Tempest+1","floor":27},{"not_picked":["Hologram","Storm+1","Coolheaded"],"picked":"SKIP","floor":28},{"not_picked":["All For One+1","Leap"],"picked":"Capacitor","floor":29},{"not_picked":["BootSequence","Rebound+1"],"picked":"Ball Lightning+1","floor":32},{"not_picked":["Scrape+1","Rebound+1","Reprogram+1"],"picked":"SKIP","floor":35},{"not_picked":["Chill","Coolheaded+1","Steam+1"],"picked":"SKIP","floor":37},{"not_picked":["Steam","Streamline+1","Gash+1"],"picked":"SKIP","floor":38},{"not_picked":["Conserve Battery+1","Turbo"],"picked":"Capacitor","floor":40},{"not_picked":["Rainbow","Barrage+1"],"picked":"Auto Shields+1","floor":45},{"not_picked":["BootSequence+1","Redo","Storm"],"picked":"SKIP","floor":47},{"not_picked":["Fusion","Redo","Aggregate"],"picked":"SKIP","floor":48}],"player_experience":404081,"relics_obtained":[{"floor":5,"key":"Dream Catcher"},{"floor":7,"key":"Lizard Tail"},{"floor":9,"key":"Molten Egg 2"},{"floor":14,"key":"Matryoshka"},{"floor":23,"key":"Happy Flower"},{"floor":26,"key":"Mummified Hand"},{"floor":26,"key":"Tiny Chest"},{"floor":28,"key":"WingedGreaves"},{"floor":43,"key":"Ancient Tea Set"},{"floor":43,"key":"Vajra"},{"floor":44,"key":"HornCleat"},{"floor":45,"key":"Nunchaku"},{"floor":48,"key":"Lantern"}],"event_choices":[{"damage_healed":0,"gold_gain":0,"player_choice":"Grow","damage_taken":0,"max_hp_gain":0,"max_hp_loss":0,"event_name":"Living Wall","floor":2,"gold_loss":0,"cards_upgraded":["Rainbow"]},{"damage_healed":0,"gold_gain":0,"player_choice":"Donut","damage_taken":0,"max_hp_gain":5,"max_hp_loss":0,"event_name":"Big Fish","floor":4,"gold_loss":0},{"damage_healed":0,"gold_gain":0,"player_choice":"Lose Max HP","damage_taken":0,"relics_obtained":["Golden Idol"],"max_hp_gain":0,"max_hp_loss":6,"event_name":"Golden Idol","floor":13,"gold_loss":0},{"damage_healed":0,"gold_gain":0,"player_choice":"Became a Ghost","damage_taken":0,"max_hp_gain":0,"max_hp_loss":37,"event_name":"Ghosts","floor":20,"gold_loss":0,"cards_obtained":["Ghostly","Ghostly","Ghostly","Ghostly","Ghostly"]},{"damage_healed":12,"gold_gain":0,"player_choice":"Heal","damage_taken":0,"max_hp_gain":0,"max_hp_loss":0,"event_name":"The Library","floor":21,"gold_loss":0},{"damage_healed":0,"gold_gain":0,"player_choice":"Simplicity","damage_taken":0,"max_hp_gain":0,"max_hp_loss":0,"event_name":"Back to Basics","floor":24,"gold_loss":0,"cards_upgraded":["Strike_B","Strike_B","Defend_B","Defend_B","Defend_B","Defend_B"]},{"damage_healed":0,"gold_gain":0,"player_choice":"Ignored","damage_taken":0,"max_hp_gain":0,"max_hp_loss":0,"event_name":"The Mausoleum","floor":25,"gold_loss":0},{"damage_healed":0,"gold_gain":0,"player_choice":"Got Potions","damage_taken":0,"max_hp_gain":0,"max_hp_loss":0,"event_name":"Lab","floor":36,"gold_loss":0}],"is_beta":false,"boss_relics":[{"not_picked":["Snecko Eye","FrozenCore"],"picked":"Empty Cage"},{"not_picked":["Astrolabe","Pandora\u0027s Box"],"picked":"Runic Pyramid"}],"items_purged_floors":[],"is_endless":false,"potions_floor_spawned":[3,11,16,23,33,35,37,45],"ascension_level":1}}