{"host":"9kesdg97wkrx2bva","time":1612249471,"event":{"mods":["AchievementEnabler","BaseMod","Colored Map","GifTheSpireLib","Infinite Spire","Minty Spire (QoL Compilation)","Replay The Spire","StSLib"],"gold_per_floor":[115,115,178,248,298,327,345,395,395,46,74,124,124,156,156,230,330,344,394,444,463,513,513,513,513],"floor_reached":24,"language":"ENG","playtime":791,"items_purged":["Strike_B"],"score":403,"play_id":"49a62e93-09b9-448c-a9d9-9c6bdb7c16fd","local_time":"20210202010431","is_ascension_mode":true,"campfire_choices":[{"floor":13,"key":"REST"},{"floor":15,"key":"REST"},{"floor":23,"key":"REST"}],"circlet_count":0,"master_deck":["AscendersBane","Strike_B+1","Defend_B+1","Defend_B+1","Defend_B+1","Defend_B+1","Zap","Dualcast","Gash","Rebound","Go for the Eyes","Scrape","White Noise","Seek","Defragment","ReplayTheSpireMod:Fabricate Wheel","Hologram","ReplayTheSpireMod:Calculation Training+1"],"relics":["Cracked Core","Anchor","SsserpentHead","The Courier","infinitespire:Eraser","Quantum Egg","MealTicket","Bronze Scales","Replay:Wanted Poster","Pen Nib"],"acts_visited":["Exordium","TheCity"],"potions_floor_usage":[6,6,11,18,21],"damage_taken":[{"damage":7,"enemies":"2 Louse","floor":1,"turns":3},{"damage":6,"enemies":"Cultist","floor":3,"turns":3},{"damage":2,"enemies":"Jaw Worm","floor":4,"turns":3},{"damage":36,"enemies":"Gremlin Nob","floor":6,"turns":5},{"damage":0,"enemies":"2 Fungi Beasts","floor":7,"turns":3},{"damage":8,"enemies":"Replay:BlueRogue","floor":11,"turns":7},{"damage":15,"enemies":"Lagavulin","floor":14,"turns":6},{"damage":27,"enemies":"Hexaghost","floor":16,"turns":9},{"damage":39,"enemies":"Chosen","floor":18,"turns":7},{"damage":0,"enemies":"3 Byrds","floor":21,"turns":4},{"damage":62,"enemies":"Cultist and Chosen","floor":24,"turns":4}],"seed_played":"-5216308633547433914","potions_obtained":[{"floor":3,"key":"Block Potion"},{"floor":4,"key":"Weak Potion"},{"floor":6,"key":"Elixir"},{"floor":14,"key":"Explosive Potion"},{"floor":18,"key":"Adrenaline Potion"}],"is_trial":false,"path_per_floor":["M","?","M","M","?","E","M","?","T","$","E","?","R","E","R","B",null,"M","$","T","M","?","R","M"],"character_chosen":"DEFECT","items_purchased":["Quantum Egg","White Noise"],"campfire_rested":3,"item_purchase_floors":[10,10],"current_hp_per_floor":[57,57,51,49,49,13,13,13,13,13,5,5,26,11,32,5,55,16,31,31,31,31,52,0,0],"gold":513,"neow_bonus":"RANDOM_COMMON_RELIC","is_daily":false,"chose_seed":false,"campfire_upgraded":0,"win_rate":0.0,"timestamp":1612249471,"path_taken":["M","?","?","?","?","E","M","?","T","$","E","?","R","E","R","BOSS","M","?","?","M","?","R","M"],"items_purchased_type":["Relic","Card"],"build_version":"2020-12-22","purchased_purges":1,"victory":false,"max_hp_per_floor":[71,71,71,71,71,71,71,71,71,71,71,71,71,71,71,71,71,71,71,71,71,71,71,71,71],"card_choices":[{"not_picked":["Barrage","ReplayTheSpireMod:GoodbyeWorld"],"picked":"Gash","floor":1},{"not_picked":["Sweeping Beam","Beam Cell"],"picked":"Rebound","floor":3},{"not_picked":["Chill","Hologram"],"picked":"Go for the Eyes","floor":4},{"not_picked":["Conserve Battery","Rebound","Darkness"],"picked":"SKIP","floor":6},{"not_picked":["Conserve Battery","Rebound","Darkness"],"picked":"SKIP","floor":6},{"not_picked":["Scrape","Leap","Coolheaded"],"picked":"SKIP","floor":7},{"not_picked":["Leap","Coolheaded"],"picked":"Scrape","floor":7},{"not_picked":["Conserve Battery","Compile Driver"],"picked":"Seek","floor":11},{"not_picked":["Rebound","Skim"],"picked":"Defragment","floor":14},{"not_picked":["Fission","ReplayTheSpireMod:Omega Cannon"],"picked":"ReplayTheSpireMod:Fabricate Wheel","floor":16},{"not_picked":["Blizzard","Steam Power"],"picked":"Hologram","floor":18},{"not_picked":["BasicCrystalCard","Beam Cell"],"picked":"ReplayTheSpireMod:Calculation Training+1","floor":21}],"player_experience":995308,"relics_obtained":[{"floor":6,"key":"The Courier"},{"floor":9,"key":"infinitespire:Eraser"},{"floor":11,"key":"MealTicket"},{"floor":14,"key":"Bronze Scales"},{"floor":20,"key":"Pen Nib"}],"event_choices":[{"damage_healed":0,"gold_gain":0,"player_choice":"Trade","damage_taken":0,"relics_obtained":["SsserpentHead"],"max_hp_gain":0,"max_hp_loss":0,"event_name":"FaceTrader","floor":2,"gold_loss":0},{"cards_removed":["Strike_B"],"damage_healed":0,"gold_gain":0,"player_choice":"Forget","damage_taken":0,"max_hp_gain":0,"max_hp_loss":0,"event_name":"Living Wall","floor":8,"gold_loss":0},{"cards_removed":["Strike_B"],"damage_healed":0,"gold_gain":0,"player_choice":"Purged","damage_taken":0,"max_hp_gain":0,"max_hp_loss":0,"event_name":"Purifier","floor":12,"gold_loss":0},{"damage_healed":0,"gold_gain":0,"player_choice":"Simplicity","damage_taken":0,"max_hp_gain":0,"max_hp_loss":0,"event_name":"Back to Basics","floor":22,"gold_loss":0,"cards_upgraded":["Strike_B","Defend_B","Defend_B","Defend_B","Defend_B"]}],"is_beta":false,"boss_relics":[{"not_picked":["Tiny House","infinitespire:Cupcake"],"picked":"Replay:Wanted Poster"}],"items_purged_floors":[10],"is_endless":false,"potions_floor_spawned":[3,4,6,14,18],"killed_by":"Cultist and Chosen","ascension_level":18}}