{"host":"0241nbavu410sn7l","time":1612259987,"event":{"mods":["Ascension Reborn","BaseMod","Better Third Choice","Minty Spire (QoL Compilation)","Rare Cards Sparkle","StSLib"],"gold_per_floor":[115,135,66,66,85,103,103,103,103,103,103,119,119,131,131,227,227,239,256,256,58,58,58,70,250,250,250,267,41,54,17,17,121,121,137,137,137],"floor_reached":36,"language":"ENG","playtime":2618,"items_purged":[],"score":379,"play_id":"c873b11a-889e-41c8-9d3a-baaca2d15477","local_time":"20210202025947","is_ascension_mode":true,"campfire_choices":[{"data":"Fusion","floor":7,"key":"SMITH"},{"data":"Zap","floor":10,"key":"SMITH"},{"data":"Static Discharge","floor":15,"key":"SMITH"},{"data":"Dualcast","floor":23,"key":"SMITH"},{"floor":27,"key":"REST"},{"floor":32,"key":"REST"}],"circlet_count":0,"master_deck":["Strike_B","Strike_B","Strike_B","Defend_B","Defend_B","Defend_B","Defend_B","Zap+1","Dualcast+1","Compile Driver","Conserve Battery","Fusion+1","Static Discharge+1","Sanctity+1","Beam Cell","Sweeping Beam","Rainbow+1","Auto Shields+1","Steam+1","Redo+1","Redo+1","Ball Lightning","Discovery+1","Thunder Strike","Redo+1","Storm","Creative AI","Redo+1"],"relics":["Cracked Core","Happy Flower","Toxic Egg 2","Blue Candle","Nuclear Battery","DataDisk","Shuriken","Boot","Membership Card","Sozu"],"acts_visited":["Exordium","TheCity","TheBeyond"],"potions_floor_usage":[6,16,18,19,33,35,36],"damage_taken":[{"damage":0,"enemies":"Cultist","floor":1,"turns":3},{"damage":7,"enemies":"Small Slimes","floor":2,"turns":3},{"damage":0,"enemies":"2 Louse","floor":5,"turns":2},{"damage":20,"enemies":"Gremlin Gang","floor":6,"turns":5},{"damage":5,"enemies":"Looter","floor":12,"turns":3},{"damage":18,"enemies":"Exordium Thugs","floor":14,"turns":4},{"damage":16,"enemies":"Hexaghost","floor":16,"turns":7},{"damage":9,"enemies":"Spheric Guardian","floor":18,"turns":4},{"damage":5,"enemies":"2 Thieves","floor":19,"turns":4},{"damage":35,"enemies":"Centurion and Healer","floor":24,"turns":6},{"damage":8,"enemies":"Snake Plant","floor":28,"turns":4},{"damage":7,"enemies":"3 Cultists","floor":30,"turns":5},{"damage":8,"enemies":"Collector","floor":33,"turns":6},{"damage":20,"enemies":"3 Darklings","floor":35,"turns":4},{"damage":70,"enemies":"2 Orb Walkers","floor":36,"turns":4}],"seed_played":"-649575782873049913","potions_obtained":[{"floor":1,"key":"PowerPotion"},{"floor":5,"key":"PotionOfCapacity"},{"floor":12,"key":"BlessingOfTheForge"},{"floor":16,"key":"Dexterity Potion"},{"floor":19,"key":"BlessingOfTheForge"},{"floor":30,"key":"Ancient Potion"},{"floor":33,"key":"Dexterity Potion"}],"is_trial":false,"path_per_floor":["M","M","$","?","M","M","R","?","T","R","?","M","?","M","R","B",null,"M","M","?","$","T","R","M","?","T","R","M","$","M","$","R","B",null,"M","?"],"character_chosen":"DEFECT","items_purchased":["Melter","DataDisk","Redo+1","Membership Card","Discovery+1","Thunder Strike","Storm"],"campfire_rested":2,"item_purchase_floors":[3,21,21,29,29,29,31],"current_hp_per_floor":[75,68,68,75,75,55,55,48,48,48,48,43,43,25,25,9,75,66,61,61,61,61,61,26,7,7,29,21,21,14,14,36,28,75,55,0,0],"gold":137,"neow_bonus":"RANDOM_COMMON_RELIC","is_daily":false,"chose_seed":false,"campfire_upgraded":4,"win_rate":0.0,"timestamp":1612259987,"path_taken":["M","M","?","?","?","M","R","?","T","R","?","?","?","M","R","BOSS","M","M","?","$","?","R","M","?","T","R","M","$","?","?","R","BOSS","M","?"],"items_purchased_type":["Card","Relic","Card","Relic","Card","Card","Card"],"build_version":"2020-12-22","purchased_purges":0,"victory":false,"max_hp_per_floor":[75,75,75,75,75,75,75,75,75,75,75,75,75,75,75,75,75,75,75,75,75,75,75,75,75,75,75,75,75,75,75,75,75,75,75,75,75],"card_choices":[{"not_picked":["Lockon","Barrage"],"picked":"Compile Driver","floor":1},{"not_picked":["Stack","Auto Shields"],"picked":"Conserve Battery","floor":2},{"not_picked":["Leap","Rip and Tear"],"picked":"Fusion","floor":5},{"not_picked":["Sweeping Beam","All For One"],"picked":"Static Discharge","floor":6},{"not_picked":["Hologram+1","Go for the Eyes"],"picked":"Beam Cell","floor":12},{"not_picked":["Rebound","Force Field+1"],"picked":"Sweeping Beam","floor":14},{"not_picked":["Reboot+1","Thunder Strike"],"picked":"Rainbow+1","floor":16},{"not_picked":["Lockon+1","Beam Cell"],"picked":"Auto Shields+1","floor":18},{"not_picked":["Sweeping Beam+1","Hello World"],"picked":"Steam+1","floor":19},{"not_picked":["Go for the Eyes+1","Compile Driver"],"picked":"Redo+1","floor":24},{"not_picked":["Barrage","Sweeping Beam"],"picked":"Ball Lightning","floor":28},{"not_picked":["Meteor Strike","Rebound+1"],"picked":"Redo+1","floor":30},{"not_picked":["Hyperbeam","Rainbow+1"],"picked":"Creative AI","floor":33},{"not_picked":["Go for the Eyes+1","Hologram+1"],"picked":"Redo+1","floor":35}],"player_experience":620014,"relics_obtained":[{"floor":9,"key":"Blue Candle"},{"floor":22,"key":"Shuriken"},{"floor":26,"key":"Boot"}],"event_choices":[{"cards_removed":["Melter"],"damage_healed":7,"gold_gain":0,"player_choice":"Offered Uncommon","damage_taken":0,"max_hp_gain":0,"max_hp_loss":0,"event_name":"Bonfire Elementals","floor":4,"gold_loss":0},{"damage_healed":0,"gold_gain":0,"player_choice":"Relic ","damage_taken":7,"max_hp_gain":0,"max_hp_loss":0,"event_name":"betterThird:BetterScrap","floor":8,"gold_loss":0,"cards_obtained":["Tactician"]},{"cards_removed":["Strike_B"],"damage_healed":0,"gold_gain":0,"player_choice":"Took Card","damage_taken":0,"max_hp_gain":0,"max_hp_loss":0,"event_name":"NoteForYourself","floor":11,"gold_loss":0,"cards_obtained":["Sanctity"]},{"damage_healed":43,"gold_gain":0,"player_choice":"Embrace Burn","damage_taken":0,"max_hp_gain":0,"max_hp_loss":75,"event_name":"betterThird:BetterShining","floor":13,"gold_loss":0},{"cards_removed":["Burn"],"damage_healed":0,"gold_gain":0,"player_choice":"Purged","damage_taken":0,"max_hp_gain":0,"max_hp_loss":0,"event_name":"Purifier","floor":20,"gold_loss":0},{"damage_healed":0,"gold_gain":180,"player_choice":"GOLD GOLD ","damage_taken":19,"max_hp_gain":0,"max_hp_loss":0,"event_name":"Knowing Skull","floor":25,"potions_obtained":[],"gold_loss":0,"cards_obtained":[]},{"damage_healed":0,"gold_gain":0,"player_choice":"Fight","damage_taken":0,"max_hp_gain":0,"max_hp_loss":0,"event_name":"Mysterious Sphere","floor":36,"gold_loss":0}],"is_beta":false,"boss_relics":[{"not_picked":["Black Star","Cursed Key"],"picked":"Nuclear Battery"},{"not_picked":["Fusion Hammer","Runic Pyramid"],"picked":"Sozu"}],"items_purged_floors":[],"is_endless":false,"potions_floor_spawned":[1,5,12,16,19,30,33,35],"killed_by":"2 Orb Walkers","ascension_level":0}}