{"host":"92wx9z21c4p52du4","time":1612292778,"event":{"mods":["BaseMod","Downfall","Hermit","Minty Spire (QoL Compilation)","Reliquary","StSLib","The Hierophant","Žc—¯”V•¨"],"gold_per_floor":[99,99,161,161,9,24,50,76,87,105,5,5,31,16,36,135,135,135,153,153,165,165,184,184,184,184,184,202,217,217,217,230,230,230,230],"floor_reached":33,"language":"ENG","playtime":2811,"items_purged":[],"score":255,"play_id":"e1c9b6c0-762d-49cf-b916-97bb05973bdd","local_time":"20210202130618","is_ascension_mode":false,"campfire_choices":[{"floor":1,"key":"RECALL"},{"data":"hexamod:HexaLevel","floor":11,"key":"SMITH"},{"data":"hexamod:ForkedFlame","floor":18,"key":"SMITH"},{"data":"hexamod:FastForward","floor":25,"key":"SMITH"},{"floor":27,"key":"REST"},{"floor":30,"key":"REST"}],"circlet_count":0,"master_deck":["hexamod:Strike","hexamod:Strike+1","hexamod:Defend+1","hexamod:Defend+1","hexamod:Defend","hexamod:Sear+1","hexamod:Float","hexamod:ShieldOfDarkness+1","hexamod:HauntingEcho","hexamod:HexaLevel+1","hexamod:ThirdSeal","hexamod:RetreatToShadows","hexamod:NecessarySacrifice+1","hexamod:FastForward+1","hexamod:GhostShield+1","hexamod:SpectralAdrenaline+1","hexamod:Again","hexamod:BurningTouch","hexamod:FastForward","hexamod:TimeWarp","hexamod:FourthSeal","hexamod:AdvancingGuard","hexamod:ForkedFlame+1","hexamod:SixthSeal","hexamod:CatchUp","hexamod:HeatShield+1","hexamod:EmpoweredFlame","hexamod:DynamicBlow","hexamod:HeatCrush+1","hexamod:SixthSeal","hexamod:FirstSeal","hexamod:SpectralAdrenaline"],"relics":["hexamod:SpiritBrand","downfall:HeartsMalice","Lantern","Membership Card","reliquary:Buckler","downfall:HeartBlessingGreen","reliquary:PorcupineQuills","Torii","reliquary:RedCape","sneckomod:BabySnecko","PlaceholderMod:SoulofChaos","Nilry\u0027s Codex"],"acts_visited":["Exordium","TheCity"],"potions_floor_usage":[8,13,13,13,15,16,16,19,23,29,29,32,33],"damage_taken":[{"damage":0,"enemies":"Jaw Worm","floor":2,"turns":1},{"damage":0,"enemies":"Lagavulin Event","floor":3,"turns":1},{"damage":0,"enemies":"downfall:FleeingMerchant","floor":5,"turns":1},{"damage":0,"enemies":"Small Slimes","floor":6,"turns":3},{"damage":20,"enemies":"Gremlin Nob","floor":8,"turns":5},{"damage":0,"enemies":"2 Louse","floor":9,"turns":3},{"damage":7,"enemies":"2 Fungi Beasts","floor":10,"turns":6},{"damage":5,"enemies":"3 Sentries","floor":13,"turns":9},{"damage":0,"enemies":"downfall:FleeingMerchant","floor":14,"turns":4},{"damage":0,"enemies":"Blue Slaver","floor":15,"turns":4},{"damage":11,"enemies":"IC_STATUS_ARCHETYPE","floor":16,"turns":5},{"damage":1,"enemies":"Shell Parasite","floor":19,"turns":4},{"damage":38,"enemies":"Shelled Parasite and Fungi","floor":21,"turns":6},{"damage":1,"enemies":"Snecko","floor":23,"turns":4},{"damage":29,"enemies":"3 Cultists","floor":28,"turns":6},{"damage":0,"enemies":"Snake Plant","floor":29,"turns":3},{"damage":8,"enemies":"Centurion and Healer","floor":32,"turns":6},{"damage":58,"enemies":"DF_ARCHETYPE_CLAW","floor":33,"turns":6}],"seed_played":"-2240575778332414893","potions_obtained":[{"floor":3,"key":"Dexterity Potion"},{"floor":6,"key":"SkillPotion"},{"floor":10,"key":"EntropicBrew"},{"floor":13,"key":"DistilledChaos"},{"floor":15,"key":"EssenceOfSteel"},{"floor":16,"key":"Weak Potion"},{"floor":19,"key":"hexamod:SoulburnPotion"},{"floor":21,"key":"LiquidBronze"},{"floor":28,"key":"Strength Potion"},{"floor":29,"key":"Regen Potion"},{"floor":32,"key":"DuplicationPotion"}],"is_trial":false,"path_per_floor":["R","M","?","?","$","M","T","E","M","M","R","?","E","$","M","B",null,"R","M","?","M","?","M","T","R","?","R","M","M","R","?","M","B"],"character_chosen":"THE_SPIRIT","items_purchased":["Membership Card"],"campfire_rested":2,"item_purchase_floors":[5],"current_hp_per_floor":[70,70,70,70,70,70,70,50,50,43,43,40,35,35,35,24,70,70,69,69,31,31,30,30,30,17,38,9,16,37,40,54,0,0,0],"gold":230,"neow_bonus":"THREE_ENEMY_KILL","is_daily":false,"chose_seed":false,"campfire_upgraded":3,"win_rate":0.0,"timestamp":1612292778,"path_taken":["R","M","?","?","?","M","T","E","M","M","R","?","E","$","M","BOSS","R","M","?","M","?","?","T","R","?","R","M","M","R","?","M","BOSS"],"items_purchased_type":["Relic"],"build_version":"2020-12-22","purchased_purges":0,"victory":false,"max_hp_per_floor":[70,70,70,70,70,70,70,70,70,70,70,70,70,70,70,70,70,70,70,70,70,70,70,70,70,73,73,73,73,73,76,76,76,76,76],"card_choices":[{"not_picked":["hexamod:RecurringNightmare","hexamod:BacktrackSmack"],"picked":"hexamod:ShieldOfDarkness","floor":2},{"not_picked":["hexamod:GhostOfSpirePast","hexamod:Hexaguard"],"picked":"hexamod:HauntingEcho","floor":3},{"not_picked":["hexamod:SwordOfDarkness","hexamod:PhantomCloak"],"picked":"hexamod:HexaLevel","floor":5},{"not_picked":["hexamod:Incineration","hexamod:RetreatToShadows"],"picked":"hexamod:ThirdSeal","floor":6},{"not_picked":["hexamod:GhostLash","hexamod:FifthSeal"],"picked":"hexamod:RetreatToShadows","floor":8},{"not_picked":["hexamod:AdvancingGuard","hexamod:Firestarter"],"picked":"hexamod:NecessarySacrifice","floor":8},{"not_picked":["hexamod:RainOfEmbers","hexamod:PhantomFireball"],"picked":"hexamod:FastForward","floor":9},{"not_picked":["hexamod:GhostLash","hexamod:ThermalTransfer"],"picked":"hexamod:GhostShield","floor":9},{"not_picked":["hexamod:Hexaguard","hexamod:ThermalTransfer"],"picked":"hexamod:SpectralAdrenaline","floor":10},{"not_picked":["hexamod:ThermalTransfer","hexamod:FastForward"],"picked":"hexamod:Again","floor":13},{"not_picked":["hexamod:ThermalTransfer","hexamod:BacktrackSmack"],"picked":"hexamod:BurningTouch","floor":13},{"not_picked":["hexamod:BurningTouch","hexamod:NightmareGuise"],"picked":"hexamod:FastForward","floor":14},{"not_picked":["hexamod:ThermalTransfer","hexamod:ExtraCrispy"],"picked":"hexamod:TimeWarp","floor":14},{"not_picked":["hexamod:GhostShield","hexamod:RadiantFlame"],"picked":"hexamod:FourthSeal","floor":15},{"not_picked":["hexamod:SpectersWail","hexamod:NightmareStrike"],"picked":"hexamod:AdvancingGuard","floor":15},{"not_picked":["hexamod:WildfireWeapon","hexamod:UnleashSpirits"],"picked":"hexamod:ForkedFlame","floor":16},{"not_picked":["hexamod:HexaLevel","hexamod:GhostOfSpirePresent"],"picked":"hexamod:SixthSeal","floor":16},{"not_picked":["hexamod:BurningTouch+1","hexamod:NightmareGuise"],"picked":"hexamod:CatchUp","floor":19},{"not_picked":["hexamod:AdvancingGuard","hexamod:SpectersWail+1"],"picked":"hexamod:HeatShield","floor":19},{"not_picked":["hexamod:SpectersWail","hexamod:SwordOfDarkness"],"picked":"hexamod:EmpoweredFlame","floor":21},{"not_picked":["hexamod:HeatMetal","hexamod:FastForward"],"picked":"hexamod:DynamicBlow","floor":21},{"not_picked":["hexamod:NightmareGuise","hexamod:GhostLash+1","hexamod:RainOfEmbers+1"],"picked":"SKIP","floor":23},{"not_picked":["hexamod:Hexaguard","hexamod:NightmareStrike+1","hexamod:NightmareGuise"],"picked":"SKIP","floor":23},{"not_picked":["hexamod:PhantomCloak","hexamod:ThirdSeal"],"picked":"hexamod:FirstSeal","floor":28},{"not_picked":["hexamod:GhostShield","hexamod:NightmareGuise","hexamod:Firestarter"],"picked":"SKIP","floor":28},{"not_picked":["hexamod:InspiringFlames","hexamod:GhostflameBarrier"],"picked":"hexamod:SpectralAdrenaline","floor":29},{"not_picked":["hexamod:SpectersWail+1","hexamod:Again","hexamod:NightmareStrike+1"],"picked":"SKIP","floor":29},{"not_picked":["hexamod:RetreatToShadows","hexamod:Hexaguard","hexamod:Firestarter"],"picked":"SKIP","floor":32}],"player_experience":203129,"relics_obtained":[{"floor":3,"key":"Lantern"},{"floor":8,"key":"reliquary:Buckler"},{"floor":13,"key":"Torii"},{"floor":24,"key":"PlaceholderMod:SoulofChaos"},{"floor":26,"key":"Nilry\u0027s Codex"}],"event_choices":[{"cards_removed":["hexamod:Strike"],"damage_healed":0,"gold_gain":0,"player_choice":"Card Removal","damage_taken":0,"max_hp_gain":0,"max_hp_loss":0,"event_name":"The Cleric","floor":4,"gold_loss":0},{"damage_healed":0,"gold_gain":0,"player_choice":"Success","damage_taken":3,"relics_obtained":["reliquary:PorcupineQuills"],"max_hp_gain":0,"max_hp_loss":0,"event_name":"Scrap Ooze","floor":12,"gold_loss":0},{"damage_healed":0,"gold_gain":0,"cards_transformed":["hexamod:Strike","hexamod:Defend"],"player_choice":"Became Test Subject","damage_taken":0,"max_hp_gain":0,"max_hp_loss":0,"event_name":"Drug Dealer","floor":22,"gold_loss":0,"cards_obtained":["hexamod:HeatCrush","hexamod:SixthSeal"]}],"is_beta":false,"boss_relics":[{"not_picked":["Runic Dome","bronze:MakeshiftBattery"],"picked":"reliquary:RedCape"}],"items_purged_floors":[],"is_endless":false,"potions_floor_spawned":[3,6,10,13,15,28,29,32],"killed_by":"DF_ARCHETYPE_CLAW","ascension_level":0}}